4088 6438
533 354 668 420 1207

1584 355 1982 418 ANASTASII
2043 354 2676 417 BIBLIOTHECABII

3631 350 3742 426 1208

526 467 752 538 ripm-rit
787 483 798 533 ;
834 479 1069 536 quorum
1127 478 1271 519 unus
1320 462 1543 534 quidem
1591 463 1892 533 suspendio
1941 463 2109 517 vitam
2141 469 2182 525 Α
2215 465 2285 518 At
2317 480 2448 519 vero
2489 465 2636 520 cives
2670 463 2925 528 Romani,
2972 461 3066 534 qui
3110 463 3259 518 hunc
3318 478 3658 535 poposcerant
3700 474 3747 526 ul

523 557 838 620 mutaverat,
871 556 1010 608 alter
1040 570 1188 617 vero,
1229 553 1280 608 id
1303 562 1388 608 est
1426 551 1819 617 Diocletianus,
1842 553 2106 624 languore

521 649 735 718 prolixo
767 655 1128 718 consumptus
1159 646 1509 701 emarcuerit.
1536 646 1803 701 Caeterum
1827 643 2103 711 Gelasius,

522 742 766 803 ejusdem
798 740 1051 797 Cmsaria:
1082 742 1336 809 antistes,
1387 740 1521 795 dicit
1574 743 1723 812 quod
1783 743 2103 812 pmnitentia

524 832 696 893 «Ιηιιιί,
725 841 778 886 et
809 833 992 887 denuo
1029 832 1297 901 imperare
1322 834 1590 900 volentes,
1632 833 1909 888 communi
1945 849 2105 888 sena-

524 933 612 975 lus
641 922 864 976 decreto
901 923 1272 991 perimuntur.
1315 920 1415 978 His
1445 940 1578 990 ergo
1606 924 1674 979 de
1705 924 1890 979 medio
1922 923 2104 990 factis,

522 1021 576 1066 ct
605 1028 724 1081 quae
751 1013 1185 1068 Christianitatis
1211 1023 1340 1069 sunt
1369 1015 1642 1071 sentiente
1664 1015 1990 1070 Constantio
2013 1016 2105 1072 de—

523 1105 735 1168 functo,
769 1103 1084 1173 imperium,
1124 1113 1182 1159 ut
1213 1106 1466 1176 prazdixi,
1512 1106 1803 1163 obtinuere
1834 1106 2106 1164 Constan-

523 1197 672 1251 tinus
701 1197 1000 1266 Augustus,
1026 1206 1081 1253 et
1112 1195 1475 1256 Maximianus
1511 1200 1785 1256 Galerius.

599 1289 786 1342 Mundi
843 1304 990 1344 anno
1051 1290 1216 1354 5797,
1259 1292 1461 1347 divinae
1522 1294 1921 1349 incarnationis
1977 1293 2105 1360 997,

525 1383 921 1438 Constantinus
953 1383 1366 1440 sacratissimus
1388 1395 1441 1440 et
1472 1385 1976 1442 christianissimus
2009 1391 2110 1441 im-

528 1483 682 1545 perat
710 1476 764 1529 in
799 1475 990 1531 Galliis
1021 1483 1074 1530 et
1106 1475 1434 1544 Britannia;
1490 1492 1614 1532 cum
1660 1493 1767 1546 quo
1816 1493 1914 1548 per
1963 1478 2106 1533 idem

531 1581 749 1640 tempus
803 1567 1011 1638 pariter
1067 1568 1376 1638 imperabat
1447 1567 1810 1624 Maximianus
1858 1567 2109 1623 Galerius

529 1678 654 1714 cum
681 1659 894 1714 duobus
927 1659 1239 1715 Caesaribus
1265 1656 1470 1714 Severo
1499 1668 1553 1713 et
1574 1657 1891 1712 Maximino.
1924 1660 2110 1714 Romae

529 1760 710 1807 autem
745 1751 1050 1806 Maxentius
1085 1760 1354 1822 tyrannus
1383 1751 1588 1818 injuste
1617 1743 1895 1820 imperans
1923 1752 2106 1805 omnia

529 1859 673 1899 saeve
707 1843 1060 1913 operabatur.
1096 1839 1252 1895 Tunc
1285 1849 1340 1896 et
1382 1840 1660 1896 Licinium
1687 1842 1959 1897 Caesarem
1998 1841 2108 1895 no-

529 1935 675 1990 mani
703 1935 1066 2006 appellavere,
1090 1935 1322 2005 gratiam
1360 1933 1725 1989 Constantino
1767 1948 2110 2005 prmstantes,

529 2043 654 2082 cum
683 2037 833 2084 esset
889 2027 1102 2083 sororis
1151 2027 1489 2082 Constantia;
1521 2029 1727 2098 nuptiis
1786 2029 2112 2094 honoratus,

531 2119 738 2191 quique
772 2119 1031 2190 pietatem
1064 2119 1403 2195 Christianae
1427 2120 1716 2192 religionis
1747 2120 2019 2176 fallaciter
2043 2122 2116 2176 si-

537 2213 800 2267 mulabat.
838 2211 1046 2267 Interea
1081 2211 1285 2267 Severo
1326 2219 1546 2266 mortuo
1579 2213 1773 2268 Petrus
1822 2212 2116 2282 episcopus

530 2304 964 2368 Alexandrinus,
991 2320 1115 2358 cum
1149 2312 1296 2361 esset
1329 2305 1383 2359 in
1416 2304 1671 2359 custodia
1704 2314 1975 2375 praecepto
2005 2302 2117 2357 Ma-

508 2395 757 2454 .ximiani
785 2393 988 2450 Galerii
1013 2404 1068 2450 et
1094 2395 1377 2450 Maximini
1415 2397 1511 2451 filii
1543 2395 1681 2463 ejus,
1728 2398 1907 2464 capite
1942 2397 2118 2452 reciso

538 2488 786 2557 glorioso
837 2488 1228 2558 martyrizatus
1282 2497 1405 2554 est;
1455 2487 1549 2558 qui
1597 2486 1784 2542 Arium
1826 2486 2118 2542 diaconum

533 2578 888 2635 exsistentem
916 2578 1123 2649 absque
1154 2579 1543 2635 communione
1571 2579 1721 2644 fecit,
1759 2580 1851 2650 qui
1895 2587 1949 2634 et
1984 2590 2124 2646 post-

535 2673 638 2726 hac
671 2671 924 2741 pessimae
961 2671 1238 2742 opinionis
1279 2671 1556 2727 haereseos
1593 2679 1860 2742 patronus
1891 2671 2121 2727 effectus

537 2763 741 2820 multos
775 2777 804 2817 a
838 2764 1042 2833 pietate
1093 2763 1350 2818 removit.
1384 2762 1537 2816 Multi
1585 2777 1713 2816 vero
1773 2771 1829 2817 et
1880 2763 1970 2816 alii
2021 2765 2123 2818 sub

531 2858 658 2912 istis
687 2856 942 2930 tyrannis
980 2856 1227 2926 martyrii
1280 2871 1384 2926 pro
1419 2855 1644 2909 Christo
1679 2870 1887 2910 corona
1950 2854 2122 2910 induti

534 2957 684 3014 sunt,
731 2964 968 3019 quorum
1021 2955 1152 3003 sunt
1197 2946 1420 3002 Phileas
1491 2947 1786 3018 episcopus
1848 2945 2126 3003 'l‘hmueos

536 3041 782 3111 JEgypti,
803 3041 995 3096 Peleus
1019 3047 1074 3095 et
1103 3038 1259 3095 Nilus
1281 3039 1524 3110 episcOpi
1550 3037 1798 3110 :Egypti,
1822 3039 2127 3094 Anthemus

2209 559 2264 614 in
2295 576 2454 614 suum
2483 567 2802 629 exsurgeret
2846 556 3204 626 adjutorium,
3227 570 3256 608 a
3285 553 3497 626 maligni
3522 557 3746 616 Maxentii

2209 653 2511 723 tyrannide
2550 650 2771 704 liberati
2807 649 3086 704 civitatem
3119 655 3406 708 coronant,
3441 665 3556 702 cum
3579 655 3751 719 gaudio

2209 749 2474 801 victorem
2502 745 2928 802 Constantinum
2957 759 3064 798 una
3094 759 3218 797 cum
3249 743 3524 796 victoriam
3550 743 3753 800 faciente

2207 852 2374 892 cruce
2400 838 2792 907 suscipientes,
2820 845 2874 892 et
2899 835 3042 890 hunc
3075 816 3398 890 salvatorem
3425 830 3756 906 cum‘gaudio

2207 931 2602 984 acclamantes.

2280 1019 2466 1075 Mundi
2496 1034 2642 1074 anno
2683 1019 2846 1080 5803,
2879 1015 3280 1074 Constantinus
3319 1015 3544 1084 septimo
3567 1017 3762 1086 imperii

2207 1112 2293 1167 sui
2333 1128 2502 1178 anno,
2537 1128 2662 1166 cum
2688 1111 2874 1165 divina
2901 1125 3004 1180 ope
3033 1109 3263 1162 Romam
3290 1106 3632 1170 obtinuisset,
3655 1118 3766 1163 ante

2207 1206 2392 1260 omnia
2443 1218 2681 1273 corpora
2747 1213 3074 1258 sanctorum
3138 1208 3441 1270 martyrum
3503 1199 3677 1267 colligi
3725 1209 3770 1254 et

2210 1306 2413 1353 sanctae
2445 1296 2743 1366 sepulturae
2769 1294 2914 1348 tradi
2957 1293 3241 1364 przecepit.
3271 1290 3334 1345 Et
3372 1300 3528 1345 erant
3559 1289 3766 1346 Romani

2209 1387 2593 1456 triumphalem
2622 1386 2979 1441 festivitatem
3008 1392 3234 1456 agentes
3276 1391 3330 1436 et
3365 1380 3645 1436 Dominmu
3671 1382 3770 1437 col-

2211 1480 2545 1543 laudantes,
2623 1493 2722 1531 nec
2781 1492 2890 1531 non
2944 1483 3001 1530 et
3065 1476 3336 1528 viviﬁcam
3398 1489 3617 1527 crucem
3688 1491 3770 1544 per

2210 1580 2425 1642 septem
2463 1571 2583 1627 dies
2635 1582 2687 1625 et
2739 1569 3164 1626 Constantinum
3222 1567 3489 1622 victorem
3543 1569 3771 1637 magnifi-

2210 1673 2418 1720 cautes.

2283 1757 2630 1813 Constantini
2696 1772 2842 1812 anno
2891 1756 2924 1814 9
2971 1753 3302 1810 Maximianus
3359 1753 3504 1808 filius
3569 1749 3774 1817 Galerii,

2215 1849 2468 1905 insiliens
2499 1857 2552 1903 et
2577 1849 2805 1904 sibimet
2846 1849 3140 1918 imperiunm
3189 1844 3503 1905 reflectens,
3563 1844 3776 1911 turpiter

2217 1943 2269 1996 in
2294 1940 2485 1997 Cilicia
2513 1942 2680 1994 vitam
2711 1939 2905 1996 ﬁnivit.
2938 1939 3186 1994 Audiens
3219 1946 3404 1992 autem
3438 1933 3776 1988 Maximianus

2215 2031 2468 2088 Galerius
2508 2039 2661 2101 pater
2717 2030 2883 2099 hujus
2938 2029 3271 2084 Maxentium
3337 2026 3507 2080 filium
3558 2024 3777 2079 Herculii

2217 2123 2405 2180 Romze
2435 2141 2465 2177 a
2495 2124 2861 2178 Constantino
2905 2137 3004 2192 per
3038 2120 3296 2174 virtutem
3353 2116 3536 2171 crucis
3581 2115 3778 2169 adiuer-

2218 2231 2339 2270 smu
2373 2257 2388 2281 ,
2463 2216 2670 2278 timuit,
2724 2224 2779 2268 et
2829 2211 3269 2284 persecutionem
3327 2221 3492 2277 quam
3543 2205 3780 2260 adversus

2219 2306 2565 2363 Christianos
2596 2303 2837 2375 agitabat
2870 2317 3092 2358 cessare
3117 2299 3269 2354 fecit.

2290 2397 2692 2454 Constantinus
2745 2405 2930 2449 autem
2988 2393 3204 2448 decimo
3232 2390 3455 2460 imperii
3520 2388 3604 2444 sui
3655 2400 3782 2440 anno

2223 2505 2329 2544 una
2361 2503 2486 2542 cum
2544 2484 2757 2540 Licinio
2788 2486 3026 2550 Caesare,
3097 2483 3218 2538 zelo
3245 2482 3340 2536 Dei
3371 2481 3590 2543 ductus,
3621 2489 3781 2534 castra

2225 2581 2389 2634 movit
2428 2578 2694 2632 adversus
2731 2574 3120 2628 Maximianum
3156 2571 3463 2632 Galerium,
3489 2571 3581 2640 qui
3618 2568 3782 2621 mode-

2226 2671 2449 2726 rabatur
2477 2671 2774 2723 Orientem.
2815 2669 2878 2720 At
2933 2666 3024 2720 ille
3081 2672 3272 2720 contra
3329 2663 3626 2716 restilurus
3674 2673 3781 2712 cum

2230 2767 2497 2820 immensa
2539 2759 2894 2816 multitudine
2935 2773 3228 2828 aggressus
3267 2762 3356 2810 est
3382 2769 3501 2819 eos,
3543 2753 3671 2806 ﬁsus
3708 2749 3780 2805 di-

2226 2855 2607 2910 vinationibus
2650 2853 2963 2908 dmmonum
2995 2857 3051 2904 et
3088 2849 3361 2902 maleficis
3408 2841 3783 2900 adinventioni-

2229 2949 2351 3004 bus.
2384 2949 2636 3018 Ctunque
2689 2944 2905 2999 vivifica
2969 2957 3105 2996 crux
3160 2954 3422 3010 magnum
3484 2935 3786 3008 pracederet

2229 3041 2676 3104 Constantinum,
2711 3049 2977 3111 tyrannus
3005 3051 3113 3089 una
3149 3051 3276 3089 cum
3329 3032 3712 3104 congressione
3740 3028 3783 3079 iu

533 3137 830 3204 episcopus
857 3132 1220 3196 Nicomedia},
1281 3129 1564 3203 Tyrannio
1613 3133 1910 3203 episcopus
1968 3132 2120 3203 Tyri,
2149 3145 2194 3205 ο
2229 3132 2412 3203 fugam
2450 3147 2661 3199 versus:
2698 3131 2828 3184 dum
2881 3127 3182 3183 multitudo
3213 3125 3544 3188 caederetur,
3577 3122 3786 3190 impera-

538 3227 798 3281 Silvanus
829 3226 1120 3296 episcopus
1171 3224 1402 3279 Hemisae
1431 3233 1485 3278 et
1512 3225 1770 3280 Silvanus
1820 3225 2115 3294 episcopus

535 3321 718 3382 εἶπεν,
781 3317 1064 3372 Lueianus
1111 3316 1401 3387 presbyter
1445 3316 1787 3385 Antiochiae,
1841 3317 2118 3373 Zenobius

541 3414 826 3483 presbyter
855 3409 1100 3474 Sidonis,
1132 3409 1454 3480 Pamphilus
1511 3411 1797 3482 presbyter
1825 3411 2075 3466 Caesaria:
2099 3453 2115 3477 ,

536 3516 702 3576 atque
740 3504 832 3558 alii
861 3502 1158 3558 innumeri.
1197 3503 1441 3572 Denique
1471 3503 1723 3558 Galerius
1749 3503 2117 3559 Maximianus

535 3613 700 3654 «inme
759 3596 1020 3668 praecepit
1086 3595 1532 3650 Christianorum
1599 3595 1989 3651 exterminium
2041 3596 2116 3665 (‘2)

540 3693 680 3752 ﬁcri,
715 3705 828 3744 non
854 3695 1068 3743 tantum
1106 3694 1330 3756 propter
1365 3687 1704 3757 impietatem
1752 3702 1910 3741 suam
1945 3703 2118 3757 quan-

537 3793 653 3834 tum
678 3780 750 3836 ob
778 3778 1022 3848 rapinam
1057 3779 1514 3848 patrimoniorum
1549 3779 1818 3848 ipsorum.

613 3874 783 3925 Porro
806 3869 1217 3929 Constantinus.
1257 3879 1412 3926 sexto
1461 3871 1680 3941 imperii
1735 3875 1822 3927 sui
1870 3887 2015 3926 anno
2065 3873 2119 3927 in

539 3958 975 4016 destructionem
1009 3967 1370 4030 tyrannorum
1393 3961 1655 4015 surrexit.
1684 3961 1994 4019 Maxentius
2019 3979 2119 4016 au-

542 4069 650 4107 tem
693 4053 895 4123 impius
939 4051 1086 4107 facto
1114 4053 1170 4106 in
1201 4051 1389 4117 fluvio,
1420 4053 1512 4123 qui
1561 4052 1713 4107 circa
1767 4053 1957 4113 urbem
2009 4053 2121 4108 lto-

544 4161 688 4199 mam
717 4143 988 4210 decurrit,
1035 4159 1100 4198 ex
1152 4141 1383 4197 navibus
1414 4152 1581 4213 ponte
1628 4153 1823 4198 contra
1869 4161 2122 4215 magmnn

540 4235 968 4289 Constantinum
1005 4235 1180 4289 aciem
1225 4233 1435 4305 dirigit,
1467 4234 1562 4304 qui
1597 4235 1858 4292 Maxentii
1897 4238 2128 4306 pavebat

546 4325 816 4381 maleficia
842 4323 1106 4394 parvulos
1137 4324 1440 4379 incidentis
1484 4333 1708 4395 propter
1756 4324 2129 4379 divinationes

544 4420 806 4473 u.-:farias.
843 4419 1092 4487 Cumque
1127 4417 1182 4471 in
1205 4418 1550 4473 haesitatione
1580 4419 1754 4473 multa
1775 4419 2126 4480 consisteret,

2224 3227 2421 3279 toriam
2455 3231 2660 3279 vestem
2707 3221 2988 3292 deposuit,
3040 3227 3095 3275 et
3153 3217 3382 3273 militari
3438 3213 3789 3271 circumdatus

2225 3317 2436 3380 habitu,
2469 3315 2663 3385 paucis
2701 3329 2766 3370 ex
2812 3311 3129 3366 fautoribus
3159 3324 3352 3366 secum
3400 3305 3786 3364 comitantibus.

2225 3410 2411 3464 avilla
2438 3407 2491 3462 in
2523 3407 2707 3461 villam
2770 3405 2896 3476 fuga
2948 3403 3292 3458 clandestina
3350 3398 3689 3470 praperabat,
3743 3401 3788 3447 et

2225 3515 2333 3556 non
2370 3499 2548 3554 solum
2572 3495 2886 3552 sacerdotes
2909 3493 3180 3548 idolorum
3197 3499 3250 3546 et
3277 3491 3332 3545 in
3359 3489 3585 3560 magicis
3608 3487 3790 3540 artibus

2226 3588 2562 3653 diffamatos,
2625 3587 2720 3643 sed
2753 3597 2810 3642 et
2857 3595 3009 3641 vates
3045 3599 3237 3640 eorum
3286 3583 3577 3662 collectos,
3630 3584 3790 3648 utpote

2225 3683 2566 3753 deceptores,
2602 3679 2820 3735 occidit.

2298 3779 2502 3834 Interea
2531 3776 2933 3833 Constantinus
2960 3789 3086 3829 cum
3114 3772 3174 3827 il
3205 3781 3436 3843 gereret
3473 3765 3680 3838 imperii
3709 3778 3791 3816 an-

2230 3885 2384 3936 num,
2431 3879 2488 3924 et
2527 3869 2709 3922 vivum
2758 3865 3038 3922 Galerium
3097 3861 3494 3919 Maximianum
3541 3866 3680 3915 esset
3719 3869 3793 3922 ag-

2229 3976 2546 4034 gressurus,
2600 3960 2789 4015 divina
2846 3959 3190 4030 praeveniens
3247 3956 3328 4009 ira
3407 3945 3796 4023 comprehendit

2231 4071 2355 4110 eum
2386 4072 2399 4108 :
2441 4053 2658 4107 ﬂamma
2699 4051 2844 4106 enim
2877 4051 2946 4106 de
2993 4049 3171 4105 medio
3205 4048 3484 4102 viscerum
3529 4053 3580 4098 et
3611 4035 3797 4095 medul-

2234 4152 2408 4206 larum
2461 4165 2728 4207 snccensa
2784 4163 2910 4204 cum
2959 4147 3147 4202 dolore
3200 4141 3537 4199 intolerabili
3587 4146 3795 4208 pronum

2235 4260 2400 4314 super
2431 4251 2633 4299 terram
2667 4241 3013 4296 anhelantem
3040 4237 3363 4310 prostravit,
3393 4237 3470 4288 ita
3505 4241 3564 4286 ut
3589 4237 3796 4293 uterque

2237 4338 2432 4393 oculus
2463 4336 2584 4404 ejus
2620 4335 2893 4397 exsiliret,
2941 4341 2997 4388 et
3025 4345 3231 4396 caecus,
3265 4338 3324 4383 ut
3360 4343 3421 4382 re
3456 4340 3605 4387 vera,
3647 4317 3797 4376 scele-

2239 4437 2358 4485 stus
2403 4429 2832 4496 relinqueretur.
2880 4424 3054 4480 Porro
3083 4439 3208 4477 cum
3244 4435 3445 4476 carnes
3483 4419 3602 4487 ejus
3631 4421 3798 4484 putre-

544 4510 798 4580 apparuit
824 4508 897 4573 ei,
932 4510 1066 4562 hora
1104 4517 1264 4565 sexta
1296 4507 1430 4573 diei,
1461 4509 1704 4579 pretiosa
1737 4526 1872 4565 crux
1906 4526 1973 4564 ex
2007 4511 2119 4565 luce

2238 4523 2394 4577 facta:
2429 4537 2539 4591 pra:
2567 4518 2957 4574 innumerabili
2989 4517 3200 4572 ossium
3238 4513 3498 4569 incendio
3538 4508 3796 4565 caderent,

543 4605 802 4668 formata,
857 4602 1069 4657 habens
1122 4603 1675 4672 superscriptionem,
1709 4601 1776 4656 In
1835 4602 1936 4656 hoc
1960 4603 2124 4657 vince.

547 4695 740 4748 Astitit
773 4701 956 4749 autem
988 4693 1038 4748 ei
1065 4693 1334 4749 Dominus
1371 4694 1424 4748 in
1459 4695 1676 4750 visione
1709 4696 1912 4760 noctis,
1949 4703 2003 4748 et
2047 4696 2133 4749 di-

548 4789 628 4838 xit
664 4801 679 4838 :
718 4782 875 4839 Utere
901 4784 1044 4867 quod
1079 4795 1346 4840 ostensum
1377 4795 1456 4840 est
1509 4785 1626 4850 tibi,
1683 4795 1734 4840 et
1775 4787 1944 4841 vince.
1978 4785 2134 4842 Tunc

547 4901 558 4925 ι
585 4894 715 4932 ruce
739 4893 905 4932 aurea
942 4875 1199 4945 formata,
1226 4893 1348 4948 quae
1370 4887 1456 4934 est
1482 4894 1661 4949 usque
1701 4880 1756 4933 in
1805 4880 2132 4935 hodiermuu

546 4972 715 5034 «fietu,
743 4969 913 5041 jussit
942 4977 1002 5023 ut
1031 4977 1159 5023 ante
1185 4986 1244 5025 se
1274 4979 1586 5040 portaretur
1619 4971 1673 5024 in
1708 4972 1928 5040 praelia;
1963 4971 2136 5026 facta-

547 5079 655 5132 que
701 5061 1098 5132 congressione
1144 5062 1390 5132 superati
1419 5071 1548 5116 sunt
1576 5062 1667 5132 qui
1722 5062 1874 5116 circa
1918 5061 2134 5117 Maxen-

548 5157 685 5209 tium
718 5153 959 5219 fuerant,
1007 5153 1259 5222 plurimis
1291 5168 1355 5207 ex
1390 5153 1477 5209 his
1506 5153 1872 5224 interemptis.
1906 5153 2134 5208 Maxen-

546 5247 659 5301 tius
717 5255 902 5301 autem
953 5261 1077 5300 cum
1131 5243 1368 5300 residuis
1423 5244 1659 5312 fugiens,
1722 5257 1886 5314 ponte
1945 5245 2134 5299 divina

553 5340 750 5392 virtute
777 5337 1036 5404 discisso,
1063 5337 1117 5391 in
1140 5335 1340 5392 flumen
1376 5335 1734 5406 demergitur,
1771 5335 2134 5406 quemadmo-

550 5430 680 5483 dum
723 5428 938 5483 Pharao
979 5430 1260 5500 quondam
1289 5446 1416 5486 cum
1447 5428 1595 5483 omni
1646 5431 1914 5492 exercitu,
1946 5429 2020 5481 ita
2076 5437 2139 5482 ut

553 5521 730 5575 amnis
763 5521 978 5576 necatis
1003 5520 1159 5590 equis
1189 5537 1315 5577 cum
1367 5519 1762 5576 ascensoribus
1793 5520 2135 5590 impleretur.

2237 4617 2353 4686 ipse
2384 4614 2793 4682 impugnantem
2818 4611 2986 4666 Deum
3011 4609 3236 4681 projecit
3273 4608 3540 4662 animam.

2310 4700 2646 4756 Duodecimn
2676 4716 2820 4754 anno
2856 4700 3071 4768 imperii
3110 4699 3194 4752 sui
3231 4695 3631 4752 Constantinus
3672 4686 3795 4742 Lici-

2239 4794 2349 4855 nio,
2372 4793 2464 4864 qui
2494 4809 2676 4848 secum
2696 4803 2912 4848 certare
2936 4791 3228 4846 videbatur
3254 4799 3309 4846 et
3331 4789 3526 4844 dolose
3549 4783 3798 4841 Christia-

2239 4887 2478 4939 nisumm
2515 4884 2832 4947 simulabat,
2873 4897 3169 4953 segregans
3201 4888 3410 4950 partem
3450 4877 3796 4931 Rounanorum

2242 4986 2405 5032 terra:
2441 4976 2674 5048 largitus
2698 4981 2804 5039 est,
2838 4975 3122 5043 appellans
3153 4988 3278 5028 eum
3322 4971 3728 5040 imperatorem,
3754 4968 3798 5014 et

2241 5076 2578 5137 extorquens
2606 5066 2674 5120 ab
2704 5082 2769 5121 eo
2811 5063 3016 5118 fcedera
3049 5063 3125 5116 nil
3168 5078 3228 5117 se
3256 5069 3450 5116 contra
3480 5054 3801 5112 Christianos

2244 5169 2521 5214 acturum.
2557 5158 2621 5211 Et
2663 5157 2793 5212 hinc
2821 5167 3180 5226 tyrannorum
3211 5152 3387 5225 gratia
3432 5148 3526 5205 Dei
3563 5156 3801 5219 persecu-

2243 5251 2321 5305 tio
2346 5248 2685 5319 conquievit.

2318 5341 2500 5397 Mundi
2559 5355 2704 5396 anno
2757 5339 2938 5402 5810,
2993 5336 3194 5392 divinae
3254 5329 3647 5390 incarnationis
3689 5323 3799 5386 3l0,

2245 5444 2444 5506 quarto
2477 5434 2693 5490 decimo
2726 5431 2943 5504 imperii
2976 5431 3061 5485 sui
3105 5441 3251 5482 anno
3285 5425 3674 5480 Constantinus
3723 5425 3799 5467 to-

2249 5530 2358 5583 tius
2385 5527 2615 5582 ltomani
2645 5524 2798 5581 orbis
2845 5528 3199 5578 monocrator
3225 5517 3452 5574 effectus
3481 5526 3687 5570 omnem
3715 5523 3801 5562 cu—

2067 5639 2299 5698 NOTAS.

633 5729 1153 5798 (3)15xterminium.
1183 5733 1368 5788 Utitur
1402 5734 1777 5791 Tcrtullianus
1832 5733 1953 5786 adv.
2014 5733 2145 5789 Jud.
2187 5754 2236 5793 c.
2274 5741 2305 5794 8
2343 5750 2394 5794 ct
2435 5739 2486 5794 ll
2524 5747 2577 5793 et
2648 5738 2769 5792 adv.
2836 5731 3236 5788 Valentiniano:
3281 5742 3329 5781 c.

555 5799 796 5868 epistula:
825 5800 880 5853 S.
925 5797 1204 5856 Barnabw.
1244 5801 1410 5859 Fuit.

3409 5723 3494 5780 16.
3554 5720 3800 5788 interpres
