4088 6446
360 411 378 473 1
391 415 492 478 ΞΟΘ

1156 415 1525 476 HISTORIA
1559 411 2146 476 ECCLESIASTICA
2180 416 2282 475 ΕΚ
2318 412 2808 476 THEOPHANE.

3481 411 3616 473 1210

353 543 468 579 ram
507 525 788 579 transtulit
815 524 879 577 ad
914 524 1123 589 divina,
1154 525 1424 580 ecclesias
1457 524 1678 593 erigens
1709 530 1764 576 et
1795 523 1932 576 lihc-
1966 523 2010 578 A
2041 522 2334 591 baptizari.
2365 523 2494 577 Mihi
2536 530 2719 578 autem
2771 521 2954 576 verius
2994 529 3222 591 apparet
3251 528 3396 591 quod
3435 525 3617 580 lion-aa

352 619 539 672 raliter
572 617 670 671 bas
712 633 777 671 ex
813 619 1026 672 ratione
1066 617 1284 686 publica
1323 617 1533 670 ditans.
1567 614 1669 670 Iste
1702 615 1932 683 primam

356 710 526 779 legem
554 708 798 778 scripsit,
819 707 1091 761 idolorum
1127 708 1328 777 templa
1351 708 1436 761 his
1466 707 1604 760 tradi
1633 721 1753 776 qua:
1777 703 1934 759 Ch-ri-

356 811 445 856 διο
492 810 619 854 sunt
653 801 938 870 deputata.
979 802 1115 854 Cum
1147 816 1213 856 eo
1257 815 1388 854 sane
1437 800 1586 868 leges
1628 798 1936 869 proferebat

352 893 582 963 Crispus
611 894 754 947 lilius
781 892 922 961 ejus.
957 891 1266 947 Secundam
1304 908 1453 953 vero,
1477 890 1822 946 Christianos
1847 905 1936 944 so-

354 985 438 1039 los
491 985 727 1038 militare
757 985 1125 1054 gentibusque
1153 999 1217 1038 ac
1247 984 1582 1038 exercitibus
1608 982 1932 1053 principari,

348 1089 446 1128 eos
472 1085 651 1128 autem
679 1075 772 1143 qui
801 1083 1186 1142 permanerent
1213 1075 1265 1128 in
1289 1074 1620 1137 idololatria,
1645 1075 1932 1144 capitalem

351 1165 542 1219 subire
578 1167 934 1219 sententiam.
983 1164 1246 1230 Tertiam,
1291 1166 1429 1221 duas
1475 1167 1761 1236 paschales
1797 1164 1932 1219 heb-

353 1257 642 1319 domadas,
684 1272 848 1310 unam
894 1257 1108 1312 scilicet
1141 1267 1268 1312 ante
1309 1265 1363 1312 et
1407 1259 1634 1312 alteram
1689 1268 1812 1326 post
1850 1273 1936 1312 re-

353 1348 776 1411 surrectionem,
815 1348 936 1401 sine
978 1347 1161 1402 labore
1192 1348 1518 1417 cujusquam
1555 1348 1739 1418 operis
1785 1349 1933 1404 cele-

354 1436 616 1492 brandas.
659 1435 752 1491 His
791 1438 863 1490 ita
910 1439 1079 1508 gestis
1129 1453 1231 1508 pax
1271 1439 1541 1508 profunda
1574 1448 1627 1494 et
1662 1441 1935 1509 tranquil-

351 1527 483 1581 litas
532 1529 770 1582 obtinuit
798 1531 986 1584 orbem
1033 1539 1087 1584 et
1127 1531 1425 1585 exsultatio
1459 1531 1664 1596 ﬁdeles,
1702 1546 1934 1586 concur-

352 1618 609 1674 rentibus
669 1619 892 1674 assidue
959 1622 1216 1676 omnibus
1273 1623 1590 1677 nationibus
1643 1622 1709 1677 ad
1772 1622 1932 1676 ﬁdem

348 1710 579 1775 Christi,
626 1719 679 1765 et
729 1711 1044 1782 baptizatis,
1090 1727 1155 1767 ac
1200 1713 1374 1782 patria
1431 1716 1933 1785 conquassantibus

347 1802 673 1856 simulacra.

421 1894 625 1959 Quinto
675 1894 890 1951 decimo
941 1897 1156 1964 imperii
1201 1895 1549 1952 Constantini
1599 1912 1742 1952 anno
1788 1896 1934 1952 Lici-

350 1983 480 2038 nius
515 1983 680 2051 C(epit
715 1993 909 2039 contra
961 1987 1307 2041 Christianos
1342 1989 1779 2056 persecutionem
1815 2005 1934 2042 mo-

348 2090 519 2139 vere;
582 2083 636 2127 et
705 2078 882 2143 primo
938 2078 1158 2146 quidem
1216 2078 1560 2133 Christianos
1622 2080 1712 2149 qui
1777 2089 1933 2134 erant

350 2165 404 2217 in
461 2166 665 2235 palatio
718 2178 1042 2237 persecutus
1081 2180 1185 2237 est,
1231 2171 1496 2225 oblivioni
1558 2173 1783 2228 tradens
1834 2173 1936 2227 dc-

347 2259 714 2312 strnctionem
764 2263 1188 2329 praecedentium
1238 2273 1596 2336 tyrannorum
1650 2276 1704 2321 et
1741 2277 1932 2337 pacto-

351 2365 470 2402 mm
509 2366 704 2420 magno
729 2351 1094 2409 Constantino
1134 2355 1428 2412 factorum.
1467 2360 1525 2414 in
1569 2359 1800 2416 feminas
1828 2377 1931 2416 au-

345 2447 459 2492 tetu
485 2439 740 2496 furiendo
768 2453 821 2497 et
857 2446 1221 2514 opprimendo
1257 2458 1423 2516 atque
1466 2449 1815 2506 Christianos
1840 2466 1932 2505 oc-

344 2532 584 2586 cidcndo
620 2533 844 2590 minime
869 2539 1210 2606 quiescebat.
1245 2539 1385 2595 Huic
1423 2557 1520 2610 per
1551 2543 1766 2597 litteras
1793 2542 1932 2598 Con-

345 2627 630 2680 stantinus
662 2627 866 2695 jubens
914 2631 986 2684 ab
1032 2630 1349 2700 hujusmodi
1389 2635 1608 2688 vesania
1664 2635 1929 2690 receden-

343 2719 519 2783 dum,
591 2734 939 2791 nequaquam
1013 2726 1378 2793 compescuit.
1454 2725 1592 2780 llinc
1658 2729 1821 2780 etiam
1876 2739 1931 2782 et

343 2810 558 2863 Basilea
616 2812 931 2882 episcopum
979 2814 1235 2878 Amasiaa,
1291 2825 1346 2871 et
1388 2826 1448 2871 ut
1491 2820 1710 2888 quidam
1753 2823 1927 2886 aiunt,

343 2899 512 2952 etiam
553 2911 774 2956 santtos
815 2904 1176 2975 quadraginta
1221 2915 1490 2980 martyres
1524 2919 1578 2964 et
1621 2912 1760 2968 alios
1790 2913 1930 2966 mul-

344 3001 438 3044 tos
465 2992 608 3045 finiri
636 3009 732 3062 per
762 2996 1031 3065 supplicia
1065 2997 1219 3053 fecit.

417 3079 584 3135 Sexto
613 3082 828 3139 decimo
862 3101 1006 3141 anno
1040 3088 1252 3158 imperii
1283 3090 1633 3148 Constantini
1661 3095 1828 3151 Arius
1859 3095 1928 3150 ab

2037 632 2066 669 a
2121 615 2389 671 Silvestro
2442 617 2607 670 fuerit
2659 616 2986 685 baptizatus.
3017 625 3072 669 et
3127 616 3273 685 quod
3325 619 3618 672 nominatae

2037 708 2495 770 Constitutiones,
2548 723 2668 777 qua:
2715 709 2778 759 ad
2836 707 3188 762 Melchiadem
3249 707 3518 773 feruntur,
3552 710 3621 764 ab

2036 799 2258 854 Ariauis
2298 799 2434 853 ﬁcta:
2469 799 2603 858 sint,
2638 799 2729 868 qui
2771 800 3002 869 gloriam
3053 800 3181 853 hinc
3215 801 3318 855 sibi
3356 801 3619 855 festinant

2041 892 2350 960 acquirere,
2379 891 2464 945 vel
2490 891 2652 944 etiam
2688 891 2992 958 piissimum
3017 891 3319 960 principem
3356 892 3615 950 lacerare.

2040 984 2172 1038 dum
2211 984 2424 1038 scilicet
2471 999 2533 1037 ex
2582 983 2685 1037 hoc
2721 983 2908 1036 volunt
2949 998 3072 1037 eum
3123 999 3231 1036 non
3280 985 3615 1053 baptizatum

2040 1076 2359 1139 ostendere,
2409 1074 2555 1144 quod
2611 1085 2694 1128 est
2739 1075 3116 1129 irrationabilc
3168 1085 3331 1144 atque
3384 1074 3617 1130 falsissi-

2039 1184 2210 1222 mum.
2239 1167 2296 1222 Si
2329 1168 2474 1222 enim
2505 1183 2610 1220 non
2648 1177 2767 1220 erat
2797 1167 2852 1220 in
2881 1166 3101 1221 Nica-na
3134 1169 3346 1237 synodo
3371 1169 3618 1235 baptiza-

2040 1270 2150 1325 tus,
2185 1276 2314 1329 ergo
2342 1275 2441 1314 nec
2478 1259 2788 1314 divinorum
2813 1259 3175 1329 participator
3205 1261 3612 1330 mysteriorum,

2038 1368 2140 1407 nec
2174 1354 2368 1406 orabat
2398 1368 2521 1404 cum
2572 1351 2780 1406 sanctis
2827 1351 3104 1410 Patribus,
3149 1351 3292 1419 quod
3346 1352 3620 1420 nequi~si~

2038 1459 2186 1498 mum
2227 1450 2311 1498 est
2356 1450 2409 1496 et
2445 1443 2631 1496 dicere
2661 1452 2713 1494 ct
2752 1441 2976 1494 sentire.
3024 1440 3254 1506 Quidam
3307 1455 3435 1493 vero
3465 1439 3620 1493 Aria-

2038 1550 2235 1592 norum
2288 1543 2452 1604 atque
2499 1548 2835 1602 paganorum
2872 1532 3032 1601 quasi
3073 1531 3262 1600 spurio
3307 1545 3505 1599 magno
3528 1531 3621 1582 dc-

2039 1629 2264 1682 trahunt
2310 1626 2702 1688 Constantino,
2739 1638 3055 1694 quanquam
3107 1631 3162 1678 et
3204 1623 3305 1691 ipsi
3348 1622 3618 1674 mentian—

2041 1730 2142 1773 tur.
2175 1718 2500 1789 GetieaIOgia
2531 1718 2676 1772 enim
2719 1717 2839 1786 ejus
2873 1717 3018 1783 regia
3049 1724 3188 1777 erat,
3235 1722 3288 1770 et
3320 1722 3614 1783 antequam

2043 1811 2413 1864 Diocletianus
2457 1819 2622 1863 esset.
2681 1807 3044 1861 Cottstantius
3104 1807 3249 1860 enim
3308 1814 3462 1873 pater
3495 1803 3618 1872 ejus

2039 1918 2211 1971 nepos
2240 1901 2342 1954 fuit
2377 1900 2590 1955 Claudii
2621 1898 2996 1967 imperatoris,
3031 1907 3086 1951 et
3111 1913 3178 1950 ex
3209 1894 3411 1950 Helena
3445 1897 3617 1964 priori

2039 2009 2208 2048 uxore
2247 2008 2344 2046 sua
2363 1991 2784 2047 Constantinum
2807 1989 3005 2043 habuit
3036 2004 3317 2057 magnum.
3345 1989 3616 2042 Cmterum

2039 2086 2228 2139 habuit
2257 2093 2310 2138 et
2343 2085 2481 2138 ﬁlios
2509 2100 2573 2138 ex
2603 2083 2888 2138 Theodora
2917 2083 3027 2136 ﬁlia
3061 2081 3377 2136 Maximiani
3405 2081 3616 2135 Hercu-

2037 2177 2113 2236 lii,
2148 2192 2270 2244 qum
2301 2190 2459 2230 soror
2485 2185 2605 2228 erat
2632 2173 2912 2235 Maxentii,
2954 2171 3046 2239 qui
3089 2170 3434 2241 tyrannidem
3473 2169 3615 2238 apud

2041 2269 2340 2321 Romanam
2386 2265 2578 2319 urbem
2631 2263 2900 2327 exercuit,
2936 2262 3141 2332 quique
3187 2269 3506 2331 peremptus
3535 2269 3622 2313 est

2036 2369 2066 2408 a
2101 2355 2469 2409 Constantino
2519 2353 2661 2422 apud
2708 2351 2970 2407 Molbium
3033 2357 3279 2419 pontem,
3322 2349 3541 2418 quando
3567 2355 3621 2402 et

2037 2449 2224 2502 crucis
2257 2448 2470 2516 signum
2515 2447 2649 2499 vidit
2679 2445 2733 2498 in
2782 2444 2944 2508 cuclo,
2976 2453 3140 2511 atque
3182 2441 3397 2496 Fausta:
3431 2441 3618 2495 uxoris

2034 2539 2215 2608 magni
2242 2537 2594 2592 Constantini
2632 2553 2645 2588 :
2679 2545 2733 2589 et
2783 2549 2943 2588 nemo
2993 2534 3226 2588 miretur
3259 2534 3302 2588 si
3345 2541 3472 2585 ante
3525 2533 3620 2584 ba-

2033 2634 2317 2702 ptisnunn,
2352 2645 2475 2684 cum
2506 2627 2685 2682 adhuc
2715 2641 2956 2696 paganos
2983 2625 3125 2680 ritus
3147 2631 3452 2686 servarent,
3477 2623 3618 2677 duas

2033 2737 2251 2778 sorores
2277 2722 2552 2776 duxerant
2584 2728 2737 2790 pater
2761 2726 2814 2772 et
2843 2717 3011 2771 ﬁlius.
3064 2715 3202 2769 Sunt
3233 2723 3414 2768 autem
3451 2729 3618 2786 gene-

2035 2817 2276 2870 rationes
2305 2829 2495 2869 eorum
2525 2815 2668 2868 sicut
2704 2811 2939 2866 inferius
2970 2818 3326 2864 annotantur.

2604 2961 3043 3014 CONSTANTIUS

2183 3015 2543 3119 ex’Tbeodora
2567 3065 2666 3115 ﬁlia
2695 3062 2922 3114 Herculii
2947 3063 3110 3126 gignit
3331 3073 3394 3108 ex
3418 3057 3616 3126 Helena

3313 3135 3434 3169 vero
3458 3117 3621 3180 gignit

339 3169 562 3272 insania
604 3177 1028 3272 cognominatus
1053 3181 1214 3272 apud
1257 3183 1646 3238 Alexandriam
1679 3186 1928 3243 haeresim
1959 3189 2001 3244 C
2034 3213 2426 3272 Constantinum,
2459 3214 2654 3271 pan-em
2718 3205 2936 3256 Anam]-
2996 3205 3238 3255 Consum-
3317 3169 3598 3254 €0,355“-

338 3280 500 3316 suam
527 3265 580 3318 in
613 3267 850 3322 ecclesia
885 3271 1260 3327 manifestavit
1295 3283 1350 3328 et
1383 3276 1626 3330 schisma
1664 3290 1927 3347 operatus

337 3367 450 3419 ρει,
494 3369 830 3426 cooperante
873 3361 976 3416 sibi
1025 3365 1265 3434 maligno
1301 3367 1641 3433 adversario,
1681 3373 1773 3439 qui
1818 3388 1926 3425 non

337 3445 452 3499 fert
490 3448 672 3503 videre
741 3465 928 3518 pacem
966 3453 1244 3509 Ecclesiae.
1291 3455 1494 3513 Factus
1537 3471 1619 3514 est
1661 3470 1840 3514 autem
1873 3470 1926 3516 et

334 3547 503 3620 terra:
533 3550 716 3594 motus
749 3541 1097 3598 Alexandriae
1145 3548 1523 3615 gravissimus,
1560 3551 1635 3604 ita
1679 3562 1736 3606 ut
1766 3555 1926 3608 cade-

333 3646 462 3688 rent
509 3634 708 3689 domus
761 3638 942 3692 multa:
1005 3657 1069 3694 ac
1125 3645 1361 3712 populus
1423 3647 1693 3717 plurimus
1753 3647 1924 3702 inter-

330 3738 462 3782 Iret.

411 3823 662 3893 Septimo
701 3826 916 3881 decimo
952 3827 1164 3898 imperii
1211 3830 1298 3886 sui
1348 3847 1493 3887 anno
1524 3831 1924 3888 Constantinus

327 3926 622 3983 comperta
654 3917 768 3970 Arii
796 3921 1164 3975 commotione
1186 3923 1345 3978 valde
1375 3924 1671 3988 tribulatus
1700 3923 1924 3994 scripsit

327 4007 651 4063 Alexandro
683 4019 739 4064 et
787 4011 920 4064 Ario
975 4029 1325 4070 communem
1375 4018 1688 4086 epistolam,
1736 4019 1922 4073 consi-

327 4095 473 4148 lium
523 4097 662 4154 dans
713 4117 944 4171 nequam
972 4111 1423 4182 commotionem
1476 4109 1724 4163 solvendi
1766 4118 1821 4162 et
1852 4111 1918 4164 ad

326 4202 529 4254 pacem
587 4200 830 4247 mutuam
879 4197 1169 4253 redeundi.
1208 4198 1353 4255 Misit
1401 4210 1583 4256 autem
1629 4212 1684 4256 et
1731 4201 1920 4257 Osium

324 4279 652 4350 episcopum
686 4282 959 4341 Corduba:
998 4288 1390 4343 Alexandriam
1420 4301 1613 4344 contra
1641 4291 1832 4345 Arium
1866 4299 1922 4347 et

327 4370 405 4422 ad
442 4370 743 4438 Orientem,
785 4389 1142 4435 correcturus
1173 4383 1481 4439 Orientales
1519 4381 1731 4439 Pascha
1762 4384 1920 4454 pejus

324 4479 503 4527 quam
538 4463 710 4522 Judaai
741 4485 806 4524 ex
840 4472 1068 4542 antiqua
1104 4475 1507 4531 consuetudine
1549 4477 1916 4533 celebrantes.

2130 3273 2258 3324 Galli
2283 3267 2561 3328 Dalmatici,
2718 3267 2926 3327 lianum,
2985 3270 3102 3317 liam
3128 3280 3252 3315 uxo-
3375 3276 3492 3310 num

2035 3348 2098 3383 ex
2123 3349 2222 3396 quo
2247 3335 2351 3396 fuit
2364 3334 2665 3382 Dalm-itieus
2726 3328 2819 3396 qui
2841 3338 2896 3377 et
3009 3391 3022 3396 _
3048 3341 3179 3396 rem
3290 3335 3620 3396 magnumst-to-

2028 3383 2219 3460 junior,
2253 3395 2440 3460 Iuliani
2470 3407 2661 3454 praeva-
2717 3383 2904 3442 Gallus.
3005 3388 3201 3439 Licinii.
3317 3383 3587 3435 lummodo.

2123 3459 2350 3506 ricatoris
2372 3456 2543 3504 frater.

2315 3577 2576 3629 MAGNUS
2603 3575 2824 3626 AUTEM
2849 3572 3337 3626 CONSTANTINUS

2417 3694 2478 3730 ex
2497 3682 2679 3730 Fausta
2701 3681 2797 3729 ﬁlia
2820 3679 3042 3727 Herculii
3066 3676 3230 3740 gignit

2030 3764 2276 3826 Crispum,
2311 3759 3118 3826 Constantium,__Constantinum,
3171 3758 3511 3826 Constantem,
3559 3760 3616 3806 et

2679 3820 2929 3870 Helenam
2954 3833 3163 3868 uxorem
3188 3817 3373 3867 Juliaui
3409 3816 3594 3881 refugas

2102 3927 2286 3990 Mundi
2311 3905 2456 3981 anno
2479 3925 2640 3990 5815,
2665 3925 2863 3979 divin-.e
2896 3923 3294 3977 incarnationis
3323 3939 3469 3977 anno
3487 3921 3613 3988 '5l5,

2031 4036 2234 4075 nouum
2262 4020 2536 4074 decimum
2566 4018 2782 4087 imperii
2819 4017 2903 4070 sui
2940 4032 3147 4070 annum
3181 4017 3304 4086 pius
3342 4014 3617 4068 Constan-

2031 4114 2178 4168 tinus
2223 4112 2462 4181 agebat;
2520 4111 2612 4180 qui
2666 4110 2858 4164 videns
2910 4107 3180 4163 Licinium
3237 4105 3616 4175 persecutione

2029 4205 2194 4261 solito
2225 4205 2474 4260 insanius
2524 4205 2841 4257 abutentem
2875 4211 2928 4255 et
2963 4209 3152 4254 contra
3206 4198 3610 4252 benefactorem

2028 4296 2318 4352 consilium
2349 4295 2729 4358 meditantem,
2773 4301 3022 4346 armatur
3062 4290 3326 4344 adversus
3363 4304 3488 4344 eum
3512 4303 3609 4355 per

2028 4388 2232 4442 siccam
2267 4387 2346 4457 (3)
2397 4394 2454 4440 et
2500 4401 2670 4439 mare.
2727 4383 2973 4452 Cumque
3028 4381 3306 4451 publicum
3362 4381 3609 4448 praelium

2034 4489 2307 4549 ageretur,
2333 4478 2491 4531 vivus
2522 4475 2768 4528 Licinius
2800 4475 2854 4528 in
2888 4473 3139 4544 Bithynia
3168 4487 3334 4543 penes
3372 4471 3612 4543 Chryso-

325 4553 612 4612 Reversus
655 4571 737 4614 est
789 4571 973 4616 autem
1027 4563 1094 4617 ad
1147 4573 1438 4635 utrumque
1497 4565 1761 4623 inefﬁcax.
1808 4567 1923 4623 Hoc
1955 4544 1998 4598 υ
2030 4544 2193 4641 polim
2228 4568 2720 4638 comprehenditur
2743 4576 2796 4620 et
2821 4565 3168 4620 Constantini
3204 4564 3460 4618 manibus
3501 4574 3612 4616 tra-

321 4647 502 4700 etiam
529 4665 673 4704 anno
711 4653 1112 4711 Constantinus
1140 4657 1502 4713 Constantem
1539 4659 1710 4714 ﬁlium
1759 4675 1920 4716 suum

323 4743 612 4800 Czrsaretn
649 4746 782 4802 fecit
816 4757 872 4804 et
898 4752 1047 4806 misit
1072 4752 1128 4806 in
1160 4751 1387 4808 Gallias.

407 4836 614 4891 Octavo
637 4839 856 4894 decimo
886 4857 1020 4906 sane
1051 4843 1260 4912 imperii
1296 4844 1381 4898 sui
1417 4859 1584 4910 anno,
1617 4853 1674 4900 ιιι
1699 4847 1920 4915 quidam

322 4924 550 4992 dicunt,
582 4928 984 4987 Constantinus
1008 4948 1133 4990 cum
1167 4933 1362 5003 Crispo
1398 4936 1508 4990 ﬁlio
1535 4952 1636 4991 suo
1662 4936 1850 4994 Romae
1890 4953 1919 4994 a

323 5015 604 5074 Silvestro
634 5022 946 5092 baptizatus
975 5032 1082 5079 est.
1117 5023 1401 5094 Quotquot
1443 5027 1588 5081 enim
1627 5027 1680 5081 in
1713 5029 1920 5083 seniori

327 5111 509 5166 Ruina
539 5116 850 5170 consistunt
877 5132 1052 5186 usque
1082 5116 1262 5183 hodie,
1293 5118 1674 5187 baptisterium
1717 5121 1920 5176 habent

322 5206 386 5259 in
417 5206 1095 5280 testimonium,quonlam
1125 5225 1154 5263 a
1179 5208 1446 5265 Silvestro
1469 5211 1654 5266 Rouue
1670 5213 1917 5283 baptiza-

325 5304 426 5350 tus
463 5305 549 5353 est
570 5307 694 5368 post
722 5307 1083 5371 tyrannorum
1118 5303 1570 5371 peremptionem.
1607 5303 1918 5362 Orientales

319 5396 516 5444 autem
552 5393 694 5459 apud
741 5390 1112 5447 Nicomediam
1142 5393 1300 5446 aiunt
1336 5409 1459 5448 eum
1501 5395 1648 5449 circa
1684 5405 1914 5451 mortem

314 5482 403 5536 ab
438 5480 675 5537 Eusebio
719 5482 1128 5540 Nicomediensi
1177 5485 1386 5539 Ariano
1431 5486 1791 5555 baptizatum,
1825 5491 1916 5544 ubi

319 5581 384 5628 et
427 5573 663 5643 contigit
716 5591 840 5630 eum
894 5577 1164 5633 dormisse
1207 5593 1223 5631 :
1273 5577 1562 5635 differebat
1602 5581 1772 5646 enim,
1825 5583 1914 5638 in-

315 5666 553 5735 quiunt,
609 5665 970 5736 baptismum,
1025 5683 1256 5739 sperans
1303 5669 1359 5724 in
1394 5668 1634 5728 Iordane
1687 5673 1912 5730 ﬂumine

2025 4663 2197 4725 ditur,
2230 4661 2320 4730 qui
2353 4668 2615 4714 consueta
2649 4659 2988 4712 humanitate
3029 4671 3164 4711 usus
3193 4655 3241 4709 ei
3273 4656 3382 4709 vita
3409 4654 3611 4708 donata

2025 4752 2478 4808 Thessalonicam
2507 4752 2671 4805 mittit
2697 4749 2906 4804 carceri
2931 4749 3378 4818 maneipandum.
3411 4745 3611 4800 Verum

2022 4863 2132 4902 non
2177 4846 2346 4900 multo
2378 4853 2501 4916 post
2549 4842 2801 4898 barbaris
2838 4841 3089 4895 mercede
3119 4839 3410 4894 conductis
3460 4837 3612 4892 futu-

2024 4955 2144 4994 rqu
2175 4947 2294 4993 erat
2328 4947 2389 4992 ut
2421 4935 2772 4991 rebellionem
2802 4940 3042 5004 pararet,
3082 4932 3190 4988 nisi
3224 4931 3329 4986 hoc
3382 4929 3612 4983 mitissi-

2027 5049 2153 5088 mus
2185 5032 2582 5088 Constantinus
2635 5041 2987 5100 praenoscens
3023 5025 3207 5094 gladio
3259 5023 3406 5077 hunc
3441 5021 3610 5077 recidi

2021 5125 2300 5195 jussisset.
2338 5125 2404 5178 Et
2432 5124 2511 5177 sic
2535 5122 2602 5176 de
2637 5129 2838 5176 caetero
2863 5116 3104 5190 perfecta
3136 5118 3273 5170 freta
3297 5121 3430 5170 sunt
3456 5123 3610 5166 tran-

2025 5218 2297 5290 quillitate
2357 5215 2798 5272 Christianorum
2879 5207 3315 5266 conversationis
3368 5207 3605 5273 negotia,

2025 5327 2122 5382 per
2155 5311 2414 5364 virtutem
2454 5307 2666 5361 scilicet
2694 5305 2928 5359 vivificaa
2965 5301 3150 5356 crucis
3185 5298 3391 5368 fugatis
3423 5305 3610 5367 tyran—

2025 5406 2154 5467 nis,
2210 5411 2266 5458 et
2325 5401 2682 5472 singulariter
2741 5399 3028 5455 obtinente
3083 5393 3350 5450 divinitus
3418 5389 3607 5459 adjuto

2019 5494 2385 5549 Constantino
2416 5492 2718 5546 Romanum
2757 5487 3070 5558 imperium.
3108 5483 3446 5541 Constitutis
3479 5495 3610 5550 ergo

2018 5583 2204 5653 pueris
2233 5582 2348 5636 suis
2369 5579 2686 5634 Cresaribus
2717 5583 2905 5646 optata
2928 5589 3061 5644 pace
3095 5573 3303 5643 potitus
3336 5578 3442 5626 est.
3474 5568 3611 5623 Erat

2020 5682 2200 5730 autem
2237 5673 2320 5727 vir
2357 5687 2453 5742 per
2487 5670 2674 5726 omnia
2715 5667 2902 5723 clarus
2941 5665 2996 5719 in
3045 5665 3248 5719 virtute
3283 5661 3502 5727 animae,
3549 5661 3607 5716 in

1863 5767 2090 5823 NOTAE.

1863 5767 1945 5822 ΝΟ

409 5851 492 5918 (5)
528 5849 684 5906 Sicca
723 5852 838 5908 sive
879 5853 1032 5908 arida
1084 5871 1182 5926 pro
1206 5864 1374 5923 terra,
1411 5867 1468 5912 ut
1495 5859 1704 5931 psalmo
1739 5875 1857 5917 thv
1888 5882 1898 5916 :
1940 5881 1945 5891 ε

2032 5767 2232 5933 Ρέηρὰν
2266 5860 2320 5913 αἱ
2350 5859 2530 5929 χεῖρες
2554 5852 2718 5911 αὐτοῦ
2749 5851 3007 5906 ἔπλασαν.
3041 5849 3208 5904 Ἑλιπι.
