4088 6432
596 413 727 479 1211

1709 418 2107 479 ANASTASH
2148 414 2779 480 BIBLIU’I‘HECARII

3692 422 3812 491 ΕΗ

594 536 850 589 acumine
872 547 1091 595 sensus,
1118 531 1174 586 in
1208 531 1517 587 eruditione
1555 532 1870 596 verborum,
1908 535 1961 588 iu
1995 535 2168 604 atqui
2197 538 2248 599 Α
2275 532 2417 589 (ἲοιιει
2472 537 2723 606 largitus,
2785 534 3129 606 principibus
3172 534 3504 605 singularum
3560 541 3815 599 nationum

595 638 706 682 tate
739 628 990 697 justitire,
1032 627 1085 680 in
1125 625 1406 681 alacritate
1450 624 1849 693 beneﬁcentia},
1894 626 1952 681 in
1975 627 2175 682 decore

596 720 804 785 vultus,
834 720 889 773 in
929 718 1197 773 bellorum
1232 718 1491 772 virilitate
1522 733 1586 771 ac
1635 717 1917 781 felicitate,
1955 718 2010 771 in
2049 718 2176 772 bar-

598 813 799 867 baricis
855 826 1106 881 magnus,
1173 811 1224 864 in
1280 810 1687 866 contribulibus
1744 810 2174 880 insuperabilis;

602 906 744 959 unde
786 914 839 960 et
889 912 1080 958 contra
1120 918 1320 959 omnes
1355 905 1541 960 hostes
1572 905 1858 959 victoriam
1912 904 2175 961 orationi-

598 996 702 1051 bus
733 994 1034 1050 obtinebat.

669 1082 849 1139 Mundi
869 1100 1015 1139 anno
1041 1084 1204 1150 58l6,
1239 1084 1439 1140 divina:
1467 1085 1865 1141 incarnationis
1884 1098 2028 1139 anno
2050 1081 2179 1148 516,

596 1178 900 1233 νξοεηηειίθ
955 1179 1169 1249 imperii
1204 1178 1482 1234 celebrata
1521 1187 1651 1233 sunt
1686 1177 2032 1233 Constantini
2071 1178 2180 1230 Au-

597 1273 767 1341 gusti,
804 1278 858 1325 et
891 1273 1034 1327 facta
1070 1280 1155 1328 est
1188 1283 1377 1327 sancta
1421 1280 1475 1326 et
1520 1272 1852 1326 universalis
1884 1271 2060 1341 prima
2090 1281 2182 1341 sy-

599 1366 779 1420 nodus
829 1365 934 1419 ⁸518
987 1365 1234 1429 Patrum,
1279 1378 1510 1436 quorum
1570 1364 1726 1420 multi
1788 1366 2179 1421 miraculorum

598 1466 762 1512 erant
794 1467 1100 1528 patratores
1125 1468 1178 1513 ct
1211 1458 1511 1530 euangelici
1546 1458 1669 1523 viri,
1703 1459 1957 1529 stigmata
1975 1457 2179 1514 Christi

602 1554 657 1607 in
690 1568 926 1624 corpore
956 1568 1055 1609 suo
1088 1552 1347 1609 ferentes.
1391 1552 1498 1607 Pro
1528 1551 1778 1607 Romano
1804 1562 1985 1607 autem
2024 1549 2183 1629 Vitus

601 1655 658 1699 ct
685 1643 1010 1701 Vincentius
1045 1647 1295 1701 aderant.
1327 1645 1455 1699 Htec
1479 1652 1668 1700 sancta
1712 1644 1957 1715 synodus
1992 1644 2181 1697 Arium

601 1746 657 1791 et
715 1746 1121 1793 consentaneus
1170 1738 1290 1807 ejus
1335 1737 1608 1807 deposuit,
1670 1745 1898 1807 excepto
1948 1734 2186 1792 Eusebio

599 1829 896 1902 Pamphili,
923 1833 1015 1901 qui
1050 1832 1114 1884 ad
1142 1844 1385 1901 prmsens
1418 1829 1689 1885 bomonsii
1720 1845 1781 1885 se
1805 1836 1995 1884 tenere
2027 1828 2184 1884 ﬁdem

2279 627 2553 683 honorare
2612 628 2930 684 sacerdotes
3001 627 3370 698 praecipiebat,
3412 637 3466 684 et
3522 630 3593 684 ita
3648 647 3817 692 omnes

2279 722 2586 790 gaudentes
2610 722 2867 779 absolvit.
2900 719 3217 778 Ediﬁcavit
3255 729 3433 777 autem
3461 707 3819 781 Constantino-

2279 812 2469 883 polim.
2499 830 2607 883 qua
2638 828 2852 869 summa
2895 815 3223 871 liberalitate
3250 813 3420 868 ditata
3467 813 3520 868 in
3544 815 3816 874 illustribus

2279 903 2539 975 domibus
2573 922 2670 961 eos
2701 908 2794 976 qui
2832 908 2900 961 ab
2937 906 3075 962 urbe
3103 906 3276 960 Roma
3305 913 3460 963 erant
3480 907 3578 959 viri
3604 909 3820 963 rationa-

2281 996 2420 1052 biles
2455 998 2790 1059 collocavit;
2826 1007 2882 1055 et
2919 1014 2983 1054 ex
3020 998 3146 1053 aliis
3174 997 3308 1053 locis
3350 998 3643 1053 secundum
3672 1013 3821 1069 genus

2281 1087 2510 1161 eligens,
2537 1099 2591 1146 et
2620 1095 2811 1147 domos
2859 1107 3093 1162 magnas
3132 1091 3212 1146 eis
3249 1089 3520 1156 tribuens,
3549 1099 3608 1144 ut
3634 1090 3825 1147 habita—

2283 1194 2438 1239 retur
2474 1184 2671 1240 civitas
2706 1184 2837 1256 egit.
2887 1185 3041 1242 Tunc
3074 1186 3239 1241 etiam
3269 1192 3322 1239 et
3358 1183 3615 1254 templum
3645 1193 3825 1239 sanctte

2285 1272 2505 1348 Sopbite
2536 1287 2592 1335 et
2621 1289 2826 1335 sanctae
2883 1278 3055 1334 lrena:
3108 1285 3163 1333 et
3205 1275 3574 1348 apostolorum
3601 1284 3653 1330 et
3677 1279 3827 1332 sancti

2284 1368 2441 1425 Mocii
2478 1372 2865 1441 etarchangeli
2891 1371 2987 1426 Dei
3020 1370 3234 1425 amicus
3267 1370 3523 1441 princeps
3545 1368 3823 1423 tedilicavit.

2284 1459 2442 1519 Tunc
2484 1462 2732 1519 funditus
2758 1463 2962 1533 templo
3009 1462 3245 1533 Asclepii
3290 1476 3460 1532 penes
3483 1459 3646 1531 [Egas
3668 1474 3717 1515 et
3742 1459 3824 1518 Vc-

2287 1557 2437 1613 neris
2467 1557 2522 1611 in
2559 1558 2804 1627 Aphacis
2835 1559 2945 1613 sito
2976 1558 3285 1620 destructo,
3317 1563 3484 1623 atque
3509 1555 3628 1610 aliis
3667 1555 3827 1610 multis

2286 1650 2519 1713 eversis,
2584 1650 2782 1704 borum
2842 1650 3051 1705 reditus
3105 1649 3331 1704 donavit
3386 1647 3653 1704 ecclesiis.
3700 1646 3826 1701 Tunc

2289 1740 2472 1795 multa:
2515 1748 2704 1809 gentes
2739 1741 2804 1794 ad
2861 1740 3196 1811 baptismum
3239 1753 3531 1793 accessere
3580 1737 3832 1795 miraculis

2288 1838 2445 1895 actae,
2472 1845 2595 1901 quae
2615 1840 2829 1901 patrata
2854 1840 2987 1885 sunt
3013 1844 3043 1882 a
3083 1828 3318 1898 captivis
3351 1825 3738 1895 sacerdotibus,
3753 1827 3828 1894 qui

600 1894 1136 1992 voce'prolitebatur.
1171 1923 1374 1993 Impius
1425 1923 1609 1992 itaque
1650 1921 1813 1978 Arius
1845 1938 1971 1977 cum
2004 1923 2058 1977 in
2091 1940 2185 1996 sy-
2219 1894 2510 1979 Ilfuerant
2561 1924 2663 1979 sub
2728 1922 2957 1979 Galieno
3029 1923 3369 1993 imperatore
3443 1919 3723 1990 captivati;
3786 1929 3833 1975 et

599 2016 745 2068 nodo
768 2030 1010 2084 prtesens
1039 2015 1423 2079 adduceretur,
1449 2014 1716 2071 Eusebius
1749 2013 2185 2073 Nicomediensis

600 2117 658 2164 ct
698 2107 977 2180 Theognis
1000 2119 1055 2163 et
1083 2107 1251 2165 Maris
1279 2118 1333 2163 et
1370 2107 1661 2165 Narcissus
1694 2118 1748 2165 et
1787 2107 2184 2181 Theophantus

603 2210 658 2257 et
698 2199 1048 2272 Patrophiius
1103 2203 1251 2257 hunc
1295 2201 1591 2258 defendere
1637 2203 2050 2270 moliebantur;
2089 2204 2183 2275 qui

603 2306 1000 2366 componentes
1056 2295 1178 2350 ﬁdei
1229 2297 1459 2352 verbum
1527 2297 1909 2369 biaspbemum
1975 2299 2186 2370 synodo

604 2404 922 2460 porrexerc.
962 2388 1120 2456 Quod
1162 2405 1288 2444 cum
1342 2389 1624 2460 diruptum
1674 2399 1844 2455 esset,
1876 2390 1930 2446 bi
1969 2391 2063 2460 qui
2107 2391 2188 2445 fe-

605 2490 803 2536 cerunt
834 2482 969 2536 illud
1002 2481 1207 2537 reversi
1249 2482 1651 2538 damnaverunt
1691 2484 1914 2548 Arium,
1938 2484 2187 2555 exceptis

607 2571 862 2629 Secundo
897 2572 1217 2630 Ptoimaidis
1239 2568 1460 2646 IEgypti
1484 2582 1540 2629 et
1567 2572 1792 2630 Theona
1817 2574 2187 2631 Marmaricat.

604 2666 820 2734 Quibus
869 2682 992 2722 cum
1035 2667 1166 2721 Ario
1219 2666 1463 2737 repulsis
1506 2674 1561 2722 et
1605 2667 2186 2740 anathematizatism

605 2765 855 2812 sanctum
893 2757 1200 2827 symbolum
1248 2756 1370 2812 ﬁdei
1417 2756 1716 2821 dictavere,
1774 2758 2188 2815 subscribentes

605 2863 798 2904 omnes
818 2864 941 2904 cum
976 2850 1754 2920 augustissimoimperatore;
1785 2861 1834 2907 et
1864 2852 2025 2907 laude
2041 2853 2187 2907 dicta

608 2944 828 2999 solutus
884 2952 968 2998 est
1021 2952 1222 3008 cretus,
1280 2957 1425 2998 anno
1477 2959 1588 3014 quo
1646 2942 1967 3015 Byzantium
2024 2946 2192 3014 coepit

607 3034 889 3090 aediﬁcari.
929 3035 1214 3091 Celebrata
1256 3046 1341 3091 est
1398 3036 1563 3107 igitur
1602 3046 1798 3093 sancta
1833 3037 2076 3109 synodus
2108 3037 2192 3091 in.-

605 3127 850 3182 dictione
884 3125 972 3189 12,
1002 3141 1191 3181 mense
1212 3126 1381 3193 Maio,
1408 3126 1497 3182 die
1523 3126 1617 3192 20,
1649 3141 1771 3195 quae
1817 3126 2040 3196 scripsit
2072 3126 2191 3196 epi-

2290 2018 2444 2089 prius
2500 2017 2719 2086 quidem
2776 2033 2841 2073 ex
2905 2016 3101 2073 Gothis
3145 2023 3199 2070 et
3247 2013 3419 2068 Celtis
3463 2022 3623 2082 atque
3654 2011 3837 2068 Calatis

2289 2110 2678 2180 Hesperiarum
2716 2111 2977 2180 partium,
3007 2108 3098 2178 qui
3125 2117 3317 2162 contra
3353 2106 3626 2161 Romanos
3646 2103 3832 2161 fuerant

2289 2201 2418 2267 nisi,
2473 2218 2620 2256 nunc
2662 2213 2843 2256 autem
2886 2209 2939 2256 et
2984 2202 3088 2256 sub
3118 2202 3327 2256 victore
3355 2196 3710 2253 Constantino
3735 2197 3832 2265 plu-

2290 2290 2425 2347 rima
2445 2297 2738 2351 multitudo
2754 2296 3001 2366 gentiqu
3031 2295 3342 2349 illuminata
3382 2300 3467 2347 est
3493 2291 3557 2347 ad
3584 2289 3831 2346 Christum

2289 2400 2652 2445 concurrens.
2700 2389 2835 2443 Nam
2882 2396 2937 2443 et
2981 2388 3273 2442 interiores
3306 2384 3427 2441 indi
3461 2392 3517 2439 et
3553 2384 3741 2445 lberes,
3768 2387 3831 2437 uti

2290 2479 2524 2536 Ruﬁnus
2555 2481 2769 2543 scribit,
2811 2480 3067 2536 similiter
3100 2488 3156 2534 et
3197 2477 3449 2532 Armenii
3492 2476 3720 2547 perfecte
3749 2475 3834 2531 sub

2290 2572 2412 2643 ipso
2441 2572 2817 2639 crediderunt,
2853 2587 2949 2642 per
2996 2567 3308 2626 Teridatem
3365 2584 3547 2638 regem
3577 2576 3629 2623 et
3654 2566 3830 2637 Grego-

2290 2665 2434 2721 rium
2468 2666 2792 2734 episcopum
2834 2678 2995 2719 suum
3040 2665 3276 2719 salutem
3324 2661 3676 2731 accipientes.
3705 2659 3834 2713 Tunc

2292 2767 2348 2814 et
2382 2753 2693 2812 Dorotbeus
2741 2755 3040 2825 episeopus
3076 2753 3231 2826 Tyri,
3273 2754 3371 2822 qui
3417 2752 3589 2807 multa
3617 2750 3715 2806 sub
3738 2748 3846 2804 Diom

2291 2851 2529 2907 cietiano
2574 2850 2716 2905 mala
2752 2863 3048 2919 perpessus
3088 2846 3252 2902 exilia
3288 2853 3346 2901 et
3387 2849 3649 2900 tormenta
3678 2851 3834 2912 pertu-

2293 2946 2451 3010 lerat,
2482 2945 2742 3015 pollcbat,
2775 2958 3073 2998 numerosa
3105 2942 3313 3012 scripta
3350 2939 3644 2996 conficiens
3674 2938 3845 2992 latina

2294 3038 2459 3095 simul
2488 3048 2543 3093 et
2573 3038 2786 3099 Graaca.
2830 3036 3122 3107 utriusque
3155 3034 3422 3089 nimirum
3471 3031 3717 3088 dictionis
3746 3045 3837 3084 non

2294 3132 2573 3188 modicam
2624 3129 3020 3201 experientiam
3073 3133 3435 3192 consecutus,
3473 3132 3529 3181 et
3579 3124 3845 3179 multarum-

610 3221 808 3274 stolam
841 3221 894 3273 in
924 3217 1335 3286 Alexandriam,
1364 3216 1592 3291 Libyam
1623 3228 1679 3275 et
1705 3217 2072 3290 Pentapolim,
2099 3233 2193 3290 per
2217 3235 2261 3297 ρ
2297 3240 2394 3297 per
2424 3223 2704 3294 ingenium
2737 3236 2923 3278 rerum
2955 3235 3166 3291 gnarus
3211 3218 3467 3277 effectus.
3514 3215 3610 3273 llic
3637 3216 3836 3285 diligen-

610 3327 775 3371 quam
832 3310 1070 3367 innotuit
1121 3310 1200 3383 (5)
1254 3306 1577 3381 eiectionem
1636 3310 1792 3374 Arii.
1846 3312 2089 3368 Secundi
2135 3324 2190 3368 et

610 3403 869 3459 Theonm.
922 3402 1263 3473 Signiﬁcavit
1314 3412 1495 3460 autem
1541 3412 1597 3460 et
1652 3402 1721 3461 de
1757 3403 2012 3470 Meletio,
2044 3404 2192 3476 quod

611 3509 862 3551 seorsum
905 3495 958 3549 in
1000 3496 1223 3550 civitate
1263 3496 1483 3566 propria
1530 3495 1733 3551 tacitus
1761 3495 2049 3551 resideret.
2082 3495 2194 3553 Eos

608 3602 742 3641 vero
771 3587 865 3656 qui
891 3586 958 3640 ab
1001 3587 1119 3657 ipso
1160 3601 1359 3642 manus
1389 3587 1798 3658 impositionem
1835 3601 2188 3659 acceperant,

610 3677 788 3747 magis
817 3679 1044 3750 mystica
1073 3680 1392 3736 sacratione
1420 3679 1739 3736 ﬁrmandos.
1762 3679 2001 3750 Scripsit
2023 3682 2188 3737 etiam

610 3771 681 3824 de
713 3768 942 3834 Pascha,
982 3767 1036 3823 id
1066 3769 1300 3825 ulterius
1328 3784 1453 3825 cum
1498 3768 1703 3826 Iudaeis
1735 3770 2050 3828 nullatenus
2075 3769 2193 3828 etii-

611 3860 891 3926 ciendum,
938 3860 1033 3916 sed
1072 3862 1376 3917 secundum
1431 3859 1666 3917 formam
1695 3879 1818 3931 qua:
1847 3880 1945 3934 per
1982 3863 2192 3920 Italiam

611 3950 944 4014 custoditur,
986 3951 1042 4007 in
1075 3951 1353 4009 Dominica
1396 3948 1484 4008 die
1534 3956 1716 4024 potius
1764 3955 1979 4011 celebra
1997 3955 2190 4012 ndum.

614 4040 880 4095 Similiter
906 4047 958 4095 et
1001 4041 1282 4111 piissimus
1318 4044 1614 4113 imperator
1657 4044 1922 4115 epistolas
1957 4046 2193 4117 scripsit

616 4132 821 4202 ubique
864 4132 1124 4203 iubentes
1165 4134 1353 4190 eadem
1387 4150 1507 4206 qua:
1543 4144 1735 4191 sancta
1775 4135 2021 4208 synodus
2060 4152 2189 4208 pro-

614 4224 974 4295 mulgaverat,
1026 4234 1081 4280 et
1130 4226 1434 4281 firmantes.
1485 4226 1752 4282 Praeterea
1801 4241 1925 4281 cmn
1979 4228 2191 4299 imperii

612 4316 700 4371 sui
732 4316 1005 4373 festivitas
1046 4317 1353 4375 vicennalis
1398 4319 1649 4384 instaret,
1685 4334 1876 4379 omnes
1907 4322 2096 4380 Patres
2125 4324 2193 4380 ad

612 4408 924 4464 convivium
980 4416 1161 4474 vocat,
1221 4424 1344 4463 cum
1396 4409 1507 4466 illis
1560 4411 1768 4480 pariter
1832 4417 2194 4487 convivatus;

613 4514 758 4570 quos
816 4501 1076 4555 decenter
1132 4499 1413 4558 honorans
1472 4496 1767 4572 Paphnutii
1818 4512 1873 4561 et
1927 4507 2190 4564 similium

613 4683 832 4738 fuerant
857 4682 1064 4753 eliossi,
1099 4685 1185 4740 vel
1215 4685 1380 4740 etiam
1428 4694 1625 4741 caetera
1658 4690 1902 4746 membra
1933 4699 2193 4748 truncata

612 4776 1007 4844 osculabatur,
1064 4778 1552 4835 sanctiﬁcationem
1602 4797 1669 4836 ex
1729 4782 1810 4840 eis
1865 4783 2191 4841 lucrifacere

613 4880 863 4935 sperans.
916 4865 1092 4921 Porro
1134 4867 1351 4924 libellos
1390 4882 1534 4938 quos
1567 4877 1758 4925 contra
1794 4871 2031 4929 invicem
2062 4874 2191 4945 qui-

611 4960 734 5015 dam
757 4969 1119 5030 porrexerunt
1151 4960 1260 5032 igni
1292 4962 1520 5017 tradidit
1555 4963 1917 5035 jurejurando
1941 4967 2189 5036 ﬁrmans,

609 5053 658 5109 si
691 5053 925 5111 vidisset
982 5050 1304 5124 episcopum
1362 5056 1756 5121 mmehantcm,
1818 5070 1878 5112 se
1934 5059 2193 5114 alacriter

610 5146 757 5201 hunc
786 5145 1150 5217 operiturum.
1186 5143 1357 5200 Multa
1389 5160 1612 5218 quoque
1640 5148 1903 5204 onmibus
1937 5150 2188 5207 ecclesiis

2295 3325 2379 3374 ter
2430 3316 2597 3372 etiam
2672 3330 2837 3385 super
2884 3312 3157 3382 episcopis
3207 3310 3461 3383 Byzantii
3516 3325 3582 3365 ac
3637 3308 3835 3363 aliorum

2295 3407 2591 3463 multorum
2638 3406 2888 3463 locorum
2933 3403 3220 3460 historiam
3259 3404 3477 3459 texuit:
3504 3402 3597 3472 qui
3619 3410 3671 3456 et
3695 3399 3742 3453 iu
3767 3413 3838 3469 sy-

2297 3498 2440 3553 nodo
2473 3505 2724 3569 repertus
2776 3505 2885 3563 est,
2921 3502 2975 3551 et
3009 3494 3079 3549 ad
3128 3493 3408 3564 propriam
3449 3491 3747 3564 parochiam
3775 3487 3838 3558 (6)

2295 3603 2551 3645 remeans
2590 3586 2910 3659 perduravit
2962 3600 3139 3655 usque
3174 3583 3241 3639 ad
3295 3582 3544 3656 refugam
3576 3581 3836 3637 Iulianum.

2297 3682 2362 3737 Et
2386 3680 2647 3753 quoniam
2677 3694 2787 3734 non
2822 3678 3135 3741 manifeste,
3168 3674 3263 3731 sed
3295 3678 3514 3731 occulte
3544 3690 3634 3744 per
3658 3672 3842 3743 iudices

2296 3772 2652 3833 exsecrabilis
2689 3771 2775 3825 vir
2798 3772 2854 3824 in
2896 3769 3247 3824 Christianos
3275 3768 3729 3830 debacchabatur,
3755 3762 3835 3818 ite-

2285 3867 2416 3917 rum
2461 3863 2657 3917 beatus
2718 3859 3028 3915 Dorotheus
3058 3857 3235 3928 pergit
3260 3855 3665 3929 Odyssopoiim,
3692 3852 3772 3908 ubi
3796 3859 3839 3905 et

2297 3954 2731 4026 comprehensus
2776 3967 2806 4006 a
2839 3950 3120 4022 judicibus
3151 3948 3382 4015 Iuliani,
3427 3948 3710 4014 multisque
3738 3942 3839 3998 alio

2297 4054 2420 4102 ctus
2458 4045 2802 4108 verberibus,
2845 4047 2900 4098 in
2931 4057 3192 4115 suprema
3222 4049 3507 4098 senectute
3543 4055 3638 4110 pro
3667 4033 3840 4093 Clu-isti

2296 4138 2647 4197 confessione
2669 4137 2955 4210 suppliciis
3004 4137 3138 4201 obit,
3169 4150 3293 4193 cum
3318 4135 3437 4206 jam
3481 4134 3579 4189 t07
3608 4142 3843 4186 annorum.

2296 4243 2464 4293 esset.

2366 4325 2552 4381 Mundi
2584 4340 2730 4381 anno
2757 4320 2920 4389 58i7,
2952 4322 3153 4378 divinae
3186 4321 3588 4378 incarnationis
3614 4318 3729 4379 517,
3755 4312 3834 4367 Ju-

2296 4412 2399 4474 dmi
2431 4427 2486 4475 et
2517 4408 2697 4474 Per-sae
2738 4417 2989 4474 videntes
3017 4414 3507 4472 Christianismum
3565 4414 3617 4467 in
3651 4406 3846 4466 Perside

2252 4568 2274 4577 η
2299 4514 2474 4583 magis
2508 4527 2572 4567 ac
2600 4511 2775 4583 magis
2806 4510 3033 4581 pollere,
3057 4508 3356 4564 detrahunt
3388 4503 3631 4561 Simeoni
3659 4499 3847 4555 archie-

612 4593 997 4649 confessorum
1029 4594 1173 4658 loca,
1199 4608 1264 4648 ex
1303 4592 1508 4663 quibus
1540 4595 1595 4649 in
1627 4597 2015 4665 persecutione
2043 4602 2190 4657 oculi
2227 4594 2269 4648 ὓ

2298 4594 2525 4678 piscopo
2558 4605 2932 4676 Ctesiphontis
2972 4603 3115 4673 apud
3168 4599 3433 4655 Saborem
3473 4596 3747 4653 Persarum
3770 4605 3840 4643 re-

2299 4712 2446 4766 gem,
2484 4695 2642 4764 quasi
2678 4694 2857 4748 amico
2888 4690 3240 4761 imperatoris
3288 4688 3520 4743 Ruinani
3544 4696 3596 4741 et
3630 4681 3840 4738 Persico-

2298 4803 2423 4842 rum
2449 4786 2674 4841 delatori
2709 4785 3077 4855 negotiorum.
3106 4782 3473 4848 Quamobrcm
3503 4772 3847 4849 persecutione

2300 4894 2499 4950 magna
2532 4879 2586 4933 in
2622 4878 2843 4933 Perside
2889 4886 3036 4933 mota
3088 4875 3238 4929 multi
3280 4890 3377 4943 pro
3409 4873 3629 4928 Clu-isto
3673 4872 3839 4929 marty—

2300 4970 2384 5026 rio
2412 4979 2542 5025 sunt
2565 4968 2858 5033 adornati;
2886 4968 3028 5021 inter
3055 4980 3194 5036 quos
3229 4962 3602 5018 Heustazades
3630 4954 3837 5028 padago'r

2297 5079 2401 5135 gus
2435 5062 2657 5118 Saboris
2689 5068 2743 5116 et
2788 5061 3010 5115 Simeon
3038 5068 3091 5113 et
3129 5072 3296 5127 super
3332 5055 3473 5109 alios
3521 5054 3711 5108 multos
3735 5057 3838 5099 cen-

2298 5163 2414 5210 tum
2450 5152 2641 5210 clerici
2672 5161 2726 5218 et
2763 5151 3004 5224 episcopi
3045 5165 3155 5205 una
3204 5148 3291 5203 die
3334 5142 3669 5217 martyrizati
3713 5140 3845 5199 sunt,

2129 5286 2364 5344 NOTAE.

797 5379 992 5465 Att‘ttlll.
1022 5377 1164 5462 ψει.
1201 5377 1357 5465 Trip.
1391 5379 1503 5465 ,βξ
1526 5378 1610 5462 6.:
1645 5399 1667 5430 σ
1697 5379 2198 5465 anatltetuatizave-

612 5449 761 5504 runt.
795 5467 814 5499 ι
852 5450 943 5507 Sic
977 5450 1122 5504 enim
1152 5465 1252 5504 nos
1273 5449 1573 5504 Christiani
1613 5461 1805 5504 contra
1847 5449 2194 5517 blasphemus

615 5520 885 5590 prolatum
915 5522 1156 5575 solemus
1186 5522 1465 5590 appellare
1498 5519 1798 5575 decretum.
1829 5517 1998 5590 Enen.

685 5590 775 5660 (ii)l
804 5589 1066 5645 lunata“.
1101 5587 1431 5646 Anastasius
1483 5591 1538 5644 in
1588 5590 1791 5660 exsilio
1837 5587 1897 5640 S.
1940 5590 2194 5643 Martini:

624 5678 640 5709 ι
670 5659 829 5717 Potui
849 5661 899 5715 ei
920 5661 1167 5721 scribere
1191 5662 1627 5717 iac-innotescere
1646 5659 1831 5715 0min
1849 5675 1971 5728 qua:
1982 5660 2050 5713 de
2077 5660 2195 5727 ipso

618 5728 1117 5808 diﬁqmabantur;_r
1142 5728 1453 5808 Ludovicus
1477 5730 1609 5800 imp.
1641 5730 1696 5782 in
1733 5744 1896 5808 praue.
1924 5745 2011 5808 ap.
2039 5728 2193 5808 Flod.

622 5797 761 5917 1,1!9
786 5814 800 5848 :
828 5814 848 5847 ι
875 5798 1015 5862 Quia
1038 5799 1154 5853 Ebo
1188 5800 1492 5856 clementia:
1526 5797 1727 5857 nostra:
1744 5797 1982 5855 innotuit
2005 5801 2187 5871 quian

622 5893 693 5910 -
743 5879 795 5917 u.

620 5893 693 5910 --
719 5879 795 5917 ID.

2369 5384 2447 5454 (ti)
2484 5381 2827 5454 Parochiam.
2855 5378 3153 5451 [Iapetxtav
3179 5377 3399 5444 quidam
3453 5373 3840 5454 maluntnpnfrtr:

2296 5439 2459 5508 cia‘m'.
2494 5454 2602 5510 Sed
2641 5439 2960 5522 promiscue
2998 5439 3843 5522 utrutuque_vttsurpatut'LMif'f3

2303 5506 2623 5579 Viennensis
2642 5506 2740 5592 'ep.
2758 5523 2833 5593 790
2850 5506 2875 5576 :7
2888 5542 2906 5574 ι
2932 5520 2990 5574 in
3017 5506 3275 5593 parocliia
3294 5506 3617 5593 Epona-usi.)
3636 5506 3840 5593 Epipha—

2295 5596 2422 5650 nius
2449 5587 2724 5649 Scbolast.
2754 5592 2907 5660 Trip.
2944 5604 2984 5664 ι2
3021 5587 3079 5642 Η
3116 5607 3128 5642 :
3169 5608 3186 5640 ι
3222 5587 3282 5664 in
3324 5594 3509 5640 nostra
3530 5587 3839 5664 igitur‘pat‘g-

2293 5649 2440 5719 chia.
2477 5682 2497 5716 ι
2534 5664 2678 5718 Idem
2720 5649 2899 5718 tamen
2941 5649 3306 5734 frequentius
3354 5649 3626 5734 ξενοξτξάηπ

2303 5746 2365 5789 ιιι
2395 5751 2454 5789 ιι.
2476 5736 2545 5789 12
2570 5744 2623 5789 et
2651 5750 2724 5800 tv,
2746 5734 2838 5799 2i,
2867 5729 3006 5798 v,28
3033 5724 3088 5783 et
3119 5730 3208 5797 54,
3237 5745 3335 5796 xu,
3358 5724 3456 5791 22;
3484 5724 3639 5793 idque
3658 5724 3841 5773 rectius

2300 5815 2407 5862 est.
2446 5805 2521 5860 In.
