4088 6422
304 400 445 470 1213

1174 404 1541 467 HISTORIA
1578 403 2153 467 ECCLESIASTICA
2186 406 2291 465 EX
2319 404 2807 464 THEOPHANE.

3428 395 3564 459 1214

300 530 353 573 et
408 518 829 574 innumerabilis
875 517 984 571 alia
1020 516 1352 584 multitudo;
1387 533 1451 572 ex
1510 518 1712 588 quibus
1749 518 1885 573 insi-
1926 516 1962 573 A
1996 518 2064 572 ab
2097 517 2228 570 hora
2262 517 2421 571 tertia
2450 532 2625 584 usque
2665 515 2730 567 ad
2757 514 2947 567 horam
2973 511 3243 580 quintam.
3276 511 3438 564 Arius
3468 529 3564 564 nu-

300 613 490 683 gnium
515 611 700 666 decem
723 623 777 666 et
803 620 929 665 octo
964 610 1136 666 millia
1167 621 1468 682 martyrum
1495 621 1879 675 numerarunt,

301 706 593 759 tormentis
630 703 985 759 horribilibus
1039 716 1090 759 et
1124 720 1153 757 a
1183 713 1380 759 natura
1404 706 1683 758 extraneis
1711 721 1740 758 a
1778 704 1880 759 Sa-

298 797 437 852 bor»
462 805 766 867 perempta.
790 790 895 851 Per
917 796 1056 850 idem
1087 803 1304 865 tempus
1336 805 1390 850 et
1425 795 1486 849 B.
1519 795 1722 850 Helena
1757 796 1886 849 dor—

308 886 470 940 mivit
500 886 555 939 in
596 884 829 939 Domino
880 901 1149 940 annorum
1200 887 1506 954 octoginta,
1563 886 1734 938 multa
1773 884 1884 939 ﬁlio

300 977 574 1033 mandans
603 992 702 1046 pro
726 977 928 1045 pietate
960 992 1079 1044 quae
1106 970 1327 1032 Christo
1363 976 1613 1032 debetur.
1658 966 1884 1044 Sepulta

299 1076 488 1122 autem
522 1075 607 1122 est
641 1068 693 1121 in
735 1068 941 1136 templo
987 1065 1087 1122 SS.
1124 1069 1502 1138 apostolorum
1552 1067 1692 1137 apud
1729 1067 1887 1123 Con-

300 1158 744 1228 stantinopolim,
775 1159 919 1227 quod
954 1159 1244 1216 aediﬁcavit
1278 1161 1419 1215 ﬁlius
1464 1160 1585 1227 eius
1616 1159 1889 1215 Constan-

302 1252 460 1305 tinus
501 1250 569 1304 ad
621 1250 998 1318 sepeliendum
1055 1260 1303 1308 mortuos
1333 1250 1688 1307 Christianos
1713 1252 1887 1320 impe-

298 1351 539 1397 ratores.
567 1334 750 1394 Prima
791 1356 924 1397 vero
968 1341 1021 1395 in
1055 1357 1121 1397 eo
1166 1342 1226 1396 Β.
1257 1341 1461 1399 Helena
1516 1351 1597 1397 est
1645 1342 1882 1411 sepulta,

302 1433 685 1488 monumentis
733 1432 902 1488 claris
933 1440 988 1488 et
1029 1433 1240 1501 vigiliis
1270 1434 1564 1489 honorata.
1600 1432 1771 1487 Porro
1800 1448 1887 1488 sa—

301 1543 417 1582 cra:
463 1529 726 1598 virgines,
776 1543 1009 1599 quarum
1069 1527 1278 1582 mensis
1323 1536 1511 1580 astans
1552 1542 1649 1594 per
1682 1536 1887 1582 semet-

304 1616 486 1686 ipsam
519 1618 677 1686 quasi
715 1616 918 1671 famula
952 1617 1332 1682 ministrabat,
1366 1616 1571 1671 divinis
1602 1618 1742 1671 hanc
1773 1633 1889 1674 mo-

306 1713 592 1768 numentis
625 1712 999 1782 praedicabant
1025 1714 1147 1768 sine
1196 1712 1511 1767 cessatione
1548 1710 1788 1765 beatam.

382 1805 568 1861 Mundi
622 1821 768 1860 anno
817 1806 978 1868 58l8,
1035 1806 1237 1861 divinae
1304 1802 1700 1859 incarnationis
1759 1802 1887 1868 '5l8,

308 1896 669 1953 Constantius
714 1913 839 1953 cum
878 1897 948 1951 ΞΩ
998 1898 1216 1967 imperii
1266 1905 1483 1967 gereret
1527 1910 1754 1957 annum,
1793 1910 1892 1964 per

310 1989 568 2044 virtutem
602 1988 659 2044 S.
700 1991 887 2045 crucis
917 1990 1246 2056 Germanos,
1284 1988 1571 2043 Sarmatas
1604 1998 1657 2042 et
1683 1986 1893 2042 Gothos

307 2090 568 2136 extremae
616 2083 868 2137 servituti
920 2082 1156 2153 subegit.
1220 2081 1376 2137 Tunc
1412 2081 1686 2136 Eusebius
1737 2080 1893 2133 Pam-

308 2176 448 2246 phili
500 2175 812 2245 symbolum
868 2174 989 2229 ﬁdei
1025 2191 1054 2231 a
1086 2176 1298 2229 sanctis
1335 2173 1592 2228 Patrihus
1628 2174 1771 2243 apud
1800 2171 1895 2226 Ni-

305 2282 482 2323 caeam
509 2267 775 2336 expositae
805 2282 1025 2322 omnem
1070 2267 1455 2322 orthodoxiam
1501 2267 1700 2321 habere
1727 2274 1896 2320 testa-

307 2365 407 2412 tur
434 2358 682 2417 scribens
716 2358 833 2415 suis
879 2358 1205 2413 concivibus
1245 2366 1299 2412 et
1333 2356 1708 2425 interpretans
1745 2355 1893 2409 dicta

305 2450 617 2505 secundum
672 2465 924 2506 sensum.
969 2448 1306 2504 Athanasius
1351 2456 1532 2502 autem
1575 2449 1631 2501 in
1666 2446 1894 2516 epistola

308 2543 382 2596 ad
435 2541 601 2598 Afros
649 2543 820 2598 missa
881 2542 1262 2597 teStimonium
1331 2540 1584 2610 perhibet
1634 2537 1892 2602 Eusebio,

309 2634 459 2702 quod
501 2635 812 2702 susceperit
840 2648 1028 2689 vocem
1059 2631 1670 2687 consubstantialitatis
1704 2630 1805 2698 (7).
1829 2630 1897 2683 At

309 2740 446 2779 vero
499 2725 875 2781 Tlieodoritus
923 2725 1059 2779 dicit
1103 2727 1250 2778 hunc
1282 2724 1612 2779 concordem
1656 2721 1898 2777 Ariano-

308 2834 462 2885 rum,
495 2819 715 2873 Eusebii
759 2819 978 2874 scilicet
1018 2816 1458 2872 Nicomediensis
1489 2825 1542 2872 et
1575 2832 1769 2872 eorum
1800 2816 1896 2885 qui

310 2931 441 2970 cum
476 2915 597 2984 ipso
647 2910 984 2972 sentiebant,
1038 2909 1231 2964 fuisse.
1277 2907 1433 2963 Unde
1476 2914 1531 2961 et
1565 2906 1896 2973 depositioni

309 3005 672 3063 sacratissimi
715 3001 993 3058 Eustathii
1026 2999 1356 3055 Antiocheni
1406 3000 1725 3065 consensit;
1770 3014 1895 3053 cum

310 3099 517 3170 quibus
542 3105 597 3154 et
644 3092 970 3166 imperatori
1006 3092 1346 3164 persuadens
1373 3091 1520 3146 hunc
1542 3091 1692 3160 juste
1727 3089 1891 3157 depo-

1988 619 2093 662 tcm
2147 624 2271 661 cum
2336 605 2742 662 Nicomediensi
2802 603 3042 659 Eusebio
3096 613 3152 655 et
3201 603 3568 657 sectatoribus

1987 701 2104 756 suis
2135 700 2486 755 insurrexere
2533 714 2658 753 cum
2684 699 2992 767 juramento
3033 695 3248 748 libellos
3306 694 3567 747 orthodo-

1988 795 2090 847 xite
2128 793 2474 861 porrigentes
2505 788 2850 859 imperatori,
2886 786 3093 843 sitienti
3126 801 3315 840 eorum
3351 785 3444 853 qui
3480 784 3567 838 di-

1985 884 2092 939 visi
2124 886 2342 939 fuerant
2373 885 2635 938 unitatem
2669 900 2682 945 ;
2715 890 2770 936 et
2803 895 3129 951 persuasere
3162 879 3209 932 ei
3244 878 3571 933 mentientes

1988 978 2130 1048 quod
2156 978 2556 1034 concordarent
2586 989 2708 1028 cum
2742 972 3002 1027 Patribus
3028 970 3121 1041 qui
3156 969 3300 1039 apud
3330 967 3567 1023 Nicaeam

1992 1078 2386 1125 convenerant.
2416 1068 2700 1140 Siquidem
2743 1068 2830 1122 bis
2860 1065 3118 1121 credulus
3150 1065 3449 1135 imperator
3481 1062 3569 1116 in-

1990 1162 2253 1234 dignatus
2310 1170 2395 1215 cst
2452 1161 2716 1214 adversus
2768 1157 3127 1211 Athanasium
3166 1170 3263 1225 pro
3307 1169 3372 1208 eo
3421 1153 3569 1223 quod

1989 1258 2179 1314 Arium
2241 1264 2295 1309 et
2326 1254 2589 1307 Euzoium
2624 1268 2727 1305 non
2760 1252 3087 1318 susceperit,
3110 1248 3203 1316 qui
3229 1248 3297 1301 ab
3329 1247 3569 1301 Alexan-

1991 1351 2092 1404 dro
2151 1348 2383 1418 depositi
2461 1346 2721 1412 fuerant,
2796 1359 2919 1397 cum
2996 1341 3236 1395 Euzoius
3305 1338 3573 1393 diaconus

1990 1450 2158 1500 esset.
2255 1461 2262 1471 ‘

2060 1531 2234 1587 Porro
2264 1545 2498 1598 primum
2526 1537 2580 1583 et
2620 1528 2958 1582 tricesimum
2998 1523 3210 1593 imperii
3241 1523 3327 1578 sui
3369 1536 3572 1575 annum

1990 1626 2351 1682 Constantino
2383 1631 2598 1691 agente,
2636 1620 2911 1675 Eusebius
2958 1626 3013 1671 ct
3047 1617 3102 1670 hi
3154 1614 3248 1683 qui
3304 1630 3426 1667 rum
3457 1613 3577 1681 ipso

1991 1726 2169 1778 erant,
2207 1716 2426 1769 inventa
2453 1711 2743 1768 occasione
2777 1712 3046 1763 adversus
3080 1706 3446 1763 Athanasium
3481 1704 3577 1758 de-

1993 1809 2274 1864 certabant
2321 1815 2506 1875 utpote
2550 1815 2743 1859 contra
2806 1808 3162 1872 pugnatoretu
3213 1806 3377 1853 rectae
3413 1795 3574 1856 ﬁdei;

1940 1888 2119 1954 3cum
2153 1900 2358 1969 quibus
2385 1906 2439 1953 et
2489 1896 2761 1952 Meletiani
2809 1892 3240 1948 conveniebant.
3288 1889 3356 1942 Et
3402 1888 3579 1957 primo

1995 1991 2213 2060 quidem
2262 1991 2383 2061 ejus
2425 1989 2819 2044 detrahebatur
2845 1983 3204 2047 ordinationi,
3244 1995 3575 2051 quamquam

1997 2087 2373 2157 Apollinarius
2409 2084 2602 2157 Syrius
2659 2096 2855 2153 magna
2895 2094 3058 2149 super
3099 2075 3387 2130 Athanasii
3424 2073 3576 2127 ordi-

1997 2178 2222 2234 natione
2248 2184 2522 2238 testetur;
2559 2172 2802 2228 secundo
2830 2184 2961 2225 vero
2997 2168 3063 2222 de
3089 2167 3230 2220 linea
3262 2172 3434 2227 veste,
3469 2177 3576 2229 qua

1997 2269 2151 2324 indui
2216 2277 2471 2322 sanctum
2525 2264 2734 2320 inimici
2795 2257 3318 2321 calumniabantur;
3355 2252 3577 2307 tertium

1998 2374 2163 2430 super
2188 2356 2538 2420 Philutneno,
2571 2355 2661 2409 cui
2695 2368 2891 2408 aurum
2926 2349 3159 2404 multum
3192 2346 3337 2400 hunc
3367 2343 3583 2398 misisse

1999 2450 2344 2506 mendaciter
2382 2446 2704 2502 asserebant
2727 2445 2782 2498 in
2810 2441 3041 2499 insidias
3067 2437 3438 2508 imperatoris.
3472 2435 3581 2487 Ae-

1998 2541 2201 2596 cersito
2231 2547 2412 2594 autem
2440 2534 2738 2590 Athanasio
2773 2532 3093 2599 imperator,
3124 2535 3179 2581 et
3204 2532 3404 2579 cuncta
3442 2522 3581 2576 falsa

1999 2632 2302 2703 reperiens,
2352 2645 2475 2686 cum
2524 2627 2760 2695 epistola
2824 2631 2880 2678 et
2935 2622 3146 2676 honore
3197 2614 3582 2671 Alexandriam

2000 2725 2147 2779 hunc
2202 2723 2438 2778 remisit.
2491 2719 2697 2774 Deinde
2747 2715 2937 2771 Ariani
2994 2711 3230 2768 diversis
3280 2707 3585 2763 Athanasio

2001 2817 2144 2883 apud
2171 2816 2560 2884 imperatorem
2587 2806 3034 2865 accusationibus
3069 2803 3424 2872 derogantes,
3460 2805 3584 2868 post

2000 2909 2174 2963 multa
2224 2921 2347 2960 cum
2406 2905 2731 2973 juramento
2792 2901 2970 2955 dicere
3010 2908 3412 2967 praesumpsere
3461 2891 3587 2960 quia

2007 2997 2348 3051 Minitanlem
2383 2992 2697 3047 audivimus
2749 2987 3139 3045 Athanasium.
3189 2991 3243 3040 et
3293 2980 3589 3052 prohibeno

2005 3094 2111 3140 tem
2143 3082 2405 3138 frumenti
2436 3080 2766 3135 delationem
2795 3092 2915 3145 qua:
2941 3074 3195 3130 veniebat
3249 3073 3319 3126 ab
3352 3070 3591 3140 Egypto

312 3159 481 3246 situm
513 3189 625 3258 egit
647 3195 709 3241 ut
729 3159 880 3259 apud
914 3159 1161 3255 Illy‘rium
1195 3182 1249 3235 in
1282 3159 1897 3236 exsiliummitteretur.
1926 3196 1971 3259 ρ
2004 3174 2371 3247 Byzantium;
2435 3171 2581 3227 unde
2638 3179 2692 3225 et
2751 3177 3029 3223 commoto
3088 3166 3143 3218 in
3212 3163 3349 3216 iram
3411 3159 3592 3213 amico

387 3276 734 3335 Constantini
755 3274 1025 3346 vigesimo
1048 3272 1218 3326 tertio
1254 3286 1399 3324 anno
1435 3269 1491 3323 in
1521 3268 1755 3338 imperio
1784 3284 1901 3338 per-

310 3375 595 3431 currente,
630 3366 773 3430 apud
808 3363 1159 3420 Antiochiam
1185 3370 1518 3430 octagonum
1546 3361 1803 3426 templum
1823 3358 1900 3430 (8)

309 3463 484 3532 cmpit
511 3458 819 3524 aediﬁcare;
856 3457 953 3528 qui
992 3469 1118 3509 cum
1154 3453 1480 3524 vigesimum
1513 3462 1767 3520 quartum
1796 3453 1888 3505 itu-

308 3554 455 3626 perii
490 3561 679 3623 ageret
724 3564 951 3614 annum,
1003 3546 1315 3602 Danubium
1365 3544 1646 3599 transiens
1682 3551 1899 3616 pontem

310 3647 368 3702 in
402 3660 525 3703 eum
561 3645 837 3715 lapideum
868 3641 1022 3707 fecit,
1051 3638 1396 3710 Scythasque
1430 3638 1668 3710 subegit.

385 3738 560 3795 Porro
607 3735 870 3807 vigesimo
916 3734 1108 3804 quinto
1141 3729 1357 3801 imperii
1412 3727 1497 3783 sui
1567 3742 1714 3783 anno
1748 3726 1898 3784 Con-

311 3829 735 3897 stantinopolim
781 3840 978 3882 novam
1025 3822 1254 3879 Romam
1292 3820 1601 3890 nuncupari
1640 3820 1901 3880 decrevit.

311 3924 503 3981 Marco
554 3921 740 3991 Romae
799 3918 1150 3991 praesulatum
1204 3925 1446 3985 gerente.
1504 3912 1904 3970 Constantinus

312 4027 586 4089 praeterea
648 4013 972 4085 vigesimum
1028 4016 1243 4065 sextum
1281 4005 1497 4076 imperii
1567 4005 1653 4060 sui
1709 4019 1905 4076 gerens

312 4121 549 4170 annum,
575 4104 818 4161 extendit
840 4101 1277 4172 persecutionem
1305 4111 1461 4153 suam
1491 4095 1545 4158 in
1576 4094 1908 4155 destructio-

317 4216 446 4254 nem
479 4198 753 4253 idolorum
785 4204 951 4264 atque
982 4192 1341 4263 templorum.
1370 4188 1475 4243 Per
1519 4187 1662 4243 idem
1696 4196 1908 4257 tempus

313 4299 372 4346 et
401 4288 747 4345 Athanasius
770 4283 1182 4340 Alexandrinus
1209 4281 1438 4337 antistes
1464 4278 1715 4345 habetur.
1744 4276 1906 4347 Vige-

316 4384 462 4434 simo
486 4379 723 4445 septimo
760 4374 1123 4432 nihilominus
1156 4371 1370 4443 imperii
1404 4370 1524 4447 ejus
1554 4383 1702 4427 anno
1726 4366 1908 4427 Julius

316 4483 459 4538 papa
486 4464 767 4521 Romanus
791 4462 1139 4534 agnoscitur.

2003 3266 2212 3324 Christi
2251 3265 2523 3336 principe,
2557 3276 2719 3331 egere
2753 3267 2812 3314 ut
2859 3257 3059 3314 exsilio
3090 3256 3430 3324 relegaretur
3475 3262 3593 3303 ma-

2005 3374 2145 3431 gnus
2192 3356 2531 3411 Athanasius
2585 3352 2729 3425 apud
2761 3350 3035 3405 Triberim
3070 3346 3258 3403 Galliae
3287 3343 3589 3398 civitatem.

2075 3452 2248 3505 Porro
2314 3448 2596 3504 tricesimo
2656 3444 2899 3503 secundo
2974 3438 3193 3519 imperii
3244 3431 3589 3490 Constantini

2004 3542 2278 3614 principis
2309 3554 2456 3594 anno
2490 3538 2671 3595 Persae
2699 3542 2892 3590 contra
2924 3531 3202 3585 Romanos
3229 3525 3474 3597 praelium
3507 3522 3593 3576 in-

2004 3634 2277 3688 dicavere.
2315 3631 2470 3683 Tunc
2527 3626 2929 3683 Constantinus
2987 3637 3114 3677 cum
3177 3618 3479 3682 transisset
3536 3615 3589 3667 in

2004 3720 2514 3779 Nicomediensium
2574 3716 2851 3771 civitatem
2910 3722 3103 3769 contra
3175 3709 3373 3764 Persas
3453 3721 3593 3776 prat-

2006 3816 2263 3880 liaturus,
2332 3815 2595 3883 languore
2646 3814 2957 3879 prmventus
3020 3803 3072 3858 in
3132 3816 3268 3873 pace
3309 3797 3593 3854 dormivit’

2006 3907 2186 3973 Tunc,
2228 3914 2291 3961 ut
2342 3904 2564 3975 quidam
2619 3915 2811 3955 eorum
2848 3899 2942 3968 qui
2998 3911 3123 3951 cum
3158 3893 3288 3948 Ario
3352 3891 3597 3947 sentiunt

2006 4001 2188 4064 aiunt,
2225 3996 2293 4055 ab
2328 3992 2569 4053 Eusebio
2607 3989 3015 4049 Nieomedieusi
3053 3982 3592 4053 Constantinopolim

2009 4092 2277 4147 translato
2341 4096 2595 4145 sanctum
2660 4084 2861 4138 meruit
2913 4082 3183 4152 baptisma
3251 4079 3592 4150 percipere;

2009 4185 2154 4255 quod
2197 4180 2543 4235 mendacium
2581 4184 2687 4241 est,
2723 4175 2869 4231 sicut
2910 4173 3167 4242 superius
3205 4181 3289 4225 est
3335 4182 3594 4237 compro-

1998 4268 2194 4328 batum
2226 4291 2239 4325 :
2276 4268 2465 4325 Roma:
2498 4270 2697 4339 quippe
2728 4280 2757 4318 a
2817 4262 3088 4318 Silvestre
3131 4260 3441 4331 baptizatus
3487 4268 3591 4322 est,

1994 4354 2476 4439 quemadmodum
2502 4368 2557 4415 et
2594 4354 3073 4428 praeostendimus.
3103 4351 3253 4407 Vixit
3290 4356 3471 4403 autem
3501 4363 3597 4418 per

2010 4471 2203 4512 omnes
2249 4452 2369 4508 dies
2423 4452 2548 4505 vita:
2609 4464 2722 4503 suae
2759 4447 2921 4501 annis
2986 4442 3268 4512 sexaginta
3327 4439 3592 4510 quinque,

393 4558 575 4614 Mundi
640 4571 786 4612 anno
831 4532 1002 4620 5825,
1052 4554 1250 4608 divina:
1315 4549 1712 4607 incarnationis
1763 4550 2136 4613 annoDcum
2194 4544 2520 4614 imperasset
2571 4538 2732 4595 annis
2783 4537 3007 4609 triginta
3065 4549 3176 4590 uno
3223 4542 3279 4589 et
3312 4532 3594 4591 mensibus

318 4651 450 4713 525,
491 4651 546 4727 in
582 4649 808 4705 Oriente
838 4647 1011 4703 fames
1044 4645 1185 4703 facta
1219 4653 1321 4708 est,
1350 4643 1422 4699 ita
1457 4653 1517 4702 ut
1550 4640 1771 4701 modius
1797 4639 1911 4699 l'ru-

316 4742 487 4797 menti
520 4740 626 4797 400
672 4737 829 4794 ﬁeret
855 4744 1264 4811 argenteorum,
1298 4735 1604 4805 imperante
1635 4730 1909 4789 Constan-

319 4834 440 4888 tino
472 4847 616 4888 anno
648 4830 919 4903 vigesimo
963 4837 1191 4893 octavo;
1237 4826 1398 4897 cujus
1447 4826 1715 4897 vigesimo
1761 4812 1911 4885 nono

317 4925 539 4996 imperii
576 4939 721 4979 anno
751 4923 918 4978 Arius
947 4921 1016 4977 ab
1058 4920 1253 4979 exsilio
1284 4935 1380 4990 per
1405 4919 1587 4981 ﬁctam
1632 4921 1910 4991 paeniten-

314 5017 455 5074 tiam
490 5026 781 5073 revocatos
814 5023 869 5070 et
901 5013 1292 5073 Alexandriam
1316 5012 1521 5070 missus
1549 5027 1657 5069 non
1695 5019 1776 5072 est
1814 5028 1903 5069 ro-

316 5116 515 5181 ceptus
548 5108 618 5165 ab
641 5105 963 5163 Athanasio.
1804 5170 1809 5177 η

390 5201 698 5257 Tricesimo
727 5214 875 5255 anno
914 5196 1130 5269 imperii
1154 5193 1505 5255 Constantini
1551 5193 1673 5264 ejus
1701 5193 1906 5250 tricem-

315 5295 467 5352 nalia
498 5295 774 5363 celebrata
805 5298 959 5355 sunt,
982 5288 1203 5360 quando
1250 5288 1406 5345 stella
1451 5287 1507 5341 in
1558 5286 1700 5345 co.an
1738 5300 1905 5354 appa-

315 5388 453 5451 ruit,
481 5387 627 5457 apud
680 5383 1027 5443 Antiochiam
1072 5381 1313 5439 interdiu
1344 5386 1539 5437 contra
1581 5378 1900 5433 orientalem

313 5489 531 5553 partem
564 5477 835 5549 iumigaus
860 5476 1235 5540 vehementer,
1270 5480 1530 5547 tanquam
1560 5487 1623 5528 ex
1656 5473 1896 5543 camino,

2011 4640 2225 4695 decem.
3022 4692 3027 4699 ,

2082 4730 2279 4799 Mundi
2320 4742 2479 4783 anno
2528 4720 2695 4790 5825,
2746 4718 2949 4777 divinae
3005 4717 3404 4775 incarnationis
3450 4730 3596 4771 anno

2012 4823 2141 4886 525.
2170 4839 2294 4879 cum
2330 4816 2731 4881 Constantinus
2758 4827 2990 4884 magnus
3020 4819 3076 4867 et
3103 4818 3330 4866 sanctus
3361 4808 3599 4878 quievis-

2012 4923 2115 4979 set,I
2153 4922 2266 4968 tres
2293 4908 2388 4968 ﬁlii
2428 4909 2548 4982 ejus
2581 4906 2871 4963 obtinuere
2903 4901 3203 4966 Romanos,
3236 4908 3290 4955 et
3317 4898 3595 4955 Orientem

2011 5005 2231 5079 quidem
2275 4998 2662 5064 Constantius,
2690 5002 2746 5052 et
2785 4994 3183 5051 Constantinus
3225 4990 3461 5047 Italiam.
3489 4985 3596 5042 Sed

2010 5108 2065 5159 et
2099 5096 2502 5157 Constantinus
2538 5090 2719 5165 primo
2755 5087 2981 5160 quidem
3011 5083 3305 5145 homousio
3353 5088 3596 5149 recepto,

2011 5186 2359 5268 postmodum
2420 5183 2622 5242 mentis
2648 5181 2871 5240 levitate
2919 5186 3164 5233 mutatus
3192 5178 3297 5237 est,
3339 5170 3599 5225 seductus

2011 5259 2080 5338 ab
2138 5278 2343 5335 Ariano
2413 5276 2741 5346 presbytero
2795 5278 2850 5327 et
2908 5266 3148 5322 Eusebio
3216 5259 3598 5322 cunuchorum

2010 5374 2186 5445 primo
2215 5379 2379 5440 atque
2403 5362 2812 5422 Nicomediensi
2845 5356 3103 5414 Eusebio.

2078 5461 2265 5519 Tertio
2303 5461 2489 5535 itaque
2523 5453 2738 5528 imperii
2768 5446 3075 5508 Constantii
3118 5461 3263 5503 anno
3324 5442 3599 5500 Constan-

1836 5577 2078 5639 NOTAE.

390 5680 470 5753 (7)
497 5677 1109 5753 Consubstantialigztis.
1145 5675 1389 5753 Utuntur
1434 5689 1500 5732 ea
1531 5675 1772 5732 dictione
1802 5674 1905 5730 Fa-

311 5747 537 5811 cundus
567 5761 623 5805 et
652 5750 925 5819 interpres
959 5747 1294 5819 Tripartita}.
1324 5747 1493 5801 FABB.

394 5816 816 5901 (8).Templum._
854 5816 1135 5915 Koptutétiv
1176 5857 1191 5884 ,
1242 5816 1605 5873 Dominicum.
1672 5816 1900 5873 Ruﬁnus

2011 5669 2201 5742 Aquil.
2233 5668 2507 5742 interpres
2544 5660 2838 5742 ﬁist._ec_cl.
2869 5658 3110 5742 Eusebii,
3131 5657 3196 5742 ¹9,
3220 5657 3255 5712 9
3286 5674 3300 5711 :
3328 5673 3348 5707 ι
3373 5653 3599 5742 gratio-

2014 5726 2142 5797 niu'm
2172 5726 2449 5803 domos,'i.
2473 5753 2524 5791 θ.
2556 5732 2839 5790 Dominica
2865 5745 2983 5787 sua.
3000 5748 3021 5783 ι
3046 5728 3182 5783 Vide
3210 5743 3335 5803 qua;
3354 5726 3598 5781 diximus

2011 5811 2078 5867 ad
2111 5811 2144 5866 Ι.
2173 5811 2209 5866 5
2234 5825 2287 5866 c.
2315 5799 2526 5864 Theod.
2559 5806 2628 5863 dc
2659 5818 2857 5875 pagan.
2883 5816 2997 5858 sae.
3022 5811 3077 5856 et
3108 5808 3282 5869 temp.
3316 5799 3394 5857 in.
