4088 6446
621 406 757 474 1Ξ15

1735 431 2131 492 ANASTASII
2181 433 2805 499 BIBLlOTHECAR‘lI

3709 462 3828 530 Ιὲΐόι

617 537 767 584 tinus
805 530 949 585 filius
979 535 1158 602 magni
1198 534 1570 606 Constantini,
1601 544 1881 610 profectus
1909 547 1976 601 ad
2016 555 2199 617 partes
2227 551 2279 610 Α
2306 548 2572 616 inefﬁcax,
2595 551 3042 608 Occidentalibus
3063 569 3168 608 non
3188 556 3561 626 recipientLhus
3587 571 3828 633 molimina.

615 618 806 676 fratris
840 622 922 676 sui
955 621 1278 682 Constantis
1311 639 1364 683 et
1400 631 1599 686 bellum
1643 650 1962 705 aggressus,
1992 653 2022 692 a
2057 639 2201 694 mili-

614 711 765 764 Jihus
808 715 1026 769 occisus
1054 727 1156 781 est,
1210 729 1263 772 et
1321 726 1495 776 tenuit
1533 725 1808 784 Constans
1845 733 1997 784 solus
2033 735 2198 790 totius

618 799 889 870 Hesperia:
919 814 1144 863 terram.
1185 810 1356 864 Porro
1389 815 1744 875 Constantius
1774 823 1826 876 in
1861 822 2082 880 Oriente
2105 843 2198 897 ge-

615 908 740 948 :ens
774 895 1060 965 imperium
1113 902 1323 957 Gallum
1378 918 1432 960 et
1487 909 1764 967 Julianum
1803 917 2030 970 tradidit
2063 935 2194 974 eru-

613 984 844 1040 diendos
877 988 929 1041 in
962 991 1087 1044 villa
1123 992 1424 1051 Demacelle
1461 1010 1671 1067 vocata,
1723 1021 1842 1073 quze
1873 1006 2030 1076 juxta
2072 1010 2194 1064 Cae-

611 1090 822 1130 saream
851 1088 934 1133 est
963 1080 1322 1151 Cappadot'ize
1352 1090 1475 1144 sita.
1506 1091 1567 1145 lli
1598 1094 1705 1148 duo
1737 1097 1930 1152 fratres
1961 1100 2193 1157 lectores

607 1165 737 1219 facti
772 1180 922 1236 sunt,
957 1180 1010 1224 et
1036 1176 1324 1231 ecclesiam
1362 1182 1633 1238 aediﬁcare
1660 1186 1716 1242 S.
1744 1188 1932 1246 Manta:
1966 1194 2190 1265 martyri

607 1269 966 1314 curaverunt.
1002 1260 1202 1318 Verum
1239 1267 1291 1320 in
1323 1282 1475 1337 parte
1506 1291 1612 1343 qua
1648 1276 1926 1334 Julianum
1953 1299 2186 1340 conser-

608 1358 737 1402 vare
774 1354 1030 1422 contigit,
1067 1365 1209 1411 terra
1240 1363 1384 1428 quod
1421 1365 1799 1424 aediﬁcabatur
1835 1375 1988 1428 nullo
2025 1379 2186 1432 modo

639 1441 929 1508 ecipiebat.
987 1446 1160 1503 Porro
1217 1451 1464 1510 detonsis
1535 1461 1745 1529 capillis
1817 1468 2183 1524 monasticum

621 1534 848 1588 -tndium
881 1539 1197 1596 simulabat.
1220 1543 1582 1606 Constantius
1620 1562 1800 1608 autem
1829 1566 1883 1611 et
1915 1559 2184 1618 Constans

630 1640 755 1692 eges
785 1628 1026 1695 edidere,
1047 1633 1293 1688 Judaeum
1327 1653 1432 1692 non
1457 1656 1639 1697 emere
1670 1660 1910 1710 servum,
1940 1651 2180 1722 alioquin

606 1716 812 1773 auferri
854 1736 977 1775 eum
1012 1733 1065 1778 et
1114 1727 1350 1794 publicis
1391 1733 1696 1791 rationibus
1728 1741 1890 1794 tradi.
1925 1741 2096 1798 Porro
2134 1747 2178 1800 si

626 1816 658 1860 et
684 1809 1082 1870 circumcidere
1112 1831 1282 1874 ausus
1323 1821 1486 1876 fuerit
1514 1841 1752 1894 servum,
1779 1831 1960 1900 gladio
1994 1838 2175 1905 puniri

599 1903 727 1956 talia
760 1918 1203 1973 pratsumentem.

670 1993 857 2049 Mundi
915 2011 1062 2052 anno
1096 2001 1258 2067 5834,
1314 2007 1514 2062 divina:
1577 2011 1978 2069 incarnationis
2032 2033 2178 2074 anno

596 2083 724 2148 554,
755 2083 939 2141 Julius
971 2088 1279 2145 Romanum
1316 2097 1453 2164 gerit
1485 2103 1848 2166 pontiﬁcium.
1900 2104 2174 2162 Constan-

597 2177 705 2231 tius
739 2178 807 2232 de
844 2180 1088 2251 Assyriis
1114 2186 1492 2255 triumphavit,
1530 2192 1702 2246 Sabor
1723 2193 2070 2254 Christianos
2099 2217 2177 2255 re-

595 2268 684 2334 gni
717 2269 802 2322 sui
845 2275 1213 2343 persequitur,
1244 2279 1516 2335 Constans
1562 2299 1691 2340 vero
1727 2285 1966 2346 Francos
2013 2292 2174 2347 deva-

595 2359 778 2411 stavit.
822 2361 923 2416 Per
951 2365 1090 2420 idem
1125 2377 1338 2439 tempus
1366 2385 1526 2429 terrae
1572 2385 1720 2432 motu
1770 2379 1974 2452 ingenti
2031 2385 2174 2441 facto

592 2449 944 2510 Neocmsarea
973 2457 1135 2514 Ponti
1189 2465 1408 2531 cecidit,
1439 2485 1663 2539 excepta
1707 2477 1936 2531 ecclesia
1968 2487 2021 2533 et
2055 2481 2171 2550 epi-

597 2546 785 2613 sc-opio
819 2548 895 2618 (9)
927 2558 980 2603 et
1016 2552 1217 2608 ibidem
1252 2558 1488 2626 repertis
1524 2561 1660 2616 viris
1690 2566 1982 2635 religiosis.
2018 2546 2170 2627 Tunc

589 2647 642 2689 et
677 2636 881 2695 Paulus
916 2643 1204 2698 confessor
1237 2649 1530 2704 ordinatur
1559 2656 1852 2725 episc0pus
1899 2659 2171 2716 Constan-

589 2730 924 2798 tinopoleos.
949 2735 1094 2791 Sane
1122 2735 1482 2796 Constant-ius
1519 2761 1642 2799 cum
1676 2759 1927 2803 octavum
1957 2753 2167 2823 imperii

587 2823 673 2874 Stti
707 2839 910 2880 annum
936 2838 1106 2897 geret,
1136 2831 1494 2888 Alexandrini
1527 2836 1874 2908 Gregorium,
1897 2845 1988 2912 qui
2021 2846 2168 2902 m'ore

590 2915 822 2973 latronis
853 2933 1016 2988 super
1044 2922 1406 2980 Athanasium
1431 2928 1624 2982 insiliit
1649 2940 1702 2984 et
1733 2935 1912 2987 sedem
1950 2952 2046 3004 per
2073 2954 2166 2993 sex

585 3022 763 3062 annos
825 3010 1085 3076 obtinuit,
1143 3017 1488 3073 occiderunt.
1542 3020 1802 3091 Sequenti
1863 3043 1990 3081 vero
2024 3045 2167 3085 anno

583 3093 945 3166 Dyrrachium
1015 3101 1294 3160 Dalmatiae
1348 3125 1375 3162 a
1436 3118 1596 3166 terra:
1655 3123 1802 3167 motu
1845 3128 2163 3188 corruptum

2303 657 2426 710 qua;
2488 641 2753 698 adversus
2805 646 3242 701 sacratissimum
3297 649 3625 708 Athanasium
3671 661 3816 721 denuo

2303 735 2664 800 parabantur.
2709 735 2854 792 Sane
2898 738 3164 794 Romanis
3213 741 3602 809 postulantibus
3633 765 3817 814 coactus

2300 836 2518 879 revocat
2551 825 2829 882 Liberium
2855 836 2906 884 et
2925 829 3043 884 sedi
3080 832 3342 887 restituit.
3371 831 3512 888 Felix
3537 853 3652 892 vero
3668 857 3799 911 egros

2298 930 2394 970 sus
2443 918 2634 971 urbem
2682 920 2914 975 ulterius
2964 921 3190 976 minime
3246 923 3454 990 rediit;
3502 930 3582 982 cui
3615 939 3830 990 succedit.

2300 1003 2587 1062 Datnasus.
2623 1008 2838 1064 Interea
2885 1010 3247 1068 Constantius
3278 1013 3486 1068 decimo
3529 1030 3705 1077 octavo
3740 1027 3819 1078 im-

2269 1096 2426 1163 .pcrii
2484 1097 2571 1152 sui
2629 1113 2773 1153 anno
2834 1101 3073 1166 Gallum,
3123 1117 3286 1172 quem
3338 1103 3597 1161 Caesarem
3649 1112 3815 1168 factum

2291 1183 2672 1242 Constantium
2710 1191 3142 1260 cognominavit.
3183 1192 3414 1248 interﬁci
3439 1195 3649 1264 jubens,
3680 1199 3817 1255 Julia-

2291 1292 2416 1330 num
2455 1278 2618 1346 hujus
2669 1281 2890 1338 fratrem
2925 1283 2977 1338 in
3020 1283 3267 1339 custodia
3298 1285 3581 1348 retinebat.
3624 1289 3813 1348 Euschi‘a

2289 1383 2416 1422 vero
2467 1370 2670 1438 conjux
2720 1371 3030 1428 Constantii
3078 1376 3225 1431 hunc
3259 1379 3577 1447 postulatum
3616 1383 3816 1440 Athenas

2286 1463 2593 1517 transmisit
2616 1479 2634 1530 ;
2657 1480 2766 1534 quo
2794 1481 2918 1519 cum
2945 1468 3306 1535 pervenisset,
3330 1471 3508 1525 studia
3538 1473 3813 1531 institueba‘

2285 1559 2374 1605 tur
2417 1555 2660 1623 gentilia,
2694 1555 2854 1612 bonis
2906 1557 3279 1613 fundamentis
3330 1562 3816 1629 supermdiftcaturus

2284 1642 2571 1706 malitiam,
2603 1653 2656 1698 et
2684 1662 2792 1698 non
2835 1648 2980 1700 sicut
3010 1650 3299 1716 oportebat
3326 1651 3427 1704 ista
3455 1663 3688 1710 secutus.

2354 1733 2538 1788 Mundi
2561 1750 2705 1789 anno
2734 1737 2896 1800 5847,
2919 1738 3116 1794 divinae
3145 1743 3538 1797 incarnationis
3561 1760 3690 1798 anno
3715 1747 3813 1813 547,

2280 1827 2572 1881 Maximum
2618 1828 3174 1900 Hierosolymitanum
3215 1835 3584 1903 deposuerunt
3624 1838 3814 1896 Aeacius

2282 1919 2639 1974 Caesariensis
2689 1932 2742 1976 et
2783 1922 3136 1992 Patrophilus
3178 1925 3679 1995 S‘rythopolitanus,
3715 1947 3812 1983 cum

2281 2021 2462 2067 essent
2502 2012 2710 2076 Ariani,
2749 2021 2800 2068 et
2846 2014 3285 2085 subrogaverunt
3339 2034 3434 2088 pro
3467 2035 3529 2074 eo
3572 2021 3813 2091 Cyrillum,

2280 2115 2536 2173 putantes
2563 2122 2684 2157 cum
2710 2107 2908 2162 habere
2937 2111 3283 2167 concordem.
3315 2110 3467 2166 Tunc
3491 2112 3689 2183 signum
3713 2130 3814 2168 cru-

2279 2196 2361 2249 cis
2411 2197 2668 2264 apparuit
2732 2199 2783 2250 iu
2839 2200 2980 2254 ctelo
3035 2202 3124 2256 die
3186 2201 3570 2272 Pentecostes,
3618 2207 3814 2275 speciem

2279 2287 2502 2341 luminis
2548 2289 2786 2353 habens,
2835 2301 3122 2347 extensum
3162 2310 3190 2348 a
3238 2295 3507 2364 Golgotha
3558 2313 3716 2366 usque
3763 2297 3813 2351 ad

2277 2387 2514 2434 montem
2557 2381 2834 2435 Olivarum
2871 2400 2884 2448 ;
2938 2385 2991 2437 in
3031 2387 3264 2440 circuitu
3319 2398 3499 2442 autem
3544 2390 3817 2459 apparentis

2275 2472 2416 2540 signi
2449 2487 2649 2526 corona
2681 2483 2821 2536 erat,
2863 2475 3069 2531 habens
3100 2479 3245 2532 velut
3288 2479 3392 2534 Iris
3439 2481 3686 2549 speciem.
3727 2479 3817 2535 Hoc

2274 2574 2455 2616 autem
2507 2573 2561 2618 et
2602 2564 2928 2619 Constantio
2979 2569 3166 2622 eadem
3220 2571 3310 2624 die
3361 2573 3624 2642 apparuit.
3674 2572 3816 2642 Hujus

2273 2662 2453 2708 autem
2487 2654 2676 2726 Cyrilli
2720 2655 2892 2710 fertur
2931 2659 3165 2728 epistola
3194 2662 3260 2714 ad
3301 2662 3679 2732 imperatorem
3699 2664 3814 2718 Con-

2273 2748 2559 2810 stantium,
2613 2753 2665 2802 in
2706 2765 2811 2819 qua
2867 2751 3176 2819 piissimum
3223 2770 3350 2809 eum
3411 2757 3649 2810 vocabat.
3692 2753 3816 2811 Unde

2271 2840 2492 2909 quidam
2542 2841 2590 2895 ei
2633 2843 2793 2910 quasi
2834 2844 3038 2898 Ariano
3077 2845 3374 2916 derogant,
3422 2849 3658 2904 dicentes
3697 2851 3816 2904 hunc

2270 2933 2434 2987 etiam
2463 2933 2738 2987 homousii
2785 2949 2971 2989 vocem
3007 2939 3243 2993 tacuisse
3287 2939 3347 2993 in
3394 2941 3812 3005 institutionibus,

2269 3039 2406 3094 quas
2438 3026 2693 3093 exposuit
2726 3025 2794 3080 ad
2832 3028 3134 3097 profectum
3181 3030 3557 3101 imperitarum
3588 3033 3812 3102 plebium,

2269 3115 2339 3170 ad
2379 3115 2649 3184 baptisma
2690 3128 2913 3187 propter
2939 3119 3204 3174 miracula
3234 3123 3468 3178 viviﬁcae
3494 3125 3667 3178 crucis
3690 3139 3816 3178 acce—

582 3198 693 3252 est,
733 3198 787 3244 et
839 3193 1010 3247 Roma
1065 3211 1162 3265 per
1203 3207 1314 3253 tres
1378 3201 1496 3256 dies
1556 3216 1826 3260 commota
1882 3207 2166 3278 dispendia
2197 3229 2241 3288 ε
2273 3207 2536 3261 dentium.
2566 3205 2853 3262 Falluntur
2882 3224 3061 3267 autem
3095 3221 3260 3282 atque
3299 3215 3618 3285 delinquunt
3647 3229 3816 3285 :opor-

582 3283 827 3348 pertulit.
880 3286 1042 3341 Circa
1095 3291 1211 3344 haec
1241 3301 1422 3347 autem
1463 3303 1712 3365 tempora
1755 3297 2008 3355 Liberius
2059 3303 2168 3357 Ro-

581 3389 750 3429 ntano
781 3376 980 3432 throno
1012 3383 1291 3448 praesedit.
1332 3383 1531 3439 V'erum
1566 3388 1904 3446 Athanasius
1933 3401 1986 3448 et
2023 3393 2169 3449 Pau-

583 3465 693 3526 lus,
728 3473 783 3520 et
837 3481 1108 3538 quotquot
1159 3487 1260 3541 pro
1317 3476 1648 3532 rectitudine
1685 3483 1956 3539 sermonis
2009 3486 2166 3555 ejecti

580 3558 824 3626 fuerant,
854 3561 1082 3618 Romam
1127 3566 1194 3620 ad
1225 3565 1429 3622 Julium
1467 3569 1858 3642 confugerunt,
1900 3585 1954 3630 et
1994 3593 2166 3633 unus-

576 3653 815 3725 quisque
843 3656 911 3711 de
945 3674 1003 3713 se
1024 3657 1228 3716 Julium
1263 3661 1450 3717 docuit
1476 3679 1493 3729 ;
1518 3680 1660 3734 quos
1690 3667 1782 3723 ille
1810 3684 1935 3722 cum
1967 3669 2167 3726 litteris

577 3749 829 3804 ecclesiis
856 3751 971 3807 suis
993 3756 1260 3811 restituit.
1293 3758 1631 3815 Athanasius
1665 3767 1853 3816 autem
1880 3771 1936 3818 et
1964 3762 2167 3820 Paulus

577 3847 633 3894 et
671 3841 723 3894 hi
752 3842 846 3910 qui
883 3858 1007 3899 cum
1055 3846 1192 3917 ipsis
1247 3859 1423 3915 erant,
1471 3851 1674 3909 litteris
1702 3852 1830 3910 Julii
1863 3870 2016 3926 papae
2049 3855 2165 3913 Ro-

578 3931 728 3984 mani
764 3931 916 4000 freti,
976 3936 1209 3992 thronos
1257 3942 1512 4011 proprios
1547 3953 1896 4012 receperunt.
1955 3947 2166 4003 Interea

579 4034 740 4079 terra:
797 4033 948 4080 motu
1003 4044 1203 4099 magno
1241 4031 1297 4085 in
1353 4033 1578 4087 civitate
1634 4033 1835 4106 Beryto
1886 4038 2166 4096 Phoenicis

575 4116 722 4170 facto
759 4118 995 4187 plurima
1047 4135 1176 4190 pars
1205 4122 1328 4192 ejus
1366 4126 1600 4193 corruit,
1634 4127 1711 4182 ita
1743 4138 1803 4184 ut
1842 4131 2000 4186 multi
2031 4149 2166 4204 gen-

576 4207 704 4262 tiles
729 4210 1145 4280 ingrederentur
1169 4217 1483 4282 ecclesiam,
1505 4233 1566 4275 se
1596 4219 1762 4276 ritum
1789 4223 2164 4284 Christianum

574 4309 897 4356 servaturos
949 4319 1102 4360 more
1161 4315 1354 4363 nostro
1405 4309 1763 4380 spondentes.
1797 4314 1936 4372 Hinc
1985 4317 2167 4375 insur-

573 4400 764 4460 gentes
788 4395 1008 4464 quidam
1045 4397 1250 4456 formas
1276 4403 1529 4460 ecclesiae
1573 4407 1980 4476 quodammodo
2015 4411 2167 4467 frau-

569 4481 763 4538 dantes
796 4497 1221 4555 resecarerunt,
1252 4499 1310 4544 et
1346 4491 1527 4548 locum
1561 4497 1837 4554 orationis
1877 4503 2161 4571 cognomi-

2273 3297 2425 3351 tcbat
2450 3297 2596 3351 enim
2626 3305 2679 3350 et
2701 3298 3086 3369 imperatorem
3119 3319 3184 3358 ex
3209 3305 3564 3376 simplicitate
3582 3314 3630 3360 et
3655 3322 3745 3359 non
3763 3320 3814 3359 ex

2272 3387 2470 3443 affectu
2503 3390 2762 3446 versutiis
2792 3392 3122 3447 Arianorum
3153 3395 3206 3450 in
3234 3396 3489 3452 haeresim
3517 3406 3812 3466 surreptum,

2268 3491 2322 3536 et
2356 3497 2385 3536 a
2414 3483 2734 3553 paganismo
2765 3487 3005 3540 nondum
3048 3487 3288 3555 perfecte
3325 3503 3670 3550 conversum,
3704 3485 3814 3555 piis-

2270 3573 2470 3628 simum
2527 3573 2931 3643 dispensatorie
2977 3576 3180 3642 dicere,
3227 3592 3292 3631 ac
3337 3577 3609 3632 homousii
3656 3588 3813 3628 vocem

2269 3665 2488 3720 interim
2544 3675 2744 3730 tacere,
2797 3683 2920 3738 quae
2972 3669 3240 3739 plurimos
3273 3669 3459 3724 adhuc
3508 3667 3742 3724 turbabat
3772 3672 3815 3719 ct

2268 3757 2630 3828 haptizandos
2679 3758 3029 3814 inimicorum
3074 3760 3516 3817 contradictione
3551 3757 3810 3819 recidehat,

2269 3858 2526 3904 caeterum
2558 3863 2657 3918 per
2697 3849 2968 3908 dictiones
3013 3851 3124 3905 vim
3165 3853 3438 3921 aequalem
3481 3849 3819 3922 signiﬁcantes

2269 3942 2548 3998 homousii
2582 3958 2769 3997 vocem
2800 3943 3153 4013 exprimere;
3209 3943 3358 4014 quod
3392 3953 3447 3998 et
3490 3943 3612 3999 fecit
3653 3942 3828 3996 beatus.

2269 4031 2524 4104 Cyrillus,
2607 4032 2880 4088 Nicaenam
2947 4034 3107 4089 ll‘dem
3186 4035 3510 4090 secundum
3555 4035 3813 4090 dictionem

2268 4124 2544 4194 aperiens,
2577 4136 2630 4180 et
2665 4124 2833 4180 Deum
2870 4141 3056 4180 verum
3080 4125 3281 4181 Filium
3305 4144 3370 4183 ex
3398 4128 3508 4183 Deo
3539 4140 3660 4183 vero
3682 4123 3816 4179 Patre

2267 4231 2614 4288 praeconans.
2665 4216 2842 4273 Porro
2897 4217 3235 4276 Athanasius
3275 4228 3332 4274 et
3375 4220 3583 4276 Paulus
3629 4223 3815 4272 mortuo

2267 4311 2436 4381 impio
2463 4309 2704 4367 Eusebio
2728 4309 3234 4381 Constantinopoli,
3267 4312 3360 4367 ubi
3398 4309 3702 4384 praefuerat,
3731 4310 3825 4362 ite-t

2266 4418 2390 4458 rum
2424 4403 2652 4459 Romam
2701 4404 2767 4458 ad
2819 4401 3024 4458 Julium
3062 4404 3405 4458 descendunt
3455 4404 3750 4475 episcopum
3773 4404 3816 4450 et

2267 4494 2337 4549 ad
2385 4492 2741 4549 Constantem
2788 4495 3174 4565 imperatorem
3226 4494 3454 4551 fratrem
3511 4491 3812 4551 Constantii;

569 4583 768 4632 nantes
815 4578 868 4632 in
919 4579 1038 4649 ipso
1080 4583 1487 4640 multitudinem
1539 4598 1914 4660 receperunt,
1945 4563 2160 4650 'cuncta
2186 4563 2240 4625 Ῑ)
2265 4587 2509 4659 Populus
2547 4597 2730 4643 autem
2778 4589 3020 4644 Eusebio
3056 4587 3317 4644 defunCto
3367 4589 3598 4645 Paulum
3643 4588 3814 4641 throno

570 4684 695 4736 qttze
731 4677 862 4724 sunt
888 4671 1150 4730 Ecclesia:
1185 4674 1464 4734 imitantes
1487 4717 1502 4742 ,
1554 4679 1812 4738 similiter
1858 4685 2003 4756 apud
2058 4702 2162 4743 nos

571 4759 748 4814 cli‘ccti
791 4772 848 4817 ut
889 4763 1342 4823 Samaritensium
1397 4768 1622 4828 haeresis
1668 4776 1950 4845 gentiliter
1996 4794 2163 4846 penes

569 4850 789 4909 Judzeos
830 4855 1152 4914 viventium.
1210 4860 1502 4918 Cmterum.
1532 4864 1894 4925 Constantius
1938 4869 2161 4928 Liberio

2265 4677 2827 4751 Constantinopoleos
2859 4679 3116 4742 reddunt,
3148 4679 3398 4736 dicentes
3435 4681 3579 4754 quod
3617 4679 3813 4777 Romani

2263 4771 2333 4826 ad
2381 4768 2587 4826 Iulium
2638 4769 2919 4843 profectus
2966 4771 3131 4826 fuerit
3172 4779 3233 4826 et
3272 4773 3342 4826 ab
3382 4788 3450 4828 eo
3489 4788 3612 4828 cum
3648 4768 3814 4825 litteris

2259 4865 2610 4920 remeaverit.
2646 4863 2766 4931 Quo
2804 4872 3088 4936 comperto
3115 4867 3478 4922 Constantius
3530 4865 3814 4933 indignatus

567 4944 837 5000 scribenti
872 4947 978 5002 sibi
1006 4963 1106 5017 pro
1147 4949 1438 5008 homousio
1478 4961 1535 5010 et
1574 4957 1957 5015 sacratissimo
1985 4959 2160 5016 Atba-
2256 4955 2415 5026 jubet
2449 4955 2703 5028 Philippo
2751 4958 3007 5027 praefecto
3050 4957 3279 5012 Paulum
3319 4957 3535 5027 insequi
3573 4968 3625 5010 et
3666 4952 3815 5007 Mace-

569 5037 726 5090 nasio
756 5036 929 5093 iratus
957 5040 1150 5105 mittit,
1173 5049 1228 5097 et
1253 5042 1400 5100 hunc
1431 5046 1600 5102 exilio
1633 5049 1864 5120 relegari
1895 5052 2156 5123 praecepit

567 5126 711 5197 apud
735 5126 1048 5185 Bretaniam
1077 5129 1346 5190 Thraciae.
1371 5133 1638 5208 Tuncque
1664 5155 1762 5210 pro
1791 5140 1887 5196 illo
1914 5140 2150 5199 Felicem

565 5231 1056 5287 consecraverunt,
1075 5224 1169 5294 qui
1188 5224 1460 5283 diaconus
1491 5228 1591 5284 fuit
1621 5231 1872 5288 ecclesia:
1897 5241 1952 5288 et
1976 5231 2153 5290 Nicae-

485 5305 492 5313 ’
566 5327 698 5366 num
731 5315 1170 5384 amplectebatur
1207 5321 1527 5378 concilium.
1563 5323 1737 5380 Porro
1771 5324 2020 5394 jnssione
2048 5329 2151 5382 im-

567 5407 842 5470 peratoria
868 5409 1113 5480 synodus
1140 5423 1471 5485 congregata
1495 5425 1580 5471 est
1596 5419 1737 5486 apud
1762 5418 2153 5488 Mediolanum,

567 5489 1003 5553 Occidentalium
1041 5501 1263 5570 quidem
1309 5511 1682 5561 trecentorum
1721 5508 2110 5580 episcoporum
2137 5550 2152 5577 ,

567 5583 928 5646 Orientalium
961 5609 1092 5650 vero
1116 5597 1273 5652 valde
1302 5613 1632 5670 paucorum.
1659 5601 1834 5658 Porro
1863 5604 2045 5658 soluta
2072 5612 2157 5659 est

2263 5048 2494 5104 donium
2531 5049 2826 5104 restituere
2862 5049 3082 5104 throno.
3117 5048 3422 5104 Praefectus
3455 5056 3634 5101 autem
3670 5055 3813 5114 popu~

2263 5139 2376 5195 lum
2402 5147 2674 5205 metuens,
2695 5136 2924 5193 Paulum
2951 5138 3422 5205 Thessalonicam,
3450 5154 3518 5194 ex
3550 5151 3655 5208 qua
3683 5138 3812 5190 ortus

2262 5230 2464 5296 fuerat,
2521 5247 2659 5288 usus
2711 5232 2934 5302 ingenio
2982 5231 3299 5287 destinavit.
3359 5236 3660 5302 Imperator
3704 5237 3812 5279 vero

2259 5325 2424 5379 etiam
2479 5331 2612 5378 tunc
2663 5323 2968 5378 Athanasio
3018 5338 3207 5379 necem
3255 5323 3570 5377 minabatur
3615 5319 3813 5415 inferre.

2256 5433 2420 5488 quam
2455 5418 2544 5472 ille
2575 5418 2776 5473 timens
2796 5417 2955 5487 fugax
2978 5416 3159 5473 denuo
3189 5417 3419 5471 Romam
3444 5412 3704 5510 perrexit.
3727 5407 3812 5510 Cui

2258 5509 2509 5579 protinus
2565 5508 2772 5563 Paulus
2799 5523 3020 5578 quoque
3084 5509 3309 5563 veniens
3361 5523 3392 5560 a
3444 5504 3817 5560 Thessalonica

2259 5602 2506 5658 sociatur
2538 5619 2553 5669 ;
2585 5601 2679 5672 qui
2710 5601 2977 5658 abeuntes
2993 5599 3281 5656 Constanti
3307 5616 3428 5672 quae
3451 5599 3595 5670 passi
3623 5596 3820 5650 fuerant

2093 5719 2321 5778 NOTJE.

645 5797 721 5866 (9)
759 5797 1052 5880 Episcopio.
1123 5805 1462 5883 Flodoardus
1495 5810 1686 5883 1,20:
1741 5830 1761 5864 ς
1797 5810 1997 5883 Sicque
2045 5827 2172 5883 pro-

575 5881 732 5936 spere
763 5869 821 5922 in
858 5883 1019 5924 suum
1052 5887 1303 5931 reversus
1335 5869 1694 5950 episcopium.
1745 5900 1764 5933 ι
1801 5869 1967 5937 Frisii.

2297 5882 2308 5893 .
2351 5809 2464 5935 (ίῆ)
2492 5812 2608 5879 Ωιω
2633 5842 2703 5854 —
2723 5820 2950 5867 secutus.
2989 5807 3116 5866 1133c
3149 5806 3218 5864 de
3241 5821 3340 5864 suo
3374 5803 3590 5860 addidit.
3609 5800 3816 5896 Anasta'

2297 5897 2402 5935 lus.
2459 5897 2512 5935 ι).

2262 5896 2402 5937 eius.
2435 5896 2512 5937 ID.
