4088 6438
249 397 358 466 ιξιιῖ

997 399 1372 463 HISTORIA
1404 402 1986 465 ECCLESIASTICA
2020 403 2127 462 EX
2151 402 2639 463 THEOPHANE.

3335 403 3474 470 1218

243 511 576 578 nuntiarunt,
641 510 732 580 qui
777 509 1078 566 condolens
1129 513 1340 570 sanctis
1395 513 1594 569 scribit
1645 511 1791 568 Con-
1817 511 1871 571 A
1894 525 2036 567 nus:
2073 510 2231 578 Mihi,
2251 512 2449 584 inquit,
2471 529 2591 568 cum
2608 512 2840 582 subjecto
2867 515 3141 583 populo-de
3171 516 3476 585 Itujusmodi

243 606 411 663 stantio
441 613 499 658 ut
525 610 620 658 aut
649 603 1087 660 redderetPanlo
1111 612 1168 661 et
1203 603 1507 662 Athanasio
1537 606 1791 676 proprias

241 699 390 764 sedes,
409 707 500 752 aut
522 705 668 752 certe
689 697 938 766 przelium
965 706 1157 752 contra
1170 712 1232 752 se
1243 698 1414 754 sciret
1437 697 1788 752 movendum.

241 790 468 844 llurtatus
496 797 676 843 autem
713 796 796 843 est
833 804 956 844 eum
990 804 1100 858 quo
1131 790 1376 859 synodus
1417 788 1561 860 apud
1595 788 1792 844 Sardi-

238 899 338 936 eam
367 881 536 945 ﬁeret,
567 881 619 935 in
650 896 758 950 qua
782 880 1179 952 Hesperiarum
1207 896 1518 938 convenere
1546 883 1790 952 episcopi

237 974 477 1036 trecenti,
511 971 817 1029 Orientales
857 982 1038 1029 autem
1059 975 1295 1044 triginta
1343 990 1460 1031 sex.
1498 975 1587 1030 lsti
1633 974 1791 1030 Occi-

233 1065 518 1120 dentalibus
543 1062 901 1126 resistebant,
931 1073 1182 1134 petentes
1209 1065 1405 1135 expelli
1431 1065 1583 1134 prius
1616 1065 1786 1119 Atha-

235 1158 424 1211 nasium
461 1167 515 1211 et
548 1154 801 1211 Paulum.
829 1155 1002 1215 Osius
1034 1164 1216 1210 autem
1252 1156 1631 1212 Cordubensis
1674 1155 1790 1227 epi-

233 1265 411 1321 scopus
465 1247 1270 1317 et-Promgcues,Sardicensis
1308 1250 1455 1320 passi
1500 1265 1608 1304 non
1659 1255 1790 1303 sunt

227 1359 325 1415 quo
373 1343 554 1397 minus
608 1342 865 1397 adessent
912 1343 1087 1398 sancti
1136 1342 1474 1399 Athanasius
1522 1343 1688 1398 simul
1731 1350 1788 1398 et

222 1432 427 1490 'Paulus.
461 1432 618 1489 Tunc
647 1429 956 1488 Orientales
986 1448 1156 1504 penes
1186 1433 1613 1506 Philippopolim
1655 1449 1790 1489 con-

235 1529 485 1584 venientes
516 1527 864 1596 impudenter
898 1525 1252 1582 bomousium
1277 1526 1787 1582 :anatbematizave-

226 1629 374 1673 runt:
432 1617 525 1688 qui
573 1633 703 1673 vero
752 1618 898 1688 apud
949 1617 1238 1674 Sardicam
1297 1619 1593 1674 orthodoxi
1657 1628 1788 1674 sunt

211 1711 432 1773 inventi,
463 1725 777 1766 anommum
811 1709 1360 1774 anathematizantes,
1396 1720 1608 1766 rectum
1640 1711 1783 1782 apud

222 1803 720 1872 Nicaeamexposita:
741 1801 861 1858 ﬁdei
892 1803 1185 1857 terminum
1214 1803 1590 1858 ﬁrmaverunt.
1608 1803 1783 1859 Porro

221 1897 488 1951 reddidere
533 1897 760 1950 tln'onos
793 1896 1093 1952 Athanasio
1141 1906 1196 1952 et
1232 1897 1400 1950 Paulo
1433 1908 1596 1966 atque
1644 1897 1783 1950 Mar-

217 1988 347 2042 cello
371 1987 687 2056 Ancyrano,
729 1986 1010 2042 conﬁtenti
1040 1987 1388 2043 bomousium
1424 1999 1476 2043 et
1513 1988 1781 2042 rationem

218 2095 312 2151 pro
343 2095 398 2134 se
433 2079 704 2144 reddenti,
731 2079 876 2149 quod
919 2095 1028 2132 non
1056 2079 1420 2134 intellexerint
1449 2080 1652 2150 scripta
1683 2093 1783 2135 sua

215 2172 266 2226 bi
303 2173 388 2243 qui
429 2187 489 2226 se
512 2171 966 2226 accusationibus
999 2171 1356 2240 impetebaut.
1394 2172 1604 2227 Interea
1637 2174 1784 2226 Con-

203 2263 440 2318 stantius
479 2263 745 2334 vigesimo
781 2265 963 2334 primo
999 2278 1143 2316 anno
1172 2262 1399 2318 Romam
1433 2271 1622 2318 contra
1666 2263 1784 2317 Ma-

208 2357 484 2426 gnentium
531 2356 898 2410 dimicaturus
937 2357 1106 2421 venit,
1142 2356 1233 2410 ubi
1279 2356 1348 2410 ab
1389 2356 1621 2410 Eusebia
1659 2372 1784 2425 pro-

213 2451 321 2517 pria
371 2463 541 2503 uxore
585 2457 808 2517 rogatus
855 2446 1132 2501 Julianum
1184 2462 1250 2501 ex
1293 2462 1515 2502 carcere
1555 2447 1780 2502 ductum

205 2539 471 2594 Casarem
507 2539 635 2592 facit
684 2549 738 2592 et
785 2539 840 2592 in
870 2539 1077 2593 Gallias
1106 2540 1290 2605 mittit,
1328 2540 1594 2610 cepulans
1633 2543 1681 2594 ei
1714 2541 1781 2594 ad

205 2634 424 2702 nuptias
451 2647 697 2686 sororem
731 2646 886 2686 suam
917 2630 1200 2697 Helenam,
1230 2647 1350 2702 quae
1377 2643 1431 2689 et
1457 2633 1780 2689 Constantia

195 2728 342 2781 dicta
375 2737 480 2784 est.

273 2818 458 2871 Mundi
479 2832 620 2869 anno
645 2815 807 2878 5850,
836 2817 1037 2870 divinae
1057 2816 1452 2873 incarnationis
1473 2832 1619 2872 anno
1653 2818 1779 2883 550,

198 2912 348 2965 facto
382 2926 577 2980 magno
625 2920 784 2964 terra-
837 2919 988 2964 motu
1042 2907 1549 2977 Constantinopolis
1600 2912 1780 2965 diruta

194 3015 301 3059 est.
363 3002 566 3056 Deinde
627 3014 844 3054 mortuo
891 3002 1217 3056 Constantio
1269 3003 1536 3071 vigesimo
1580 3016 1780 3072 quarto

193 3096 414 3163 imperii
443 3096 528 3148 sui
565 3108 710 3147 anno
741 3092 995 3148 Julianus
1041 3102 1396 3147 monocrator
1423 3092 1652 3149 effectus
1682 3095 1780 3148 im-

1896 603 2117 674 negotiis
2153 605 2360 659 curiose
2397 622 2551 676 agens
2581 604 2668 673 fas
2705 622 2807 660 non
2855 616 2954 662 est.
2995 607 3065 661 Ut
3109 625 3232 679 ergo
3274 611 3479 664 videtur

1893 696 2038 750 vobis
2096 695 2484 762 sacerdotibus,
2550 698 2732 768 facite.
2782 699 2938 754 Tunc
2985 701 3270 758 venientes
3329 704 3474 773 apud

1892 785 2279 857 Lampsacum,
2313 798 2369 844 et
2405 789 2618 846 duobus
2656 791 2770 848 illic
2799 793 3082 849 mensibus
3126 798 3475 860 commorati,

1893 877 2193 936 novissime
2239 881 2393 936 irrita
2426 883 2604 939 fecere
2641 900 2764 955 quae
2797 885 2866 940 ab
2905 885 3153 940 Eudoxio
3185 896 3240 942 et
3272 888 3478 944 Acaciu

1892 967 2369 1040 Constantinopoli
2413 981 2544 1028 sunt
2590 981 2824 1043 patrata,
2875 976 3276 1045 tenendamque
3310 977 3471 1031 tidem

1893 1062 2035 1130 apud
2058 1061 2368 1119 Seleuciam
2389 1066 2696 1135 expositam
2723 1067 3108 1124 decreverunt.
3133 1069 3241 1124 Sed
3272 1070 3474 1140 int-pius

1892 1151 2115 1221 Valens,
2141 1172 2264 1225 qua:
2288 1157 2432 1226 apud
2471 1156 2834 1228 Lampsacum
2868 1170 3022 1231 gesta
3054 1171 3217 1227 sunt,
3249 1163 3472 1219 destru-

1890 1244 1990 1309 xit,
2035 1253 2091 1298 et
2116 1245 2426 1314 episcopos,
2459 1247 2552 1316 qui
2600 1247 2804 1304 ibidem
2838 1261 3232 1314 convenerant,
3275 1253 3473 1307 exsilio

1890 1337 2170 1406 relegavit.
2197 1339 2407 1394 Interea
2443 1341 2694 1396 Liberius
2727 1357 2868 1412 papa
2905 1341 3188 1400 Romanus
3215 1355 3272 1400 et
3299 1346 3474 1400 Atha-

1889 1431 2083 1488 nasius
2105 1441 2160 1489 et
2187 1433 2440 1490 Meletius
2465 1442 2520 1490 et
2553 1433 3026 1491 Samosatensium
3060 1437 3352 1501 Eusebius.
3375 1441 3471 1509 qui

1887 1525 2102 1582 Joviani
2161 1535 2438 1598 praecepto
2491 1528 2559 1583 ab
2599 1529 2800 1583 exsilio
2855 1529 3070 1585 fuerant
3118 1533 3384 1597 revocati,
3416 1534 3470 1586 in

1887 1619 2227 1675 ortbodoxiaa
2256 1634 2508 1675 sermone
2529 1620 2804 1691 vigebant,
2827 1636 3039 1676 necnon
3074 1630 3129 1677 et
3157 1623 3475 1695 Hierosoly-

1888 1715 2132 1770 mitanus
2167 1715 2406 1786 Cyrillus
2451 1721 2504 1768 et
2555 1713 2646 1767 alii
2691 1714 2934 1784 episcopi
2969 1715 3295 1770 orthodoxae
3349 1715 3468 1772 ﬁdei

1889 1818 2342 1878 propugnatores.
2373 1807 2593 1861 Arianis
2629 1819 2810 1862 autem
2847 1816 3116 1875 prmerant
3154 1810 3297 1879 apud
3338 1809 3470 1863 Ale-

1884 1897 2168 1952 xandriam
2224 1895 2448 1965 Lucius,
2483 1906 2537 1952 et
2580 1898 2722 1968 apud
2779 1898 3124 1953 Antiochiam
3189 1899 3467 1964 Euzoius,

1882 1971 2144 2042 Paulinus
2168 1996 2347 2042 autem
2379 1989 2473 2041 uni
2508 1988 2648 2057 parti
2675 1987 3131 2054 ortbodoxorum,
3153 1989 3309 2044 alteri
3338 2005 3470 2044 vero

1884 2081 2154 2136 Meletius.
2210 2080 2444 2146 Quidam
2478 2096 2611 2135 sane
2639 2080 2792 2134 aiunt
2819 2080 2963 2150 quod
3007 2078 3292 2135 Dominica
3327 2097 3470 2136 uxor

1882 2173 2129 2228 Valentis
2174 2174 2511 2243 persuaserit
2556 2175 2605 2228 ei
2644 2183 2752 2226 tam
2798 2173 3044 2228 valenter
3087 2173 3201 2227 Arii
3247 2189 3466 2228 sensum

1885 2266 2108 2320 sectari.
2133 2264 2307 2320 Porro
2331 2266 2425 2319 alii
2461 2266 2710 2320 scribunt
2734 2264 2884 2334 quod
2902 2277 3190 2335 postquam
3225 2266 3469 2334 impera-

1884 2357 2025 2410 verit
2064 2357 2134 2410 ab
2163 2356 2409 2411 Eudoxio
2438 2356 2768 2426 baptizatus,
2805 2355 3125 2425 iuramento
3164 2357 3470 2411 ﬁrmaverit

1885 2447 1938 2501 in
1973 2449 2094 2518 ipso
2143 2449 2471 2518 baptismate
2515 2463 2638 2502 cum
2671 2447 2805 2502 Ario
2836 2463 2896 2502 se
2949 2463 3243 2504 sensurum
3283 2457 3338 2501 et
3371 2449 3472 2503 bo-

1886 2541 2158 2594 mousium
2192 2541 2418 2594 minime
2448 2548 2795 2608 recepturum
2825 2580 2839 2605 ,
2872 2548 2932 2594 ot
2959 2541 3040 2595 sic
3081 2545 3300 2610 utrique
3326 2543 3466 2596 dena

1885 2632 2052 2684 millia
2079 2634 2519 2698 persecutionum
2549 2632 2602 2684 in
2646 2631 2988 2687 orthodoxos
3021 2643 3460 2688 commoverunt.

1883 2722 2102 2777 Mittunt
2135 2732 2318 2778 autem
2351 2735 2405 2778 et
2440 2723 2660 2794 Liberio
2685 2726 3037 2779 Eustathium
3070 2725 3373 2781 Armennm
3409 2736 3466 2781 et

1886 2815 2166 2870 Silvanum
2209 2818 2537 2872 Tarsensem
2585 2827 2747 2887 atque
2797 2818 3160 2888 Theophilum
3204 2819 3468 2875 Castava—

1885 2909 2112 2973 leusem,
2151 2910 2596 2979 repromittentes
2638 2925 2731 2979 per
2766 2913 2914 2980 ipsos
2955 2912 3198 2982 recipere
3238 2913 3466 2966 bomou-

1884 3001 2048 3054 sium.
2072 3001 2171 3066 Qui
2194 3002 2572 3070 pervenientes
2595 3001 2813 3055 Liberio
2833 3002 3096 3071 scriptum
3118 3017 3214 3070 pro
3233 3003 3471 3057 Immon-

1885 3097 1971 3149 sio
2023 3103 2387 3163 porrexerunt
2437 3093 2702 3158 libellum,
2759 3093 3078 3162 proﬁtentes
3129 3109 3188 3148 se
3246 3108 3465 3147 omnem

188 3189 468 3258 pudenter
509 3187 723 3240 vivebat
759 3195 921 3253 atque
956 3185 1254 3252 gentiliter,
1296 3185 1564 3255 sanguine
1603 3187 1780 3240 sacri-
1807 3195 1848 3252 α
1883 3186 2133 3240 haeresim
2189 3176 2548 3248 aversurosf
2582 3200 2704 3255 qua:
2769 3184 2982 3255 synodo
3034 3183 3268 3239 Nic-aenae
3329 3188 3471 3240 l'oret

189 3278 448 3330 liciorum
511 3283 765 3329 sanctum
819 3276 1152 3342 baptistnum
1185 3275 1424 3343 diluens,
1472 3284 1528 3330 et
1577 3287 1779 3332 cuncta

181 3370 410 3425 faciens
432 3371 632 3438 quibus
673 3369 948 3422 daemones
977 3369 1181 3436 placari
1219 3375 1506 3422 suescunt.

256 3461 450 3516 Mundi
481 3447 637 3514 anno."
657 3459 818 3522 5856,
837 3459 1036 3514 divinae
1061 3459 1457 3514 incarnationis
1483 3473 1624 3511 anno
1651 3457 1776 3518 556,

171 3552 458 3608 Jovianus
490 3550 850 3611 cbiliarchus,
877 3548 960 3602 vir
992 3549 1319 3604 mitissimus
1350 3558 1404 3603 et
1436 3549 1778 3602 ortltodoxus

173 3645 567 3706 Christianus,
610 3644 910 3712 imperator
945 3641 1317 3696 Romanorum
1344 3642 1412 3695 ab
1442 3641 1588 3695 omni
1617 3657 1778 3694 exer-

173 3738 296 3790 citu
337 3751 407 3788 ac
455 3735 868 3803 magistratibus
918 3743 1083 3803 atque
1125 3733 1450 3788 consulibus
1494 3733 1547 3784 in
1585 3733 1775 3787 eodem

177 3824 308 3878 loco
344 3835 510 3878 terra:
542 3824 858 3887 Persarum,
904 3825 955 3878 in
985 3841 1095 3893 quo
1129 3825 1510 3896 praevaricator
1546 3824 1774 3885 interiit.

171 3928 592 3986 nuncupatur,
639 3916 730 3986 qui
773 3916 1065 3972 recusabat
1099 3917 1411 3986 imperium,
1451 3931 1775 3971 asseverans

165 4027 289 4063 non
327 4025 392 4063 se
423 4023 582 4077 posse
630 4007 926 4078 principari
957 4008 1222 4064 exercitui
1256 4009 1348 4077 qui
1397 4023 1640 4076 paganus
1674 4007 1776 4061 sub

155 4104 412 4156 Juliano
440 4104 511 4157 sit
542 4105 718 4157 factus
745 4117 760 4169 ;
791 4101 854 4155 ad
887 4116 1048 4171 quem
1079 4115 1274 4155 omnes
1306 4101 1637 4154 unanimiter
1664 4099 1777 4151 cla-

155 4209 413 4250 mavere
442 4209 501 4249 se
535 4193 882 4248 Christianos
923 4207 1067 4246 esse.
1107 4191 1343 4261 Scripsit
1379 4201 1638 4261 praeterea
1679 4187 1774 4243 Jo-

151 4290 384 4338 vianus
410 4283 783 4339 sacratissimo
806 4281 1112 4339 Athanasio
1136 4283 1497 4336 immaculata:
1519 4282 1640 4336 ﬁdei
1666 4281 1772 4336 sibi

150 4382 494 4454 signiﬁcari
550 4382 605 4436 in
653 4381 874 4449 scriptis
921 4380 1264 4448 acribeiam;
1318 4379 1463 4449 quod
1515 4389 1569 4436 et
1617 4381 1769 4449 fecit,

149 4477 352 4530 totius
393 4474 732 4528 orthodoxiae
749 4471 981 4527 Joviano
1008 4472 1296 4541 epistolam
1321 4473 1592 4527 scribens.
1620 4473 1771 4530 Unde

145 4569 453 4625 Jovuanus
489 4567 771 4621 robustior
809 4565 862 4618 in
910 4564 1236 4619 orthodoxia
1276 4563 1504 4621 ell‘ectus
1548 4565 1636 4621 his
1677 4567 1771 4636 qui

145 4660 558 4731 praedicabant
589 4659 934 4713 bomousium
967 4659 1137 4712 multa
1165 4657 1406 4723 donavit,
1444 4666 1498 4713 et
1528 4659 1646 4715 sine
1669 4660 1772 4713 tri-

145 4755 308 4806 buto
347 4765 576 4804 manere
611 4750 924 4804 constituit.

224 4841 372 4906 Quo
411 4839 670 4896 defuncto
713 4840 1049 4895 acclamatus
1082 4846 1168 4894 est
1200 4836 1618 4896 Valentinianus
1656 4841 1770 4896 Au-

139 4943 380 5003 gustus
422 4948 453 4987 a
507 4933 772 4986 militibus
813 4949 828 4996 ;
886 4931 978 5001 qui
1028 4932 1290 4987 continuo
1331 4935 1655 5002 perveniens
1701 4934 1770 4990 ad

139 5026 385 5096 regiam
422 5025 610 5079 urbem
645 5023 924 5078 Valentem
959 5023 1182 5078 fratrem
1207 5039 1367 5078 suum
1395 5027 1770 5082 communica-

136 5129 347 5172 torem
395 5117 483 5170 sui
516 5117 645 5172 fecit
671 5115 910 5184 imperii,
951 5115 1179 5185 largitus
1217 5117 1265 5170 ei
1303 5129 1484 5185 partes
1517 5117 1768 5174 Orienta-

130 5210 257 5274 les,
298 5210 420 5264 sibi
438 5209 667 5264 retentis
699 5207 1164 5264 Occidentalibus.
1201 5207 1413 5264 Interea
1436 5209 1768 5265 Valentinia-

129 5318 262 5356 nus
314 5300 615 5370 Augustus
665 5299 984 5355 Gratianum
1032 5298 1202 5354 ﬁlium
1251 5315 1412 5354 suum
1458 5299 1764 5370 Augustum

125 5395 511 5464 appellavit,
577 5392 1096 5447 communicatorem
1153 5393 1365 5461 imperii
1424 5393 1596 5462 patris
1638 5434 1654 5456 ,
1712 5402 1766 5448 et

117 5485 468 5542 consulem
511 5493 637 5539 ante
665 5485 1098 5555 pronuntiatum,
1129 5492 1182 5538 et
1219 5483 1496 5539 Valentem
1541 5484 1762 5540 fratrem

112 5594 328 5636 suum
363 5577 778 5647 imperatorem.
795 5573 1097 5630 Orthodoxi
1119 5583 1300 5630 autem
1324 5587 1678 5631 accesserunt
1695 5578 1760 5632 ad

115 5669 626 5726 Valentinianum
661 5684 756 5738 per
792 5666 1080 5740 Hypatium
1116 5667 1436 5738 episcopum
1476 5667 1760 5735 Heraclia,

103 5763 538 5832 deprecantes
582 5775 690 5828 quo
723 5758 838 5814 ﬁeri
874 5767 1205 5814 conventum
1249 5759 1565 5829 praeriperet
1595 5776 1760 5829 super

103 5849 526 5908 correctione
545 5849 816 5921 dogmatis
840 5849 1129 5905 bomousii.
1160 5851 1240 5904 Ad
1259 5865 1399 5921 quos
1424 5849 1759 5906 Valentinia-

1885 3277 2149 3341 adversa;
2178 3277 2376 3345 quibus
2405 3285 2454 3329 et
2485 3275 2721 3344 receptis
2740 3275 2990 3329 Liberius
3018 3276 3467 3338 communicavit.

1885 3370 2240 3438 scribensque
2253 3367 2626 3423 Orientalibus
2650 3366 3018 3421 testimonium
3049 3368 3158 3420 illis
3190 3368 3469 3438 perhibuit

1883 3460 2240 3513 orthodoxiie.

1954 3551 2138 3604 Mundi
2161 3566 2306 3605 anno
2337 3551 2498 3617 586i,
2522 3552 2719 3606 divinae
2742 3553 3142 3606 incarnationis
3167 3567 3312 3607 anno
3336 3552 3463 3616 56l,

1881 3645 2171 3697 concilium
2215 3643 2498 3710 Tyauense
2528 3643 2859 3697 celebratum
2887 3653 2992 3709 est,
3025 3646 3078 3698 in
3126 3661 3232 3714 quo
3257 3645 3464 3698 inventi

1882 3747 2011 3790 sunt
2041 3737 2307 3790 Eusebius
2349 3735 2706 3790 Cmsariensis
2743 3736 3121 3807 Cappadociae,
3164 3738 3464 3808 Gregorius

1878 3829 2258 3885 Nazianzenus
2310 3837 2463 3900 pater
2509 3828 2760 3898 Gregorii
2807 3831 3064 3900 deiloqni,
3097 3832 3188 3901 qui
3243 3839 3295 3884 et
3349 3833 3467 3901 ipse

1879 3923 2255 3977 Nazianzenus
2298 3923 2619 3993 appellatur,
2655 3935 2708 3977 et
2742 3923 2976 3980 Tricnus
3010 3925 3380 3982 Melitenensis
3412 3936 3467 3980 et

1879 4018 1966 4070 alii
1999 4034 2012 4078 ;
2045 4017 2134 4085 qui
2160 4032 2327 4086 super
2362 4016 2566 4072 Liberii
2603 4017 2804 4071 litteris
2838 4019 3176 4073 exsultantes
3211 4019 3466 4072 omnibus

1878 4109 2202 4162 orthodoxis
2251 4109 2706 4179 signiﬁcaverunt
2747 4111 3020 4180 episcopis
3069 4126 3179 4181 quo
3229 4109 3463 4165 Tarsum

1876 4202 1930 4255 in
1987 4203 2461 4257 conﬁrmationem
2508 4218 2652 4256 verae
2691 4210 2856 4257 rectae
2901 4202 3022 4255 ﬁdei
3058 4204 3459 4268 convenirent;

1876 4311 1986 4365 quo
2017 4296 2204 4349 audito
2232 4293 2434 4350 Valens
2467 4311 2563 4350 eos
2598 4295 2878 4363 prohibuit
2908 4295 3222 4348 convenire.

1943 4385 2194 4456 Cyziceni
2217 4395 2397 4439 autem
2412 4384 2737 4438 Eunomium
2771 4386 3003 4440 insecuti
3035 4395 3163 4440 sunt
3198 4381 3456 4455 tanquam

1877 4478 2194 4532 haéreticum
2232 4485 2287 4532 et
2323 4477 2722 4546 blasphemum,
2759 4477 2848 4546 qui
2893 4476 3114 4530 veniens
3144 4478 3334 4532 unitus
3375 4487 3461 4532 est

1804 4537 1853 4596 ι)
1879 4568 2152 4623 Eudoxio.
2178 4565 2305 4620 Erat
2331 4568 2474 4621 enim
2502 4567 2856 4637 blasphemus
2889 4577 2942 4620 et
2972 4567 3291 4631 acerrimus,
3322 4583 3460 4638 prae-

1876 4673 2099 4713 sumens
2122 4656 2306 4713 dicere
2332 4659 2460 4727 quia
2485 4657 2627 4713 Deus
2658 4659 2726 4712 de
2745 4659 2963 4728 prepria
2989 4659 3296 4714 substantia
3320 4660 3458 4714 nihil

1873 4751 2033 4804 nobis
2084 4751 2322 4820 amplius
2369 4750 2538 4805 novit.
2574 4749 2745 4803 Porro
2793 4751 2986 4805 Valens
3035 4752 3263 4821 paganis
3311 4753 3463 4808 dedit

1875 4839 2144 4895 sacriﬁcia
2173 4850 2228 4894 et
2259 4840 2634 4893 solemnitates
2659 4839 2970 4894 celebrandi
3007 4841 3308 4899 licentiam.
3331 4840 3457 4898 Pari

1873 4931 2039 4986 modo
2066 4930 2355 4987 etJudazos
2386 4930 2601 4985 fovebat
2626 4939 2680 4985 et
2709 4931 3039 4996 honorabat,
3067 4933 3216 4988 solos
3243 4945 3456 4988 tantum

1871 5023 2209 5080 orthodoxos
2247 5024 2301 5076 in
2333 5024 2632 5093 apostolica
2667 5023 2953 5078 insecutus
2998 5024 3267 5078 Ecclesia.

1945 5115 2118 5185 Hujus
2145 5131 2292 5170 anno
2322 5116 2534 5186 imperii
2567 5131 2714 5170 nono
2751 5114 2810 5171 S.
2854 5116 3190 5170 Athanasius
3225 5117 3458 5170 Alexan-

1868 5209 2065 5264 drinus
2116 5208 2368 5278 migravit
2417 5207 2482 5260 ad
2525 5207 2856 5272 Dominum,
2901 5224 3026 5263 cum
3075 5208 3451 5278 episcopatum

1868 5302 2133 5371 gessisset
2162 5300 2322 5354 anuis
2353 5300 2721 5371 quadraginta
2743 5317 2858 5364 sex,
2884 5315 2950 5355 ex
2979 5299 3180 5370 quibus
3210 5299 3454 5370 quadra-

1866 5395 2016 5462 ginta
2067 5393 2120 5447 in
2170 5393 2649 5462 persecutionibus
2699 5407 2799 5462 pro
2849 5392 3050 5463 pietate
3089 5405 3152 5443 ac
3189 5391 3451 5460 periculis

1868 5482 2026 5538 vixit.
2058 5483 2157 5536 Cui
2195 5483 2466 5537 suci-essit
2500 5481 2724 5546 Petrus,
2753 5482 2848 5551 qui
2897 5481 3121 5535 Arianis
3157 5480 3209 5532 in
3245 5480 3452 5533 multo-

1868 5590 1986 5628 rum
2023 5575 2304 5629 hominum
2342 5578 2519 5629 caedes
2555 5573 2938 5645 grassantibus
2986 5572 3177 5641 pulsus
3217 5570 3448 5625 Romam

1867 5668 2081 5735 fugiens
2110 5667 2174 5720 ad
2210 5667 2499 5722 Damasum
2535 5667 2865 5737 properavit,
2903 5665 3063 5734 cujus
3093 5674 3147 5719 et
3177 5673 3295 5719 erat
3323 5679 3451 5718 sen-

1864 5777 1982 5825 sus,
2024 5761 2245 5830 quando
2267 5769 2319 5814 et
2351 5762 2641 5824 horrenda,
2665 5775 2788 5830 qua:
2807 5769 2958 5830 gesta
2981 5768 3111 5814 sunt
3139 5758 3207 5812 ab
3229 5758 3451 5813 Arionis

1874 5855 2017 5924 apud
2053 5855 2465 5921 Alexandriam,
2505 5869 2600 5924 per
2640 5853 2926 5924 epistolam
2971 5853 3449 5922 conscripserunt.
