4088 6450
626 394 762 460 121.9

1718 390 2119 452 ANASTASII
2166 389 2799 453 BIBLIOTHECARII

3716 401 3823 469 1‘220

628 510 828 564 Eodem
865 522 1007 565 anno
1045 516 1099 560 et
1133 505 1368 560 Basilius
1403 505 1699 574 cpiscopus
1743 505 1992 558 Caesarne
2033 505 2210 558 factus
2239 511 2282 563 Α
2315 501 2637 566 Mclitanus,
2670 498 3019 569 postmodum
3056 507 3236 552 autem
3278 507 3332 552 et
3374 498 3644 562 Flavianus
3681 513 3828 570 Antio.

623 612 729 665 est,
755 615 878 654 cum
905 599 1176 654 Eusebius
1207 598 1294 666 pic
1320 597 1637 651 dormisset.

698 692 879 746 Mundi
911 706 1056 745 anno
1071 689 1234 755 5866,
1265 689 1464 743 divinae
1493 687 1892 742 incarnationis
1913 702 2056 740 anno
2081 685 2208 749 366,

626 782 955 838 Ambrosius
974 791 1094 850 post
1111 779 1444 834 Auxentium
1465 777 2210 834 ecclesizeMediolanensinm

625 885 846 946 praeest.
867 873 1164 927 Occidente
1186 887 1314 926 vero
1344 880 1512 925 totam
1535 871 1863 925 Trinitatem
1885 870 2212 923 homousion

626 969 980 1038 praedicante,
1011 967 1359 1035 postulavere
1389 965 1612 1034 quidam
1647 962 2116 1024 Valentinianum,
2160 973 2215 1013 et

632 1062 810 1114 fecere
841 1061 1113 1130 synodum
1150 1060 1203 1112 in
1248 1058 1490 1128 illyrico,
1526 1065 1579 1111 et
1609 1056 1772 1111 fidem
1811 1056 2216 1110 rohoraverunt

627 1151 924 1206 Nicarnam.
952 1152 1108 1205 Tunc
1140 1160 1195 1206 et
1229 1149 1533 1220 Gregorius
1565 1149 1854 1218 deiloquus
1893 1147 2213 1202 Constanti-

621 1244 960 1313 nopolitanae
1021 1242 1320 1311 praesidere
1373 1242 1708 1295 noscebatur
1754 1238 2052 1301 Ecclesiae,
2113 1251 2211 1307 pro

629 1335 820 1390 Basilii
859 1343 913 1389 et
943 1332 1144 1388 Meletii
1195 1348 1260 1386 ac
1306 1332 1644 1401 reliquorum
1701 1330 1918 1399 pietatis
1967 1343 2217 1398 pugnans

621 1425 1000 1496 dogmatibus.
1042 1423 1109 1476 Et
1145 1425 1249 1478 nisi
1284 1432 1412 1477 ante
1441 1424 1506 1476 ad
1536 1423 1728 1476 urbem
1759 1422 2221 1489 Constantinopo-

633 1517 860 1572 litanatn
887 1516 1152 1569 invitatus
1182 1522 1351 1576 esset,
1381 1521 1495 1568 tota
1525 1513 1789 1567 nimirum
1819 1512 1931 1564 Arii
1956 1518 2010 1569 et
2043 1509 2221 1563 Euno-

633 1608 727 1660 mii
765 1607 1069 1675 repleretur
1112 1606 1340 1659 illuvie:
1377 1619 1570 1658 omnes
1608 1603 1752 1655 enim
1805 1600 2072 1655 ecclesias
2113 1599 2218 1669 ipsi

633 1699 1008 1767 possidebant,
1029 1705 1226 1767 praeter
1263 1696 1567 1752 oratorium
1602 1694 1904 1748 Anastasis:
1937 1693 2216 1764 martyris.

633 1791 872 1846 Praeerat
927 1799 1112 1844 autem
1175 1790 1288 1845 illic
1336 1789 1559 1842 Arianis
1621 1785 2001 1850 Demophilus.
2062 1787 2219 1840 Tunc

625 1881 930 1951 Gregorius
963 1896 1182 1951 quoque
1213 1878 1496 1950 Nysscnus
1525 1889 1580 1934 et
1617 1879 1838 1941 Petrus,
1878 1877 2079 1932 fratres
2113 1876 2217 1929 Ba-

635 1975 766 2039 silii,
806 1973 1199 2036 coruscabant,
1238 1970 1604 2043 Optimusque
1643 1971 1696 2024 in
1743 1969 1951 2026 Pisidia
1985 1979 2040 2024 et
2087 1971 2219 2021 Am-

628 2065 944 2134 philochius
993 2065 1047 2119 in
1113 2063 1324 2121 Iconio.
1381 2065 1606 2118 Barsem
1667 2070 1845 2116 autem
1898 2061 2220 2131 episcopum

631 2159 859 2213 Edessa:
883 2166 1048 2228 atque
1065 2155 1346 2227 Pelagium
1364 2156 1667 2221 Laodiceae,
1692 2163 1877 2226 utpote
1903 2153 2223 2208 orthodoxae

639 2249 762 2305 fidei
801 2256 1268 2320 propugnatores,
1302 2248 1502 2303 Valens
1520 2248 1578 2302 in
1598 2248 1854 2302 exsilium
1876 2247 2047 2301 misit.
2085 2245 2225 2299 Sau-

635 2351 975 2397 romatarum
1007 2350 1190 2395 autem
1212 2355 1370 2410 gens,
1403 2355 1524 2409 quae
1555 2339 1756 2409 pusilla
1795 2348 1850 2392 et
1877 2339 2095 2392 infirma
2116 2346 2221 2400 est,

638 2445 832 2488 contra
864 2433 1314 2489 Valentinianum
1346 2433 1639 2501 insurgens
1677 2439 1730 2486 et
1756 2432 1824 2485 ab
1852 2446 1919 2486 eo
1941 2441 2223 2499 superata,

640 2526 836 2596 legatis
871 2525 1078 2590 missis,
1113 2539 1303 2594 pacem
1340 2523 1670 2594 expostulat.
1703 2521 1949 2592 Cumque
1983 2521 2225 2574 Valenti-

635 2616 842 2672 nianus
898 2630 930 2670 a
978 2614 1177 2686 legatis
1225 2615 1606 2670 sciscitaretur
1647 2623 1831 2668 utrum
1885 2611 2228 2666 Sauromata:

637 2709 780 2765 tales
816 2716 872 2766 et
904 2717 1012 2763 tam
1054 2709 1247 2764 vilium
1295 2722 1591 2777 corporum
1634 2721 1829 2762 omnes
1870 2706 2226 2769 exsisterent,

636 2800 1051 2870 responderunt
1102 2799 1348 2855 dicentes
1400 2800 1530 2868 quia
1580 2797 1840 2854 Meliores
1884 2812 2076 2852 eorum
2140 2797 2231 2852 hic

644 2893 816 2948 habes
841 2902 897 2947 et
924 2893 1097 2947 vides.
1127 2891 1284 2947 Tune
1321 2892 1662 2947 validissime
1705 2891 1796 2945 ille
1831 2893 2076 2944 clamans
2104 2888 2180 2942 ait
2213 2905 2228 2943 :

643 2985 868 3040 Atracia
897 2984 1192 3038 Romanum
1223 2985 1502 3052 imperium
1538 2984 1764 3038 sustinet
1795 2981 1863 3036 ad
1899 2980 2232 3037 Valentinia-

640 3094 770 3130 num
795 3077 1114 3146 pertingens,
1133 3077 1178 3130 si
1204 3073 1538 3130 Sauromata:
1557 3074 1688 3128 tales
1718 3075 2026 3128 exsistant“
2045 3082 2232 3128 contra

642 3167 914 3223 Romanos
943 3168 1248 3236 insurgunt.
1280 3164 1358 3219 Ex
1389 3159 1739 3222 animositate
1767 3174 1948 3219 autem
1983 3164 2150 3218 nimia
2175 3171 2230 3217 et

644 3275 911 3316 titanuum
934 3260 1132 3330 plausu
1165 3273 1302 3313 vena
1336 3259 1533 3322 recisa,
1567 3266 1622 3310 et
1651 3257 1891 3327 plurimo
1914 3267 2231 3325 erumpente

649 3351 938 3421 sanguine,
992 3349 1335 3418 inquodam
1387 3347 1686 3417 municipio
1741 3346 1926 3402 Galliae
1979 3348 2234 3402 moritur.

646 3445 821 3501 Porro
856 3444 1054 3500 Valens
1078 3443 1375 3512 Trajanuru
1408 3443 1786 3511 magistratum
1815 3449 2002 3494 contra
2030 3440 2235 3496 Gothos

651 3537 930 3607 iuisit,qui
967 3537 1148 3592 victus
1171 3535 1534 3606 ignominioso
1564 3547 1819 3590 reversus
1848 3541 1951 3588 est.
1982 3533 2082 3587 Gui
2111 3547 2235 3585 cum

650 3632 852 3686 Valens
881 3630 1162 3685 mollitiem
1196 3628 1582 3694 exprobraret,
1620 3626 1944 3697 respondit:
1995 3623 2116 3678 Non
2145 3641 2236 3691 ego

649 3738 768 3776 sum
793 3723 983 3783 victus,
1008 3722 1316 3789 imperator,
1350 3719 1440 3772 sed
1477 3730 1555 3778 tu,
1589 3719 1677 3787 qui
1711 3727 1899 3772 contra
1933 3715 2101 3769 Deum
2141 3731 2238 3782 pu-

645 3827 784 3880 gnas
841 3819 890 3864 et
944 3809 1188 3864 barbaris
1238 3819 1425 3862 nutum
1473 3808 1588 3876 ejus
1649 3809 1920 3862 concilias.
1970 3807 2240 3860 Damasus

610 3900 836 3954 autem
897 3899 1180 3955 Romanus
1241 3908 1297 3952 et
1353 3899 1547 3954 Petrus
1615 3899 2022 3955 Alexandrinus
2077 3897 2235 3967 primi

654 3993 1022 4047 Sabbatianos
1049 3993 1558 4050 condemnaverunt
1586 4009 1600 4055 ;
1627 4002 1676 4047 et
1706 3991 1907 4060 impius
1937 3989 2240 4044 Eunomius

649 4085 1006 4154 praesumpsit
1045 4084 1102 4138 in
1143 4098 1253 4140 una
1307 4086 1582 4139 mersione
1622 4083 1894 4152 baptisma
1939 4082 2240 4146 celebrare,

659 4190 766 4228 non
784 4191 837 4229 tn
865 4174 1153 4242 Trinitate,
1181 4175 1276 4231 sed
1303 4175 1357 4228 in
1377 4174 2042 4244 morteGhristiioportere
2069 4174 2243 4242 bapti-

653 4280 783 4319 zare
813 4265 1025 4332 dicens,
1068 4273 1122 4321 et
1149 4281 1246 4320 eos
1278 4265 1452 4335 quiin
1487 4264 1758 4321 Trinitate
1799 4266 2058 4336 baptizati
2087 4274 2244 4320 erant

655 4358 1054 4428 rebaptizahat.

732 4449 832 4502 Pcr
880 4450 1024 4503 idem
1067 4456 1284 4521 tempus
1328 4460 1383 4504 et
1428 4464 1660 4518 magnus
1697 4448 1937 4518 Ephrem
1972 4450 2030 4504 in
2062 4449 2245 4506 studio

2314 595 2546 647 chenus.
2583 591 2858 646 Praeterea
2900 585 3103 644 Valens
3147 591 3296 644 omni
3335 595 3550 650 ecclesia
3592 599 3829 660 devastata

2315 686 2461 739 venit
2505 685 2799 759 Caesariani
2851 686 2920 736 ah
2951 681 3197 746 Oriente,
3236 692 3420 738 contra
3459 691 3830 751 sacratissimum

2315 776 2574 830 Basiliuin
2599 777 2920 841 insaniens;
2941 775 3032 841 qui
3060 776 3308 844 cgitquae
3337 792 3552 846 magnus
3582 780 3831 852 Gregorius

2317 868 2369 920 in
2402 868 2684 936 cpitaphio
2719 866 2904 920 Basilii
2948 868 3149 936 arguit.
3187 866 3388 920 Deinde
3425 884 3544 922 vero
3577 872 3728 926 Mavia
3757 876 3835 929 Sa-

2321 973 2644 1014 racenorum
2706 960 2893 1030 regina
2948 961 3120 1013 multa
3178 961 3317 1013 maia
3379 959 3626 1019 Romanis
3671 965 3836 1024 faciens

2321 1065 2502 1118 pacem
2547 1051 2817 1118 quaesivit,
2868 1059 2922 1105 ct
2963 1050 3148 1106 Mosen
3197 1054 3481 1120 quemdam
3509 1055 3835 1124 religiosorum

2320 1140 2374 1192 in
2422 1155 2609 1195 eremo
2661 1141 3122 1197 rommorantium
3164 1145 3473 1213 episcopum
3508 1147 3618 1200 dari
3655 1148 3838 1206 Sarace-

2321 1231 2428 1293 nis,
2463 1233 2556 1301 qui
2581 1233 2728 1302 apud
2757 1248 2816 1287 se
2842 1233 3357 1298 christianizahant,
3385 1237 3618 1305 expetiit.
3649 1241 3833 1310 impera-

2323 1334 2437 1378 tore
2469 1327 2942 1382 autem-alacriter
2973 1325 3079 1381 hoc
3113 1329 3364 1392 faciente,
3385 1329 3590 1400 Moyses
3621 1349 3791 1390 non....
3812 1353 3832 1390 λ

2320 1417 2569 1472 Luciano
2597 1420 2806 1474 Ariano
2839 1422 3176 1484 consecrari,
3212 1420 3307 1475 sed
3345 1435 3373 1473 a
3412 1423 3640 1490 quod-am
3670 1427 3836 1494 episco-

2322 1522 2515 1576 porum
2561 1511 2654 1579 qui
2693 1511 2746 1563 in
2781 1512 2946 1565 exilio
2981 1513 3198 1566 fuerant
3229 1531 3242 1578 ;
3286 1513 3428 1582 quod
3473 1522 3524 1568 et
3554 1513 3735 1569 factum
3763 1527 3838 1572 est.

2323 1598 2436 1654 lloc
2494 1613 2756 1670 suscepto
2807 1602 2982 1657 Maria
3032 1605 3234 1658 inultos
3269 1604 3603 1659 Christianos
3631 1605 3691 1660 de
3720 1606 3843 1661 Sara-

2321 1697 2475 1752 cenis
2523 1697 2722 1752 effecit.
2774 1699 2944 1752 Aiunt
2977 1708 3158 1755 autcm
3187 1701 3316 1768 quia
3353 1708 3407 1755 et
3439 1701 3550 1770 ipsa
3588 1700 3843 1756 Christiana

2323 1797 2482 1853 erat,
2531 1790 2754 1846 natione
2806 1792 3072 1858 Romana,
3129 1804 3182 1848 et
3236 1795 3452 1863 captiva
3483 1795 3638 1849 ducta
3689 1796 3847 1864 placuit

2326 1891 2545 1952 propter
2593 1884 3018 1953 pulcritudinem
3068 1885 3183 1957 regi
3245 1885 3672 1948 Saracenorum.
3709 1896 3753 1940 et
3791 1890 3848 1942 sic

2325 1988 2560 2043 regnum
2591 1975 2854 2030 obtinuit.
2883 1976 3089 2031 Scribit
3121 1992 3250 2031 vero
3285 1977 3452 2030 multa
3487 1978 3552 2031 de
3578 1979 3747 2031 eodem
3781 1993 3848 2047 ge-

2325 2082 2454 2121 nere
2488 2065 2848 2131 Sozomeuus,
2875 2068 3019 2122 unde
3044 2070 3314 2138 originem
3345 2071 3620 2137 ceperitet
3649 2070 3772 2122 unde
3795 2071 3850 2124 sic

2325 2169 2699 2229 uuncupetur,
2731 2171 2786 2215 et
2814 2161 2961 2229 quod
3000 2161 3066 2214 l5
3095 2177 3238 2214 anno
3257 2160 3697 2215 circumcidatur.
3723 2161 3850 2215 Porro

2325 2250 2490 2306 Gothi
2523 2251 2592 2305 ab
2620 2250 2834 2307 Hunnis
2857 2253 3161 2322 impngnati
3191 2253 3456 2306 auxilium
3486 2253 3551 2304 ab
3582 2253 3850 2321 imperatore

2328 2343 2629 2414 postulant,
2659 2354 2711 2397 et
2731 2360 2828 2414 per
2850 2345 3083 2399 Hulfiam
3103 2345 3424 2414 episcopum
3450 2361 3604 2400 suum
3619 2345 3846 2400 Arianum,

2325 2438 2419 2507 qui
2454 2445 2700 2492 moratus
2730 2439 2836 2493 sub
2861 2438 3184 2494 Constantio
3220 2438 3402 2494 fuerat
3427 2454 3548 2493 cum
3581 2437 3854 2490 Eudoxth

2326 2528 2530 2582 Acacio
2571 2528 2812 2585 Arianis.
2857 2530 2960 2583 Hic
3003 2529 3215 2584 Gothos
3250 2530 3486 2585 Arianos
3533 2544 3650 2584 esse
3693 2529 3855 2590 docuit,

2326 2627 2421 2697 qui
2452 2627 2677 2681 adunati
2711 2623 2879 2678 ferme
2906 2621 3098 2688 viginti
3122 2621 3348 2676 Graeciae
3372 2619 3750 2690 depOpulantnr
3766 2631 3858 2686 pro—

2330 2717 2564 2770 vincias.
2586 2715 2707 2780 Quo
2735 2711 2923 2767 audito
2947 2709 3170 2776 Valens,
3195 2728 3320 2765 cum
3340 2711 3638 2765 Antiochire
3665 2710 3858 2777 degeret,

2331 2809 2478 2864 venit
2536 2805 3101 2873 Constantinopolim.
3163 2804 3412 2874 Byzantii
3466 2819 3594 2857 vero
3649 2800 3859 2856 conviciis

2331 2902 2486 2954 illum
2521 2908 2706 2968 utpote
2742 2896 3042 2949 invalidum
3072 2904 3127 2950 et
3163 2895 3435 2949 bellorum
3468 2894 3702 2962 fugacem
3733 2903 3860 2941 accu-

2333 2990 2637 3045 tnulabant.
2673 2987 2924 3042 Hisacius
2954 2994 3163 3046 autem.
3195 3001 3357 3041 sacer
3387 2983 3861 3044 mouachus,tcncut

2334 3081 2549 3136 frenum
2581 3081 2708 3148 equi
2763 3080 3028 3141 Valentis,
3059 3094 3185 3132 cum
3231 3078 3535 3131 novissime
3571 3074 3862 3142 egrederetur

2339 3177 2392 3230 in
2425 3175 2696 3245 prteiiuni,
2724 3173 2796 3227 ait
2838 3172 2906 3226 ad
2936 3187 3060 3225 eum
3097 3189 3109 3224 :
3145 3171 3261 3237 Quo
3295 3171 3468 3232 vadis,
3501 3169 3763 3236 imperator
3792 3175 3864 3214 ott-

2336 3283 2515 3322 versus
2557 3265 2722 3319 Deum
2754 3279 2993 3332 pugnans
3023 3273 3070 3316 et
3112 3262 3274 3316 Deum
3309 3259 3666 3314 adversarium
3684 3253 3864 3308 trabeas!

2337 3360 2512 3422 Quem
2548 3358 2720 3410 iratus
2760 3356 2972 3408 carceri
3005 3353 3253 3414 tradidit,
3285 3361 3536 3426 mortem.
3559 3350 3626 3403 illi
3657 3348 3865 3406 minatus.

2338 3452 2384 3504 si
2426 3449 2650 3514 rediret,
2685 3451 3146 3517 quemadmodum
3174 3445 3397 3498 Micheaa
3414 3441 3682 3512 quondam
3703 3437 3866 3490 Achab.

2339 3543 2470 3596 Post
2510 3541 2887 3612 egressionem
2934 3546 3114 3592 autem
3142 3538 3260 3607 ejus
3293 3536 3519 3604 quidam
3545 3550 3609 3586 ex
3649 3533 3748 3586 suis
3773 3544 3868 3582 coii-

2341 3635 2476 3690 fessi
2527 3643 2657 3688 sunt
2696 3631 2841 3701 quod
2897 3631 3214 3700 praeceperit
3267 3628 3638 3682 divinationes
3685 3621 3779 3676 fieri
3823 3617 3870 3668 de

2343 3729 2547 3796 impetu
2581 3726 2729 3790 belli,
2761 3723 2906 3793 quod
2936 3723 3040 3778 sibi
3064 3721 3410 3776 imminebat.
3445 3719 3567 3785 Quo
3589 3733 3702 3771 cum
3727 3709 3868 3765 Gothis

2343 3820 2479 3873 inito
2508 3827 2800 3888 superatus
2823 3816 2964 3887 fugit
2995 3817 3050 3869 in
3083 3813 3382 3884 quamdam
3417 3807 3794 3867 domunculam,
3822 3802 3867 3853 ad

2343 3924 2507 3980 quam
2543 3925 2667 3963 cum
2697 3909 2914 3963 barbari
2948 3906 3357 3976 pervenissent,
3379 3904 3603 3958 domum
3633 3895 3868 3954 incenden-

2343 4010 2450 4066 tes,
2495 4001 2838 4070 iguorantes,
2869 4014 3062 4053 omnes
3095 3998 3186 4066 qui
3229 3996 3283 4050 in
3319 3997 3410 4050 illa
3447 4003 3608 4049 erant
3651 3999 3864 4045 cretum-

2347 4103 2494 4147 runt.
2523 4093 2693 4146 Aiunt
2718 4103 2902 4145 autem
2942 4090 3090 4161 quod
3123 4089 3346 4143 divinus
3375 4087 3630 4142 i-lisacius
3659 4083 3708 4136 iu
3739 4091 3862 4133 canc-

2346 4201 2404 4240 re
2429 4185 2643 4240 [αξιοι-ἧς
2669 4185 2976 4248 Valentem,
2997 4185 3128 4237 dum
3155 4191 3526 4243 cremaretur,
3553 4178 3724 4232 divina
3747 4167 3871 4243 gratia

2343 4287 2400 4334 et
2444 4278 2641 4332 animae
2674 4276 2947 4331 munditia
2987 4271 3467 4344 deprehenderet,
3517 4265 3875 4340 praedixeritque

2347 4370 2827 4438 interemptionem
2851 4369 2972 4436 ejus
2992 4367 3078 4422 his
3101 4367 3192 4434 qui
3222 4381 3416 4420 secum
3440 4373 3621 4426 erant,
3646 4361 3875 4423 antequam

2348 4463 2528 4519 nuntii
2560 4463 2911 4516 advenissent
2937 4459 3028 4529 qui
3063 4467 3215 4527 gesta
3255 4457 3432 4526 praelii
3462 4456 3774 4510 nuntiarent.
3792 4443 3877 4509 Quo

655 4551 712 4596 ct
735 4541 919 4598 divina
951 4543 1204 4596 doctrina
1246 4542 1510 4611 fulgebat,
1546 4541 1748 4596 multos
1778 4541 1999 4611 quidem
2032 4557 2246 4598 sermo-
2279 4564 2324 4621 η
2352 4561 2636 4622 comperio
2670 4550 2972 4605 Gratianus
3005 4550 3290 4618 Augustus
3324 4545 3697 4600 Theodosium
3741 4538 3880 4603 Augu-

661 4649 759 4689 nes
789 4634 1082 4702 asceticos,
1122 4633 1307 4704 plures
1355 4640 1537 4687 autem
1577 4633 1924 4703 dogmaticos
1961 4649 2030 4691 ex
2059 4635 2248 4691 divino

662 4728 869 4796 Spiritu
905 4741 1195 4784 emanans.
1235 4725 1496 4791 Quaedam
1537 4733 1717 4782 autem
1765 4727 2075 4781 studiorum
2126 4728 2248 4796 eius

656 4822 825 4874 etiam
857 4823 1128 4875 cantanda
1161 4819 1578 4891 Syristradidit,
1596 4833 1691 4888 per
1720 4821 1891 4874 melos
1920 4821 2248 4890 pertraheus

659 4913 1028 4983 antiquiores.
1058 4914 1227 4968 Aiunt
1257 4914 1442 4981 itaque
1483 4920 1756 4968 trecentas
1801 4928 1925 4966 eum
1967 4912 2247 4982 inyriadas

664 5021 920 5059 versuum
941 5003 1200 5067 edidisse,
1218 5019 1342 5060 vere
1373 5003 1557 5058 divina
1584 5003 1852 5072 sapientia
1874 5003 2248 5068 conditorum,

658 5099 718 5154 in
758 5098 960 5168 quibus
990 5098 1240 5154 invenies
1273 5096 1594 5154 discendam
1625 5096 1728 5154 viri
1755 5098 2034 5152 virtu-tem.

736 5190 919 5244 Mundi
947 5206 1090 5250 anno
1114 5189 1277 5252 5868,
1304 5189 1502 5245 divinae
1527 5189 1924 5245 incarnationis
1954 5202 2097 5242 anno
2121 5186 2249 5249 568.

660 5281 1116 5340 Messalianorum
1181 5284 1428 5348 hazresis,
1494 5281 1548 5337 id
1602 5293 1706 5346 est,
1766 5282 2138 5338 Euchetarum
2199 5288 2254 5333 et

665 5375 1172 5441 Enthusiastarum,
1201 5383 1392 5432 exorta
1419 5382 1524 5431 est.
1552 5373 1616 5430 Hi
1656 5375 1954 5445 psallentes
1992 5372 2256 5428 incedunt

659 5474 722 5520 et
753 5465 1008 5525 sumtibus
1042 5466 1331 5536 plaudunt,
1366 5481 1488 5537 qua:
1531 5467 1671 5535 apud
1708 5465 1875 5520 David
1897 5473 2027 5520 sunt
2068 5464 2255 5519 insen-

663 5565 788 5611 sate
837 5571 901 5610 ac
935 5557 1195 5613 velociter
1237 5559 1594 5626 excipientes.
1649 5555 1826 5624 Hujus
1877 5554 2256 5610 haeresiarchas

669 5647 884 5702 iladoes
935 5657 990 5704 et
1035 5647 1247 5703 Sabbas
1293 5658 1345 5708 et
1379 5650 1682 5719 Adelphius
1734 5648 2086 5711 exstiterunt,
2109 5656 2164 5701 et
2199 5655 2259 5700 ut

665 5742 894 5803 quidam
939 5741 1095 5794 aiunt
1129 5743 1452 5798 Eustathius
1498 5741 1879 5803 Sebastenus;
1921 5738 2122 5807 quibus
2169 5753 2256 5792 rc-

665 5833 860 5885 slitere
928 5831 1141 5886 fortiter
1193 5836 1532 5903 Amphilochi
1561 5852 1601 5887 ιε
1651 5832 1984 5894 Iconiensis,
2041 5831 2255 5884 Litoius

2355 4656 2502 4701 stum
2557 4645 2736 4698 induit
2787 4651 2840 4698 et
2879 4643 3173 4712 appellavit
3208 4642 3626 4710 imperatorem,
3659 4642 3709 4688 et
3734 4635 3880 4684 contra

2351 4735 2561 4790 Gothos
2622 4735 2845 4789 direxit.
2878 4734 3088 4788 Gothos
3130 4741 3312 4787 autem
3346 4734 3518 4801 vulgo
3566 4725 3775 4798 Scythas
3804 4712 3878 4767 diti

2353 4827 2631 4897 'i‘rajanus
2663 4827 2930 4896 patricius
2958 4825 3209 4894 perhibet
3244 4825 3297 4878 in
3319 4823 3579 4878 historia.
3601 4820 3720 4872 Erat
3748 4817 3881 4863 autem

2353 4918 2700 4974 Theodosius
2725 4919 3070 4977 orthodoxus
3090 4917 3220 4971 etin
3254 4916 3416 4970 hellis
3450 4909 3732 4967 mirabilis.
3761 4902 3882 4955 Porr"

2353 5009 2647 5064 Gratianus
2700 5017 2758 5063 et
2809 5008 3230 5063 Valentinianus
3290 5006 3412 5074 lege
3471 5005 3600 5056 data
3657 4997 3884 5065 episcopos

2353 5101 2552 5157 exsilio
2589 5111 3004 5163 revocaverunt,
3024 5101 3260 5156 Arianos
3283 5108 3467 5153 autem
3505 5088 3762 5167 persecuti
3779 5089 3882 5138 sum,

2355 5191 2595 5246 Damaso
2628 5201 2968 5261 coeperaute
2998 5206 3138 5261 papa
3175 5193 3448 5245 itaniano.

2429 5281 2617 5337 Mundi
2643 5297 2790 5336 anno
2809 5281 2969 5348 5874,
2991 5281 3195 5335 divina)
3211 5277 3622 5334 incarnationis
3645 5283 3776 5326 anno
3795 5261 3883 5318 575.

2357 5373 2710 5429 Theodosius
2763 5374 3022 5442 imperat,
3085 5373 3252 5442 cujus
3298 5372 3522 5439 imperii
3572 5369 3756 5439 quinto
3788 5368 3886 5413 anno

2363 5475 2554 5523 sancta
2597 5476 2650 5521 et
2695 5467 3029 5521 universalis
3090 5465 3336 5520 secunda
3378 5463 3628 5535 synodus
3673 5455 3886 5512 celebrata

2369 5567 2476 5620 est,
2505 5558 2592 5612 cui
2615 5557 2884 5626 praefuere
2901 5556 3222 5612 Timotheus
3237 5556 3667 5616 Alexandrinus,
3701 5543 3896 5606 Melctiut

2364 5651 2772 5713 Antiochenus,
2799 5649 3041 5720 Gyrillus
3073 5648 3612 5718 iiierosolymitanus
3642 5652 3696 5698 et
3723 5637 3899 5692 divin"s

2358 5743 2661 5811 Gregorius
2695 5741 3364 5813 Constantinopolitanus.
3420 5740 3484 5794 iii
3524 5756 3651 5795 vero
3680 5737 3764 5808 qui
3802 5744 3896 5780 runt

2362 5834 2683 5888 Macedonio
2717 5851 2942 5891 sensi-re
2970 5837 3200 5906 triginta
3237 5851 3327 5890 sex
3351 5833 3599 5904 episcopi
3624 5818 3861 5883 adhorlﬁli
3882 5828 3902 5864 ³
