4088 6456
319 438 433 506 1221

1079 431 1445 495 HISTORIA
1475 429 2053 497 ECCLESIASTICA
2075 432 2178 496 EX
2203 434 2685 500 ΤΗΕΟΡΗΑΝΕ.

3436 436 3575 505 1222

309 552 558 607 i‘atrihus
577 549 836 621 dogmata
859 546 1078 604 Nician:
1095 550 1400 617 suscipere,
1420 549 1724 603 secundum
1744 549 1892 618 quod
1920 553 1969 612 Α
1996 549 2273 608 Praeterea
2305 568 2427 608 cum
2466 554 2767 624 imperator
2786 553 3011 608 Romam
3046 553 3310 619 venisset,
3334 556 3573 613 accessit

313 643 592 700 t'lbibCI’JO
623 641 1078 712 repromitteutes
1122 641 1340 695 libellos
1374 648 1737 710 porrexerant
1770 659 1784 692 :
1822 642 1878 698 lii

309 740 389 809 qui
418 740 567 792 circa
622 735 907 791 Silvanum
932 744 1093 790 erant
1126 733 1356 788 Romam
1395 736 1734 800 transmissi,
1789 749 1881 788 rc-

314 837 541 885 nuerunt
575 828 793 883 veritati
832 827 1208 896 acquiescere,
1260 832 1317 879 et
1343 836 1696 882 recesserunt
1732 826 1881 881 risus

307 924 554 977 ouuiihus
585 920 736 987 facti,
763 920 867 974 alia
884 921 1187 975 sentientes
1200 928 1255 973 et
1280 918 1388 972 alia
1412 919 1754 988 pollicentes,
1788 934 1881 973 se-

299 1016 545 1072 ductorie
565 1014 772 1069 Liberii
804 1015 1067 1083 epistolas
1094 1022 1461 1085 reportantes,
1499 1013 1878 1068 testimonium

304 1107 399 1162 sibi
434 1107 792 1178 perhibentes
826 1106 1191 1162 orthodoxiaa.
1227 1105 1431 1161 Sancta
1467 1119 1598 1159 vero
1631 1103 1879 1175 synodus

290 1198 562 1269 ‘Gregorio
583 1199 844 1270 deiloquo
881 1199 1265 1267 episcopatum
1308 1196 1878 1266 Constantinopoleos

301 1290 595 1355 roboravit,
618 1300 675 1345 et
696 1291 844 1346 hunc
866 1291 1099 1345 invitum
1128 1293 1180 1344 in
1206 1275 1410 1345 throno
1435 1290 1658 1353 locavit,
1685 1296 1878 1360 utpote

302 1382 526 1436 Inuitum
562 1383 909 1438 laborantem
951 1394 1004 1438 et
1031 1384 1224 1438 urbem
1261 1400 1288 1436 a
1336 1382 1563 1437 laesione
1593 1384 1876 1438 haereseos

301 1475 634 1529 liberantem.
657 1474 904 1545 Cumque
926 1475 1218 1530 didicisset
1248 1473 1516 1545 quosdam
1542 1489 1611 1530 ex
1641 1474 1877 1545 Egypto

292 1565 739 1635 sapientissimus
757 1576 814 1621 et
831 1566 1187 1623 beatissimus
1210 1568 1314 1624 iste
1330 1569 1463 1623 huic
1490 1570 1569 1623 rei
1600 1570 1873 1633 invidere,

293 1658 682 1727 compositorl‘o
713 1674 971 1715 sermone
1002 1671 1228 1716 ostenso
1258 1667 1460 1730 sponte
1494 1676 1523 1714 a
1553 1662 1754 1716 throno
1785 1676 1876 1716 re:

292 1750 510 1818 gnantis
559 1750 712 1805 urbis
746 1752 1056 1818 abscessit;
1117 1766 1230 1821 quo
1287 1750 1551 1806 thronum
1597 1752 1875 1808 relntante

284 1840 600 1897 Nectarium
642 1844 943 1912 imperator
974 1853 1029 1898 et
1051 1844 1299 1915 synodus
1328 1844 1602 1915 provehit,
1624 1843 1872 1901 Tarsen-

1987 643 2055 696 ad
2089 656 2214 697 eum
2237 645 2534 713 episcopus
2566 645 2799 699 consilio
2834 644 3139 699 Innocentii
3164 643 3400 699 Romani
3436 660 3573 716 pon-

1985 735 2170 800 tificis,
2203 745 2397 792 contra
2428 737 2746 792 Flavianum
2780 736 3100 807 episcopum
3137 737 3572 795 Antiuchenum.

1983 824 2288 897 Imperator
2315 837 2517 895 autem,
2536 844 2600 884 ea
2623 846 2744 899 qua:
2767 828 2833 883 ad
2868 845 3058 896 pacem
3086 837 3213 885 sunt
3236 829 3564 893 admonens,

1983 931 2081 972 eos
2152 919 2328 972 univit
2386 932 2505 988 post
2545 920 2732 975 decem
2793 930 2846 975 et
2882 931 3090 991 septem
3143 922 3569 991 annos,jnbens

1982 1010 2302 1080 episcopum
2334 1012 2402 1066 de
2431 1011 2655 1067 Oriente
2686 1016 2915 1067 Romam
2949 1015 3154 1080 venire,
3192 1029 3319 1069 cum
3358 1030 3466 1085 quo
3512 1021 3567 1069 et

1983 1101 2274 1158 Bernensis
2305 1104 2543 1159 Aeacius
2567 1106 2772 1161 missus
2795 1114 2901 1161 est.

2050 1194 2239 1250 Mundi
2297 1211 2441 1254 anno
2477 1196 2638 1262 5890,
2701 1199 2904 1253 divina:
2963 1199 3371 1253 incarnationis
3419 1212 3567 1253 anno

1979 1288 2105 1357 590,
2143 1290 2413 1347 Arcadius
2465 1307 2589 1347 cum
2625 1290 2870 1347 Honorio
2900 1293 3156 1362 irruperat,
3211 1293 3371 1363 cujus
3407 1303 3566 1349 sexto

1981 1384 2195 1452 imperii
2217 1398 2361 1440 anno
2396 1382 2686 1440 Nectarius
2728 1386 2985 1438 moritur.
3016 1381 3356 1453 Theophilus
3387 1393 3567 1438 autem

1977 1477 2272 1549 episc0pus
2296 1480 2705 1534 Alexandrinus
2730 1493 2852 1534 cum
2880 1470 3118 1543 adesset,
3146 1474 3379 1532 Joannis
3397 1476 3572 1547 Chry—

1978 1573 2207 1627 sostomi
2243 1572 2537 1642 prohibere
2590 1571 2878 1641 satagebat
2909 1569 3257 1634 electionem,
3295 1566 3567 1621 Isidorum

1975 1665 2267 1735 quemdam
2300 1665 2681 1735 presbyterum
2709 1678 2894 1727 suum,
2929 1663 3032 1732 'qui
3061 1662 3165 1717 sibi
3214 1660 3571 1715 ministrave-

1976 1768 2082 1823 rat,
2131 1756 2357 1828 dignum
2406 1756 2730 1826 episc0patu
2801 1754 2968 1823 regiae
3022 1753 3180 1808 urbis
3238 1738 3599 1807 testiﬁcansa

1977 1851 2282 1922 Imperator
2331 1857 2515 1904 autem
2548 1860 2602 1905 et
2662 1858 2776 1903 tota
2820 1847 3018 1903 civitas
3056 1845 3323 1901 Joannem
3360 1846 3429 1900 ab
3460 1846 3571 1899 An-

293 1947 403 1988 sem
428 1948 629 2005 genere
656 1942 713 1989 et
737 1936 998 2005 praetorio
1033 1945 1166 1990 tunc
1206 1937 1645 2007 principantem;
1679 1938 1772 2003 qui
1799 1939 1870 1991 li-
1909 1933 1950 1988 Β
1982 1942 2182 1996 tiochia
2242 1942 2308 1996 ad
2342 1942 2395 1997 id
2427 1943 2497 1996 ab
2531 1942 2653 2012 ipso
2706 1948 2961 1994 vocatum
3006 1939 3323 1994 consecrari
3369 1939 3565 1993 voluit.

291 2029 376 2075 cet
409 2023 654 2077 nondum
680 2024 993 2094 baptizatus
1025 2034 1198 2090 esset,
1248 2027 1544 2096 religiosus
1596 2035 1779 2082 tamen
1809 2034 1865 2081 et

289 2113 412 2167 vitae
461 2116 794 2172 venerabilis
820 2123 963 2171 erat.
1015 2116 1189 2172 Porro
1236 2128 1427 2174 sancta
1460 2120 1869 2175 etuniversalis

280 2205 535 2275 synodus
595 2208 924 2263 homousion
975 2210 1260 2273 firmavit,
1315 2211 1527 2265 addidit
1575 2220 1759 2266 autem
1814 2219 1871 2266 et

280 2295 535 2365 symbolo
556 2297 886 2368 theologiam
907 2298 1146 2370 Spiritus
1162 2303 1361 2357 sancti.
1386 2300 1541 2357 Tunc
1567 2302 1868 2373 Gregorius

281 2387 541 2444 Nicaeus
563 2389 621 2444 in
657 2390 759 2445 hac
788 2399 844 2445 et
866 2391 1120 2460 Pelagius
1148 2392 1521 2465 Eulogiusque
1554 2395 1866 2450 Edessenus

278 2489 338 2535 et
369 2480 675 2539 Iconiensis
709 2484 1126 2553 Amphilochius
1159 2488 1530 2541 coruscabant
1578 2502 1705 2541 cum
1739 2504 1858 2543 ma-

276 2587 393 2643 gno
423 2571 693 2643 Gregorio
721 2584 776 2629 et
804 2576 941 2631 viris
976 2576 1248 2645 praefatis.
1271 2577 1506 2648 Magnus
1535 2591 1720 2635 autem
1753 2579 1869 2635 Mc-

281 2665 451 2721 letius
485 2666 884 2731 Antiocheam,
942 2677 1239 2739 postquam
1271 2669 1517 2742 synodus
1548 2683 1632 2726 est
1690 2673 1866 2738 ﬁnita,

270 2755 546 2812 dormivit
584 2759 639 2813 in
679 2774 835 2828 pace.
870 2762 1180 2816 Ordinatus
1215 2775 1399 2817 autem
1434 2773 1520 2818 est
1567 2763 1869 2821 Flavianus

278 2852 597 2907 Antiochiae
627 2853 848 2922 praesul,
886 2856 1104 2910 vivente
1138 2858 1377 2925 quodam
1399 2856 1650 2922 Paulino,
1672 2872 1870 2925 quam-

277 2960 451 3014 quam
481 2944 623 3000 idem
643 2944 938 3003 Flavianus
961 2950 1220 3018 praestitis
1249 2947 1552 3003 ﬁrmaverit
1578 2949 1870 3016 iuramen-

276 3037 357 3091 tis
388 3052 670 3106 nunquam
713 3054 776 3094 se
806 3056 1006 3096 manus
1072 3042 1483 3111 impositionem
1511 3044 1868 3111 episcOpatus

279 3128 563 3186 ullatenus
594 3130 991 3187 admissurum.
1019 3132 1224 3188 Iterum
1250 3147 1381 3204 ergo
1405 3134 1646 3189 turbatio
1679 3135 1871 3192 Eccle-

273 3222 424 3278 siam
456 3222 741 3279 obtinebat
763 3225 1190 3293 Antiochenam,
1213 3227 1335 3280 aliis
1364 3228 1584 3296 quidem
1615 3227 1868 3296 Pauline,

274 3312 405 3368 aliis
436 3328 571 3368 vero
611 3313 878 3370 Flaviano
921 3318 1266 3386 parentibus.
1311 3318 1471 3388 Apud
1520 3319 1869 3374 Palaéstinam

274 3418 416 3458 vero
439 3405 493 3461 in
512 3405 745 3462 castello
767 3406 1026 3464 Etnmans
1045 3418 1208 3463 natus
1243 3419 1327 3464 est
1381 3426 1519 3480 puer
1568 3412 1867 3481 perfectus,

270 3499 352 3551 ab
402 3498 664 3552 umbilico
694 3508 751 3554 et
781 3514 1005 3555 sursum
1042 3500 1278 3565 divisus,
1312 3502 1383 3556 ita
1412 3512 1469 3556 ut
1500 3502 1728 3557 haberet
1759 3503 1873 3556 duo

266 3599 509 3660 pectora
565 3600 621 3647 et
651 3591 764 3648 duo
794 3594 1002 3664 capita,
1034 3603 1091 3648 et
1149 3596 1537 3665 unusquisque
1559 3610 1783 3662 sensus,
1815 3603 1871 3651 et

263 3699 428 3740 unus
466 3684 666 3740 edebat
700 3694 755 3741 et
788 3688 1031 3754 bibebat,
1055 3695 1110 3741 et
1136 3688 1276 3742 alter
1326 3703 1436 3743 non
1458 3688 1692 3756 edebat;
1724 3704 1869 3746 unus

264 3774 612 3841 dormiebat,
660 3786 717 3832 et
759 3779 899 3833 alter
937 3778 1219 3849 vigilabat.
1268 3777 1678 3845 Nonnunquam
1736 3797 1869 3838 vero

266 3876 327 3922 et
355 3870 532 3924 simul
558 3870 823 3926 ludebant
853 3871 922 3926 ad
955 3874 1309 3939 alterutrum,
1341 3884 1394 3927 et
1414 3873 1578 3928 nebat
1610 3881 1862 3944 uterque,

258 3971 324 4016 et
354 3964 750 4033 percutiebant
774 3966 1032 4020 invicem.
1060 3964 1237 4020 Porro
1280 3967 1468 4022 vixere
1500 3965 1664 4021 annis
1695 3965 1870 4022 ferme

254 4055 520 4121 duobus,
561 4066 617 4113 et
671 4073 820 4113 unus
851 4057 1076 4128 quidem
1108 4067 1366 4114 mortuus
1420 4066 1525 4125 est,
1570 4060 1710 4115 alter
1738 4075 1873 4115 vero

253 4152 415 4207 vixit
435 4151 633 4209 diebus
658 4163 918 4223 quatuor,
945 4162 999 4209 et
1029 4163 1281 4211 mortuus
1311 4163 1398 4210 est
1449 4164 1505 4211 et
1529 4156 1666 4226 ipse.
1691 4153 1872 4212 Theo-

250 4244 475 4300 dosius
531 4245 1056 4302 autem-undecimo
1111 4248 1326 4318 imperii
1376 4248 1460 4305 sui
1515 4264 1661 4303 anno
1721 4249 1870 4303 venit

251 4352 405 4392 cum
435 4336 680 4394 Honorio
706 4338 817 4394 lilio
857 4355 960 4395 suo
987 4338 1245 4407 Romam,
1276 4351 1333 4397 et
1363 4344 1566 4397 locavit
1608 4360 1730 4397 eum
1765 4345 1868 4398 im-

253 4441 590 4500 peratorem
630 4432 684 4486 in
717 4448 802 4488 ea.

346 4522 543 4578 Mundi
574 4539 720 4580 aiino
743 4526 907 4588 5890,
925 4525 1125 4581 divina:
1147 4526 1546 4581 incarnationis
1571 4544 1716 4580 anno
1737 4510 1865 4596 590,

1981 2036 2110 2090 Erat
2140 2036 2286 2090 enim
2316 2034 2558 2090 Joannes
2592 2050 2656 2089 ex
2689 2033 3021 2089 clarissimis
3076 2030 3563 2093 Antiochensium,

1981 2138 2135 2197 patre
2166 2126 2419 2182 Secundo
2446 2137 2499 2181 et
2532 2126 2785 2181 Anthnsa
2820 2131 2994 2177 matre
3033 2121 3272 2192 genitus.
3308 2120 3409 2174 Hic
3439 2135 3565 2173 cum
3594 2156 3603 2163 ι

1979 2229 2123 2275 esset
2153 2220 2556 2275 disertissimus
2587 2233 2653 2272 ex
2677 2216 2861 2270 divina
2891 2214 3130 2268 maxime
3160 2213 3363 2284 gratia,
3397 2211 3564 2264 etiam

1981 2312 2271 2369 acerrimis
2308 2312 2592 2383 gentilium
2638 2309 2905 2380 sophistis
2929 2306 3198 2361 mirabilis
3229 2305 3567 2366 habebatur;

1980 2406 2126 2461 unde
2159 2404 2419 2460 Libanius
2466 2407 2612 2459 circa
2647 2410 2879 2456 mortem
2908 2401 3287 2467 interrogatus
3331 2412 3360 2449 a
3393 2395 3570 2450 disci-

1978 2492 2124 2562 pulis
2182 2492 2434 2560 quisnam
2474 2489 2843 2567 eruditionem
2899 2496 3023 2558 post
3071 2502 3196 2541 cum
3232 2487 3566 2555 susciperet,

1979 2583 2381 2651 aitzloannes,
2435 2584 2543 2637 nisi
2590 2584 2729 2636 hunc
2780 2580 3148 2636 Christiania
3179 2578 3328 2632 nobis
3396 2576 3571 2646 furati

1976 2677 2225 2746 fuissent.
2262 2675 2522 2731 Eruditus
2575 2689 2815 2743 namque
2861 2680 2948 2728 est
2995 2670 3303 2740 Scripturis
3362 2668 3568 2723 divinis

1974 2769 2401 2839 Chrysostomns
2440 2768 2585 2838 apud
2616 2766 2926 2821 Carterium
2969 2763 3263 2834 quemdam
3306 2762 3563 2817 abbatem

1976 2860 2264 2931 cuilisdam
2296 2859 2641 2925 monasterii,
2671 2858 2938 2929 encycliis
2971 2872 3103 2912 vero
3142 2870 3311 2926 penes
3334 2855 3447 2924 jam
3480 2856 3567 2910 di-

1976 2963 2126 3007 ctum
2155 2952 2470 3007 Libanium.
2513 2951 2942 3007 Macedonianus
2997 2956 3179 3003 autem
3211 2947 3435 3018 quidam
3471 2963 3568 3018 per

1979 3047 2143 3116 hujus
2161 3047 2468 3102 doctrinam
2484 3045 2720 3100 accessit
2740 3045 2805 3099 ad
2828 3043 3157 3105 Ecclesiam,
3176 3042 3564 3113 quipropriam

1978 3153 2204 3194 uxorem
2248 3139 2500 3194 hortatus
2529 3146 2588 3193 ut
2628 3144 3050 3193 converteretur
3081 3144 3134 3190 et
3185 3135 3568 3190 communica-

1975 3241 2084 3298 ret,
2111 3233 2199 3288 vix
2236 3231 2573 3303 persuadere
2603 3231 2889 3302 praevaluit
2924 3247 2937 3284 :
2973 3229 3066 3284 illa
3095 3245 3223 3284 vero
3254 3230 3390 3283 dans
3414 3242 3569 3282 com-

1979 3324 2295 3380 munionem
2322 3325 2534 3379 ancillze
2569 3340 2700 3387 suat,
2732 3339 2855 3393 qua:
2888 3331 3009 3378 erat
3037 3338 3103 3377 ex
3135 3319 3564 3384 Macedonianis,

1970 3417 2139 3486 jussit
2168 3416 2372 3472 habere
2406 3430 2618 3471 secum.
2652 3414 2904 3483 Cumque
2934 3412 3265 3468 accessisset
3299 3412 3363 3465 ad
3391 3411 3567 3481 Chry~

1975 3522 2306 3572 sostomum,
2340 3516 2595 3580 suscepta
2622 3524 2688 3562 ex
2737 3507 2947 3563 sanctis
2974 3505 3230 3560 manibus
3265 3503 3386 3572 ejus
3413 3516 3566 3557 com-

1975 3603 2261 3666 munione,
2317 3602 2462 3656 hanc
2503 3618 2563 3656 se
2594 3601 2807 3670 ﬁngens
2839 3614 3058 3653 sumere
3100 3604 3382 3667 postremo
3431 3610 3566 3665 por-

1976 3697 2119 3750 rexit
2153 3694 2388 3756 ancillae,
2423 3704 2478 3748 et
2504 3702 2785 3761 acceptam
2835 3688 3362 3743 Macedonianorum
3414 3700 3566 3739 eom-

1974 3788 2293 3843 mnnionem
2330 3787 2396 3843 ad
2417 3800 2482 3842 os
2515 3780 2695 3848 aii'ert,
2723 3791 2775 3839 et
2819 3782 3031 3838 invenit
3059 3796 3180 3836 eam
3211 3778 3449 3849 lapidem
3484 3776 3567 3830 fa-

1975 3886 2147 3935 ctam.’
2175 3876 2315 3939 Tum
2360 3878 2619 3933 deterrita
2654 3882 2705 3931 el
2738 3872 3062 3930 tremefacta
3102 3872 3334 3942 pedibus
3371 3871 3564 3924 incur-

1973 3981 2136 4025 vatur
2162 3968 2412 4035 Joannis,
2467 3962 2835 4024 temeritatem
2869 3968 3141 4020 conlitens
3180 3974 3234 4019 et
3269 3962 3566 4017 sinceriter

1975 4064 2042 4117 ad
2072 4062 2377 4119 Ecclesiam
2416 4061 2655 4118 rediens.
2698 4058 2874 4115 Porro
2914 4059 3055 4128 lapis
3095 4057 3371 4128 repositus
3393 4065 3477 4111 est
3509 4056 3564 4109 in

1974 4172 2234 4214 vasorum
2260 4155 2602 4212 custodiario
2631 4152 3018 4208 reservandus.
3045 4148 3151 4206 Per
3180 4147 3321 4204 idem
3346 4159 3564 4217 tempus

1972 4248 2268 4314 Arsenius,
2295 4249 2388 4319 qui
2425 4262 2658 4318 magnus
2687 4246 2754 4300 ad
2786 4245 3047 4300 sacculum
3076 4243 3277 4307 fuerat,
3317 4248 3563 4295 contem-

1972 4342 2082 4412 ptis
2108 4342 2368 4397 omnibus
2392 4340 2632 4395 divinam
2658 4337 3061 4413 philosophiam
3095 4335 3237 4407 apud
3264 4332 3560 4404 Egyptum

1972 4436 2316 4501 sectabatur,
2350 4436 2463 4489 vita
2494 4440 2550 4486 et
2578 4432 2748 4487 verbo
2775 4438 2941 4501 atque
2966 4427 3252 4483 miraculis
3286 4427 3340 4480 in
3368 4426 3564 4479 ordine

1972 4530 2284 4586 monastico
2312 4528 2552 4599 fulgens.

253 4616 577 4671 Nectarius
608 4616 1265 4689 Constantinopolitanus
1302 4621 1598 4689 episcopus
1629 4621 1865 4693 presby-
1889 4623 1944 4684 D
1982 4626 1987 4627 “
2044 4620 2229 4677 Mundi
2261 4597 2417 4676 anno
2436 4617 2599 4682 5896,
2632 4617 2832 4689 divina:
2854 4613 3252 4671 lncarnationis
3270 4627 3415 4667 anno
3433 4597 3562 4678 396,

247 4723 459 4766 terum
495 4712 795 4780 prohibuit,
825 4712 920 4782 qui
967 4719 1086 4766 erat
1115 4727 1282 4782 super
1333 4713 1719 4783 penitentiam
1750 4713 1866 4788 (11)

244 4802 635 4871 constitutus,
659 4812 882 4874 propter
912 4812 1201 4874 peccatum
1238 4805 1383 4877 quod
1419 4821 1448 4860 a
1473 4806 1713 4879 quodam
1745 4809 1865 4864 dia-

244 4914 415 4954 cono
465 4897 672 4953 t'actum
725 4898 909 4953 fuerat
969 4898 1025 4953 in
1058 4900 1295 4955 ecclesia
1333 4900 1388 4953 in
1415 4899 1700 4955 mulierem
1745 4917 1867 4975 quae

244 4993 512 5048 vacabat
553 4991 658 5046 sub
693 4990 1015 5061 pmnitentia
1042 5008 1057 5046 :
1082 4993 1225 5063 apud
1270 4990 1497 5047 Romam
1553 5009 1705 5060 vero,
1730 4996 1865 5052 etin

247 5093 390 5140 toto
424 5083 727 5139 Occidente
744 5083 1036 5154 diligenter
1057 5092 1423 5138 conservatur
1448 5094 1621 5151 usque
1647 5086 1698 5136 in
1727 5100 1869 5153 prae-

248 5192 426 5239 sens,
462 5184 517 5233 et
540 5177 697 5231 locus
724 5174 1126 5246 paenitentibus
1152 5180 1495 5245 segregatur.
1521 5173 1867 5232 Theodosius

246 5276 463 5323 autem
522 5269 696 5339 legem
736 5266 983 5338 scripsit,
1040 5267 1325 5322 mulierem
1386 5268 1440 5323 in
1494 5269 1864 5326 diacouissam

250 5375 381 5415 non
434 5361 890 5433 promerendam,
933 5361 1037 5417 nisi
1109 5346 1394 5433 sexaginta
1461 5362 1867 5417 transcenderit

246 5467 476 5518 annos,
500 5453 802 5509 secundum
825 5453 1178 5527 Apostolum.
1199 5452 1410 5508 Interea
1431 5451 1673 5510 Joannes
1695 5456 1864 5525 (Ihry-

248 5555 599 5610 sostomus,
626 5549 915 5620 presbyter
947 5547 1224 5602 exsistens
1259 5546 1662 5608 Antiochenus.
1698 5547 1865 5601 mira-

246 5639 415 5695 biles
454 5656 740 5696 sermones
774 5640 839 5694 ad
864 5640 1351 5694 commonitionem
1383 5653 1572 5693 corum
1605 5638 1698 5708 qui
1728 5653 1864 5693 con-

242 5742 349 5789 tra
377 5735 704 5804 imperiales
732 5743 944 5792 statuas
971 5748 1133 5803 agere
1161 5741 1634 5803 prtesumpserant
1666 5731 1864 5790 edidit.

1972 4710 2217 4767 Joannes
2252 4711 2692 4781 Chrysostomus
2729 4707 2920 4762 multis
2961 4706 3017 4760 in
3045 4704 3157 4759 vita
3192 4714 3246 4759 et
3274 4705 3448 4759 verbo
3481 4705 3567 4758 di-

1972 4802 2231 4872 vinisque
2262 4800 2698 4856 charismatibus
2727 4796 3046 4868 splendens,
3084 4805 3139 4852 et
3171 4796 3319 4851 circa
3343 4810 3563 4850 omnem

1971 4895 2230 4950 virtutem
2267 4892 2553 4948 districtus
2587 4891 2886 4958 exsistens,
2909 4890 3240 4960 diligebatur
3273 4904 3301 4942 a
3335 4889 3563 4959 populo,

1974 4987 2066 5056 qui
2105 4985 2480 5040 aediﬁcabatur
2524 4983 2685 5039 valde
2729 4983 3002 5038 doctrinis
3032 4983 3173 5053 ejus.
3214 4979 3277 5034 Hi
3304 4996 3434 5035 vero
3469 4981 3563 5050 qui

1977 5077 2262 5131 luxuriose
2294 5076 2550 5143 vivebant
2583 5090 2643 5131 se
2672 5074 2995 5130 avertebant
3022 5075 3093 5129 ab
3122 5073 3238 5134 illo,
3268 5072 3361 5141 qui
3420 5080 3476 5125 et
3506 5073 3562 5125 in

1975 5168 2143 5234 bello,
2168 5167 2315 5238 quod
2343 5168 2610 5223 adversus
2634 5182 2760 5222 eum
2789 5177 3003 5239 gestum
3025 5174 3133 5231 est,
3158 5164 3368 5233 operati
3399 5172 3561 5229 sunt;

1974 5260 2116 5316 inter
2147 5275 2268 5332 qum
2304 5261 2588 5329 contigere
2617 5273 2741 5331 qua:
2773 5262 2922 5314 circa
2988 5256 3316 5327 Eutropium
3381 5269 3564 5308 eunu-

1976 5355 2140 5409 chum
2191 5362 2344 5424 gesta
2377 5362 2529 5418 sunt,
2563 5353 2698 5422 quin
2733 5360 2787 5406 et
2820 5351 3101 5406 contentio
3134 5346 3424 5403 Severiani
3455 5343 3567 5402 Ga-

1976 5446 2425 5503 balensiscontra
2443 5446 2804 5515 Serapionem
2827 5441 3277 5498 archidiaconum
3308 5438 3565 5503 Joannis,

1973 5552 2031 5595 et
2062 5540 2195 5595 illud
2220 5540 2364 5610 quod
2402 5548 2584 5594 actum
2624 5545 2710 5592 est
2747 5538 2815 5591 de
2844 5535 3070 5607 Longis,
3115 5536 3209 5605 qui
3244 5549 3307 5589 ex
3328 5532 3567 5604 {Egypto

1977 5632 2233 5704 fugerant
2269 5639 2492 5702 propter
2542 5629 2946 5700 TheOphilum;
2981 5643 3196 5683 necnon
3236 5638 3292 5683 et
3312 5625 3458 5680 illud
3498 5625 3571 5680 de

1976 5726 2180 5784 litteris
2212 5724 2503 5798 Theophili
2536 5725 2605 5780 ad
2636 5721 3033 5794 Epiphaniam,
3056 5720 3133 5777 Ex
3163 5720 3369 5792 quibus
3388 5716 3572 5775 omni-

1810 5841 2042 5900 NOTIE.

330 5944 461 6017 (Η)
486 5943 656 6014 Super
680 5944 859 6014 pwnit.
894 5941 1029 6001 llist.
1061 5942 1300 6012 Tripart.
1340 5957 1415 6009 ix,
1448 5939 1535 5995 55.
1559 5939 1721 5995 ῈΔΒιι.
