4088 6480
346 439 490 508 1225

1171 427 1541 492 HISTORIA
1565 421 2148 487 ECCLESIASTICA
2177 421 2283 484 EX
2314 419 2798 482 THEOPIIANE.

3482 415 3620 479 1296

343 555 609 618 ducebat,
641 560 694 607 et
737 547 1047 605 Anatolium
1079 545 1324 600 Orientis
1362 541 1659 610 stratigon.
1696 536 1930 592 Yarara-
1956 535 2010 597 Î‘
2034 548 2168 590 vero
2225 533 2517 590 Nestdrius
2557 534 2706 605 quod
2767 527 3098 601 patriarcha:
3137 527 3321 582 taliter
3370 527 3624 582 ecclesiis

346 663 447 702 nes
470 653 652 700 autem
679 643 862 699 sciens
891 640 1305 712 superationem
1343 650 1498 691 suam
1524 631 1760 700 suscipit
1782 630 1933 699 lcga-

347 742 580 805 tionem,
619 749 676 792 et
698 737 802 790 ista
836 733 1149 805 persecutio
1172 729 1412 785 cessavit
1428 742 1550 797 quae
1584 726 1639 779 in
1663 722 1934 779 Christia-

347 847 454 886 nos
510 829 844 900 agitabatur.
902 825 1174 880 Caeterum
1231 819 1581 874 Theodosius
1632 817 1934 886 imperator

344 916 874 977 communicatrices
898 915 1108 969 habens
1133 909 1451 982 hymnodize
1487 907 1742 978 proprias
1771 917 1932 960 soro-

346 1029 462 1079 res,
503 1025 626 1082 quae
657 1008 1028 1080 virginitatem
1059 1015 1175 1060 tota
1210 1005 1319 1058 vita
1345 1002 1735 1065 sectabantur,
1761 1012 1935 1067 super

348 1102 733 1175 hujuscemodi
783 1099 1069 1157 beneflciis
1111 1097 1220 1154 Deo
1252 1097 1461 1167 gratias
1517 1109 1686 1164 agens
1718 1090 1938 1163 hymnis

350 1199 502 1254 hunc
523 1196 752 1250 laudare
777 1193 999 1265 penitus
1019 1205 1128 1246 non
1149 1189 1425 1246 cessabat.
1448 1187 1934 1277 Sisinniusantem

349 1287 1007 1358 Constantinopolitanus
1036 1283 1331 1354 episcOpns
1355 1280 1611 1336 Proclum
1643 1281 1938 1332 consecrat

348 1382 675 1453 episcopum
707 1379 925 1451 Cyzici;
963 1391 1128 1446 quem
1163 1373 1424 1446 Cyziceni
1459 1387 1568 1428 non
1627 1367 1940 1438 suscipien-

351 1485 463 1540 tes,
520 1472 855 1526 monachum
895 1465 1190 1539 quemdam
1239 1475 1444 1536 praeter
1493 1470 1678 1516 votum
1705 1455 1940 1514 Sisinnii

353 1565 685 1622 Dalmatium
705 1561 915 1617 dictum
947 1555 1548 1616 consecrant.Proclus
1579 1561 1760 1608 autem
1815 1565 1941 1621 pro-

353 1658 530 1728 priam
562 1653 858 1710 ecclesiam
889 1667 998 1706 non
1029 1651 1239 1705 habens
1267 1643 1757 1714 Constantinopoli
1809 1643 1942 1696 hor-

353 1757 476 1802 tatu
507 1745 734 1802 Sisinnii
770 1741 1042 1799 doctrinis
1082 1740 1363 1810 pollebat;
1389 1737 1483 1808 qui
1513 1735 1762 1803 ejusdem
1787 1733 1942 1789 urbis

354 1855 470 1895 non
496 1838 672 1892 multo
701 1843 827 1907 post
860 1835 1154 1890 ordinatur
1201 1832 1462 1887 antistes.
1516 1827 1782 1897 Sequenti
1813 1841 1942 1881 vero

354 1947 504 1988 anno
531 1930 821 2000 Philippus
849 1929 1138 1999 presbyter
1167 1924 1312 1980 Sidae
1359 1921 1731 1978 Christianam
1770 1918 1944 1975 histo-

357 2029 496 2080 riam
524 2025 579 2079 in
607 2024 828 2094 triginta
856 2037 951 2077 sex
992 2022 1162 2076 libros
1189 2017 1505 2087 descripsit.

431 2117 619 2171 Mundi
675 2129 822 2170 anno
871 2113 1034 2178 5923,
1083 2111 1285 2167 divina:
1337 2108 1740 2165 incarnationis
1801 2121 1948 2164 anno

355 2212 487 2278 425,
524 2208 771 2265 Sisinnio
815 2207 1079 2264 defuncto
1111 2205 1404 2260 Nestorius
1432 2188 1951 2270 Constantinopoli-

357 2309 524 2356 tanus
554 2299 614 2354 lit
646 2297 966 2368 episcopus.
996 2293 1122 2350 Mox
1173 2308 1305 2350 vero
1328 2293 1592 2347 thronum
1623 2288 1951 2345 conscendit

358 2408 599 2464 nequam
649 2392 784 2446 fides
817 2390 962 2460 ejus,
1022 2394 1080 2444 et
1123 2402 1424 2458 perversus
1474 2387 1530 2440 in
1591 2382 1950 2454 dogmatibus

355 2500 565 2542 sensus
605 2483 1022 2540 ostendebatur.
1077 2480 1384 2535 Homeliam
1446 2478 1654 2548 quippe
1709 2475 1778 2532 de
1845 2476 1950 2532 fide

359 2577 614 2648 protulit,
667 2576 915 2648 syncello
953 2589 1061 2630 suo
1118 2572 1446 2644 praecipiens
1471 2579 1531 2626 ut
1577 2571 1722 2626 hanc
1759 2584 1950 2625 coram

357 2669 599 2724 ecclesia
661 2665 1011 2736 praedicaret,
1048 2663 1338 2719 habentem
1365 2660 1438 2714 ita
1468 2679 1483 2714 :
1514 2658 1611 2713 Dei
1636 2658 1952 2715 Genitricem

364 2761 602 2815 Mariam
631 2768 775 2814 vocet
805 2774 956 2813 nemo
987 2771 1008 2811 :
1037 2754 1220 2809 Maria
1265 2753 1407 2808 enim
1435 2751 1592 2806 homo
1635 2758 1772 2818 erat,
1802 2759 1852 2808 et
1883 2749 1950 2804 ab

360 2854 574 2908 homine
625 2850 800 2906 Deum
833 2849 980 2921 gigni
1034 2844 1362 2918 impossibile
1389 2854 1490 2900 est.
1549 2842 1703 2898 lianc
1757 2857 1950 2898 vocem

359 2944 602 3013 primum
641 2941 994 3012 reprehendit
1023 2937 1295 2994 Eusebius
1322 2937 1550 3006 quidam
1580 2936 1951 2992 scholasticus

361 3035 732 3105 imperatricis
762 3030 1361 3100 Constantinopoleos;
1385 3028 1533 3085 unde
1555 3029 1716 3083 multi
1740 3027 1953 3100 Byzan-

365 3130 573 3183 tiorum
601 3127 808 3182 turbati
849 3131 1001 3181 sunt.
1055 3121 1347 3178 Nestorius
1383 3128 1569 3176 autem
1600 3118 1829 3175 verbum
1855 3117 1952 3173 fir-

365 3234 520 3274 mare
565 3218 861 3283 festinans,
917 3229 1104 3271 vocem
1164 3228 1276 3285 qua
1329 3212 1426 3268 Dei
1457 3211 1712 3268 Genitrix
1746 3211 1952 3267 dicitur

360 3310 549 3380 ejeeit,
581 3325 779 3380 purum
812 3307 1090 3363 hominem
1126 3305 1322 3360 dicens
1349 3305 1667 3360 Dominum.
1703 3304 1951 3372 Quadam

361 3418 497 3458 vero
554 3401 842 3457 Dominica
883 3399 997 3464 die,
1043 3399 1377 3470 praesidente
1433 3396 1712 3462 Nestorio,
1759 3396 1952 3467 jussus

362 3495 599 3551 Proetus
629 3493 863 3550 recitare
884 3492 1178 3548 homeliam
1204 3489 1346 3546 dixit
1372 3491 1426 3544 in
1458 3488 1552 3543 Dei
1589 3487 1948 3555 Genitriccm,

357 3588 530 3658 cujus
584 3587 806 3642 initium
853 3594 938 3642 est
979 3601 998 3640 :
1050 3582 1344 3654 Virginalis
1399 3581 1716 3638 solemnitas
1773 3579 1952 3646 hodie,

365 3679 585 3734 fratres.
603 3676 760 3732 Tunc
779 3674 1003 3732 odihilis
1033 3673 1214 3729 factus
1237 3681 1322 3729 est
1353 3671 1497 3742 apud
1519 3686 1716 3727 omnes
1748 3669 1952 3740 impius

362 3767 659 3825 Nestorius
684 3774 910 3839 propter
942 3766 1171 3838 typhum
1193 3773 1248 3821 et
1280 3764 1480 3820 malam
1516 3763 1702 3820 fidem.
1745 3762 1950 3819 Eodem

363 3878 498 3920 vero
525 3876 674 3916 anno
699 3861 946 3917 terribile
977 3859 1305 3916 miraculum
1354 3867 1672 3917 sanctorum
1734 3865 1947 3929 septem

359 3970 666 4026 puerorum
707 3953 910 4026 Ephesi
973 3953 1178 4010 factum
1217 3963 1324 4021 est,
1395 3953 1820 4026 resurgentibus
1869 3953 1953 4010 eis

360 4056 496 4120 post
532 4047 630 4104 181
663 4063 860 4104 annos.
890 4046 1064 4103 Porro
1089 4046 1330 4120 Cyrillus
1366 4045 1780 4103 Alexandrinus
1803 4045 1954 4117 epis-

361 4157 544 4212 copus
566 4141 866 4212 compertis
889 4140 1134 4196 Nestorii
1160 4139 1517 4211 blasphemiis
1545 4139 1742 4194 scribit
1764 4139 1837 4205 ei,
1867 4153 1957 4196 ro-

361 4252 508 4310 gans
537 4243 594 4292 et
616 4251 846 4293 monens
882 4243 940 4291 ut
964 4235 1278 4292 discederet
1301 4250 1332 4289 a
1372 4235 1649 4304 perversis
1679 4232 1957 4305 dogmatiâ€”

361 4333 476 4387 bus
498 4333 614 4387 suis
632 4331 908 4402 fidemque
931 4337 1138 4387 rectam
1162 4329 1493 4398 susciperet.
1515 4327 1588 4382 At
1610 4342 1742 4383 vero
1759 4326 1956 4384 Nesto-

365 4425 490 4479 rius
514 4423 564 4480 ei
592 4439 623 4480 e
652 4431 850 4480 contra
872 4424 1024 4479 misit
1048 4422 1283 4490 injurias
1308 4429 1363 4477 et
1385 4421 1782 4490 blasphemias.
1801 4421 1957 4475 Tunc

2037 627 2384 682 conturbatis
2417 627 2584 682 silere
2613 625 2838 679 minimc
2873 630 3200 694 paterentur
3224 662 3239 686 ,
3306 620 3488 676 suasit
3519 619 3622 672 im-

2039 718 2279 789 peratori
2298 719 2517 772 mittere
2529 717 2734 788 Cyrillo
2754 730 2971 771 sacram
2994 713 3348 784 stigmatibns
3369 711 3586 782 plenam
3607 728 3622 772 ;

2039 829 2201 884 quem
2229 820 2431 883 putans
2452 827 2520 866 ex
2544 810 2632 866 his
2662 822 3017 878 compescere
3041 806 3218 878 magis
3253 805 3452 860 erexit.
3481 802 3622 859 Sur-

2040 921 2174 977 gens
2201 905 2346 960 enim
2378 904 2574 960 scribit
2597 902 2916 974 imperatori
2952 913 3008 956 et
3035 901 3324 956 sororibus
3361 900 3480 954 suis
3511 907 3625 954 tam

2040 997 2110 1053 de
2158 1006 2309 1051 recta
2353 996 2459 1050 fide
2493 1009 2659 1064 quam
2694 995 2766 1050 de
2798 993 3028 1050 sinistra
3064 993 3328 1063 Opinione
3357 989 3624 1054 Nestorii,

2042 1089 2208 1145 simul
2233 1099 2287 1144 et
2327 1090 2616 1159 postulans
2671 1087 3044 1143 universalem
3086 1088 3202 1142 fieri
3245 1087 3516 1157 synodum
3557 1085 3626 1140 ad

2040 1181 2469 1238 examinandum
2491 1179 2757 1236 canonice
2779 1180 2847 1234 de
2880 1178 3155 1234 Nestorio.
3183 1178 3345 1234 Tunc
3386 1178 3629 1248 impera-

2041 1281 2128 1327 tor
2151 1272 2496 1328 Theodosius
2523 1272 2717 1329 scribit
2733 1271 2996 1327 omnibus
3013 1273 3290 1343 episcOpis
3319 1279 3381 1326 ut
3405 1273 3624 1341 absque

2044 1360 2152 1419 ulla
2184 1363 2455 1420 dilatione
2485 1371 2612 1434 post
2670 1365 2880 1419 Pascha
2920 1363 3197 1435 Ephesum
3239 1366 3629 1427 convenirent,

2042 1455 2315 1512 definiens
2344 1458 2475 1528 quia
2513 1458 2721 1512 nullam
2764 1457 2909 1528 apud
2937 1457 3106 1513 Deum
3129 1466 3188 1512 et
3217 1457 3366 1526 apud
3397 1474 3497 1513 nos
3533 1475 3633 1513 exÂ»

2043 1549 2354 1606 cusationis
2389 1551 2662 1604 rationem
2698 1550 2947 1615 habebit,
2981 1550 3075 1620 qui
3131 1550 3219 1604 die
3254 1561 3461 1605 sancta:
3497 1551 3638 1605 Pen-

2045 1647 2286 1694 tecostes
2311 1639 2368 1694 in
2391 1640 2631 1694 concilio
2657 1640 2918 1694 inventus
2940 1655 3050 1694 non
3083 1638 3248 1694 fuerit
3285 1641 3426 1710 apud
3455 1640 3636 1710 Ephe-

2044 1745 2191 1786 sum.
2243 1731 2578 1787 Coalestinus
2629 1741 2809 1787 autem
2864 1731 3148 1787 Romanus
3193 1733 3388 1788 scribit
3427 1733 3637 1805 Cyrillo

2046 1823 2418 1880 Alexandrino
2444 1825 2626 1880 locum
2657 1841 2818 1881 suum
2849 1827 2902 1880 in
2933 1826 3171 1882 concilio
3204 1827 3500 1883 retinendi.
3528 1828 3638 1883 ita-

2045 1932 2155 1986 quc
2184 1917 2455 1973 vicesimo
2487 1919 2686 1988 quinto
2722 1919 2939 1988 imperii
2965 1917 3262 1972 Theodosii
3289 1934 3439 1973 anno
3488 1920 3634 1991 apud

2049 2007 2325 2078 Ephesum
2355 2010 2673 2066 celebratur
2702 2010 2866 2064 tertia
2903 2020 3098 2064 sancta
3143 2010 3413 2081 synodus.
3445 2013 3638 2067 Omni-

2047 2099 2152 2156 bus
2173 2115 2308 2157 sane
2335 2101 2681 2157 antistitibus
2717 2102 3202 2168 convenientibus,
3237 2101 3483 2159 Joannes
3527 2106 3639 2159 An-

2049 2191 2344 2247 tiochenus
2385 2201 2443 2247 et
2480 2193 2792 2249 Orientales
2826 2193 2880 2247 in
2917 2192 3060 2248 dicta
3107 2193 3220 2260 die,
3270 2203 3325 2249 et
3357 2210 3482 2265 quae
3511 2204 3640 2252 ante

2051 2290 2260 2338 statuta
2283 2283 2487 2352 fuerat,
2513 2285 2738 2341 minime
2768 2295 3198 2341 concurrerunt.
3222 2285 3396 2342 Porro
3425 2288 3640 2343 decima

2052 2383 2208 2431 sexta
2238 2375 2330 2432 die
2365 2385 2490 2446 post
2534 2378 2897 2446 praeï¬nitam,
2939 2377 3158 2434 Joanne
3211 2394 3323 2435 non
3354 2383 3631 2448 veniente,

2051 2472 2298 2540 pervenit
2324 2469 2620 2527 Nestorius
2645 2487 2772 2528 cum
2811 2473 2982 2526 multa
3018 2474 3306 2543 jactantia,
3345 2476 3643 2531 vicesima-

2053 2577 2162 2635 que
2181 2562 2390 2618 mensis
2409 2561 2559 2618 Junii
2583 2563 2672 2618 die
2693 2564 2970 2619 celebrata
3005 2572 3089 2620 est
3133 2565 3400 2637 synodus,
3445 2565 3642 2622 Nesto-

2052 2656 2158 2722 rio,
2180 2654 2386 2726 Cyrillo
2411 2654 2732 2712 etJuvenali
2761 2656 3210 2728 praesidentibus.
3235 2657 3406 2712 Porro
3432 2658 3642 2730 Cyrillo

2052 2747 2288 2803 Romani
2318 2749 2595 2818 pontiï¬cis
2622 2749 2772 2820 vices
2795 2758 2989 2819 agente
3014 2758 3066 2803 et
3093 2758 3294 2804 cuncta
3338 2751 3645 2823 theologica

2052 2841 2392 2913 disputante,
2441 2842 2580 2898 dicit
2629 2841 2918 2899 Nestorius
2953 2859 3081 2898 cum
3119 2845 3292 2898 multa
3320 2844 3590 2915 jactantia
3626 2868 3639 2902 :

2054 2932 2172 3004 Ego
2199 2935 2350 2989 illum
2379 2937 2470 3006 qui
2511 2936 2814 2990 bimenstris
2849 2945 2897 2990 et
2925 2936 3247 2992 trimenstris
3307 2936 3483 3006 factus
3539 2949 3642 3002 est,

2054 3043 2324 3098 nunquam
2353 3027 2524 3083 Deum
2555 3029 2961 3094 nominaverint,
2996 3037 3046 3083 et
3107 3029 3224 3084 ideo
3256 3030 3483 3084 mundus
3523 3048 3643 3086 sum

2055 3136 2090 3174 Î±
2136 3121 2394 3190 sanguine
2441 3131 2634 3185 vestro,
2673 3132 2720 3176 et
2753 3138 2818 3177 ea:
2859 3123 2956 3176 hoc
2984 3123 3052 3177 ad
3085 3140 3174 3177 nos
3217 3123 3526 3180 nullatenus
3561 3142 3643 3180 re-

2055 3211 2297 3283 padabo;
2330 3218 2386 3267 et
2421 3213 2506 3269 his
2542 3214 2708 3269 dictis
2763 3227 2890 3268 cum
2923 3230 3021 3270 sex
3073 3215 3376 3286 episcopis,
3406 3217 3500 3287 qui
3546 3232 3645 3272 vo-

2056 3304 2295 3359 luntarie
2333 3304 2510 3360 secuti
2557 3313 2689 3360 sunt
2724 3320 2874 3371 eum,
2921 3306 3076 3362 abiit.
3110 3306 3152 3360 li
3182 3322 3314 3362 vero
3339 3309 3435 3378 qui
3493 3310 3646 3365 circa

2054 3396 2319 3468 Cyrillum
2349 3405 2508 3452 erant
2548 3408 2773 3468 postera
2817 3397 2910 3455 die
2963 3401 3380 3468 convenientes,
3445 3402 3646 3457 misere

2056 3495 2169 3546 tres
2195 3489 2488 3562 episcopos
2517 3507 2717 3548 vocare
2748 3493 2925 3558 illum,
2967 3501 3023 3548 et
3057 3508 3168 3547 non
3191 3495 3495 3550 obaudivit.
3518 3495 3644 3552 Pari

2057 3582 2222 3637 modo
2254 3583 2505 3639 secundo
2544 3592 2600 3638 et
2640 3585 2808 3640 tertio
2834 3593 2888 3640 et
2912 3594 3110 3654 quarto
3137 3600 3166 3638 a
3195 3585 3408 3656 synodo
3435 3602 3644 3643 convo-

2057 3685 2216 3734 catus
2253 3693 2362 3732 non
2397 3678 2550 3734 venit
2586 3697 2600 3734 :
2639 3679 2736 3734 sed
2774 3687 2830 3736 et
2878 3679 3002 3736 illos
3056 3680 3148 3750 qui
3211 3679 3371 3736 missi
3425 3680 3646 3737 fuerant

2056 3767 2278 3838 injuriis
2319 3768 2448 3825 fecit
2480 3777 2536 3825 ct
2580 3771 2930 3826 contumeliis
2978 3769 3142 3825 allici.
3200 3769 3359 3826 Tunc
3403 3772 3646 3843 synodus

2059 3860 2286 3930 injuriis
2324 3869 2380 3917 et
2400 3862 2702 3933 ignominia
2733 3862 3012 3918 lacessitis
3037 3863 3336 3933 episcopis,
3368 3865 3463 3934 qui
3488 3863 3647 3920 missi

2059 3954 2297 4018 fuerant,
2331 3955 2592 4026 receptis,
2653 3957 2987 4012 sententiam
3032 3957 3259 4026 protulit
3313 3957 3370 4012 in
3412 3974 3564 4025 eum,
3591 3971 3650 4014 et

2060 4047 2304 4104 alienum
2341 4049 2459 4105 fore
2504 4050 2574 4106 ab
2605 4051 2760 4106 omni
2794 4065 2953 4107 sacra
2983 4050 3252 4122 dignitate
3284 4051 3552 4120 decrevit,
3588 4053 3647 4110 in

2059 4140 2259 4199 faciem
2304 4143 2418 4215 (l4)
2454 4144 2504 4198 ei
2533 4143 2884 4216 depositione
2919 4145 3097 4215 ipsius
3141 4145 3499 4202 transmissa.
3545 4143 3647 4202 His

2060 4233 2131 4289 ita
2166 4233 2338 4291 ï¬nitis
2369 4237 2520 4291 venit
2553 4245 2676 4306 post
2700 4244 2816 4292 tres
2840 4237 2959 4293 dies
2986 4236 3230 4293 Joannes
3263 4236 3647 4295 Antiochenus

2059 4327 2352 4398 episcopus
2381 4328 2574 4399 viginti
2597 4345 2693 4384 sex
2726 4343 2916 4384 secum
2952 4329 3231 4400 episcOpis
3259 4329 3498 4398 habitis;
3551 4331 3650 4401 qui

2060 4432 2187 4473 cum
2219 4419 2545 4475 didicissent
2573 4419 2886 4474 Nestorium
2939 4421 3055 4490 jam
3099 4421 3435 4490 depositum,
3479 4422 3646 4478 scissi

364 4513 612 4586 Cyrillus
645 4514 838 4570 scribit
863 4512 1166 4569 Caelestino
1203 4527 1358 4583 papa:
1397 4511 1646 4566 Romano
1707 4526 1831 4581 quae
1860 4510 1958 4566 Neâ€”
1989 4551 2034 4605 Î’
2062 4526 2092 4566 a
2113 4519 2303 4567 sancta
2333 4513 2546 4584 synodo
2573 4521 2627 4567 et
2674 4527 2801 4569 cum
2864 4513 3125 4569 Nestorio
3163 4515 3517 4578 considentes
3548 4517 3648 4571 de-

367 4605 584 4661 stnrius
647 4605 1012 4676 praedicaret;
1079 4613 1135 4659 et
1202 4603 1606 4674 blasphemias,
1665 4617 1790 4674 quae
1849 4603 1956 4659 sibi

367 4695 596 4765 scriptae
635 4696 853 4752 fuerant
877 4711 907 4750 a
931 4696 1209 4758 Nestorio,
1242 4695 1293 4750 ei
1321 4695 1645 4751 manifestas
1682 4695 1955 4752 exhibuit.

373 4789 534 4844 Tunc
563 4789 900 4844 leestinus
931 4787 1128 4843 scribit
1160 4786 1438 4853 Nestorio,
1458 4788 1727 4844 definiens
1765 4788 1814 4844 ei
1843 4788 1960 4843 die-

371 4895 498 4936 rum
529 4881 718 4937 decem
755 4879 1011 4935 inducias
1035 4879 1287 4935 cessandi
1320 4893 1352 4933 a
1382 4877 1726 4948 blasphemia
1753 4885 1810 4933 et
1840 4892 1958 4947 Î¼Ï‰-

370 4973 584 5028 nitendi
624 4992 639 5028 :
673 4972 822 5044 quod
859 4972 904 5028 si
933 4973 1292 5043 perdurasset
1334 4971 1389 5026 in
1452 4985 1619 5040 prava
1675 4971 1958 5040 opinione,

365 5063 668 5120 sacerdotii
701 5062 1141 5118 communicator
1174 5063 1408 5118 ulterius
1465 5078 1591 5118 esse
1641 5063 1956 5117 desisteret.

371 5157 639 5212 Scribant
659 5165 846 5212 autem
877 5157 1131 5211 similiter
1157 5155 1491 5212 Cuelcstinus
1521 5165 1686 5227 atque
1718 5155 1961 5227 Cyrillus

369 5248 728 5304 Antiocheno
764 5257 818 5304 ct
855 5248 1360 5318 llierosolymitano
1395 5249 1839 5319 archiepiscopis
1891 5250 1960 5304 de

368 5341 630 5396 Nestorio
652 5349 708 5396 et
742 5341 936 5396 han-esi
963 5341 1106 5409 ejus.
1140 5339 1383 5396 Joannes
1422 5353 1605 5396 autem
1629 5343 1830 5397 scribit
1853 5341 1959 5397 Ne-

363 5432 545 5488 storio
567 5432 707 5488 dans
739 5431 1034 5486 consilium
1072 5430 1362 5487 recedendi
1393 5432 1709 5496 ab'baarcsi,
1742 5434 1875 5502 quin
1903 5441 1956 5487 et

365 5529 439 5581 ad
472 5527 798 5594 memoriam
823 5525 1036 5580 ducens
1063 5524 1199 5578 illud
1219 5525 1467 5595 Apostoli
1496 5524 1768 5580 dicentis:
1802 5523 1956 5579 Misit

373 5619 518 5677 Deus
552 5618 754 5676 Filium
784 5637 939 5676 suum
973 5621 1176 5689 factum
1230 5636 1294 5675 ex
1329 5621 1571 5676 muliere.
1602 5620 1956 5692 Cognoscens

2063 4619 2325 4677 posuere,
2372 4612 2433 4659 ut
2462 4605 2858 4676 opinabantur,
2888 4607 3152 4678 Cyrillum
3193 4616 3248 4662 et
3298 4608 3645 4664 Memnonem

2063 4696 2426 4767 Ephesinum.
2458 4697 2831 4753 Theodoritus
2863 4713 3000 4754 sane
3042 4707 3246 4770 putans
3287 4699 3553 4772 Cyrillum
3597 4705 3648 4759 in

2062 4790 2356 4846 duodecim
2401 4791 2647 4862 capitula
2710 4791 3043 4856 oilâ€˜endisse,
3101 4803 3300 4862 pratter
3358 4798 3647 4854 veritatem

2061 4881 2442 4938 narrationem
2476 4884 2706 4949 faciens,
2730 4883 2936 4939 ibidem
2958 4883 3195 4940 Nestorii
3227 4901 3496 4942 venenum
3522 4904 3650 4942 evo-

2065 4977 2226 5032 muit.
2261 4975 2502 5048 Cyrillus
2531 4991 2661 5032 vero
2691 4983 2946 5048 potenter
2976 4991 3285 5048 exsurgens
3315 4993 3414 5048 pro
3439 4978 3647 5034 eisdem

2067 5069 2322 5138 capitulis
2359 5069 2624 5125 rationem
2663 5068 2926 5134 reddidit,
2961 5085 3026 5126 ea
3058 5085 3182 5139 qua:
3219 5071 3274 5124 in
3321 5072 3403 5125 eis
3435 5070 3647 5125 baben-

2067 5163 2567 5230 turjititerpretans,
2611 5172 2667 5216 et
2703 5163 3145 5218 ecclesiasticum
3181 5162 3501 5218 thesaurum
3524 5180 3650 5220 esse

2067 5254 2485 5321 demonstrans,
2516 5261 2683 5324 atque
2710 5255 2857 5325 piam
2894 5254 3255 5310 intentionem
3279 5271 3434 5310 suam
3473 5260 3650 5311 mani-

2068 5345 2282 5402 festans
2339 5345 2626 5402 omnibus.
2686 5345 2876 5416 Itaque
2925 5346 3304 5401 Antiochenns
3354 5345 3650 5404 Joannesa

2066 5437 2302 5493 concilio
2330 5437 2496 5492 tertio
2525 5445 2778 5499 vocatus,
2821 5443 2876 5491 et
2915 5452 3024 5491 non
3066 5435 3370 5492 obaudiens
3405 5447 3462 5490 ut
3494 5441 3646 5492 veni-

2066 5538 2173 5596 ret,
2206 5530 2538 5586 sententiam
2567 5544 2678 5583 una
2707 5543 2830 5584 cum
2866 5530 2952 5585 bis
2980 5530 3075 5599 qui
3108 5544 3296 5586 secum
3340 5538 3498 5584 erant
3550 5547 3649 5586 ex-

2069 5621 2236 5692 cepit,
2264 5628 2326 5675 ut
2355 5620 2519 5676 alieni
2564 5617 2746 5675 forent
2799 5619 2870 5674 ab
2901 5619 3054 5675 omni
3082 5619 3463 5676 ecclesiastica
3497 5635 3650 5676 comâ€”

1997 5733 2213 5791 ÎÎŸÎ¤Î‘Ï‚

438 5831 553 5910 (Î¼)
591 5828 651 5883 1Î·
681 5828 894 5910 á¿™á½·Î¾Ï‚á½¶ÎµÎ·á¿‘.
923 5826 1064 5883 Hist.
1098 5827 1339 5897 Tripart.
1367 5847 1441 5896 iv,
1469 5831 1538 5885 2i
1576 5847 1588 5885 :
1622 5850 1637 5882 Î¹
1670 5845 1792 5886 nazn
1836 5830 1929 5902 qui
1962 5830 2028 5887 de
2069 5833 2187 5889 suis
2218 5831 2382 5888 dictis
2402 5829 2710 5910 conï¬dunt,
2734 5829 2902 5886 etiam
2924 5840 2988 5883 au
3027 5832 3224 5884 {acrem
3269 5828 3502 5898 probare
3538 5843 3647 5885 non

361 5899 610 5975 fugiunt.
662 5920 680 5954 Î¹
717 5899 881 5959 FABR.

614 5998 887 6059 PATROL.
918 5999 1033 6059 Gn.
1075 5999 1284 6061 CVIII.

3222 5986 3298 6049 39
