4088 6446
545 409 679 474 1⁸2ἓῖ
1191 396 1194 404 ’
1643 393 2044 460 ANAS‘TASII
2100 387 2731 452 BIBLIOTHECARII
3652 387 3765 456 1923

545 518 1164 591 mimicum-usquedum
1205 529 1325 572 sese
1357 517 1818 584 recognoscentes
1843 506 2125 580 proprium
2154 505 2208 566 A
2232 505 2634 575 depositionem
2684 502 2754 557 ab
2787 500 3022 557 ecclesia
3062 509 3298 569 separati
3349 509 3519 563 erant,
3558 504 3772 559 eccm-ia;

543 620 942 677 confiterentur
977 625 1290 669 excessum.
1328 607 1597 677 Tuncque
1633 603 1886 676 synodus
1927 598 2126 656 defini—
2235 613 2428 654 rursus
2480 596 2679 652 univit.
2714 595 2826 652 Sub
2867 593 2972 649 hoc
3007 596 3236 660 [sanctae
3285 591 3552 647 memoria:
3604 592 3773 652 Proclo

550 713 642 777 vit,
675 723 797 780 quae
826 702 1294 761 abAOrientalibus
1333 699 1390 753 in
1426 695 1689 768 injuriam
1742 690 2132 750 sanctissimo—
2234 700 2396 746 terras
2422 699 2608 745 motus
2649 687 2778 743 facti
2821 695 2954 742 sunt
2980 684 3166 756 magni
3217 683 3672 755 Constantinopoli
3695 703 3777 758 per

551 821 671 859 rum
698 800 954 856 Ecclesiae
976 796 1272 870 praesulum
1300 791 1488 864 Cyrilli
1518 798 1572 846 et
1595 786 1903 844 Memnonis
1921 784 2136 855 prolata
2237 792 2476 856 quatuor
2499 797 2740 844 menses,
2774 781 2847 836 ita
2881 789 2940 836 ut
2960 779 3222 834 timentes
3251 775 3494 848 Byzantii
3524 786 3668 833 extra
3710 780 3780 834 ci-

550 903 702 960 sunt,
729 899 921 962 utpote
971 889 1092 944 sine
1145 887 1266 957 lege
1297 895 1352 940 et
1373 885 1496 938 sine
1529 895 1745 936 canone
1784 877 2134 948 deprompta.
2237 878 2486 942 vitatem,
2521 875 2576 930 in
2609 875 2730 931 loco
2760 873 2856 944 qui
2886 872 3096 928 dicitur
3121 870 3386 940 Campus,
3411 877 3595 926 essent
3617 886 3785 940 perse-

553 989 760 1046 nullam
807 986 917 1039 vim
953 995 1198 1054 prorsus
1254 978 1482 1033 habere.
1526 974 1625 1029 His
1662 974 1833 1045 igitur
1871 970 2136 1026 omnibus
2237 983 2496 1027 verantes
2528 985 2640 1025 una
2673 983 2798 1023 cum
2829 967 3114 1037 episcopo,
3163 964 3230 1019 ad
3282 963 3448 1020 Deum
3482 963 3719 1034 precibus
3741 975 3789 1020 et

554 1101 650 1156 per
707 1078 1093 1153 suggestiones
1141 1071 1459 1129 Theodosio
1519 1065 1845 1139 imperatori
1919 1061 2137 1126 relatis,
2241 1064 2456 1120 litaniis
2502 1061 2894 1119 vociferantes.
2931 1059 3178 1127 Quadam
3230 1071 3364 1128 ergo
3411 1055 3500 1112 die
3527 1056 3791 1113 fluctuante

555 1144 693 1245 iussi
741 1144 874 1228 sunt
920 1165 1168 1238 episcopi
1216 1179 1284 1218 ex
1344 1171 1582 1230 utraque
1635 1165 1793 1229 parte
1840 1152 2142 1210 ascendere
2241 1163 2413 1221 terra,
2463 1163 2528 1245 _et
2579 1155 2730 1209 omni
2767 1153 2926 1224 plebe
2951 1150 3218 1206 attentius
3241 1147 3580 1205 exclamante
3608 1144 3790 1216 Κύριε,

554 1260 1127 1332 Constantinopolim;
1156 1256 1254 1328 qui
1286 1269 1411 1310 cum
1441 1251 1846 1310 ascendissent,
1875 1258 2146 1314 coopera-
2246 1230 2494 1320 ἐλέησοκῖ,
2527 1248 2678 1302 circa
2714 1247 2907 1302 horam
2943 1243 3162 1300 tertiam
3201 1241 3462 1298 omnibus
3509 1237 3798 1294 videntibus

556 1358 708 1413 tione
736 1353 829 1408 Dei
861 1329 1047 1407 vicere
1103 1347 1157 1401 hi
1192 1344 1286 1416 qui
1345 1358 1414 1397 ex
1444 1349 1603 1411 parte
1662 1337 1858 1409 synodi
1904 1337 2144 1398 fuerant,

2247 1344 2478 1414 contigit
2529 1357 2560 1396 a
2617 1341 2806 1396 divina
2839 1339 3046 1393 virtute
3098 1333 3314 1391 sustolli
3361 1331 3646 1403 quemdam
3672 1329 3785 1384 ado-

559 1452 885 1514 lirmataque
908 1438 1252 1510 depositione
1301 1432 1544 1488 Nestorii
1598 1429 1970 1484 Maximianus
2003 1423 2148 1480 Con-
2249 1435 2616 1494 lescenmhm,
2652 1434 2706 1488 in
2731 1446 2879 1496 aere,
2911 1441 2967 1486 ει
3003 1430 3182 1484 auum
3210 1427 3452 1482 divinam
3497 1437 3677 1478 vocem
3721 1421 3800 1476 ad.

561 1535 1002 1608 stantinopoleos
1051 1537 1408 1586 consecratur
1465 1525 1780 1593 episcopus.
1838 1517 2150 1576 Orientales

2252 1537 2566 1586 monentem
2594 1542 2719 1582 eum
2746 1525 3007 1596 episcopo
3033 1537 3098 1576 ac
3123 1520 3323 1591 populo
3340 1517 3594 1572 nuntiare
3629 1521 3680 1567 ut
3696 1514 3799 1569 lita-

563 1650 696 1692 vero
755 1636 1076 1698 susceptum
1107 1621 1420 1679 Nestorium
1452 1631 1640 1674 secum
1700 1615 1930 1669 duxere.
1977 1610 2152 1666 Porro

2253 1623 2374 1678 nias
2404 1622 2487 1676 sic
2522 1619 2768 1674 facerent
2797 1625 2852 1672 et
2893 1616 3142 1670 dicerent
3169 1631 3184 1668 :
3215 1611 3446 1668 Sanctus
3476 1609 3634 1675 Deus,
3683 1608 3801 1664 San-

567 1733 765 1798 quarto
797 1721 1040 1778 Nestorii
1097 1712 1466 1787 depositionis
1502 1723 1652 1765 anno
1684 1707 1926 1763 Joannes
1957 1703 2154 1759 Antio-

2255 1727 2368 1772 ctua
2412 1717 2594 1787 fortis,
2651 1714 2883 1770 Sanctus
2948 1710 3310 1767 immortalis.
3364 1708 3608 1762 miserere
3654 1707 3799 1769 nobis,

565 1797 776 1875 chenus
804 1816 1101 1886 cpiscopus
1127 1821 1323 1865 amore
1371 1805 1467 1860 Dei
1507 1804 1809 1867 detentus,
1848 1799 2156 1869 vidensque

2255 1808 2396 1863 nihil
2420 1807 2569 1861 aliud
2601 1812 2970 1876 apponentes.
2999 1801 3229 1856 Proclus
3250 1808 3433 1854 autem
3463 1797 3565 1852 hac
3581 1807 3804 1866 suscepta

567 1913 770 1968 multos
822 1907 1297 1963 Antiochenorum
1332 1901 1484 1954 viros
1546 1895 1799 1967 egregios
1834 1908 1864 1947 a
1893 1891 2152 1948 Nestorio
2182 1896 2226 1952 Β
2253 1903 2527 1958 sententia
2583 1897 2843 1970 praecepit
2882 1895 3086 1966 ροριιιο
3149 1893 3384 1964 psallere
3425 1890 3524 1954 sic,
3560 1900 3614 1946 οι
3646 1889 3802 1946 suum

567 2004 874 2063 adulterina
894 1999 1174 2072 pravitate
1198 1993 1460 2058 infectos,
1519 1989 1720 2046 scribit
1739 2000 1946 2058 rogans
1974 1985 2154 2056 impe-

2262 2003 2424 2051 teme
2451 2003 2634 2048 motus
2662 1990 2923 2047 cessavit.
2962 1987 3136 2043 Porro
3156 1987 3316 2042 beata
3335 1984 3623 2040 Pulcheria
3659 1997 3799 2052 super

569 2110 806 2154 ratorcm
832 2095 978 2148 hunc
1003 2091 1070 2146 ab
1103 2087 1330 2144 Oriente
1362 2083 1697 2156 pellendum.
1723 2079 2028 2150 Imperator
2058 2092 2156 2132 au-

2263 2088 2533 2144 miraculo
2561 2101 2668 2142 una
2697 2101 2823 2140 cum
2877 2083 3049 2139 fratre
3102 2095 3270 2151 supra
3299 2079 3525 2134 modum
3576 2076 3811 2133 admirata

570 2201 678 2245 tem
705 2184 1018 2242 Nestorium
1041 2178 1265 2252 quidem
1285 2174 1482 2232 exsilio
1500 2173 1766 2243 relegavit
1781 2170 1924 2241 apud
1945 2167 2156 2234 Oasim,

2260 2182 2450 2239 sanxit
2483 2195 2584 2251 per
2606 2179 2924 2235 universum
2953 2178 3140 2231 orbem
3157 2173 3410 2229 divinum
3438 2174 3583 2226 hunc
3607 2168 3812 2240 psallem

569 2289 844 2354 praecepta
872 2289 1003 2331 vero
1025 2272 1196 2327 mittit
1221 2268 1430 2340 Cyrillo
1456 2264 1726 2322 etJoanni
1752 2266 1872 2320 sine
1891 2263 2160 2318 dilatione
2265 2275 2568 2347 hymnum;
2599 2283 2654 2328 ει
2687 2287 2755 2328 ει
2776 2282 2909 2325 ωηο
2939 2283 3196 2339 recepere
3228 2280 3426 2320 omnes
3457 2262 3703 2319 Ecclesia,
3726 2275 3808 2330 per

569 2387 626 2432 et
653 2374 723 2430 ad
774 2373 1069 2426 universas
1096 2365 1392 2420 Ecclesias.
1443 2361 1684 2418 Joannes
1712 2372 1891 2416 autem
1932 2363 2160 2428 accepta
2267 2367 2514 2439 singulos
2550 2366 2670 2422 dies
2701 2365 2850 2420 hunc
2871 2377 3074 2418 canere
3105 2361 3236 2416 Deo,

571 2469 940 2546 praeceptione
969 2465 1166 2523 scribit
1193 2462 1399 2534 Cyrillo
1439 2459 1596 2514 fidem
1629 2471 1787 2514 suam
1846 2465 1902 2512 ct
1937 2455 2160 2510 Patrum
2341 2461 2416 2518 De
2464 2469 2662 2516 emero
2703 2459 3008 2528 imperante
3052 2453 3368 2510 Theodosio
3403 2450 3619 2520 iuniore
3649 2444 3820 2500 vale".

573 2564 721 2637 apud
783 2561 1022 2616 Nicaeam
1086 2564 1142 2612 et
1205 2551 1744 2620 ConstantinOpolim
1801 2550 2160 2604 collectorum

2266 2556 2516 2610 tinianus
2553 2566 2660 2606 non
2695 2550 2873 2606 solum
2911 2545 3249 2601 Britanniam
3281 2552 3336 2597 et
3393 2541 3616 2595 Calliam
3663 2547 3713 2592 et
3745 2537 3819 2588 ili-

573 2655 1006 2718 confessionem,
1045 2649 1322 2719 recipiens
1355 2648 1520 2700 etiam
1555 2661 1680 2715 quae
1714 2644 1858 2714 apud
1885 2643 2160 2714 Ephesum

2269 2647 2520 2720 spaniam
2559 2645 2774 2699 salvare
2813 2638 3082 2711 nequivit,
3119 2638 3214 2693 sed
3245 2647 3299 2690 et
3324 2632 3712 2689 occidentalem
3751 2627 3821 2682 Li-

573 2758 728 2823 gesta
750 2757 900 2804 sunt.
927 2744 1142 2811 Quibus
1171 2741 1412 2813 Cyrinus
1443 2738 1715 2807 susceptis
1750 2737 1944 2794 scribit
1965 2734 2164 2790 Joanui
2269 2741 2457 2813 byam,
2487 2754 2608 2810 quae
2639 2735 2892 2791 videlicet
2921 2733 3074 2803 regio
3099 2740 3326 2785 vocatur
3357 2727 3636 2786 Afrorum.
3670 2721 3821 2776 amisit

575 2855 630 2899 et
651 2839 1027 2899 Orientalibus
1053 2836 1370 2907 epistolam,
1403 2833 1565 2903 cujus
1586 2832 1806 2886 initium
1835 2837 1921 2886 est
1943 2849 1955 2884 :
1983 2847 2003 2881 ι
2044 2829 2164 2883 La:-
2274 2834 2379 2889 hoc
2411 2833 2596 2888 modo.
2623 2829 2742 2884 Duo
2761 2834 3024 2899 praetores
3041 2833 3220 2890 erant,
3243 2821 3438 2877 Aetius
3457 2819 3656 2875 scilicet
3675 2823 3722 2870 et
3739 2813 3822 2866 Bo-

578 2944 764 2993 tentur
796 2933 923 2990 coeli
948 2941 1002 2987 et
1033 2930 1277 2986 exsultet
1316 2925 1614 2995 terra.i;Et
1638 2925 1692 2978 in
1721 2923 1909 2979 eadem
1943 2922 2166 2976 confes-

2273 2928 2534 2991 nilacius,
2569 2939 2709 2996 quos
2738 2921 3085 2977 Theodosius
3118 2917 3443 2989 postulante
3485 2909 3824 2967 Valentiniano

578 3031 736 3086 sione
765 3027 1016 3096 utrisque
1045 3021 1503 3078 convenientibus
1528 3017 1698 3072 unitae
1721 3022 1852 3072 sunt
1873 3015 1941 3071 ad
1976 3027 2166 3085 pacem

2276 3021 2507 3077 Romam
2555 3018 2780 3073 direxit.
2827 3014 3076 3085 Cumque
3136 3011 3462 3066 Bonifacius
3503 3005 3822 3078 principatum

579 3130 746 3193 atque
777 3116 1154 3181 concordiam,
1191 3115 1392 3185 quibus
1426 3111 1846 3182 praeminebant,
1888 3106 2168 3162 Ecclesiae.

2278 3110 2676 3169 occidentalem
2732 3105 2922 3178 Libyae
2976 3104 3339 3176 percepisset,
3385 3099 3589 3157 invidia
3647 3094 3825 3152 inﬂam-

579 3215 686 3270 Ρετ
711 3213 854 3269 idem
879 3225 1010 3267 νετο
1043 3217 1260 3278 ῑεῐηβιιδ
1288 3205 1520 3261 Nonnus
1544 3203 1768 3272 regem“
1801 3201 2169 3255 Edessensem
2219 3275 2243 3278 μ
2278 3216 2463 3260 matus
2515 3203 2706 3258 Aetius
2769 3199 3180 3278 accusationem
3232 3196 3369 3252 facit
3425 3194 3679 3250 adversus
3727 3200 3825 3244 eum

583 3307 910 3372 Ecelesiam,
941 3305 1032 3375 qui
1078 3303 1313 3373 primam
1359 3297 1828 3354 Autioehenarum
1881 3294 2175 3348 mimarum
2203 3275 2247 3335 C
2281 3305 2544 3367 tanquam
2604 3264 2964 3349 rebellionem
2999 3290 3366 3346 meditantem
3405 3298 3462 3345 et
3491 3287 3720 3343 obtinere
3760 3279 3830 3334 Li-

583 3403 697 3457 Deo
725 3401 928 3456 dicavit
954 3373 1007 3455 et
1051 3414 1150 3467 pro
1206 3394 1500 3465 Margarita
1558 3391 1847 3447 meretrice
1901 3388 2177 3459 Pelagiam
2280 3393 2445 3464 byam
2472 3397 2850 3460 satagemem;
2903 3396 2958 3442 et
2989 3386 3104 3440 haec
3135 3382 3360 3455 quidem
3396 3373 3829 3436 Placidimfaleba-

581 3495 801 3550 Christo
834 3491 1106 3548 exhibuit.
1141 3489 1250 3544 Iste
1295 3503 1428 3559 ergo
1456 3486 1746 3542 exsultans
1777 3498 1945 3555 super
1977 3483 2176 3538 horum
2281 3494 2391 3550 tur,
2432 3482 2799 3539 Valentiniani
2829 3481 3013 3535 matri.
3044 3480 3316 3534 Caeterum
3369 3473 3648 3532 Bonifacio
3676 3465 3833 3527 scribit

583 3588 884 3644 concordia
913 3585 1108 3641 scribit
1146 3582 1347 3638 Joanni
1405 3580 1829 3650 archiepiscopo
1866 3579 2075 3632 monita
2123 3585 2179 3633 et
2279 3580 2433 3651 quia,
2463 3578 2512 3634 si
2548 3577 2850 3632 accersitus
2892 3574 3083 3638 fueris,
3117 3572 3386 3627 accedere
3406 3570 3556 3626 noli:
3591 3568 3831 3623 incusatus

584 3683 881 3736 verborum
915 3678 1257 3748 magisteria,
1290 3676 1346 3730 in
1378 3675 1582 3746 quibus
1615 3681 1668 3729 et
1693 3673 1802 3728 hoc
1827 3673 1939 3728 ait:
1969 3671 2177 3726 Munda
2279 3673 2426 3729 enim
2454 3687 2537 3733 es.
2562 3678 2617 3726 et
2645 3677 2699 3724 te
2724 3668 2916 3723 dolose
2937 3667 3129 3722 volunt
3155 3665 3520 3735 imperatores
3543 3701 3558 3716 .
3584 3700 3598 3716 .
3620 3700 3634 3716 .
3657 3700 3670 3714 .
3691 3696 3705 3712 .
3733 3653 3830 3709 Hac

589 3773 911 3837 Ecclesiam,
952 3787 982 3825 ο
1017 3771 1175 3823 homo
1221 3769 1340 3833 Dei,
1396 3785 1430 3822 α
1463 3767 1810 3823 Νεειοτὶαηὶε
1841 3766 2070 3820 κὶιαηὶἱε
2129 3773 2178 3818 et

2282 3763 2595 3835 suscipiens
2623 3760 2960 3824 Bonifacius,
2985 3768 3039 3813 et
3065 3757 3232 3813 veluti
3265 3756 3506 3826 proprio
3526 3766 3680 3810 servo
3709 3745 3829 3802 Aetio

586 3866 703 3930 eius
730 3865 1028 3934 impietate.
1058 3864 1234 3918 Porro
1294 3861 1527 3933 impium
1565 3868 1620 3914 et
1651 3859 2038 3931 blasphemum
2071 3858 2180 3913 Μ-
2282 3858 2538 3920 credens,
2592 3855 2897 3910 accersitus
2934 3850 3200 3906 accedere
3239 3849 3484 3903 distulit.
3518 3845 3668 3900 Tunc
3699 3842 3831 3909 impc'

590 3957 824 4011 storium
877 3957 932 4010 in
985 3956 1182 4011 exsilio
1215 3953 1464 4008 divinum
1502 3953 1775 4024 judicium
1821 3951 2179 4008 subsecutum
2279 3959 2498 4007 ratores
2532 3948 2748 4003 Aetium
2789 3944 2952 4016 quasi
2998 3944 3257 3998 devotum
3308 3944 3656 4010 receperunt.
3701 3933 3832 3986 Erant

589 4057 698 4113 est,
731 4045 1025 4104 tabefactis
1051 4046 1314 4102 omnibus
1366 4045 1629 4100 membris
1669 4044 1812 4115 ejus,
1842 4051 1899 4098 et
1944 4044 2181 4098 maxime
2283 4054 2465 4102 autem
2527 4041 2687 4097 Gothi
2739 4047 2873 4093 tunc
2913 4044 2965 4092 et
3010 4043 3202 4108 gentes
3251 4034 3443 4088 multa:
3488 4045 3554 4087 ac
3605 4025 3829 4082 maxims.

594 4140 802 4209 lingua,
833 4153 943 4211 qua
997 4149 1324 4207 consumpta
1373 4146 1550 4191 morte
1609 4135 1874 4209 praevenit
1926 4136 2032 4191 iter
2069 4149 2181 4207 quo
2285 4145 2437 4192 trans
2470 4133 2779 4188 Danubium
2813 4132 2868 4185 in
2899 4128 3272 4201 Hyperboreis
3311 4125 3453 4180 locis
3483 4120 3827 4179 inhabitantes.

594 4233 663 4288 ab
688 4231 830 4288 0³⁸⁸
859 4233 928 4288 ad
961 4232 1130 4286 auum
1161 4232 1345 4286 1091"“
1381 4239 1501 4286 erat
1527 4205 1837 4284 ἀυέθηάυεο
2086 4205 2102 4207 ἡ
2283 4245 2350 4287 ex
2381 4229 2581 4300 quibus
2617 4225 3060 4282 rationabiliores
3095 4228 3332 4291 quatuor
3386 4224 3548 4278 sunt,
3576 4209 3725 4268 Gothi
3755 4205 3834 4262 aci-

661 4329 855 4388 Mundi
883 4324 1209 4390 ann05936,
1239 4323 1442 4378 divinae
1463 4320 1861 4376 incarnationis
1885 4333 2030 4375 anno
2051 4319 2178 4388 426,
2285 4322 2415 4378 licet
2473 4329 2528 4377 et
2582 4318 2919 4392 Hypogothi,
2973 4315 3211 4387 Gipedes
3260 4319 3312 4368 et
3361 4307 3614 4371 Vandali,
3676 4312 3832 4358 nomen

591 4427 826 4480 veniens
879 4418 1306 4475 Valentinianus
1363 4415 1509 4470 filius
1541 4412 1854 4469 Constantii
1912 4421 1969 4468 et
2011 4410 2182 4467 Gallae
2284 4421 2501 4469 tantum
2549 4420 2606 4469 et
2665 4411 2802 4466 nihil
2857 4409 3005 4463 aliud
3062 4413 3366 4470 mutantes,
3423 4414 3639 4471 unaque
3689 4395 3834 4462 lingua

595 4514 852 4570 Placidia:
913 4513 984 4567 ab
1021 4512 1158 4564 urbe
1204 4507 1382 4562 Roma
1441 4504 1982 4575 Constantinopolim
2027 4503 2184 4558 duxit

2287 4515 2527 4562 utentes.
2590 4505 2794 4561 Omnes
2847 4513 3028 4557 autem
3072 4498 3193 4553 fidei
3243 4504 3408 4552 erant
3458 4494 3669 4548 Arianae
3707 4482 3833 4540 mali-

594 4624 824 4665 uxorem
853 4622 1031 4672 suam,
1069 4605 1234 4660 ﬁliam
1291 4601 1588 4658 Theodosii
1637 4599 2010 4672 imperatoris,
2068 4598 2177 4651 Eu-
2211 4637 2258 4694 Β
2287 4598 2537 4671 gnitatis.
2590 4595 2681 4654 Isti
2733 4594 2837 4650 sub
2878 4591 3119 4648 Arcadio
3168 4599 3222 4644 et
3270 4585 3517 4642 Honorio
3571 4575 3832 4637 Danubium

1490 4693 1525 4694 η
1591 4693 1601 4694 ,
1686 4693 1691 4694 ,
2687 4689 2698 4694 _
3006 4685 3019 4694 .
3134 4682 3167 4694 -.
3334 4688 3347 4694 -
3392 4681 3428 4694 η
3539 4684 3742 4694 ,ΑΗ-η...
3788 4662 3832 4694 ιε’.

595 4699 815 4754 doxiam
853 4698 1094 4757 nomine,
1139 4709 1304 4768 quam
1346 4694 1451 4750 sibi
1487 4693 1732 4748 Eudocia
1784 4698 2069 4762 genuerat,
2127 4696 2182 4744 et
2213 4662 2258 4694 υ
2288 4662 2642 4747 transeuntes
2687 4689 2739 4742 in
2798 4695 2944 4741 terra
3006 4682 3169 4738 locati
3222 4688 3354 4737 sum
3392 4681 3760 4734 Romanorum.
3788 4662 3835 4716 Et

597 4789 830 4845 Romam
859 4790 1046 4844 rediit.
1077 4763 1340 4858 Sequenti
1372 4800 1504 4841 vero
1536 4801 1682 4840 anno
1707 4783 2053 4840 Theodosius
2077 4787 2184 4836 lm-
2279 4783 2524 4854 ‘Gipedes
2569 4781 2816 4853 quidem,
2852 4794 2918 4833 ex
2951 4777 3155 4848 quibus
3183 4773 3536 4845 postmodum
3567 4764 3714 4824 divisi
3737 4763 3835 4815 sunt

595 4886 822 4948 perator
877 4875 1176 4929 Eudociam
1232 4890 1458 4930 uxorem
1521 4888 1679 4930 suam
1741 4873 2182 4944 Hierosolymam
2287 4848 2637 4946 Langobardi
2671 4879 2725 4926 et
2755 4872 2984 4936 Avares,
3023 4869 3184 4922 villas
3221 4881 3342 4937 quae
3368 4872 3498 4920 sunt
3533 4861 3672 4915 circa
3698 4848 3836 4922 Siggi-

599 4947 752 5027 misit
791 4969 1076 5040 gratificos
1113 4970 1349 5040 hymnos
1385 4969 1698 5024 oblaturam
1724 4965 1870 5034 Deo;
1897 4983 2023 5038 quae
2061 4967 2185 5037 plu-

2289 4968 2488 5023 donem
2529 4975 2586 5022 et
2624 4962 2888 5019 Sirmium
2930 4960 3339 5016 habitaverunt.
3397 4947 3694 5025 Hypogothi
3736 4952 3834 5040 vero

599 5064 738 5116 rima
772 5061 918 5116 dona
951 5060 1204 5116 ecclesiis
1237 5060 1498 5126 contulit,
1530 5068 1586 5116 et
1619 5031 1868 5115 adoratis
1907 5031 2016 5113 tam
2059 5031 2188 5114 sano
2289 5067 2415 5130 post
2479 5054 2759 5111 Alaricum
2832 5053 3062 5108 Romam
3115 5048 3521 5119 depopulantes
3569 5044 3622 5096 in
3672 5031 3834 5092 Galliis

597 5165 683 5211 cta
717 5171 884 5211 cruce
915 5169 1082 5224 quam
1122 5152 1374 5208 colendis
1407 5153 1545 5207 locis
1572 5167 1795 5208 reversa
1823 5161 1908 5208 est
1939 5152 2007 5207 ad
2036 5165 2190 5221 rega-

2290 5118 2498 5215 abiere,
2551 5155 2609 5204 et
2665 5161 2787 5215 qua:
2843 5145 3046 5200 ibidem
3107 5118 3238 5197 sunt
3289 5139 3665 5195 obtinuerunt.
3709 5118 3832 5180 Gothi

597 5248 692 5303 lia.
720 5245 1032 5303 Tricesimo
1067 5247 1195 5302 dein
1225 5245 1438 5314 imperii
1462 5245 1757 5301 Theodosii
1783 5259 1930 5300 anno
1959 5244 2189 5300 Proclus
2293 5251 2475 5296 autem
2505 5238 2847 5294 Pannoniam
2874 5236 3185 5291 habuerunt
3219 5231 3487 5301 primum,
3517 5224 3638 5280 dein
3666 5216 3834 5312 decium
3884 5251 3909 5300 λ.

597 5343 891 5412 episcopus
937 5337 1590 5410 Constantinopolitanus
1629 5339 1939 5407 postulatus
1972 5339 2042 5394 ab
2085 5338 2187 5392 im-
2292 5348 2442 5389 nono
2489 5345 2637 5386 anno
2667 5328 2990 5400 imperantis
3030 5321 3323 5380 Theodosii
3364 5316 3601 5387 junioris
3630 5301 3837 5366 Thracia

598 5443 855 5502 peratore
891 5432 1204 5489 Theodosio
1251 5447 1456 5503 corpus
1508 5431 1688 5487 sancti
1736 5429 1967 5487 Joannis
2011 5431 2190 5502 Chry-
2293 5428 2454 5483 villas
2494 5425 2883 5480 habitaverunt
2941 5435 3041 5492 per
3088 5414 3493 5491 quinquaginta
3543 5417 3663 5465 octo
3699 5410 3842 5458 annos

600 5527 828 5582 sostomi
860 5543 890 5581 a
907 5526 1170 5582 Comanis
1192 5526 1259 5581 ad
1293 5527 1498 5595 regiam
1529 5524 1720 5580 urbem
1747 5524 1962 5589 detulit,
1987 5531 2042 5578 et
2066 5497 2192 5593 pro-
2296 5521 2351 5576 in
2377 5519 2592 5574 Thrace
2621 5523 2920 5580 morantes,
2945 5513 3268 5584 Hesperium
3291 5521 3509 5580 quoque
3531 5497 3845 5560 obtinuerunt

600 5619 752 5673 ximo
777 5633 924 5673 anno
973 5627 1097 5687 post
1124 5618 1350 5689 triginta
1382 5625 1496 5673 tres
1525 5631 1703 5671 annos
1732 5616 1786 5670 id
1830 5630 2014 5672 coram
2043 5586 2191 5668 dumi
2295 5613 2693 5684 principatum.
2751 5609 2924 5663 Porro
2975 5605 3207 5660 Vandali
3259 5602 3446 5657 Alanis
3485 5597 3586 5653 sibi
3627 5586 3839 5648 sociatis.

602 5711 954 5780 processione
1002 5726 1112 5765 una
1162 5725 1288 5764 cum
1348 5710 1681 5780 imperatore
1728 5722 1793 5762 ac
1847 5707 2196 5778 imperatrice
2297 5714 2354 5760 et
2392 5703 2702 5766 Germanis,
2750 5702 2845 5772 qui
2897 5714 3045 5756 nunc
3086 5697 3286 5752 Franci
3327 5698 3612 5752 vocantur,
3659 5677 3841 5737 ascilis.

602 5770 896 5857 J’ulcberia
926 5805 1144 5872 pompis
1173 5770 1499 5857 funebribus
1529 5802 1820 5872 publicans
1857 5770 1940 5855 in'
1960 5801 2194 5870 Aposto-
2301 5805 2652 5853 transeuntes
2691 5770 2891 5850 Ninum
2915 5793 3149 5852 .fluvium
3179 5785 3496 5857 Modigisclo
3524 5781 3656 5835 duce
3688 5770 3845 5828 habito

607 5896 784 5951 lorum
820 5892 1054 5948 ecclesia
1085 5895 1288 5965 posuit.
1335 5894 1401 5949 Et
1438 5894 1513 5950 ita
1530 5867 1642 5952 eos
1669 5895 1762 5964 qui
1793 5867 2026 5964 propter
2043 5893 2193 5946 illius
2304 5890 2692 5946 habitat-erunt
2725 5889 2779 5944 in
2817 5886 3106 5960 Hispania,
3158 5899 3278 5956 quae
3318 5889 3405 5936 est
3435 5877 3600 5949 prima
3643 5867 3843 5930 Eurota?
