4088 6428
443 304 572 375 123i

1539 299 1939 364 ANASTASII
1991 295 2615 360 BIBLIOTIIECARH

3590 297 3711 361 1232

445 432 629 480 autem
677 418 747 474 ad
791 416 842 473 id
897 415 1064 472 etiam
1127 415 1432 486 Augustam
1490 399 1826 476 Eudociam,
1861 409 2042 466 tristia
2071 407 2585 478 AHierosoiymant
2643 419 2704 461 sc
2765 403 2992 469 dimitti,
3055 413 3110 459 ct
3164 407 3460 475 assumptis
3523 404 3714 466 Set-cm

442 517 513 571 de
549 510 841 568 Pulcltcria
890 517 1088 565 contra
1146 506 1470 562 Flavianum
1528 518 1846 560 memorans
1899 502 2044 573 apud

449 607 638 673 illam;
694 612 750 660 et
798 601 913 672 agit
977 608 1210 669 uterque
1258 611 1371 668 quo
1431 599 1733 666 imperator
1802 593 2046 650 sanciret

441 695 750 752 secundum
810 691 1014 762 Ephesi
1055 688 1398 760 congregari
1442 685 1762 749 concilium,
1791 685 1882 740 cui
1913 683 2046 738 Dio-

385 785 391 796 '
441 804 608 846 scoro
651 800 892 859 praeesse
939 782 1278 848 concedunt,
1309 781 1592 837 mittentes
1641 780 1692 836 ei
1739 779 2042 835 exercitum

443 881 746 954 plurimum
796 877 852 934 in
914 875 1227 942 auxilium‘;
1275 888 1514 946 cumque
1545 870 1862 928 latrocinali
1912 871 2044 927 huic

441 971 683 1030 concilio
712 969 1089 1042 praesedisset,
1119 983 1232 1024 non
1262 967 1517 1040 permisit
1539 965 1738 1022 adesse
1758 963 2038 1020 notarium

439 1065 609 1119 alium
629 1060 886 1126 concilio,
915 1058 1013 1116 sed
1045 1072 1180 1116 suos
1214 1065 1430 1114 tantum
1485 1057 1618 1114 fecit
1646 1055 1894 1112 scribere
1921 1069 2044 1127 quae

439 1153 796 1226 gerebantur.
839 1150 1089 1218 Quaestio
1141 1164 1276 1221 ergo
1331 1164 1456 1206 cum
1508 1148 1679 1216 fieret,
1721 1148 2044 1221 exigebatur

440 1247 714 1318 Eutyches
735 1246 1016 1315 propriam
1042 1243 1304 1300 exhibere
1331 1241 1672 1313 opinionem,
1697 1242 1791 1312 qui
1817 1256 2044 1312 respon-

436 1341 512 1394 dit
564 1340 793 1394 dicens:
827 1336 1095 1407 Confiteor
1123 1351 1190 1392 ea:
1214 1335 1428 1390 duabus
1463 1335 1670 1390 naturis
1717 1335 1883 1404 fuisse
1929 1333 2041 1389 Do-

437 1434 644 1487 minum
697 1441 944 1486 nostrum
975 1439 1098 1485 ante
1147 1429 1529 1484 adunationem
1550 1443 1571 1482 :
1600 1437 1718 1499 post
1758 1428 2044 1483 adnnatio-

438 1542 557 1581 nem
589 1539 708 1579 vero
737 1538 903 1577 unam
936 1532 1190 1576 naturam
1239 1523 1516 1590 confiteor.
1550 1521 1707 1577 Tunc
1743 1521 2040 1578 Dioscorus

438 1619 625 1674 dixit:
663 1615 732 1670 Et
779 1632 874 1671 nos
902 1631 1084 1671 omnes
1117 1615 1199 1669 his
1232 1617 1593 1683 assentimus;
1618 1625 1673 1672 et
1698 1617 1804 1672 ioci
1850 1632 2040 1673 serva-

442 1720 594 1766 tores
628 1710 740 1781 (l7)
771 1708 994 1780 quidem
1034 1707 1239 1765 Leonis
1287 1722 1443 1779 papae
1487 1707 1746 1773 Romani,
1786 1705 2038 1764 Dioscori

437 1803 686 1861 videntes
717 1803 1005 1873 impetum,
1036 1809 1091 1857 et
1121 1799 1270 1872 quod
1303 1801 1594 1873 epistolam
1632 1815 1784 1872 papa:
1818 1800 1886 1856 ad
1915 1799 2041 1855 Fla-

437 1895 660 1948 vianum
729 1907 837 1948 non
909 1891 1225 1962 permiserit
1271 1891 1404 1963 legi,
1453 1906 1635 1962 neque
1675 1891 1824 1946 illam
1871 1904 2040 1961 quam

440 1987 510 2041 ad
545 1985 818 2057 synodum
850 1984 1103 2049 miserat,
1164 1983 1262 2039 sed
1313 1983 1649 2055 despexerit,
1699 1983 1959 2055 fugerunt
1987 1990 2042 2038 et

439 2076 848 2135 descenderunt
895 2077 1144 2132 Romam.
1211 2075 1388 2133 Porro
1448 2077 1749 2133 Dioscorus
1807 2076 2040 2149 Eutychi

442 2167 818 2226 sacerdotium
880 2167 1081 2233 reddit,
1141 2166 1444 2224 Eusebium
1514 2182 1648 2223 vero
1705 2167 1922 2222 Doriizei
1987 2173 2043 2222 et

439 2259 765 2315 Flavianum
815 2258 1493 2330 ConstantinOpolitanum
1551 2259 1606 2314 in
1653 2266 1907 2328 promptu
1943 2257 2043 2312 de-

445 2368 656 2424 ponere
689 2352 908 2416 habuit,
985 2351 1081 2423 qui
1132 2358 1190 2406 et
1227 2357 1353 2406 ante
1399 2350 1801 2420 depositionem
1840 2351 2043 2422 impul-

443 2445 702 2502 sionibus
733 2443 1056 2501 etcaleibus
1079 2458 1109 2497 a
1141 2442 1404 2500 Dioscoro
1431 2445 1742 2501 submissus
1769 2445 2042 2501 tertianus

443 2539 615 2594 vitam
647 2537 912 2604 mutavit;
947 2543 1002 2591 et
1028 2535 1098 2591 de
1125 2544 1326 2592 caetero
1370 2537 1420 2590 vi
1459 2536 1690 2590 militum
1744 2544 1799 2591 et
1829 2535 2043 2605 gladio-

445 2647 569 2687 rum
619 2629 868 2702 episcopi
929 2628 1288 2686 subscribere
1342 2629 1523 2683 coacti
1591 2635 1742 2683 sunt.
1798 2627 2046 2684 Domnus

446 2734 630 2780 autem
675 2722 1058 2779 Antiochenus
1110 2722 1427 2793 episcopus,
1472 2729 1768 2791 postquam
1808 2722 1860 2774 vi
1911 2720 2044 2777 sub-

447 2815 697 2887 scripsit,
729 2816 785 2870 in
817 2829 878 2871 se
913 2827 1170 2869 reversus
1200 2814 1377 2868 erexit
1406 2827 1466 2868 sc
1493 2823 1689 2868 contra
1719 2811 2044 2868 Dioscorum

447 2909 775 2982 principem,
804 2905 1120 2963 vociferans
1153 2905 1421 2961 adversus
1450 2919 1514 2960 ea
1544 2920 1668 2976 qua:
1700 2913 1851 2976 gesta
1886 2912 2041 2968 sunt,

445 3010 504 3058 et
557 3000 893 3070 impietatem
961 2997 1258 3055 concilium
1302 2998 1620 3066 nominans,
1676 3005 1732 3053 et
1801 2997 2048 3054 subscri-

449 3094 693 3166 ptionem
722 3107 878 3149 suam
907 3107 1159 3164 quaerens
1195 3091 1468 3163 recipere.
1504 3089 1601 3147 His
1629 3090 1872 3160 cognitis
1904 3105 2046 3160 papa
2075 3117 2122 3180 ο

450 3185 564 3241 Leo
601 3183 818 3240 accedit
851 3199 988 3239 cum
1046 3183 1307 3253 lacrymis
1336 3181 1405 3236 ad
1437 3182 1820 3253 imperatorem
1851 3179 2052 3236 Valen-

449 3277 725 3334 tinianum
759 3275 1012 3354 simul-ct
1051 3275 1350 3346 Augustas,
1398 3281 1590 3345 petens
1633 3272 1898 3346 epistolas
1942 3273 2047 3328 im-

451 3369 701 3440 peratori
766 3366 1084 3423 Theodosio
1159 3381 1259 3437 pro
1341 3365 1726 3423 emendatione
1781 3366 2050 3438 patranda

449 3476 668 3528 eorum,
691 3476 816 3533 qua:
844 3459 989 3531 apud
1013 3460 1291 3530 Ephesum
1318 3459 1573 3530 nequiter
1593 3468 1649 3514 et
1670 3457 2052 3530 irregulariter

450 3563 577 3613 acta
605 3563 758 3620 sunt,
789 3551 1188 3616 destinandas;
1219 3549 1316 3622 qui
1341 3549 1603 3606 rescribit
1632 3548 1892 3606 Eudociae
1922 3548 2051 3605 tilia:

452 3649 565 3704 ita:
598 3645 714 3703 Hoc
768 3644 1041 3700 dulcedini
1087 3656 1194 3699 tuae
1238 3646 1319 3698 ita
1373 3652 1557 3698 notum
1608 3659 1722 3698 esse
1753 3641 1890 3710 uolo,
1924 3643 2052 3714 quia

450 3740 752 3796 Flavianus
805 3738 986 3794 divino
1020 3736 1227 3808 judicio
1260 3737 1326 3790 ab
1357 3737 1595 3792 ecclesiis
1646 3735 1845 3806 ejectus
1879 3744 1958 3790 est
1991 3741 2050 3788 ut

451 3833 753 3888 multarum
814 3831 1182 3887 turbationum
1241 3843 1455 3886 auctor.
1511 3830 1685 3886 Porro
1750 3829 2052 3887 Dioscorus

449 3924 710 3997 deposuit
734 3933 789 3980 et
809 3922 1238 3992 Theodoretum,
1267 3930 1322 3980 et
1347 3923 1520 3987 Ibant,
1555 3931 1612 3978 et
1641 3921 1942 3988 Andream,
1989 3927 2048 3978 et

451 4017 724 4072 Domuum
752 4016 1155 4073 Autiochenum
1197 4023 1253 4072 et
1302 4015 1441 4072 alios
1472 4013 1798 4071 Orientales
1835 4015 2051 4086 episco-

453 4126 577 4182 pos.
641 4107 993 4166 Theodosius
1057 4115 1240 4163 autem
1299 4107 1600 4178 imperator
1648 4106 1869 4163 mobilis
1931 4113 2052 4162 erat

451 4201 600 4255 omni
658 4209 824 4256 vento
875 4198 1264 4265 circumlatus,
1323 4198 1470 4254 unde
1507 4207 1564 4253 et
1591 4198 1656 4253 'in
1686 4198 1893 4254 chartis
1938 4213 2050 4254 non

450 4293 612 4350 lectis
650 4292 1054 4350 subscribebat.
1079 4291 1298 4348 Eodem
1340 4306 1487 4349 anno
1517 4291 1856 4349 Generichus
1899 4289 2049 4346 Van.

451 4389 633 4445 dalica
693 4389 1048 4446 multitudine
1099 4389 1324 4461 opimus
1373 4387 1626 4458 effectus,
1662 4397 1722 4444 et
1765 4402 1827 4444 se
1861 4401 2048 4456 regem

2153 501 2476 572 presbytero
2497 505 2552 554 et
2577 496 2792 552 Joanne
2819 495 3060 552 diacono
3092 495 3518 568 Hierosolymam
3557 502 3714 556 venit.

2154 593 2380 650 Discens
2403 593 2610 648 interea
2637 591 2939 660 imperator
2979 589 3127 660 quod
3163 589 3253 645 isti
3287 598 3343 645 et
3369 591 3425 645 in
3458 592 3591 648 urbe
3618 592 3720 650 fre.

2151 693 2384 757 quenter
2434 685 2502 740 ad
2539 700 2661 741 eam
2721 683 3047 740 accederent
3095 692 3153 739 et
3209 698 3334 738 cum
3375 685 3494 755 ipsa
3540 701 3723 744 rursus

2149 778 2548 850 Hierosolymis
2576 787 2786 842 essent,
2820 777 3106 847 multaque
3132 774 3243 832 illis
3265 775 3576 848 largiretur,
3605 780 3725 833 mit-

2150 882 2270 928 lens
2327 871 2624 928 decollavit
2656 885 2774 926 eos.
2812 868 2967 926 Tunc
3019 871 3320 941 imperator
3365 870 3579 926 beatam
3607 871 3727 926 Pul-

2147 966 2390 1022 cheriam
2431 965 2637 1036 oppido
2662 979 2864 1037 rogans
2896 963 2966 1018 ad
3000 963 3310 1034 imperialia
3346 963 3581 1030 reduxit,
3613 980 3728 1034 qua!

2148 1073 2273 1114 mox
2316 1059 2547 1116 mittens
2581 1057 2856 1130 Ephesum
2887 1058 3196 1129 asportavit
3220 1057 3348 1112 inde
3375 1072 3574 1127 corpus
3604 1073 3730 1112 san-

2143 1151 2220 1208 cti
2253 1151 2523 1220 Flaviani,
2575 1161 2632 1208 et
2673 1167 2798 1208 cum
2834 1151 3010 1208 multo
3040 1151 3298 1208 deferens
3337 1150 3606 1218 obsequio
3638 1167 3731 1221 per

2147 1243 2388 1300 medium
2430 1245 2586 1301 urbis
2651 1243 2907 1316 sepelivit
2962 1244 3106 1313 apud
3157 1252 3383 1299 sanctos
3433 1243 3729 1312 apostolos.

2144 1337 2359 1392 Interea
2407 1337 2616 1393 Attiias
2661 1337 2891 1410 Scytha,
2923 1338 3010 1392 vir
3045 1335 3204 1391 fortis
3233 1343 3400 1406 atque
3447 1334 3731 1408 superbus,

2143 1429 2398 1499 deposito
2453 1428 2635 1484 Bdella
2692 1428 2898 1485 seniori
2958 1427 3126 1483 fratre
3185 1428 3337 1483 solus
3387 1426 3733 1498 Scytharum,

2143 1536 2284 1593 quos
2307 1519 2538 1576 Hunnos
2567 1529 2793 1584 vocant,
2828 1519 3174 1591 principatus
3207 1533 3399 1590 regno,
3429 1533 3523 1588 per
3556 1517 3734 1572 Thra-

2141 1630 2262 1671 cem
2320 1613 2612 1678 discurrit,
2667 1622 2722 1669 et
2762 1628 2984 1668 omnem
3038 1612 3314 1669 civitatem
3343 1621 3400 1665 et
3435 1621 3620 1668 castra
3674 1611 3726 1666 ia

2154 1709 2474 1766 servitutem
2509 1709 2744 1778 redegit,
2782 1717 2979 1779 praeter
3013 1707 3462 1778 Hadrianopolim
3489 1717 3544 1762 et
3570 1704 3732 1762 Herae

2145 1802 2333 1865 cliam,
2356 1817 2479 1872 quae
2505 1801 2780 1872 quondam
2822 1799 3118 1857 Perinthus
3164 1801 3489 1856 vocabatur.
3513 1798 3734 1871 Cogitur

2145 1907 2279 1965 ergo
2313 1891 2664 1949 Theodosius
2704 1893 3033 1963 legationem
3064 1892 3246 1947 Attilae
3288 1892 3532 1956 mittere,
3565 1903 3618 1946 et
3644 1908 3732 1946 sex

2145 1986 2323 2041 millia
2348 1984 2617 2040 librarum
2651 1984 2700 2039 ei
2736 2000 2834 2055 pro
2861 1999 3083 2040 recessu
3114 1983 3368 2054 praebens
3400 1985 3551 2038 mille
3582 1983 3736 2038 libra-

2146 2093 2269 2133 rum
2301 2093 2548 2132 annuum
2583 2075 2854 2132 tributum
2888 2077 3200 2146 persolvere
3228 2076 3544 2147 pollicetur.
3576 2075 3736 2145 igitur

2147 2186 2272 2227 cum
2307 2171 2559 2227 Romana
2581 2171 2760 2228 virtus
2783 2185 2812 2225 a
2844 2171 2986 2226 bello
3015 2171 3272 2227 rediisset
3297 2169 3446 2240 quod
3477 2168 3736 2225 adversus

2146 2263 2374 2318 Attilam
2417 2261 2599 2318 fuerat
2625 2261 2986 2326 destinatum,
3043 2275 3152 2316 non
3202 2259 3378 2314 multo
3402 2267 3526 2330 post
3563 2258 3734 2313 Theo-

2147 2355 2338 2411 dosius
2395 2355 2654 2411 moritur.
2702 2353 2875 2409 Porro
2926 2353 3086 2409 beata
3124 2352 3462 2419 .Pulcheria,
3502 2354 3730 2406 nondum

2148 2448 2406 2518 cuiquam
2464 2447 2818 2517 imperatoris
2872 2454 3052 2501 morte
3085 2451 3393 2516 comperta,
3459 2442 3733 2498 Marciano

2149 2539 2441 2606 accersito,
2481 2539 2539 2595 in
2604 2539 2872 2609 religione
2922 2553 2988 2594 ac
3035 2539 3306 2610 pudicitia
3360 2546 3734 2601 conversante,

2149 2647 2281 2689 sene
2313 2632 2572 2688 videlicet
2619 2641 2675 2688 et
2728 2633 2925 2688 idoneo
2975 2632 3114 2695 viro,
3159 2632 3295 2687 dicit
3328 2631 3426 2687 ei:
3482 2631 3738 2696 Quoniam

2150 2724 2469 2791 imperator-
2493 2731 2738 2778 mortuus
2789 2732 2890 2789 est,
2935 2733 2987 2778 et
3037 2740 3132 2793 ego
3185 2733 3235 2776 te
3287 2722 3434 2793 elegi
3493 2730 3735 2790 tanquam

2151 2815 2570 2884 be'ncplacentem
2643 2830 2710 2869 ea:
2770 2814 2915 2870 omni
2969 2824 3182 2880 senatu,
3241 2813 3309 2868 da
3372 2813 3502 2867 mihi
3539 2813 3734 2867 verbum

2149 2907 2288 2977 quod
2318 2906 2595 2961 custodias
2634 2906 2996 2977 virginitatem
3029 2921 3224 2968 meam,
3253 2919 3418 2974 quam
3469 2902 3573 2958 Deo
3602 2918 3734 2956 com-

2152 2999 2297 3064 misi,
2333 3007 2383 3054 et
2411 2999 2766 3069 pronuntiabo
2803 3007 2852 3053 te
2884 2999 3293 3065 imperatorem;
3327 2996 3478 3066 quod
3514 3010 3583 3049 eo
3631 2993 3735 3063 po!-

2151 3093 2375 3162 licente,
2425 3093 2700 3151 accersito
2761 3093 3082 3164 patriarcha
3143 3091 3357 3161 pariter
3415 3099 3470 3145 et
3526 3094 3731 3151 senatu,

2154 3187 2531 3257 pronuntiavit
2584 3202 2709 3243 eum
2766 3187 3156 3257 imperatorem
3196 3184 3600 3238 Romanorum.

2154 3293 2169 3307 ·
2228 3277 2416 3333 Mundi
2480 3292 2628 3332 anno
2689 3276 2851 3343 5943,
2913 3276 3114 3332 divina:
3167 3273 3567 3330 incarnationis
3613 3271 3732 3337 μδ,

2157 3373 2472 3430 Marcianus
2502 3373 2627 3444 pius
2655 3372 2845 3428 divino
2874 3372 3098 3428 decreto
3149 3372 3457 3442 imperator
3484 3377 3731 3424 ostensus

2153 3480 2348 3522 omnes
2369 3465 2463 3536 qui
2487 3465 2543 3520 in
2569 3463 2952 3520 exsilio'erant
2974 3462 3272 3517 revocavit.
3290 3459 3580 3515 Pulcheria
3612 3471 3733 3512 vero

2154 3573 2416 3630 perosum
2448 3555 2853 3630 Cbrysaphium
2905 3554 3222 3610 eunuchum
3259 3552 3492 3608 tradidit
3519 3549 3730 3607 Jordani

2155 3651 2270 3708 lilio
2309 3650 2562 3717 Joannis,
2599 3649 2693 3721 qui
2744 3647 3091 3721 tyrannidem
3129 3645 3272 3716 apud
3308 3646 3616 3701 Romanam
3646 3658 3732 3698 ur-

2154 3744 2277 3801 bem
2304 3744 2575 3810 exercuit,
2627 3742 2928 3812 multisque
2957 3739 3180 3796 Christo
3224 3740 3435 3795 erectis
3464 3737 3729 3801 ecclesiis,

2153 3836 2544 3908 praecipueque
2567 3837 2622 3891 in
2653 3832 2976 3890 Blachernis
3013 3831 3308 3888 laudabilis
3355 3831 3601 3886 Domina:
3633 3844 3729 3883 no-

2153 3937 2282 3986 stra:
2307 3928 2402 3986 Dei
2423 3927 2717 3985 Genitricis
2740 3927 2794 3981 in
2816 3924 3090 3998 principio
3123 3924 3342 3995 imperii
3371 3925 3446 3994 pii
3475 3922 3728 3978 Marciani

2152 4023 2445 4080 ecclesiam
2507 4021 2656 4078 fecit.
2723 4019 2898 4076 Porro
2952 4019 3148 4075 beatus
3201 4033 3344 4089 papa
3377 4019 3489 4075 Leo
3520 4017 3732 4086 scripsit

2153 4114 2457 4182 Marciano,
2514 4122 2708 4184 petens
2763 4122 2822 4168 ut
2877 4127 3002 4184 quas
3047 4120 3384 4182 praesumpta
3441 4112 3657 4168 fuerant
3701 4125 3728 4163 a

2153 4211 2420 4267 Dioscoro
2480 4215 2535 4265 et
2586 4207 2835 4280 Eutyche
2874 4206 3016 4278 apud
3035 4206 3318 4278 Ephesum
3350 4208 3406 4262 in
3439 4205 3498 4262 S.
3533 4204 3732 4259 Flavia-

2153 4317 2286 4358 num
2336 4300 2755 4373 requirerentur
2803 4312 2987 4356 coram
3057 4298 3362 4354 universali
3412 4298 3640 4368 synodo,
3681 4305 3730 4351 et

2149 4391 2317 4463 jussit
2347 4391 2648 4462 imperator
2669 4389 2850 4461 colligi
2885 4397 3117 4444 cunctos
3146 4389 3461 4459 episcopos.
3484 4387 3730 4444 Secundo

454 4495 661 4535 vocans
715 4487 879 4536 terra
929 4495 996 4536 ac
1045 4483 1217 4538 maris
1267 4481 1688 4550 insularumque
1725 4477 2046 4540 multarum.
2079 4466 2126 4524 ι)
2155 4485 2342 4555 itaque
2371 4483 2590 4555 imperii
2652 4480 2918 4537 Marciani
2969 4496 3118 4538 anno
3155 4480 3510 4537 Chalcedone
3549 4487 3729 4537 sancta

453 4567 826 4625 Theodosium
880 4571 1272 4627 contristabat.
1332 4569 1479 4628 Sane
1523 4585 1637 4626 non
1693 4569 1868 4626 multo
1920 4574 2048 4640 post

454 4661 790 4731 resipiscens
857 4661 1240 4730 Theodosius,
1298 4672 1358 4719 et
1415 4676 1826 4734 recognoscens
1887 4675 1948 4716 se
2014 4675 2045 4716 a

453 4755 788 4825 Chrysaphii
852 4757 1114 4813 versutiis
1163 4755 1346 4813 fuisse
1373 4755 1690 4826 deceptum,
1721 4754 2050 4810 tristabatur

454 4861 623 4917 super
653 4846 936 4918 impietate
987 4864 1054 4904 ac
1099 4848 1376 4919 injustitia
1427 4862 1551 4920 qua:
1581 4849 1726 4903 facta
1781 4846 1964 4902 fuerat
1993 4847 2051 4902 in

449 4939 778 4996 Flavianum
841 4952 896 4997 et
947 4942 1192 5013 reliquos
1235 4941 1550 5013 episcopos.
1604 4939 1671 4994 Et
1727 4939 2049 5012 indignatus

450 5033 806 5090 vehementer
839 5034 1018 5106 primo
1070 5035 1294 5106 quidem
1326 5035 1574 5091 exsulem
1619 5034 1748 5090 fecit
1797 5033 1854 5089 in
1895 5033 2050 5088 insuo

451 5128 560 5181 lam
623 5126 918 5197 quamdam
971 5127 1405 5200 Chrysaphium,
1456 5129 1514 5182 in
1561 5126 1862 5182 Eudociam
1913 5141 2045 5181 vero

447 5219 610 5276 valde
629 5231 1032 5289 commovetur,
1065 5221 1209 5277 hanc
1238 5222 1485 5277 omnium
1514 5220 1784 5275 malorum
1816 5234 2040 5276 causam

451 5313 760 5382 appellans,
807 5315 1008 5384 quippe
1048 5329 1170 5385 quae
1197 5321 1252 5369 ct
1283 5313 1632 5369 Pulcheriam
1663 5329 1729 5367 ex
1781 5313 2041 5383 imperia-

449 5407 597 5462 libus
645 5409 899 5463 insecuta
937 5409 1012 5463 sit
1052 5409 1240 5474 simul,
1299 5417 1352 5464 et
1400 5408 1784 5478 improperans
1825 5407 1875 5462 ei
1922 5419 2044 5476 quae

447 5510 697 5570 gesserat
723 5501 872 5558 circa
898 5500 1211 5558 Paulinum.
1241 5501 1336 5557 illa
1355 5517 1487 5559 vero
1511 5502 1801 5572 desperata
1830 5499 2043 5571 rogavit

2149 4586 2347 4650 quarta
2398 4576 2545 4632 facta
2607 4583 2692 4632 est
2751 4574 3017 4648 synodus,
3067 4590 3258 4632 mense
3322 4575 3608 4640 Octobrio,
3651 4573 3728 4626 in-

2151 4671 2396 4728 dictione
2429 4671 2643 4741 quinta.
2669 4669 2938 4725 Omnibus
2973 4676 3155 4724 autem
3191 4669 3470 4739 episcopis
3507 4668 3561 4722 in
3587 4680 3726 4720 mar-

2152 4761 2298 4834 tyrio
2333 4760 2392 4818 S.
2425 4759 2743 4832 Euphemize
2793 4774 2901 4814 una
2962 4773 3087 4814 cum
3121 4767 3314 4814 senatu
3363 4754 3731 4814 convenienti-

2151 4856 2277 4918 bus,
2311 4853 2564 4910 discussa
2595 4860 2726 4909 sunt
2768 4853 2966 4923 quain
3000 4851 3176 4922 prima
3222 4851 3527 4906 indictione
3572 4861 3731 4918 super

2151 4946 2401 5019 Eutyche
2434 4954 2590 5018 gesta
2619 4954 2774 5013 sunt,
2809 4955 2863 5002 et
2907 4959 3030 5016 qua:
3059 4947 3201 5014 apud
3235 4943 3514 5014 Ephesum
3549 4949 3674 4998 sunt
3699 4953 3728 4993 a

2154 5039 2425 5095 Dioscoro
2475 5047 2681 5095 temere
2745 5045 3084 5108 perpetrata.
3167 5034 3467 5102 Queritans
3555 5040 3726 5087 autem

2153 5130 2458 5188 Dioscorus
2487 5129 2556 5185 de
2587 5129 2674 5184 his
2718 5128 2787 5183 ad
2823 5127 3188 5198 ignorantiam
3228 5134 3511 5197 gestorum
3542 5121 3727 5179 confu-

2149 5227 2267 5296 git:
2302 5225 2397 5280 sed
2425 5223 2666 5292 effugere
2701 5222 3172 5293 redargutionem,
3206 5235 3326 5290 quae
3351 5219 3406 5274 in
3434 5218 3572 5274 actis
3601 5214 3724 5272 eiic-

2152 5319 2401 5383 rebatur,
2434 5332 2544 5372 non
2577 5318 2768 5372 valens
2807 5316 3115 5380 deﬁciebat,
3168 5323 3223 5371 et
3251 5314 3459 5369 veritas
3493 5307 3725 5366 denuda-

2152 5411 2336 5466 batur.
2387 5409 2546 5464 Tunc
2600 5409 3013 5465 excusationem
3064 5421 3171 5462 non
3214 5405 3422 5459 habens
3471 5399 3725 5456 confusus

2155 5514 2257 5557 est.
2285 5503 2348 5558 Hi
2386 5517 2514 5559 vero
2545 5503 2638 5573 qui
2669 5517 2794 5558 cum
2817 5517 2885 5558 eo
2931 5500 3240 5556 latrocinali
3271 5497 3506 5554 concilio
3539 5505 3725 5548 consc—

1974 5611 2212 5670 ΝΟΤΑΞ.

521 5708 634 5784 (l7)
667 5707 796 5764 Loci
825 5726 960 5766 serv.
1025 5713 1355 5784 Anastasius
1403 5715 1457 5768 in
1512 5714 1808 5770 collatione
1841 5712 1905 5784 5ἐ
1935 5709 2161 5766 Maximi
2212 5713 2506 5783 martyris:
2553 5735 2571 5766 ι
2615 5717 2982 5784 compunctus
3017 5708 3282 5766 divinitus
3355 5712 3574 5777 praeter,
3621 5698 3721 5752 imo

452 5779 559 5836 ioci
577 5787 827 5834 servator
859 5783 1130 5849 praetoris.
1163 5801 1182 5834 ι
1211 5783 1276 5839 γ.
1301 5784 1478 5840 Gloss.
1509 5786 1577 5840 ad
1607 5784 1830 5840 Cedrcu.
1868 5782 2035 5837 Faun.
