4088 6426
433 483 571 550 1233

1263 486 1631 549 HISTORIA
1660 486 2247 551 ECCLESIASTICA
2270 489 2375 552 EX
2405 490 2892 558 THEOPHANE.

3638 378 3667 455 ἑ

3571 497 3710 567 1234

427 604 653 669 derunt,
680 598 1080 674 redargnebant
1112 618 1237 659 eum
1265 619 1433 676 super
1461 604 1716 661 violentia
1738 611 1794 662 et
1827 619 2018 662 neces-
2046 610 2095 666 Α
2121 618 2324 676 rogans
2363 622 2393 662 a
2421 606 2642 664 Maximi
2710 611 2999 683 tyrannide
3051 611 3295 671 liberari.
3328 613 3525 688 Magna
3573 633 3710 675 vero

430 686 596 754 sitate
626 710 792 765 quam
824 696 894 751 ab
920 697 1038 767 ipso
1100 697 1462 766 pertulerant,
1519 706 1576 754 et
1595 699 1808 755 veniam
1840 711 1870 753 a
1923 714 2019 771 sy-

427 786 572 842 node
614 787 966 856 postulantes
997 789 1205 859 recepti
1244 796 1411 857 sunt;
1462 804 1698 861 quorum
1729 804 1874 846 unus
1901 798 2021 845 erat

422 876 713 933 Juvenalis
746 877 1311 950 Hierosolymitanus
1375 881 1692 952 episcopus.
1768 879 2021 949 Cumque

424 970 724 1025 defecisset
794 971 1110 1038 Dioscorus,
1175 987 1287 1028 non
1343 973 1552 1030 habens
1604 976 2015 1033 excusatoriam

424 1062 723 1126 rationem,
753 1063 897 1118 ultra
928 1065 981 1118 in
1013 1064 1225 1135 synodo
1256 1080 1524 1136 apparere
1546 1070 1747 1124 'ansus
1777 1081 1886 1122 non
1910 1077 2016 1123 est.

424 1152 583 1209 Tunc
615 1153 885 1224 synodus.
919 1163 1196 1224 praesente
1235 1171 1459 1228 quoque
1510 1157 1843 1228 imperatore
1870 1156 2015 1212 Mar-

421 1247 585 1300 ciano
609 1256 664 1301 et
693 1254 911 1310 senatu,
937 1248 1268 1302 sententiam
1304 1248 1531 1320 protulit
1564 1256 1760 1304 contra
1793 1248 2018 1305 Diosco-

422 1353 548 1392 rum
575 1348 630 1393 et
647 1337 954 1407 Eutychen,
977 1355 1184 1412 eosque
1203 1340 1476 1411 deposuit.
1503 1342 1807 1412 imperator
1834 1349 2014 1398 autem

424 1429 753 1487 Dioscorum
780 1433 1001 1503 quidem
1027 1435 1083 1488 in
1117 1433 1353 1505 Gangris
1380 1435 1580 1491 exsilio
1610 1436 1895 1507 relegavit,
1927 1452 2018 1508 sy-

421 1523 634 1579 nodum
665 1532 847 1581 autem
873 1526 1102 1583 laudans
1128 1527 1308 1584 dixit:
1338 1526 1561 1584 Gratias
1575 1529 1831 1599 conﬁteor
1845 1531 2017 1584 maxi-

424 1637 545 1675 mas
571 1622 810 1675 omnium
837 1629 1144 1677 nostrorum
1210 1621 1345 1690 Deo,
1387 1624 1640 1694 quoniam
1683 1623 1868 1679 ablata
1902 1624 2018 1681 dis-

422 1714 614 1769 cordia
673 1714 729 1768 in
787 1731 950 1771 unum
1010 1715 1350 1787 eamdemque
1409 1717 1790 1788 confessionem
1843 1721 2018 1773 cuncti

418 1807 764 1861 routeenimus
782 1823 802 1872 ;
836 1816 891 1862 et
919 1808 1235 1866 amabiliter
1251 1807 1533 1863 bonorans
1568 1817 1861 1866 sexcentos
1892 1808 2018 1864 illos

418 1908 478 1953 et
510 1897 729 1968 triginta
762 1897 982 1968 Patres,
1026 1899 1096 1955 ad
1144 1914 1244 1955 sua
1290 1899 1346 1954 in
1374 1913 1510 1971 pace
1568 1916 2021 1973 unumquemque

422 1990 684 2046 absolvit.
722 1990 896 2046 Porro
923 2000 1283 2048 consecratus
1307 2000 1393 2049 est
1438 1992 1724 2051 Proterius
1757 2009 1861 2066 pro
1896 1993 2013 2049 Dio-

414 2094 588 2135 scoro
613 2082 912 2153 episcopus
937 2082 1307 2138 Alexandria.

502 2172 689 2229 Mundi
725 2189 869 2228 anno
886 2174 1048 2238 5945,
1072 2173 1273 2229 divinat
1304 2173 1702 2232 incarnationis
1722 2190 1869 2232 anno
1888 2177 2015 2243 445,

418 2264 715 2322 Pulcheria
747 2266 906 2320 beata
959 2273 1017 2322 ct
1067 2267 1157 2337 pia
1217 2268 1480 2323 dormivit
1514 2267 1570 2323 in
1618 2268 1863 2335 Christo,
1895 2284 2018 2341 qua:

414 2357 595 2412 multa
629 2357 772 2412 bona
807 2357 939 2413 fecit
990 2367 1046 2415 et
1076 2360 1261 2415 omnia
1315 2374 1414 2415 sua
1444 2361 1784 2432 pauperibus
1812 2360 2015 2417 dereli-

417 2449 581 2517 quit;
613 2465 737 2521 qua:
767 2450 1104 2516 Marcianus,
1138 2466 1262 2507 eum
1310 2453 1484 2507 multa
1524 2461 1733 2521 essent,
1759 2454 2017 2510 alacriter

416 2540 594 2597 dedit.
621 2541 943 2599 Construxit
981 2550 1168 2600 autem
1225 2543 1420 2600 eadem
1465 2554 1521 2601 et
1546 2546 1718 2600 multa
1747 2539 2011 2609 oratoria.

415 2633 728 2704 domosque
779 2636 1120 2705 pauperibus
1161 2645 1218 2692 et
1275 2636 1613 2708 hospitibus,
1668 2651 1885 2694 necnon
1960 2645 2014 2693 et

418 2727 676 2796 sepulcra
733 2729 1043 2798 peregrinis
1086 2727 1416 2797 aedificavit;
1470 2729 1617 2785 inter
1636 2746 1758 2802 quae
1780 2730 1838 2788 S.
1863 2731 2011 2786 Mar-

417 2821 557 2893 tyris
585 2819 871 2878 Laurentii
906 2823 1165 2893 templum
1190 2824 1526 2880 construxit.
1560 2824 1629 2879 At
1666 2839 1795 2880 vero
1829 2824 2011 2882 Theo-

412 2913 613 2968 dosius
672 2913 1000 2978 monachus,
1042 2915 1125 2969 vir
1190 2914 1440 2985 pestifer,
1473 2930 1598 2970 cum
1630 2917 2012 2974 descendisset

411 3005 627 3059 cursim
673 3003 1114 3062 Chalcedonensi
1182 3005 1332 3062 facto
1407 3008 1649 3064 concilio
1689 3007 2009 3083 Hierosoly-

412 3112 587 3163 mam,
631 3107 687 3154 et
737 3098 1028 3155 didicisset
1055 3100 1203 3170 quod
1270 3100 1520 3171 Angusta
1571 3101 1816 3159 Eudoeia
1878 3118 2009 3173 erga

413 3186 746 3244 Dioscorum
796 3205 827 3244 a
875 3189 1088 3262 synodo
1129 3191 1441 3262 depositum
1486 3192 1686 3251 all‘ectu
1732 3193 2009 3266 flagraret,

2122 713 2248 755 cum
2279 701 2444 756 classi
2470 701 2832 760 Gczerichum
2878 705 3108 761 Romam
3155 707 3503 780 navigantem
3537 707 3715 765 Maxi-

2122 806 2247 848 mus
2277 792 2479 850 timens
2515 794 2639 865 fuga
2667 812 2805 853 usus
2857 806 2942 853 est
2973 816 2988 854 :
3022 798 3079 853 hi
3125 816 3256 856 vero
3304 803 3398 873 qui
3427 818 3552 859 cum
3590 804 3712 875 ipso

2121 890 2300 948 erant,
2339 884 2905 946 interemeruutenm.
2935 890 3209 949 Praeterea
3247 894 3582 952 Gczerichus
3613 914 3714 954 ne-

2122 976 2271 1032 mine
2326 978 2431 1033 sibi
2480 980 2773 1038 resistente
2828 983 3081 1039 introivit
3138 984 3368 1043 Romam
3410 989 3573 1045 tertia
3621 990 3713 1046 die

2123 1066 2344 1124 Maximi
2371 1071 2536 1141 fugas,
2565 1081 2621 1127 et
2668 1074 2904 1131 sublatis
2936 1077 3195 1134 omnibus
3235 1081 3507 1149 pecuniis,
3543 1088 3599 1137 et
3630 1081 3714 1135 ci-

2120 1159 2308 1216 vitatis
2332 1162 2614 1219 miraeuiis
2652 1165 2704 1217 in
2727 1179 2894 1219 naves
2930 1169 3187 1238 receptis,
3227 1169 3281 1224 in
3319 1170 3522 1240 quibus
3553 1179 3713 1226 erant

2122 1250 2499 1308 ecclesiastica
2539 1254 2757 1309 cimelia
2783 1262 2896 1310 tota
2928 1273 2990 1310 ex
3028 1273 3184 1324 auro,
3202 1260 3477 1330 lapidibus
3502 1262 3713 1333 pretio—

2122 1341 2202 1397 sis
2223 1351 2443 1406 ornata,
2475 1351 2528 1399 et
2561 1359 2688 1399 vasa
2720 1343 3013 1413 Hebraiea,
3042 1364 3165 1419 quae
3192 1349 3353 1407 Titus
3383 1351 3709 1423 Vespasiani

2121 1434 2267 1492 illius
2315 1442 2439 1506 post
2484 1438 2860 1508 captivitatem
2925 1438 3433 1512 Hierosolymorum
3480 1442 3710 1499 Romam

2122 1525 2419 1590 detulerat,
2452 1542 2558 1580 una
2581 1542 2707 1584 eum
2740 1529 2990 1585 Eudoxia
3014 1531 3366 1602 imperatrice
3396 1548 3462 1589 ac
3498 1534 3715 1593 ﬁliabus

2122 1615 2244 1689 ejus
2281 1618 2336 1672 in
2367 1617 2612 1673 Africam
2652 1621 2950 1692 navigavit.

2197 1709 2327 1764 Erat
2357 1717 2540 1765 autem
2602 1710 2917 1769 Marcianus
2968 1714 3264 1770 admodum
3318 1715 3637 1787 religiosus,
3658 1727 3716 1772 et

2120 1801 2320 1859 timens
2350 1803 2522 1859 Deum
2549 1845 2562 1868 ,
2592 1806 2684 1875 qui
2715 1819 2843 1861 cum
2874 1807 3084 1863 litaniis
3132 1808 3324 1879 Campi
3356 1809 3524 1879 pedes
3551 1824 3716 1865 exce—

2121 1893 2308 1963 debat,
2363 1897 2538 1951 multa
2592 1898 2882 1966 egentibus
2922 1900 3191 1957 beneficia
3233 1910 3525 1973 prtestans.
3552 1902 3712 1969 Quod

2121 1983 2349 2041 intuens
2385 1986 2678 2044 Anatolius
2700 1989 3017 2059 patriarcha
3046 1998 3103 2046 et
3125 1989 3245 2062 ipse
3272 1991 3343 2048 de
3370 1996 3578 2049 ccetero‘
3603 2008 3715 2047 non

2119 2075 2316 2148 pborio
2341 2085 2590 2147 portatus
2627 2079 2932 2136 secundum
2966 2095 3201 2150 morem,
3258 2083 3353 2139 sed
3380 2083 3546 2153 pedes
3586 2084 3714 2139 lita-

2120 2171 2242 2225 nias
2264 2169 2474 2228 faciens
2526 2172 2835 2229 incedebat.
2866 2173 3190 2235 Timotheus
3239 2185 3423 2234 autem
3463 2174 3709 2235 llelurus

2123 2259 2406 2317 molimine
2438 2277 2572 2320 usus
2594 2266 2959 2322 noctu-cellas
3016 2268 3411 2324 monachorum
3470 2270 3715 2326 circum-

2118 2353 2254 2421 ibat,
2275 2370 2727 2427 unumquemque
2754 2372 2966 2414 vocans
2988 2374 3053 2414 ex
3083 2361 3329 2423 nomine,
3358 2377 3468 2431 quo
3491 2376 3716 2433 respon-

2119 2445 2283 2502 dente
2324 2448 2546 2504 dicebat
2576 2464 2590 2502 :
2623 2448 2737 2521 Ego
2790 2452 3011 2522 angelus
3065 2470 3183 2508 sum
3210 2454 3384 2510 dicere
3445 2457 3712 2520 omnibus,

2118 2547 2176 2590 ut
2215 2536 2507 2593 abscedant
2562 2556 2596 2594 a
2644 2542 3015 2596 communione
3064 2541 3299 2598 Prom-ii
3325 2555 3375 2599 et
3414 2562 3593 2600 eorum
3621 2547 3714 2617 qui

2117 2628 2448 2685 Chalcedone
2481 2647 2829 2698 convenere,
2865 2643 2917 2688 et
2966 2633 3296 2690 Timotheum
3349 2636 3614 2693 ﬂeturum
3656 2640 3712 2694 iu

2115 2722 2417 2792 episcopum
2448 2720 2798 2780 Alexandriae
2825 2727 3133 2796 provehunt.

2189 2813 2380 2871 Mundi
2431 2832 2580 2873 anno
2624 2819 2791 2885 5950,
2853 2820 3055 2875 divinae
3121 2821 3524 2879 incarnationis
3562 2838 3712 2881 anno

2112 2906 2241 2973 450,
2270 2905 2383 2964 Leo
2408 2908 2643 2978 imperat
2674 2920 2979 2968 coronatus
3004 2913 3074 2967 ab
3092 2912 3346 2969 Anatolio
3370 2916 3710 2984 patriarcha.

2114 2998 2445 3057 Timotheus
2476 3017 2607 3058 vero
2634 3015 3005 3074 cognomento
3043 3007 3281 3063 llclurus
3322 3008 3710 3064 Alexandriam

2114 3092 2392 3148 civitatem
2431 3095 2710 3149 turbabat.
2735 3094 3085 3153 Multitudine
3107 3100 3310 3170 quippe
3333 3100 3708 3171 inquietorum

2114 3186 2359 3240 virorum
2384 3194 2570 3256 empta
2638 3190 2930 3258 tyrannice
2961 3190 3315 3247 Alexandriae
3346 3192 3533 3249 sedem
3561 3193 3710 3249 obti-

412 3282 589 3352 ctepit
638 3283 879 3340 clamare
936 3283 1203 3341 adversus
1267 3287 1540 3358 synodum
1599 3288 1758 3359 quasi
1804 3299 2011 3345 rectam

2117 3277 2262 3341 nuit,
2293 3286 2507 3332 etcum
2563 3278 2852 3350 depositus
2889 3293 3059 3347 esset,
3102 3299 3132 3339 a
3181 3284 3399 3340 duobus
3443 3285 3712 3356 depositis

415 3372 580 3428 ﬁdem
608 3374 1043 3441 subvertentem,
1073 3386 1129 3432 et
1154 3377 1436 3449 subreptis
1464 3379 1709 3451 Augusta
1740 3388 1797 3437 et
1826 3397 2014 3439 mona-

411 3466 563 3532 chis,
587 3468 828 3536 propriis
848 3468 1091 3525 ctedibus
1109 3487 1242 3527 usus
1271 3487 1425 3527 more
1448 3473 1762 3542 barbarico,
1793 3475 2012 3531 archie-

409 3561 653 3615 raticum
698 3561 958 3616 thronum
989 3564 1155 3633 rapit,
1188 3572 1243 3620 et
1278 3565 1530 3623 homines
1561 3567 1825 3638 Augustae
1849 3569 2011 3624 mini-

410 3661 569 3708 stros
591 3652 805 3709 habens
835 3656 1126 3727 episcopos
1145 3666 1428 3726 promovet
1456 3674 1556 3731 per
1583 3661 1853 3725 civitates,
1885 3677 2006 3717 cum

411 3748 664 3820 episcopi
694 3749 876 3806 adhuc
927 3758 1118 3806 essent
1159 3751 1214 3805 iu
1246 3751 1477 3823 synodo.
1514 3753 1871 3809 Severianum
1906 3770 2008 3810 au-

413 3852 531 3895 tem
581 3841 902 3913 episcopum
949 3843 1368 3914 Scytltopoleos,
1399 3845 1494 3915 qui
1526 3860 1635 3900 non
1682 3846 2008 3919 fueratejus

411 3934 564 3987 mala
591 3934 851 4004 opinione
877 3935 1162 4007 deceptus,
1200 3951 1230 3991 a
1263 3937 1487 3992 civitate
1511 3939 1721 4008 pellens
1768 3941 2007 4007 occidit;

413 4034 475 4079 ct
497 4027 757 4082 excitavit
786 4030 1253 4098 perseverantiam
1288 4038 1480 4085 contra
1506 4031 1628 4087 illos
1645 4033 1739 4102 qui
1772 4032 1874 4088 sibi
1899 4049 2008 4089 non

414 4120 926 4187 communicabant,
953 4131 1009 4176 et
1048 4124 1252 4179 multos
1294 4124 1517 4193 quidem
1552 4127 1843 4183 tormentis
1878 4128 2008 4185 affe-

414 4210 516 4274 cit,
572 4212 939 4280 quorumdam
995 4228 1130 4269 vero
1185 4213 1379 4268 domos
1414 4215 1639 4269 tradidit
1678 4217 1813 4285 igni,
1845 4218 1921 4274 ita
1951 4228 2010 4272 ut

412 4297 784 4355 aestimaretur
811 4301 943 4356 urbs
1000 4316 1030 4354 a
1070 4300 1327 4358 Barbaris
1356 4312 1536 4374 capta.
1575 4302 1802 4361 Necavit
1826 4317 2005 4364 autem

410 4397 472 4443 et
514 4390 872 4447 Athanasium
930 4394 1221 4449 diaconum
1263 4394 1325 4450 S.
1385 4396 1850 4465 llesurrectionis,
1909 4416 2005 4457 ex-

414 4483 771 4551 probrantem
802 4494 858 4541 et
891 4495 1212 4557 arguentem
1251 4489 1377 4559 ejus
1407 4490 1765 4561 impietatem,
1799 4500 1854 4550 et
1884 4493 2006 4565 ejus

411 4584 668 4630 sanctum
703 4591 907 4647 corpus
954 4594 1054 4649 per
1087 4580 1364 4636 civitatem
1404 4583 1618 4654 pompis
1649 4585 2006 4644 circumdans

409 4666 649 4723 canibus
723 4669 976 4724 tradidit.
1038 4670 1282 4727 Domnus
1352 4687 1485 4727 vero
1553 4675 2006 4748 archiepiscopus

410 4758 792 4814 Antiochenus
822 4759 879 4814 in
918 4774 1167 4815 eremum
1223 4761 1384 4831 fugit,
1420 4769 1475 4817 et
1503 4760 1786 4820 Iuvenalis
1811 4764 2003 4823 Hiero-

411 4851 805 4922 solymitanus.
832 4852 1008 4907 l‘orro
1033 4868 1161 4908 cum
1218 4855 1488 4923 pestilens
1534 4856 1881 4915 Theodosius
1909 4876 2005 4930 per

407 4939 486 4994 '20
526 4957 743 4999 menses
785 4944 1046 4998 thronum
1104 4943 1664 5018 llicrosolymitanum
1709 4952 2000 5020 tenuisset,

404 5035 602 5103 jussus
635 5045 720 5091 est
779 5037 1210 5106 comprehendi;
1270 5039 1364 5108 qui
1402 5037 1619 5110 fugiens
1654 5042 1709 5096 in
1762 5053 2001 5099 montem

412 5127 659 5185 Sinaautn
687 5131 1037 5201 properavit;
1073 5145 1183 5201 quo
1239 5129 1368 5202 fuga
1427 5131 1586 5203 lapso
1612 5151 1720 5190 una
1760 5151 1884 5192 cum
1915 5137 2003 5194 his

409 5234 556 5291 quos
609 5218 726 5289 ipse
790 5228 1138 5290 provexerat,
1190 5221 1390 5277 iterum
1437 5221 1720 5282 Juvenalis
1740 5227 2000 5283 thronum

410 5328 576 5370 suum
592 5314 824 5384 recepit.

484 5404 699 5461 Interea
751 5405 1025 5463 Maximus
1071 5407 1290 5464 Maximi
1346 5425 1519 5482 nepos
1554 5422 1854 5485 tyrannum
1886 5416 2001 5472 Va-

406 5499 776 5556 lentinianum
837 5503 1095 5572 peremit.
1159 5511 1214 5558 et
1263 5505 1534 5561 Endoxiae
1573 5508 1628 5561 vi
1689 5510 2000 5567 associatus

408 5590 705 5660 imperium
736 5603 959 5661 quoque
1009 5592 1286 5647 obtinuit:
1325 5608 1423 5663 per
1448 5609 1574 5664 qua:
1611 5610 1851 5666 namque
1875 5600 1999 5667 quis

406 5690 626 5754 peccat,
656 5697 754 5753 per
785 5697 848 5737 ea
869 5697 1088 5753 quoque
1116 5691 1173 5739 et
1205 5684 1528 5755 corripitur.
1562 5686 1711 5742 Inter
1731 5687 1848 5743 haec
1867 5704 2000 5760 ergo

406 5770 663 5842 Eudoxio
695 5781 977 5829 coarctata
1003 5783 1055 5828 ct
1081 5776 1297 5830 nullum
1321 5776 1435 5832 fore
1456 5777 1722 5834 auxilium
1741 5793 1770 5832 a
1789 5778 1999 5851 Byzan-

404 5864 815 5921 tioThcodosio
834 5877 987 5938 patre
1019 5883 1123 5923 suo
1152 5878 1207 5923 ct
1244 5868 1534 5925 Pulcheria
1570 5868 1848 5934 defunctis
1879 5874 1996 5928 exi-

404 5956 667 6021 stimans,
710 5960 939 6016 arcessit
1000 5958 1359 6016 Gczericbum
1418 5962 1482 6018 ad
1518 5963 1702 6020 urbem
1743 5962 1993 6033 llomam,

2118 3368 2459 3440 provehitur.
2530 3369 2686 3426 Unde
2734 3373 2918 3427 omnia
2970 3377 3229 3431 scandala
3262 3393 3445 3447 penes
3475 3377 3712 3432 Alexan-

2114 3461 2293 3515 driam
2322 3474 2442 3517 orta
2499 3474 2628 3518 sunt
2665 3468 2928 3523 :cunctis
2958 3469 3107 3522 enim
3142 3470 3295 3525 orbis
3331 3479 3503 3525 terrae
3522 3484 3713 3526 sacer-

2113 3549 2338 3608 dotibus
2373 3554 2753 3611 definitionem
2816 3560 3011 3630 synodi
3066 3559 3534 3616 Chalcedonensis
3575 3564 3713 3618 reoi-

2114 3645 2417 3715 pientibus,
2438 3648 2541 3704 iSIe
2562 3649 2834 3705 scelestus
2862 3650 3014 3706 rabie
3034 3653 3279 3722 quadam
3298 3652 3538 3710 infectus
3562 3654 3709 3725 inju-

2111 3737 2210 3795 riis
2237 3740 2549 3809 appetebat,
2584 3750 2639 3796 et
2671 3742 3055 3797 ordinationes
3100 3745 3487 3815 episcoporum
3534 3745 3705 3801 faeie-

2111 3831 2230 3897 bat,
2262 3846 2389 3888 cum
2420 3842 2569 3890 esset
2590 3834 2706 3906 ipse
2729 3835 3101 3902 inordinatus,
3129 3845 3184 3893 et
3207 3837 3542 3908 baptizabat,
3579 3854 3704 3895 cum

2113 3925 2401 3994 presbyter
2430 3942 2541 3981 non
2572 3927 2888 3983 exsisteret.
2941 3929 3145 3985 Beatus
3196 3940 3381 3985 autem
3420 3930 3709 3988 Protcrins

2112 4018 2359 4075 sentiens
2382 4028 2574 4074 contra
2607 4036 2666 4075 se
2699 4020 3014 4077 confectura
3047 4024 3345 4079 concilium
3375 4025 3472 4080 dat
3523 4025 3707 4080 locum

2114 4109 2231 4176 irae,
2262 4119 2317 4165 et
2349 4112 2524 4180 prima
2563 4112 2651 4168 die
2689 4112 2920 4170 Paschae
2951 4115 3017 4170 ad
3079 4116 3396 4172 venerabile
3441 4117 3710 4188 baptiste-

2113 4202 2257 4257 rium
2313 4200 2471 4274 i‘ngit.
2526 4205 2625 4258 Ast
2660 4205 2753 4260 ille
2777 4206 3103 4262 Antichristi
3148 4223 3480 4278 praecursor,
3524 4220 3708 4278 neque

2113 4305 2364 4351 sanctam
2400 4295 2544 4350 diem
2585 4310 2765 4368 neque
2793 4298 3023 4354 colenda
3063 4299 3182 4354 loca
3213 4300 3508 4364 reveritus,
3539 4301 3710 4354 mittit

2110 4396 2165 4442 et
2200 4388 2406 4443 occidit
2436 4388 2711 4444 insontem
2772 4391 3109 4460 pontificem,
3150 4407 3260 4446 una
3282 4407 3407 4447 cum
3458 4407 3554 4449 sex
3582 4392 3708 4448 aliis

2112 4479 2208 4547 qui
2266 4489 2426 4534 erant
2475 4494 2600 4533 cum
2657 4481 2812 4551 ipso;
2851 4490 2906 4538 et
2955 4482 3180 4539 funibus
3226 4486 3508 4541 trahentes
3542 4485 3706 4556 hujus

2111 4571 2348 4627 cadaver
2394 4586 2436 4625 a-
2477 4584 2674 4627 saneto
2733 4573 2953 4629 lavacro
2982 4575 3309 4640 emiserunt,
3344 4586 3398 4632 et
3443 4592 3708 4648 pompose

2038 4644 2084 4701 Ῑ)
2113 4674 2212 4730 per
2267 4662 2548 4718 civitatem
2610 4671 2885 4733 portatqu
2925 4672 3211 4735 postremo
3238 4666 3404 4721 etiam
3437 4644 3548 4738 igni
3579 4644 3707 4723 sine

2114 4755 2225 4810 ulla
2302 4755 2684 4813 misericordia
2740 4758 3128 4826 prodiderunt,
3159 4769 3215 4814 et
3245 4759 3463 4815 cineres
3495 4761 3617 4831 ejus
3651 4762 3704 4816 in

2115 4862 2298 4903 aerem
2354 4857 2809 4918 consperserunt.
2877 4848 3082 4905 Eodem
3136 4866 3283 4908 anno
3331 4852 3571 4908 delatum
3618 4861 3705 4908 est

2112 4955 2315 5009 corpus
2348 4939 2409 4995 S.
2444 4941 2753 4997 Anastasius
2790 4956 2819 4994 a
2862 4939 3104 5014 Syrmio,
3157 4953 3213 4999 et
3255 4944 3558 5014 repositum
3618 4953 3706 5000 est

2114 5034 2167 5086 in
2204 5033 2410 5104 templo
2474 5034 2593 5104 ejus
2644 5035 2696 5088 in
2729 5034 3033 5105 porticibus
3066 5034 3348 5092 Domnini.
3380 5036 3702 5093 Timotheus

2113 5133 2296 5181 autem
2328 5125 2567 5183 Helurus
2603 5112 2811 5198 scripta
2855 5129 3039 5198 magni
3080 5128 3270 5200 Cyrilli
3298 5144 3406 5185 non
3435 5130 3581 5187 edita
3610 5142 3729 5185 re-'

2112 5219 2334 5289 pcriens
2362 5221 2416 5274 in
2465 5219 2656 5277 multis
2702 5221 2845 5277 locis
2894 5220 3246 5286 adulteravit,
3303 5222 3466 5278 sicuti
3507 5221 3702 5278 scribit

2113 5312 2309 5366 Petrus
2360 5311 2792 5369 Alexandrinus.
2833 5312 3094 5383 Sequenti
3130 5327 3263 5368 vero
3283 5327 3429 5368 anno
3458 5313 3569 5368 Leo
3598 5315 3703 5366 im-

2112 5411 2333 5473 perator
2362 5403 2551 5472 iniqua
2575 5403 2812 5461 Proterii
2832 5417 3009 5462 morte
3028 5413 3084 5459 et
3118 5405 3323 5475 injusta
3350 5404 3540 5462 lleluri
3568 5419 3696 5477 pre-

2112 5498 2353 5553 motione
2414 5505 2742 5568 comperta,
2830 5498 3057 5554 mittens
3121 5498 3431 5555 Casaream
3490 5499 3698 5571 linguis

2111 5590 2381 5645 mutilatis
2439 5589 2639 5647 exsilio
2690 5589 2957 5659 relegavit
3007 5606 3106 5649 eos
3158 5592 3258 5663 qui
3306 5591 3542 5648 Proterii
3575 5591 3698 5648 neci

2111 5681 2661 5739 communicaverunt
2707 5696 2723 5734 :
2783 5680 3077 5739 Timotheo
3124 5698 3257 5739 vero
3319 5685 3558 5739 scelesto
3603 5684 3700 5737 ad-

2109 5774 2255 5831 versi
2292 5773 2372 5830 nil
2425 5772 2634 5840 intulit,
2688 5772 2958 5843 judicium
3010 5776 3064 5830 in
3094 5791 3222 5831 eum
3260 5777 3453 5832 dicens
3492 5774 3699 5831 inferre.

2109 5868 2449 5925 antistitibus
2472 5868 2788 5923 convenire.
2814 5868 2917 5935 Qui
2937 5868 3150 5926 litteras
3171 5869 3237 5925 ad
3260 5868 3698 5938 uniuscujusque

2110 5962 2400 6030 provinciae
2462 5962 2615 6017 misit
2668 5963 2973 6031 episcopos,
3041 5974 3095 6019 ut
3139 5963 3345 6034 singuli
3387 5962 3697 6018 scriberent
