4088 6416
486 451 622 513 123.5

1580 447 1981 508 ANASTASII
2034 448 2666 514 BIBLIOTHECARII

3621 459 3762 524 1236

480 565 584 622 sibi
615 561 895 634 proprium
929 573 1178 622 sensum,
1215 565 1397 612 utrum
1430 571 1550 626 quae
1584 557 1726 626 apud
1755 554 2064 613 Chalcedo-
2093 564 2141 624 Α
2171 557 2322 612 muni
2355 556 2609 616 Julianus
2646 560 2874 632 quidam
2943 561 3241 633 episcopus
3288 563 3593 622 Antiochiae
3629 582 3761 638 pro-

482 673 605 714 nem
634 655 860 711 deﬁnita
900 659 1030 709 sunt
1073 650 1176 706 sibi
1233 649 1535 720 placerent,
1567 658 1622 704 et
1664 663 1831 720 super
1878 646 2068 705 Heluri

481 750 763 807 creatione
791 747 922 818 quid
951 747 1221 802 dicerent.
1273 743 1420 799 Inter
1453 758 1593 814 quos
1640 753 1694 797 et
1728 741 1788 798 S.
1826 741 2067 800 Simeoui

483 843 684 916 stylitte
722 849 776 896 et
807 838 998 896 Bardze
1028 837 1302 893 monacho
1335 845 1500 908 atque
1537 835 1742 891 Jacobo
1768 836 2065 892 miraculo-

484 949 602 990 rum
636 931 906 1004 patratori
963 929 1213 1000 scripsit,
1235 936 1558 984 contestans
1584 935 1644 982 ut
1695 928 1769 982 ita
1796 926 2066 998 judicium

480 1025 987 1083 controversiarum
1039 1023 1446 1092 depromerent,
1491 1030 1551 1076 ut
1581 1030 1766 1077 essent
1799 1020 2068 1076 rationem

481 1118 593 1174 Deo
653 1123 984 1172 cunctorum
1045 1114 1282 1170 Domino
1341 1113 1639 1170 reddituri.
1702 1111 1806 1179 Qui
1875 1127 2070 1169 omnes

482 1210 820 1267 unanimiter
851 1218 906 1265 et
936 1215 1312 1265 consonanter
1337 1216 1394 1264 et
1433 1205 1943 1264 Chalcedonensem
1972 1220 2069 1277 sy-

482 1301 687 1358 nodum
748 1309 998 1357 sanctam
1053 1315 1179 1357 esse
1201 1299 1498 1363 aﬁirmant,
1563 1307 1618 1353 et
1655 1299 1950 1353 terminum
2001 1299 2072 1354 ab

483 1396 603 1466 ipsa
665 1393 1053 1464 depromptum
1109 1392 1440 1456 admittunt,
1491 1388 1837 1444 Timotheum
1888 1395 2071 1442 autem

484 1497 859 1544 consonanter
891 1487 1469 1558 reprobanttanquam
1508 1483 1838 1538 homicidam
1869 1483 2074 1553 pariter

487 1591 540 1637 et
571 1580 914 1637 haereticum.
945 1578 1240 1650 Satagcbat
1267 1585 1449 1632 autem
1502 1586 1554 1632 et
1585 1575 1903 1631 Gennadius
1928 1575 2073 1646 apud

488 1675 877 1746 imperatorem
911 1689 1025 1744 quo
1079 1672 1446 1727 ulcisceretur
1501 1685 1666 1740 super
1715 1669 1801 1725 his
1839 1684 1962 1740 qua
1994 1676 2075 1724 te-

487 1781 636 1823 mere
668 1765 888 1821 fuerant.
921 1772 1273 1836 perpetrata;
1313 1763 1404 1818 cui
1447 1779 1478 1820 e
1520 1763 1745 1818 diverso
1780 1761 2076 1818 resistebat

485 1860 663 1930 Asper
695 1858 956 1914 Arianus.
981 1857 1155 1913 Porro
1184 1858 1484 1928 imperator
1512 1857 1634 1928 pius
1659 1855 1922 1912 llclurum
1947 1856 2074 1926 qui-

2156 648 2448 708 'movetur.

2245 740 2449 799 Eodem
2505 759 2652 800 anno
2703 746 3008 802 translatus
3059 759 3143 805 est
3192 749 3333 818 apud
3373 749 3762 806 Alexandriam

2172 835 2442 906 propheta
2472 835 2740 894 Helisaeus
2769 837 2824 894 in
2859 841 3258 896 monasterium
3304 839 3458 896 Pauli
3506 841 3712 913 leprosi
3747 860 3764 897 :

2173 924 2456 996 leprosum
2521 927 2665 983 enim
2727 929 2967 992 sanavit,
3018 938 3073 984 et
3107 930 3387 1001 leprosum
3423 930 3577 999 fecit,
3611 941 3664 988 et
3708 933 3765 988 in

2173 1032 2237 1072 ea
2268 1034 2390 1086 quae
2427 1019 2629 1090 leprosi
2671 1030 2832 1076 erant
2867 1022 3170 1078 translatus
3199 1031 3307 1079 est.

2244 1108 2406 1164 Circa
2437 1109 2554 1166 haec
2591 1118 2835 1182 tempora
2882 1112 3181 1169 Anthimus
3244 1121 3300 1169 et
3337 1113 3617 1170 Timocles
3651 1122 3770 1170 tro-

2175 1201 2458 1274 pariorum
2497 1202 2735 1262 factores
2755 1207 3224 1276 agnoseebantur.
3243 1207 3512 1264 Praeterea
3536 1207 3768 1264 Cassius

2175 1308 2418 1368 quaestor
2455 1298 2834 1356 Antiochenus
2863 1308 3030 1371 atque
3058 1301 3423 1372 philosophus
3468 1305 3769 1374 derogatus

2175 1398 2261 1446 est
2287 1391 2432 1462 apud
2464 1391 2857 1462 imperatorem
2889 1401 2950 1448 ut
3011 1409 3282 1466 paganus,
3317 1404 3373 1451 et
3394 1396 3564 1466 jussit
3597 1397 3771 1467 impe.

2179 1489 2329 1538 rator
2359 1484 2667 1540 examinari
2697 1500 2824 1540 eum
2851 1500 2882 1540 a
2914 1485 3176 1556 prafeo‘o
3205 1490 3590 1559 praetoriorum
3619 1489 3771 1546 Con-

2178 1573 2560 1646 stantinopoli.
2609 1573 2864 1646 Cumque
2947 1575 3247 1633 duceretur
3302 1579 3356 1634 in
3423 1580 3768 1652 Zeuxippum

2177 1672 2400 1728 vinctus
2435 1680 2744 1728 retrorsum
2785 1674 3067 1739 manibus,
3098 1675 3240 1730 dixit
3291 1675 3358 1730 ad
3401 1691 3526 1731 cum
3560 1676 3771 1736 Poseus

2179 1767 2470 1839 praefectus
2501 1788 2514 1824 :
2559 1767 2808 1833 Videsne,
2841 1785 2870 1824 ο
2909 1769 3088 1839 Cassi,
3119 1772 3176 1825 in
3210 1788 3318 1841 quo
3344 1772 3530 1826 habitu
3565 1775 3769 1828 consti-

2183 1871 2328 1918 tutus
2352 1863 2426 1919 sis
2447 1864 2472 1918 ἰ)
2492 1861 2594 1930 Qui
2621 1865 2699 1918 ait
2731 1879 2746 1918 :
2788 1863 2969 1928 Video,
2994 1874 3044 1921 et
3076 1880 3176 1919 non
3206 1867 3373 1919 miror
3401 1881 3420 1922 :
3451 1865 3604 1921 homo
3629 1867 3769 1921 enim

487 1953 611 2009 dem
655 1951 801 2023 apud
823 1952 1072 2022 Gangras
1117 1951 1316 2006 exsilio
1369 1950 1670 2022 relegavit:
1710 1950 1825 2020 ipse
1859 1964 1992 2005 vero
2021 1958 2076 2005 et
2109 1933 2152 1989 Β
2183 1973 2303 2010 cum
2342 1956 2470 2022 sim,
2499 1956 2762 2012 humanas
2807 1959 3012 2014 incurri
3053 1960 3414 2014 calamitates.
3447 1957 3550 2014 Sed
3580 1959 3772 2029 judica

491 2047 601 2104 illic
634 2047 802 2119 coepit
831 2047 1214 2103 conventicula
1248 2061 1587 2116 congregare
1621 2045 2078 2116 turbationesque

491 2147 735 2210 patrare,
768 2157 912 2211 quas
957 2140 1308 2210 comperiens
1369 2139 1668 2210 imperator
1719 2153 1910 2194 rursus
1951 2151 2078 2194 eum

492 2234 549 2290 in
579 2233 838 2290 exsilium
873 2234 1026 2290 misit
1059 2234 1204 2305 apud
1236 2233 1596 2295 Chersonam,
1633 2241 1687 2288 et
1720 2242 2081 2288 consecratus

490 2331 579 2380 est
612 2340 714 2395 pro
747 2340 813 2380 eo
841 2325 1136 2395 episcopus
1181 2322 1528 2378 Alexandria:
1586 2321 1910 2379 Timotheus
1937 2321 2082 2376 alius

493 2425 861 2489 cognomento
916 2417 1151 2483 Leucos,
1185 2418 1280 2488 qui
1329 2425 1384 2472 et
1410 2417 1834 2487 Salophacialus
1862 2431 2081 2472 nuncu—

495 2519 682 2584 patur,
714 2512 800 2566 vir
821 2510 1168 2566 orthodoxus
1198 2521 1251 2565 et
1281 2510 1460 2567 bonus
1497 2509 1827 2579 cunctisque
1854 2523 2082 2580 prorsus

495 2591 799 2662 amabilis.
832 2605 1046 2661 Interea
1097 2613 1254 2660 vasto
1290 2604 1550 2659 incendio
1602 2602 2084 2673 Constantinopoli

495 2698 662 2766 facto,
699 2697 1013 2754 Marcianus
1039 2712 1362 2753 (teconomus
1384 2696 1698 2753 ascendens
1725 2711 1890 2766 super
1926 2703 2084 2765 tegu-

495 2793 578 2848 las
607 2791 666 2847 S.
707 2791 1035 2856 Anastasiat,
1074 2800 1268 2848 tenens
1324 2789 1705 2861 Evangelium,
1737 2789 2084 2845 orationibus

495 2889 552 2936 et
578 2881 838 2953 lacrymis
865 2881 1092 2937 illaesam
1123 2881 1350 2936 domum
1375 2881 1635 2935 servavit.
1666 2879 2088 2949 Sequentianno

495 2987 623 3029 cum
660 2973 840 3044 pictor
868 2973 1091 3043 quidem
1122 2973 1348 3044 pingere
1397 2972 1740 3028 Salvatorem
1780 2971 2085 3028 secundum

496 3067 914 3124 similitudinem
932 3064 1086 3121 Jovis
1119 3062 1848 3136 praesumpsisset,'arefacta
1868 3071 1952 3120 est
1966 3077 2087 3116 ma-

498 3175 607 3216 nus
633 3160 786 3230 ejus;
817 3174 980 3230 quem
1012 3165 1294 3229 peccatum
1322 3173 1482 3214 suum
1523 3156 1838 3213 confessum
1871 3156 2090 3212 sanavit

498 3253 842 3311 Gennadius.
873 3252 1040 3308 Aiunt
1065 3253 1211 3307 enim
1255 3250 1476 3322 quidam
1503 3250 1895 3305 historicorum
1940 3247 2085 3319 quod

499 3348 701 3418 crispis
733 3356 790 3402 et
825 3347 968 3402 raris
995 3347 1210 3416 capillis
1239 3345 1463 3401 schema
1497 3344 1564 3398 .in
1599 3343 1887 3398 Salvatore
1917 3341 2090 3411 magis

498 3441 858 3496 vernaculum
917 3440 1012 3494 sit.
1060 3439 1164 3494 Per
1218 3437 1362 3493 idem
1397 3446 1612 3506 tempus
1640 3435 1752 3490 Leo
1789 3435 2091 3505 imperator

500 3534 780 3591 Zenonem
805 3549 1067 3604 generum
1098 3547 1258 3589 suum
1287 3529 1856 3600 magistratumlotius
1896 3526 2090 3583 Orien—

502 3627 576 3684 tis
597 3627 748 3692 fecit,
767 3636 822 3682 et
841 3626 1170 3681 Basiliscum
1189 3625 1417 3679 fratrem
1450 3620 1671 3678 Varium
1691 3622 1952 3691 Augustae
1977 3635 2094 3674 ma-

501 3721 788 3789 gistratum
823 3719 1054 3774 Thracas
1092 3715 1401 3774 constituit.
1438 3713 1590 3770 Zeno
1646 3721 1831 3769 autem
1863 3712 2092 3767 veniens

503 3812 852 3869 Antiochiam
906 3811 1116 3865 invenit
1141 3809 1458 3880 episcopum
1481 3807 1536 3861 in
1561 3820 1623 3861 ea
1647 3820 1867 3861 sacrum
1891 3804 2094 3875 Marty-

507 3906 675 3960 rium.
703 3904 900 3959 Petrus
923 3914 1104 3956 autem
1119 3901 1412 3971 Cnapheus
1433 3899 1770 3968 sequebatur
1791 3895 2090 3961 Zenonem,

506 4015 631 4054 cum
680 4005 826 4054 esset
877 3997 1194 4068 presbyter;
1249 3995 1343 4064 qui
1397 3991 1739 4064 persuadens
1800 3989 2006 4046 Zenoni
2035 3996 2094 4043 ut

507 4068 618 4145 sibi
628 4099 1027 4160 cooperaretur
1054 4086 1120 4142 ad
1141 4083 1526 4141 conducendos
1553 4082 1806 4139 mercede
1821 4081 2094 4152 quosdam

506 4181 831 4255 Apollinarii
872 4187 1198 4244 sectatores,
1231 4177 1604 4232 turbationum
1632 4173 1772 4230 dena
1801 4173 1970 4228 millia
2001 4189 2097 4228 ex-

507 4278 645 4334 citat
679 4283 872 4331 contra
921 4273 1080 4328 ﬁdem
1122 4280 1178 4327 et
1235 4270 1559 4341 Martyrium
1621 4268 1983 4340 episcOpum;
2041 4274 2097 4322 et

509 4368 936 4425 anathematizat
957 4382 1052 4420 eos
1073 4366 1169 4435 qui
1202 4381 1308 4420 non
1339 4363 1531 4418 dicunt
1557 4361 1726 4416 Deum
1766 4360 2095 4416 cruciﬁxum

509 4477 655 4527 esse,
686 4468 742 4516 et
763 4460 1023 4516 scindens
1064 4457 1325 4528 populum
1373 4455 1784 4509 Antiochenum
1841 4452 1992 4507 addit
2040 4454 2094 4506 in

514 4555 743 4626 trisagio
796 4553 1000 4626 hymno
1035 4552 1186 4618 :Qui
1239 4550 1530 4619 cruciﬁxus
1596 4564 1649 4602 es
1711 4555 1925 4616 propter
1974 4563 2093 4600 nos.

2179 2051 2234 2104 in
2265 2066 2366 2117 me,
2407 2062 2464 2106 ut
2495 2067 2698 2106 mecum
2745 2050 3062 2120 judicabas.
3087 2049 3302 2116 Quibus
3346 2051 3548 2106 auditis
3575 2051 3775 2106 concio

2179 2142 2427 2199 laudavit
2475 2145 2864 2215 imperatorem
2895 2183 2910 2208 ,
2961 2158 3075 2214 quo
3123 2152 3415 2213 comperto
3467 2144 3773 2213 imperator

2180 2240 2401 2309 gavisus
2428 2247 2515 2294 est
2550 2247 2606 2293 et
2633 2238 2847 2293 dimisit
2875 2252 3000 2293 etim
3043 2236 3098 2292 in
3136 2239 3412 2308 regionem
3447 2249 3625 2292 suam.

2253 2329 2442 2385 Mundi
2461 2345 2607 2384 anno
2627 2329 2793 2392 5965,
2816 2329 3017 2384 divina:
3043 2329 3446 2383 incarnationis
3479 2342 3625 2383 anno
3645 2327 3776 2392 463,

2184 2438 2308 2478 cum
2339 2421 2588 2478 Eudoxia
2623 2421 2808 2494 neptis
2841 2420 3139 2478 Theodosii
3171 2421 3449 2478 sexdecim
3499 2435 3680 2476 annos
3714 2421 3772 2475 in

2184 2513 2368 2570 Africa
2391 2529 2516 2570 cum
2549 2514 2669 2570 viro
2713 2530 2816 2571 suo
2860 2513 3138 2571 llonorico
3185 2514 3434 2578 iecisset,
3459 2521 3515 2568 et
3541 2528 3774 2583 puerum

2185 2605 2524 2660 Cildericum
2575 2621 2640 2661 ex
2704 2605 2828 2676 ipso
2886 2605 3191 2676 genuisset,
3232 2603 3448 2658 diﬁicile
3498 2602 3778 2658 ferebatur

2187 2713 2316 2770 erga
2348 2699 2634 2762 maritum,
2666 2714 2790 2753 cum
2848 2705 2998 2753 esset
3023 2697 3284 2752 Arianus.
3320 2695 3478 2752 Unde
3514 2693 3663 2748 aditu
3694 2694 3778 2748 in-

2186 2799 2352 2848 vento
2380 2791 2508 2860 fuga
2548 2791 2702 2862 lapsa
2759 2791 2907 2846 venit
2944 2789 3409 2860 Hierosolymam,
3444 2795 3500 2842 et
3530 2785 3780 2842 adoratis

2189 2881 2608 2937 venerabilibus
2640 2881 2798 2947 locis,
2831 2881 3185 2949 salutatoque
3230 2878 3488 2948 sepulcro
3521 2875 3781 2931 Eudocia:

2190 2977 2326 3032 aviae
2381 2989 2516 3041 suae,
2581 2990 2648 3029 ac
2709 2973 2904 3044 paucis
2934 2972 3130 3028 diebus
3163 2972 3216 3025 in
3260 2978 3449 3026 sancta
3495 2969 3779 3024 demorata

2189 3069 2435 3134 civitate,
2470 3075 2687 3122 mortua
2723 3078 2809 3121 est
2843 3065 2898 3120 in
2927 3078 3083 3136 pace,
3118 3061 3376 3120 omnibus
3423 3067 3631 3116 sancta:
3674 3057 3782 3116 Be-

2190 3157 2522 3215 surrectioni
2549 3157 2818 3212 dimissis.

2263 3253 2453 3308 Mundi
2479 3267 2624 3307 anno
2655 3250 2818 3317 5967,
2839 3250 3040 3305 divina:
3063 3248 3466 3305 incarnationis
3490 3260 3634 3301 anno
3650 3245 3779 3310 467,

2191 3347 2497 3404 Basiliscus
2515 3347 2568 3400 in
2587 3345 2796 3415 Campo
2814 3344 3155 3399 acclamatur
3182 3343 3499 3411 imperator.
3534 3337 3781 3393 Marcum

2194 3441 2366 3496 ﬁlium
2400 3439 2675 3496 Caesarem
2742 3435 2892 3503 fecit,
2930 3442 2985 3491 et
3017 3434 3316 3491 Zenobiam
3351 3446 3579 3487 uxorem
3624 3443 3779 3485 suam

2193 3536 2500 3603 Augustam
2539 3530 2854 3597 coronavit,
2885 3537 2939 3586 et
2976 3527 3163 3584 statim
3203 3536 3396 3582 contra
3425 3524 3587 3579 ﬁdem
3639 3536 3784 3593 prte-

2194 3628 2501 3691 liatus.est,
2537 3625 2774 3682 Zenobia
2792 3623 3030 3678 maxime
3052 3622 3321 3676 incitante
3342 3620 3496 3676 illum
3517 3617 3585 3672 ad
3611 3616 3782 3679 istud,

2196 3719 2659 3788 Timotheumque
2697 3715 2960 3772 llclurum
3017 3713 3298 3770 revocavit
3354 3727 3451 3782 per
3481 3717 3692 3781 typum,
3728 3715 3784 3762 et

2195 3809 2418 3868 Petrum
2445 3809 2727 3880 Cnaphea,
2783 3807 2874 3877 qui
2917 3806 3226 3862 absconsus
3254 3813 3372 3859 erat
3408 3803 3462 3856 in
3507 3809 3784 3854 monaste-

2196 3901 2282 3956 rio
2320 3899 2811 3956 Acmtnctensium.
2840 3897 2908 3951 Et
2935 3904 3210 3969 quotquot
3236 3896 3328 3949 alii
3361 3892 3571 3949 inimici
3602 3890 3785 3947 sancti

2198 3991 2673 4050 Chalcedonensis
2725 4000 2885 4047 erant
2931 3990 3178 4057 concilii,
3213 3986 3542 4044 ﬁducialiter
3592 3993 3786 4040 contra

2198 4086 2487 4142 veritatem
2512 4085 2771 4155 agebant.
2810 4083 3048 4139 llelurus
3078 4091 3262 4139 autem
3313 4079 3660 4151 congregatis
3696 4077 3786 4131 in-

2199 4177 2404 4250 quietis
2426 4177 2742 4248 quibusque
2761 4175 3173 4241 Alexandrinis,
3189 4173 3284 4246 qui
3308 4168 3786 4238 Constantinopoli

2199 4269 2714 4342 peregrinabantur,
2755 4267 2824 4323 de
2879 4267 3082 4337 palatio
3136 4281 3261 4322 cum
3297 4264 3488 4318 litania
3542 4261 3692 4317 venit
3731 4259 3786 4312 in

2200 4362 2516 4428 ecclesiam,
2560 4365 2752 4415 vectus
2793 4357 2990 4424 asino;
3025 4355 3119 4427 qui
3157 4354 3490 4425 perveniens
3522 4351 3578 4407 in
3607 4351 3786 4405 locum

2199 4453 2293 4524 qui
2325 4452 2532 4508 dicitur
2557 4451 2900 4522 Octagonus,
2934 4462 3313 4520 expavescens
3352 4444 3544 4515 pedem
3580 4439 3790 4497 contri-

2203 4545 2302 4611 vit,
2355 4553 2408 4600 et
2459 4559 2584 4600 cum
2635 4542 2966 4598 confusione
3009 4552 3272 4594 reversus
3321 4543 3428 4592 est.
3486 4532 3792 4602 Basiliscus

516 4621 683 4717 Quod
699 4662 764 4702 ex
786 4621 915 4700 tunc
933 4645 1205 4714 hodieque
1228 4643 1372 4712 apud
1394 4639 1826 4710 'l‘heopaschitas
1859 4639 1969 4693 dici
1997 4639 2098 4694 ob-
2124 4636 2178 4696 D
2207 4639 2354 4694 hunc
2380 4635 2771 4694 Alexandriam
2823 4649 2950 4690 cum
2987 4632 3130 4704 typis
3168 4637 3362 4686 contra
3388 4627 3656 4700 synodum
3686 4621 3792 4717 mi-

515 4739 700 4794 tinuit.
755 4736 1049 4808 Martyrius
1103 4745 1281 4790 autem
1323 4732 1391 4788 ad
1433 4733 1671 4786 Leonem
1706 4731 2093 4800 imperatorem

513 4830 686 4895 venit,
713 4838 770 4884 et
802 4835 1094 4896 susceptus
1114 4833 1200 4881 est
1249 4841 1373 4880 cum
1410 4823 1620 4878 honore
1676 4824 1872 4886 multo,
1914 4820 2100 4876 studio

512 4922 783 4980 Gennadii
805 4920 1046 4992 episcopi
1067 4917 1644 4988 Constantinopoleos.
1663 4914 1898 4970 Rediens
1916 4921 2098 4968 autem

511 5017 888 5079 Antiochiam,
918 5014 1280 5070 etinveniens
1304 5013 1539 5084 p0pulos
1565 5011 1898 5066 dissidentes
1925 5009 2103 5065 Zeno-

514 5127 752 5182 nemque
781 5111 870 5167 his
895 5109 1193 5172 faventem,
1217 5121 1404 5161 coram
1448 5105 1684 5160 ecclesia
1745 5102 2102 5158 abrenuntia-

515 5206 592 5260 vit
613 5201 982 5275 episcopatui,
1013 5201 1245 5256 dicens:
1278 5197 1435 5254 Clero
1465 5215 1568 5252 non
1591 5196 1802 5251 subdito
1829 5206 1879 5250 et
1910 5195 2103 5265 populo

514 5298 798 5353 dissidenti
835 5308 886 5352 et
935 5296 1172 5352 ecclesire
1200 5293 1466 5364 squalenti
1516 5293 1852 5357 abremmtio,
1885 5307 2103 5346 servans

517 5391 756 5450 mihimet
784 5390 1077 5448 sacerdotii
1133 5391 1470 5459 dignitatem.
1501 5387 1622 5454 Quo
1663 5385 1978 5442 discedente
2000 5383 2106 5439 Pe-

520 5491 642 5540 trus
671 5482 966 5553 Cnapheus
995 5483 1049 5537 iu
1105 5484 1364 5536 thronum
1396 5477 1829 5535 Alexandrinum
1887 5476 2104 5543 insiliit,

522 5583 578 5633 et
604 5589 728 5632 mox
761 5574 1030 5631 Joannem
1072 5587 1294 5644 quoque
1318 5571 1596 5642 promovit
1626 5572 1964 5640 Apamenum
1993 5569 2104 5637 epi-

523 5683 772 5738 scopum,
809 5667 904 5736 qui
939 5674 1060 5721 erat
1116 5682 1182 5721 ex
1236 5665 1607 5734 depositione.
1646 5662 1744 5718 His
1789 5677 1922 5716 vero
1957 5675 2109 5715 com-

527 5759 697 5828 pertis
751 5759 1072 5814 Gennadius
1133 5766 1329 5812 cuncta
1387 5755 1706 5826 imperatori
1759 5754 2006 5823 exponit,
2055 5760 2110 5807 ct

525 5849 682 5913 jubet
742 5846 962 5900 Petrum
1019 5847 1279 5915 Cnaphca
1329 5846 1598 5900 cxsiliari.
1667 5843 1825 5909 Quod
1877 5841 2108 5896 audiens

532 5940 724 5998 Petrus
762 5937 1016 5993 exsilium
1067 5939 1194 6004 fuga
1229 5939 1422 5993 evasit.
1466 5936 1745 5990 Electione
1798 5950 1926 5990 vero
1957 5949 2110 5988 com—

2206 4733 2301 4798 sit,
2328 4738 2382 4786 et
2407 4729 2630 4786 Petrum
2654 4726 2914 4798 Cnaphea
2943 4723 3318 4788 Antiochiam,
3348 4727 3540 4776 contra
3589 4713 3799 4771 verita-

2207 4831 2316 4877 tem
2353 4821 2674 4877 confortans
2706 4827 3024 4887 utrumque.
3072 4814 3400 4870 Timotheus
3426 4818 3607 4866 autem
3632 4807 3796 4861 Salo—

2209 4915 2497 4988 phacialus
2524 4913 2816 4984 episcopus
2857 4908 3290 4970 Alexandrinus,
3329 4902 3678 4972 comperiens
3704 4899 3797 4953 'l‘i-

2211 5007 2493 5060 motheum
2525 5001 2790 5058 llclurum
2814 5000 3344 5067 advenire,rccessit
3372 4995 3437 5049 ad
3460 4988 3799 5048 monasteria

2208 5099 2439 5170 Canopi.
2475 5095 2663 5152 Multis
2691 5105 2874 5151 autem
2909 5093 3127 5149 amictis
3171 5089 3410 5145 Helurus
3440 5084 3796 5141 Timotheum

2213 5192 2407 5246 ltedere
2443 5203 2555 5243 non
2593 5187 2787 5252 valuit,
2813 5201 2878 5242 eo
2898 5184 3046 5255 quod
3067 5182 3390 5252 diligeretur
3419 5177 3486 5231 ab
3514 5172 3799 5228 omnibus.

2211 5284 2460 5354 Cumque
2501 5278 2883 5352 ingrederetur
2923 5275 3165 5331 Helurus
3195 5268 3611 5332 Alexandriam,
3649 5263 3804 5318 voci-

2214 5378 2537 5433 ferabantur
2589 5371 2826 5430 studiosi
2882 5369 3038 5440 ejus,
3103 5365 3242 5422 illud
3294 5373 3453 5432 turpe
3497 5359 3802 5414 dicentes:

2215 5470 2422 5526 Cibasti
2455 5467 2702 5523 inimicos
2737 5474 2878 5530 tuos,
2910 5478 3074 5532 papa.
3110 5459 3211 5514 Ast
3263 5456 3568 5514 sceleratus
3604 5457 3806 5504 contra

2215 5561 2539 5618 clamabat:
2577 5559 2761 5613 Etiam
2807 5572 2924 5611 vere
2987 5552 3179 5608 cibari.
3220 5550 3324 5604 Hic
3380 5545 3581 5614 impius
3636 5541 3805 5595 etiam

2215 5653 2664 5711 Chalcedonense
2690 5648 2988 5706 concilium
3018 5639 3534 5702 anathematizabat.
3552 5633 3810 5690 Julianus

2221 5759 2404 5805 autem
2439 5746 2818 5803 Antiochenus
2847 5742 3142 5812 episcopus
3179 5751 3290 5808 pra:
3323 5730 3546 5788 tristitia
3607 5739 3808 5783 eorum

2219 5856 2341 5911 qua:
2379 5839 2584 5894 ﬁebant
2619 5836 2914 5892 defunctus
2947 5843 3051 5887 est.
3090 5829 3283 5885 Petrus
3304 5833 3486 5881 autem
3509 5821 3808 5891 Cnapheus

2222 5935 2286 5988 ad
2320 5933 2500 5990 sedem
2538 5930 2864 6003 perveniens
2899 5929 2954 5982 in
2997 5924 3342 5980 anathemata
3378 5926 3431 5974 et
3463 5914 3804 5970 turbationes
