4088 6434
558 302 697 370 1239
1653 326 2054 393 ANASTASII
2100 333 2734 417 BIBLIOTHECARH

547 433 705 478 erant
733 438 799 479 ex
834 432 985 495 parte
1021 426 1209 488 Acacii
1242 449 1590 506 peremerunt
1625 445 1890 513 quosdam
1918 463 1985 506 ex
2029 466 2140 508 mo-
2164 452 2215 515 Α
2244 466 2335 515 tur

538 516 765 582 ~uaehis,
798 519 891 589 qui
931 522 1221 590 epistolam
1273 528 1563 602 dederant,
1626 537 1900 607 quosdam
1944 550 2131 601 autem

543 609 768 677 punitos
800 616 1009 669 carceri
1037 617 1556 681 tradidere.Verum
1584 629 1823 690 Aeacius
1849 632 2132 693 insensate

542 714 601 756 se
626 703 817 759 habuit
843 707 992 762 circa
1052 709 1481 782 dcpositionem,
1522 736 1836 796 nomenque
1865 725 2067 786 Felicis
2097 744 2128 786 a

538 790 811 863 diptychis
847 795 1381 861 abstulit.Prtetcrea
1403 806 1669 869 Calandio
1691 790 1985 888 episcopus
2015 820 2130 878 An-

543 883 831 943 tiochenus
890 895 1192 963 asportavit
1255 912 1458 970 corpus
1515 883 1789 964 Eustatltii
1841 914 2027 984 magni
2093 930 2125 970 a

537 971 821 1046 Philippis,
849 979 938 1036 ubi
965 989 1019 1037 et
1045 985 1242 1043 exsilio
1285 1002 1532 1050 retentus
1563 996 1882 1067 dormierat,
1914 971 1971 1058 e't
1999 1020 2123 1060 cum

536 1067 744 1124 honore
769 1073 942 1129 multo
974 1075 1102 1134 huic
1128 1079 1345 1140 decimo
1366 1086 1625 1145 milliario
1653 1097 1765 1148 tota
1795 1093 1992 1155 civitas
2024 1098 2123 1156 ob-

532 1161 671 1233 viam
700 1165 866 1220 venit.
895 1164 958 1223 lli
994 1186 1122 1228 vero
1149 1175 1243 1245 qui
1269 1192 1330 1232 se
1357 1179 1426 1234 ah
1457 1178 1701 1240 Ecclesia
1731 1199 2121 1258 separaverant

2339 461 2439 523 bas
2464 470 2807 532 excitautem
2830 476 3054 537 intuens
3075 482 3250 540 sedile
3276 485 3466 556 ipsius,
3511 500 3644 563 quod
3680 517 3786 561 erat

2237 553 2294 610 iu
2348 560 2588 619 ecclesia
2635 567 2927 639 subvertit,
2984 553 3353 637 comminatus
3395 583 3447 637 ei
3501 553 3638 657 quod

2235 658 2480 707 cessasct
2532 669 2563 708 λ
2607 657 2831 727 talibus,
2861 663 3119 722 tonderet
3178 681 3345 741 caput
3392 673 3511 745 ejus
3535 688 3588 733 et
3633 686 3788 745 turbis

2235 741 2478 799 traderet
2506 746 2929 815 publicandam.
2988 755 3235 824 Questus
3262 741 3442 821 autem
3471 772 3605 839 apud
3638 741 3791 835 Zeno:

2230 846 2358 889 nem
2407 848 2602 896 contra
2655 842 2807 900 illum
2862 848 3104 908 obtinuit
3165 862 3518 926 potestatem.
3555 862 3789 936 Sequenti

2232 939 2562 1032 veronanno.
2592 949 2711 1006 quo
2751 939 3022 1009 agebatur
3056 945 3312 1007 decimus
3357 953 3617 1024 septimus
3639 958 3791 1032 impe-

2227 1015 2296 1072 rii
2364 1018 2608 1083 Zenonis
2671 1041 2872 1097 annus,
2938 1032 3092 1091 Felix
3164 1015 3445 1111 synodicis
3523 1015 3784 1119 Euphemii

2226 1116 2472 1185 receptis
2514 1119 2567 1175 ei
2617 1121 2845 1192 quidem
2870 1133 3136 1199 tanquam
3179 1133 3489 1192 orthodoxe
3527 1116 3789 1212 appositus

2222 1209 2330 1270 est,
2362 1206 2688 1281 episcopum
2734 1225 2920 1273 autem
2951 1220 3108 1276 illum
3147 1239 3260 1295 n_on
3305 1230 3529 1300 recepit,
3661 1239 3789 1305 quod

529 1265 753 1325 propter
807 1263 1063 1319 eumdem
1112 1278 1389 1340 sanctum,
1418 1288 1613 1332 rursus
1648 1278 1784 1336 uniti
1829 1289 1960 1339 sunt
1990 1292 2118 1356 post

525 1358 750 1409 centum
786 1371 963 1417 annos
986 1361 1338 1425 domuitionis
1357 1370 1497 1441 ejus.
1520 1370 1738 1432 Mortuo
1761 1392 1895 1435 sane
1911 1380 2117 1438 Acacie

527 1460 653 1500 cum
686 1445 980 1509 Pbravitas
1028 1470 1129 1525 per
1172 1466 1284 1516 tres
1326 1477 1545 1521 menses
1591 1467 1969 1540 episcopatum
2026 1482 2111 1533 te-

525 1538 758 1608 nuisset,
795 1544 1019 1617 scripsit
1041 1549 1205 1606 Felici
1236 1556 1378 1624 quod
1404 1558 1455 1613 ei
1477 1559 1696 1629 quidem
1729 1538 2110 1625 communica-

521 1640 629 1696 ret,
669 1632 832 1690 Petro
855 1654 986 1695 vero
1052 1640 1246 1716 Moggo
1294 1663 1404 1705 non
1463 1656 1919 1715 communicaret.
1956 1660 2106 1721 Edi-

445 1718 461 1733 '
519 1737 680 1780 verso
712 1737 894 1783 autem
927 1731 1123 1806 Moggo
1157 1738 1383 1810 scripsit
1436 1746 1586 1814 quod
1622 1747 1671 1804 ei
1698 1751 1921 1821 quidem
1950 1718 2108 1813 com-

519 1817 847 1889 muuicaret,
891 1822 1128 1884 Felicem
1196 1834 1381 1891 autem
1440 1817 1749 1898 Romanum
1808 1855 2105 1908 averteret.

522 1907 720 1966 Verum
763 1919 1194 1992 exemplaribus,
1223 1941 1348 1996 quae
1404 1929 1474 1987 ad
1525 1931 1780 2009 Moggum
1831 1907 2106 2002 destinata

522 1998 746 2060 fuerant
774 2007 846 2063 ab
871 2011 1219 2082 orthodoxis,
1241 2016 1417 2089 Felix,
1440 1998 1736 2099 antequam
1761 2034 2104 2103 apocrisiarii

512 2093 789 2156 Phravitze
812 2119 938 2159 cum
970 2109 1254 2179 synodicis
1284 2093 1686 2192 pervenissent,
1711 2093 1972 2197 acceptis,
2005 2129 2108 2190 hos

507 2205 635 2245 cum
672 2193 1024 2256 inhonestate
1051 2206 1291 2264 remisit.
1321 2208 1591 2271 Defuncto
1618 2225 1802 2275 autem
1842 2193 2104 2281 Phravita

509 2282 751 2356 Euphem
759 2288 849 2347 ius
864 2295 1151 2367 presbyter
1169 2309 1224 2356 et
1240 2304 1985 2384 ptochotrophosNeapoleos
1997 2319 2108 2389 epi-

507 2389 797 2451 scopatum
844 2386 1406 2464 Constantinopoleos
1440 2402 1637 2471 tenuit,
1658 2407 1953 2465 confestim
1978 2386 2106 2483 pro-

506 2472 646 2542 priis
679 2477 939 2535 manibus
972 2496 1171 2539 nomen
1198 2484 1377 2559 Moggi
1410 2489 1610 2550 delevit
1632 2511 1663 2550 a
1687 2472 2102 2573 diptychis,sic—

502 2584 612 2637 que
629 2569 683 2624 in
711 2572 793 2627 eis
811 2574 1008 2631 sedens
1030 2575 1085 2630 in
1118 2577 1320 2638 throno
1347 2597 1547 2641 nomen
1571 2585 1769 2648 Felicis
1795 2569 2100 2667 inscripsit.

571 2661 756 2720 Mundi
786 2683 936 2724 anno
993 2671 1154 2741 5982,
1214 2674 1416 2734 divinae
1494 2681 1897 2745 incarnationis
1956 2661 2104 2749 anno

497 2757 629 2825 ‘82,
657 2759 860 2819 Petrus
900 2763 1133 2836 Moggus
1162 2777 1421 2829 mortuus
1447 2782 1536 2830 est
1584 2777 1955 2847 Alexandriae,
2001 2799 2104 2856 pro

493 2870 606 2925 quo
632 2856 969 2918 Athanasius
1020 2875 1392 2925 consecratus
1429 2878 1517 2928 est
1547 2886 1918 2946 cognomento
1965 2880 2103 2937 Cili-

494 2957 598 3005 tes.
625 2949 725 3007 Ast
752 2952 1052 3025 imperator
1074 2957 1224 3014 Zeno
1250 2962 1441 3032 requie
1501 2967 1712 3034 potitus
1749 2984 1778 3024 a
1818 2970 2102 3041 Barbaris,

491 3040 565 3096 ab
610 3042 955 3102 Antiochena
988 3047 1385 3108 Calandionem
1419 3055 1577 3125 pellit
1623 3060 1887 3130 ecclesia,
1921 3080 2091 3123 exsu-

494 3128 600 3183 lem
640 3129 853 3188 faciens
888 3137 1031 3205 apud
1059 3138 1606 3214 0asin,Petrumque
1636 3128 1897 3220 Cnaphea
1949 3169 2087 3209 con-

491 3220 694 3277 stituit.
725 3223 1013 3285 Nestorem
1041 3241 1223 3287 autem
1265 3234 1616 3307 Tarsensem,
1644 3240 1849 3314 Cyrum
1891 3243 2083 3303 lliere-

494 3316 840 3389 politanum,
930 3320 1199 3381 Joannem
1278 3329 1694 3401 Cyrestensem,
1772 3336 2083 3399 Romanum

489 3408 1022 3483 Chalcedonensem,
1070 3417 1375 3477 Eusebium
1429 3424 2080 3500 Samosatenum,.lulia-

489 3519 620 3557 unm
665 3505 1151 3579 Mopsuestinum,
1224 3513 1456 3573 Paulum
1508 3519 2078 3597 Constantinensem,

485 3593 711 3651 Manum
754 3596 1206 3660 Hermeniensem
1245 3615 1298 3663 ct
1340 3608 2082 3692 AndreamlTheodosiopo-

484 3685 739 3756 litanum,
791 3691 896 3747 sub
927 3694 1158 3750 obtentu
1210 3698 1432 3768 quidem
1487 3703 1693 3761 favoris
1717 3710 1874 3777 quasi
1927 3685 2077 3769 circa

486 3788 756 3848 tyrannos
785 3784 1039 3853 exhibiti,
1075 3787 1172 3844 sed
1204 3791 1439 3849 veritate
1470 3804 1697 3866 propter
1745 3815 1854 3855 non
1889 3818 2079 3877 recep-

481 3881 598 3925 tum
622 3874 899 3930 enoticum
920 3877 1062 3949 abigi
1083 3884 1342 3953 praecepit
1362 3887 1640 3948 ecclesiis.
1665 3889 1862 3950 Petrus
1891 3874 2076 3952 autem

482 3958 780 4030 Cnaphcus
847 3963 1199 4024 Antiochiam
1224 3969 1512 4042 ingressus
1558 3978 1730 4033 multa
1762 3984 1905 4036 mala
1942 4000 2077 4054 ope-

480 4060 636 4108 ratus
658 4062 765 4121 est,
797 4058 1289 4119 auathematismos
1323 4064 1579 4123 videlicet
1607 4073 1804 4141 synodi
1841 4075 2072 4132 Chalce-

484 4146 775 4214 donensis,
837 4150 1408 4224 irreprcltcnsihilium
1450 4160 1787 4230 dejectiones
1847 4169 2071 4240 episeo-

482 4242 1154 4313 porum,.subrogationes
1183 4256 1237 4304 et
1272 4249 1584 4309 crcatioues
1612 4253 1861 4321 illicitas,
1892 4266 1947 4313 et
1982 4258 2068 4316 his

479 4331 704 4397 similia,
769 4341 898 4391 ante
985 4338 1171 4393 omnia
1237 4342 1468 4413 trisagio
1534 4346 1739 4418 hymno
1814 4350 2065 4411 addens:

476 4422 690 4480 Christe
722 4442 837 4495 rex,
871 4430 963 4498 qui
999 4433 1293 4501 cruciﬁxus
1326 4450 1421 4503 pro
1453 4438 1625 4496 nobis.
1666 4441 2063 4502 Pctrusautem

478 4517 678 4573 iterum
749 4523 978 4579 veniens
1026 4529 1373 4593 amputavit:
1437 4530 1645 4588 Christe
1705 4552 1818 4590 rex.
1889 4537 2067 4595 Porro

482 4607 789 4668 Xenochias
815 4629 1012 4672 servus
1047 4616 1265 4675 Satanae
1291 4622 1634 4680 Dominieam
1664 4635 1721 4682 et
1740 4639 2062 4714 sanctorum

472 4699 695 4756 dicebat
753 4718 861 4760 nou
921 4709 1295 4779 recipiendam
1358 4715 1678 4787 imaginem.
1732 4699 1870 4778 Cum
1912 4727 2062 4783 enim

473 4801 624 4849 esset
655 4796 879 4853 natione
942 4800 1107 4857 Persa
1155 4816 1209 4861 et
1259 4805 1476 4863 fortuna
1507 4826 1728 4881 servus,
1777 4816 2062 4875 dominum

470 4900 635 4941 suum
691 4889 795 4943 sub
844 4891 1183 4952 Calandiune
1242 4900 1457 4971 fugiens
1500 4905 1682 4972 villas,
1733 4924 1860 4979 qua:
1911 4912 2061 4970 circa

466 4977 820 5037 Antiochiam
852 4996 1003 5052 sunt,
1024 5002 1054 5041 a
1095 4989 1199 5046 fide
1229 4995 1569 5062 retrahebat,
1602 5014 1727 5054 cum
1753 4977 1877 5057 Vnon
1911 5015 2062 5062 esset

472 5073 805 5142 baptizatus,
842 5092 905 5135 se
936 5081 1203 5139 clericum
1235 5102 1361 5142 esse
1391 5088 1607 5147 dicens.
1665 5092 1824 5150 Hunc
1856 5097 2057 5154 Calan-

469 5168 563 5224 dio
595 5170 819 5241 quidem
850 5176 1078 5244 pepulit,
1114 5177 1310 5237 Petrus
1337 5198 1470 5238 vero
1510 5186 1809 5259 Cnapheus
1841 5193 2058 5263 episco-

472 5275 601 5329 pum
665 5262 1024 5336 Hierapoleos
1094 5273 1362 5329 ordinans
1443 5274 1784 5338 Philoxcuon
1846 5262 2058 5343 mutato

465 5355 691 5409 nomine
720 5363 1075 5431 nuncupavit.
1138 5363 1275 5419 Cum
1307 5376 1490 5423 autem
1545 5374 1896 5439 postmodum
1925 5393 2051 5434 eum

350 5498 364 5509 ,
467 5445 803 5517 baptizatum
845 5469 953 5510 non
1008 5471 1134 5514 esse
1180 5458 1503 5519 didicisset:
1542 5462 1781 5536 Sufﬁcit,
1845 5472 2049 5541 inquit,

462 5539 511 5590 ei
538 5556 635 5608 pro
669 5543 929 5610 baptismo
960 5552 1314 5607 consecratio.
1349 5552 1690 5626 Eupheutius
1716 5576 1898 5617 autent
1923 5579 2050 5618 cum

438 5643 612 5687 .csset
663 5635 1025 5705 orthodoxus,
1090 5643 1446 5701 Anastasium
1503 5649 1895 5721 silentiarium,
1952 5657 2048 5725 qui

462 5734 587 5794 post
624 5728 742 5783 haec
786 5732 993 5790 abusus
1026 5736 1259 5806 imperio
1297 5748 1401 5802 est,
1423 5739 1494 5795 ab
1525 5739 1770 5799 Ecclesia
1834 5749 2045 5815 pepulit

465 5828 522 5872 ut
554 5819 870 5879 haereticum
911 5835 961 5881 et
990 5827 1248 5898 Eutychis
1281 5845 1731 5906 consentaneum,
1792 5856 1951 5908 quem
1988 5852 2040 5899 et

2224 1306 2426 1353 nomen
2468 1300 2659 1358 Acacii
2687 1314 2744 1361 et
2771 1312 3119 1368 successoris
3142 1312 3419 1373 Pbravitte
3444 1318 3513 1375 de
3534 1300 3789 1396 dipty-ehis

2217 1492 2503 1550 promotus
2527 1498 2614 1544 est
2635 1492 2929 1566 episcopus
2982 1498 3108 1556 loco
3131 1500 3256 1571 ejus
3288 1502 3562 1563 Palladius
3586 1511 3788 1581 presby-

2215 1582 2299 1629 ter
2334 1574 2703 1640 Seleuciensis
2756 1588 3011 1647 ecclesiae
3064 1605 3272 1651 sanctze
3319 1598 3509 1665 primae
3554 1605 3786 1674 martyris

2214 1665 2452 1738 Thecla,
2478 1689 2606 1731 cum
2647 1693 2762 1750 quo
2791 1681 3005 1752 ejectus
3035 1694 3122 1745 est
3168 1696 3225 1744 et
3265 1686 3504 1749 Joannes
3535 1665 3785 1752 Constan-

2138 1800 2183 1863 Β
2212 1760 2314 1816 tini
2341 1771 2507 1837 atque
2535 1768 2870 1830 Anastasius
2929 1776 3298 1846 silentiarius,
3328 1783 3423 1853 qui
3472 1787 3612 1842 male
3652 1797 3784 1858 post-

2215 1853 2321 1912 hac
2351 1858 2665 1930 imperavit.
2723 1865 2865 1921 Nam
2900 1866 3124 1927 Zenone
3176 1883 3423 1941 mortuo,
3455 1853 3784 1949 Longiueqne

2212 1948 2384 2008 fratre
2420 1953 2596 2026 ipsius
2619 1957 2916 2029 imperium
2936 1961 3231 2023 affectante
3261 1967 3507 2038 repulso,
3539 1948 3780 2027 Areadnae

2212 2058 2549 2120 senatusque
2572 2054 2828 2111 consulto
2852 2070 2919 2113 ac
2947 2058 3120 2116 totius
3159 2063 3446 2120 exercitus
3478 2064 3781 2123 Anastasius

2218 2136 2565 2202 silentiarius
2592 2148 2987 2217 pronuntiatus
3041 2161 3128 2210 est
3180 2152 3526 2226 imperator;
3551 2157 3641 2229 qui
3668 2173 3781 2214 cunt

2211 2229 2507 2303 imperium
2569 2240 2931 2312 suscepisset,
2987 2242 3400 2315 professionem
3474 2247 3530 2303 in
3578 2250 3783 2320 scriptis

2212 2332 2498 2402 expetitus
2529 2342 2615 2393 est
2643 2337 2714 2393 ab
2746 2337 3053 2411 Euphemio
3076 2342 3261 2400 facere
3288 2358 3407 2400 non
3426 2347 3779 2403 commovendi

2210 2424 2512 2496 quidquam
2568 2429 2638 2487 ab
2714 2430 2960 2490 Ecclesia
2991 2435 3076 2492 vel
3127 2435 3196 2492 de
3248 2438 3386 2501 lide.
3417 2438 3686 2511 indignum
3729 2454 3782 2495 se

2209 2516 2545 2577 Christianis
2596 2530 2653 2578 et
2712 2524 2949 2593 imperio
3022 2542 3251 2586 vocans.
3309 2528 3441 2586 Vim
3512 2540 3685 2589 autem
3734 2533 3778 2589 ci

2210 2606 2819 2683 facienteimperatriee
2845 2618 3100 2676 Areadne
3148 2631 3315 2691 atque
3353 2631 3575 2690 senatu,
3607 2638 3778 2682 susce-

2210 2704 2291 2774 pit
2322 2705 2562 2776 propriaa
2584 2722 2784 2766 manus
2815 2711 2939 2781 ejus
2986 2709 3283 2785 scriptum,
3335 2716 3493 2787 quod
3537 2717 3778 2788 reciperet

2208 2796 2264 2853 in
2297 2797 2675 2857 definitionem
2710 2801 2834 2858 fidei
2863 2804 3119 2876 dogmata
3162 2807 3632 2866 Chalcedonensis
3656 2825 3774 2867 con-

2208 2889 2349 2957 cilii,
2381 2899 2439 2947 et
2470 2891 2547 2948 ita
2577 2904 2882 2954 coronatus
2912 2897 3221 2955 Areadnem
3253 2900 3415 2957 ducit
3437 2900 3502 2958 ad
3554 2903 3772 2973 nuptias,

2208 2983 2454 3038 nondum
2483 2993 2609 3043 ante
2638 2987 2797 3044 uxori
2830 2990 3095 3047 sociatus.
3130 2991 3304 3048 Porro
3337 3008 3491 3051 anno
3515 3011 3619 3065 quo
3644 2995 3775 3050 Zeno

2210 3083 2467 3130 mortuus
2516 3082 2602 3130 est
2651 3087 2707 3132 et
2761 3079 3090 3136 Anastasius
3154 3082 3433 3153 imperare
3481 3083 3661 3155 coepit,
3714 3083 3773 3139 ab

2117 3150 2163 3213 C
2197 3161 2371 3216 Adam
2422 3164 2730 3219 secundum
2800 3165 3086 3225 Romanos
3164 3150 3395 3240 quidem
3448 3150 3583 3228 anni
3634 3182 3773 3229 erant

2199 3250 2362 3318 5999,
2416 3256 2721 3311 seemtdum
2779 3257 3095 3330 diligentem
3154 3278 3286 3318 vero
3344 3266 3769 3336 supputationem

2196 3348 2697 3406 Alexandrinorum
2732 3352 2894 3409 5985.

2268 3436 2456 3493 Mundi
2483 3454 2630 3495 anno
2647 3440 2810 3505 598i,
2837 3441 3038 3499 divinae
3061 3444 3472 3503 incarnationis
3491 3463 3631 3504 anno
3655 3447 3767 3516 ιει,

2193 3530 2528 3587 Anastasius
2590 3532 2893 3603 imperator
2964 3535 3188 3593 Petrum
3257 3541 3523 3612 Cnaphea
3594 3542 3766 3597 Antio-

2192 3618 2374 3675 chiam
2416 3620 2598 3676 redire
2623 3622 2693 3678 ad
2731 3625 3013 3694 propriam
3064 3628 3252 3682 sedem
3286 3629 3473 3699 jubet.
3513 3629 3615 3687 Sed
3655 3631 3767 3686 licet

2196 3712 2344 3768 hunc
2369 3715 2440 3769 ab
2472 3715 2673 3772 exsilio
2693 3731 3031 3786 revocasset,
3048 3724 3402 3779 Antiochiam
3420 3734 3600 3783 tamen
3630 3727 3764 3783 abire

2190 3819 2300 3860 non
2331 3821 2534 3876 passus
2573 3819 2681 3877 est,
2723 3809 3030 3868 Palladium
3068 3813 3276 3874 faciens
3307 3815 3621 3875 Antiochia
3645 3834 3764 3875 con-

2185 3900 2417 3955 secrari.
2477 3899 2813 3972 Eupltetnius
2851 3914 3035 3962 autem
3109 3908 3762 3983 ConstantinOpolitanus.

2143 4013 2153 4019 '
2187 3998 2540 4069 congregatis
2571 4001 2876 4071 peregrinis
2910 4004 3187 4076 episcopis
3215 4015 3473 4062 sanctum
3521 4009 3764 4080 praedica-

2184 4090 2265 4145 vit
2294 4090 2751 4155 Chaleedonense
2777 4097 3101 4152 concilium.
3151 4097 3324 4154 Porro
3385 4100 3627 4159 Joannes
3670 4101 3764 4155 Ta-

2185 4181 2534 4239 bennesiotes
2574 4197 2700 4239 cum
2733 4194 2881 4242 esset
2912 4186 3118 4253 Romae,
3146 4190 3379 4248 audiens
3405 4193 3556 4262 quod
3622 4195 3759 4248 Aua'

2183 4274 2388 4331 stasius
2432 4275 2750 4348 imperaret,
2772 4281 2922 4336 venit
2971 4281 3320 4353 Byzantium,
3362 4287 3758 4343 vicissitudines

2181 4371 2356 4429 bonas
2386 4390 2620 4446 sperans
2651 4377 2720 4434 ab
2755 4393 2844 4444 eo,
2890 4381 3170 4447 quoniam‘
3198 4383 3589 4442 Alexandrina:
3624 4385 3753 4441 fece-

2176 4474 2267 4522 rat
2294 4468 2444 4525 illum
2462 4483 2830 4539 (economum,
2861 4489 3022 4545 quem
3052 4485 3105 4531 et
3141 4479 3350 4533 nudum
3378 4495 3445 4534 ex
3481 4479 3753 4549 naufragio

2183 4567 2505 4631 susceptum
2541 4572 2855 4622 sustentare
2892 4570 3127 4635 curavit,
3172 4571 3244 4625 ita
3292 4583 3351 4627 ut
3402 4573 3609 4628 faceret
3640 4587 3752 4628 eum

2177 4652 2247 4709 de
2304 4655 2620 4713 calamitate
2688 4658 2827 4714 nihil
2884 4663 3115 4717 omnino
3160 4664 3389 4721 sentire.
3439 4666 3753 4721 Anastasius

2174 4746 2355 4796 autem
2416 4742 2650 4801 audiens
2692 4746 2841 4817 quod
2864 4750 3110 4818 veniret,
3145 4752 3253 4809 ﬁde
3283 4764 3437 4825 rupta
3486 4756 3754 4826 multaque

2172 4831 2566 4902 ingratitudine
2590 4853 2723 4895 usus
2742 4840 2798 4895 in
2815 4842 3069 4898 exsilium
3089 4846 3751 4917 praecipitdesliuandum,

2171 4924 2493 4985 nullatenus
2540 4929 2612 4985 ab
2642 4931 2765 5002 ipso
2795 4945 3139 5006 susceptum.
3177 4938 3350 4995 Porro
3381 4939 3626 4998 Joannes
3656 4943 3751 4995 hoc

2168 5031 2526 5085 praenoscens
2558 5020 2790 5078 Romam
2823 5024 3087 5096 fugiendo
3121 5031 3370 5089 salvatus
3403 5044 3509 5089 est.
3543 5034 3744 5090 interea

2169 5110 2314 5167 facta
2360 5111 2729 5171 Barbarorum
2783 5121 3217 5194 praedonumque
3259 5140 3326 5182 ac
3362 5126 3740 5182 intestinorum

2170 5203 2437 5260 bellorum
2463 5208 2797 5276 turbatione,
2844 5211 2932 5269 his
2977 5214 3130 5271 Ceno
3178 5217 3474 5289 episcopus
3513 5219 3743 5289 Apamiae

2164 5296 2431 5354 derelicto
2486 5300 2689 5357 throno
2714 5302 2770 5358 in
2803 5315 3076 5361 armatum
3112 5315 3169 5363 ct
3207 5320 3497 5382 praetorem
3536 5322 3740 5368 taxatus

2167 5390 2400 5447 resistit.
2431 5393 2740 5463 Imperator
2764 5404 2950 5453 autem
2992 5396 3254 5471 fatigatus
3275 5418 3341 5459 eo
3371 5404 3517 5473 quod
3546 5405 3737 5461 bellum

2162 5486 2557 5553 protelaretur,
2590 5487 2821 5546 ﬁdenter
2869 5493 3103 5548 credidit
3133 5494 3443 5567 Euphemio
3493 5499 3740 5567 episcopo

2155 5575 2307 5646 quod
2340 5589 2570 5648 cuperet
2600 5595 2813 5651 pacem,
2838 5594 2893 5640 et
2922 5585 3106 5656 colligi
3136 5591 3460 5660 peregrinos
3505 5590 3746 5661 prmeipit

2153 5665 2461 5737 episcopos
2504 5671 2665 5739 quasi
2717 5686 2818 5740 pro
2872 5672 3127 5732 Hisauris
3193 5691 3503 5748 rogatores.
3543 5680 3746 5753 Euphe-

2170 5758 2317 5813 mius
2354 5767 2536 5815 autem
2594 5773 2863 5820 secretum
2896 5768 3246 5837 imperatoris
3291 5771 3490 5829 Joanni
3522 5775 3742 5845 patricio

2171 5849 2457 5919 revelavit,
2491 5868 2683 5931 serere
2717 5858 2964 5923 videlicet
2992 5862 3329 5937 Athenpdori
3384 5868 3627 5934 primatis
3667 5876 3739 5937 ty-
