4088 6426
307 394 328 457 f
350 391 446 452 241

1093 388 1462 452 HISTORIA
1500 387 2075 452 ECCLESIAS’I‘ICA
2117 389 2218 449 EX
2256 388 2733 452 THEOPIIANE.

3439 385 3578 450 1242

307 501 579 569 rannidis,
619 503 713 574 qui
766 518 998 559 currens
1044 502 1151 558 h'oe
1208 502 1526 574 imperatori
1575 500 1882 567 nuntiavit;
1914 499 1964 557 Δ
1991 511 2166 565 erant,
2203 508 2425 571 propter
2456 501 2714 554 enotieon
2777 496 3038 562 Zenonis,
3074 495 3353 568 inopinata
3407 499 3573 552 multa

305 612 430 668 quae
486 610 574 650 res
622 596 676 650 in
732 595 1245 652 irreconciliabilem
1283 603 1476 651 contra
1525 593 1884 664 Euphemium

307 687 652 744 inimicitiam
737 689 1124 759 imperatorem
1186 688 1538 744 Anastasium
1605 685 1886 742 excitavit.

307 773 466 831 Unde
545 782 600 830 et
672 769 1034 832 llisaurorum
1097 771 1400 846 Euphemio
1469 775 1888 846 congressiones

306 866 588 938 ascripsit.
621 866 926 937 Euphemio
959 882 1090 923 vero
1120 867 1340 937 quidam
1395 867 1719 923 insidiantes
1762 882 1888 938 ρει·-

307 966 607 1015 suaserunt
633 959 851 1014 cuidam
883 968 1011 1016 ante
1040 955 1362 1031 martyrium
1421 958 1660 1030 gladium
1695 965 1887 1013 contra

306 1057 472 1119 caput
505 1047 627 1119 ejus
657 1050 926 1105 incutere.
961 1047 1067 1105 Sed
1119 1049 1323 1106 Paulus
1353 1049 1576 1120 quidam
1629 1047 1888 1104 defenso-

305 1153 430 1195 rum
465 1137 727 1195 Ecclesiae
752 1141 968 1212 plagam
993 1141 1212 1212 quidem
1245 1141 1298 1196 in
1333 1141 1514 1213 capite
1543 1157 1644 1197 suo
1677 1141 1891 1212 recepit

263 1239 364 1302 get
422 1231 769 1302 periclitatus
828 1239 936 1297 est,
1007 1233 1388 1290 insidiatorem
1445 1249 1577 1289 vero
1635 1234 1890 1305 peremit.

312 1324 510 1378 lterum
541 1338 672 1395 ergo
691 1325 747 1379 in
771 1323 1012 1381 Collecta
1045 1324 1288 1381 insidiati
1318 1325 1678 1396 Euphemium
1705 1327 1891 1382 consi-

312 1415 427 1469 liati
460 1427 589 1471 sunt
628 1417 966 1483 interimere,
1001 1419 1096 1488 qui
1163 1418 1376 1488 privato
1429 1419 1620 1474 habitu
1669 1419 1892 1477 indutus

314 1507 436 1577 luga
462 1508 690 1564 salutem
727 1519 1004 1567 mercatus
1034 1520 1138 1567 est.
1181 1510 1354 1566 Porro
1374 1511 1703 1569 Anastasius
1729 1515 1895 1583 impo-

311 1609 461 1655 rator
500 1602 570 1655 ab
632 1600 938 1671 Euphemio
996 1601 1398 1672 professionem
1453 1618 1629 1671 suam,
1688 1604 1756 1660 de
1787 1621 1892 1675 qua

311 1693 632 1764 praedictum
687 1702 794 1762 est,
844 1694 1112 1751 violenter
1163 1697 1414 1752 extorsit.
1473 1697 1706 1769 Cuique,
1736 1699 1895 1755 victis

312 1782 586 1852 llisauris,
615 1786 842 1842 mandat
866 1801 962 1857 per
989 1785 1284 1844 Eusebium
1311 1789 1630 1860 magistrum
1657 1791 1846 1846 dicens
1872 1807 1886 1843 :

1993 592 2344 657 monstravit,
2421 593 2752 664 Chrysaorio
2805 592 3069 648 ecelesiaa‘
3125 592 3360 646 diacono
3429 589 3576 644 illaut

1991 691 2245 752 cogente.
2284 684 2352 738 Et
2380 683 2483 737 alia
2523 683 2771 753 quaedam
2803 684 3006 754 Sophia
3055 693 3270 745 vocata,
3317 682 3581 752 insignis-

1990 789 2097 842 que
2150 775 2292 828 inter
2349 775 2825 840 sanetimouiales,
2889 776 3060 830 multa
3107 790 3272 844 passa
3323 791 3577 846 magnam

1992 865 2317 936 patientiam
2355 865 2773 922 demonstravit.
2823 866 2992 922 Porro
3032 866 3410 924 Theodoricus
3448 867 3580 922 Afer

1993 957 2283 1012 diaconum
2345 959 2551 1012 habens
2585 959 2951 1014 orthodoxam
2977 960 3269 1015 admodum
3300 975 3329 1014 a
3357 977 3416 1015 se
3444 961 3579 1015 dile-

1993 1058 2165 1114 ctum,
2200 1049 2292 1118 qui
2320 1065 2442 1105 cum
2478 1049 2532 1104 in
2562 1051 2936 1107 Arianismnm
3003 1052 3201 1108 fuisset
3249 1068 3578 1116 conversus,

1993 1140 2344 1196 Theoderico
2399 1139 2613 1205 favens,
2655 1143 2936 1198 interemit
2971 1160 3093 1199 eum
3121 1145 3301 1216 gladio
3346 1146 3577 1202 dicens:

1994 1232 2056 1288 Si
2077 1232 2184 1288 Deo
2206 1235 2362 1303 fidem
2393 1251 2495 1289 non
2523 1237 2763 1300 servasti,
2790 1254 2880 1290 nec
2903 1238 3033 1291 utilii
3060 1238 3314 1294 servabis.
3335 1238 3582 1296 Palladio

1996 1344 2130 1384 vero
2189 1329 2452 1399 episcopo
2527 1329 2876 1387 Autioeheno
2943 1331 3228 1398 defuncto,
3281 1334 3580 1403 imperator

1999 1421 2165 1493 elegit
2231 1420 2555 1476 Flavianum
2605 1423 2989 1494 presbyterum
3054 1434 3111 1478 et
3161 1426 3579 1495 apocrisiarium

1993 1511 2243 1565 ecclesiae
2316 1510 2696 1576 Antiochenar,
2759 1527 2920 1582 quem
3005 1513 3162 1565 aiunt
3232 1513 3583 1581 dogmatibus

1992 1602 2458 1659 Chalcedonensis
2546 1603 2769 1658 concilii
2852 1604 3230 1659 adversatum.
3308 1603 3580 1659 Praeterea

1993 1695 2275 1768 Olympius
2331 1695 2552 1766 quidam
2592 1696 2855 1762 Arianus,
2899 1695 3034 1750 dum
3068 1697 3122 1750 in
3167 1695 3580 1752 Ilelianensium

1994 1788 2188 1844 balneo
2219 1787 2497 1843 lavaretur
2519 1788 2821 1843 crudeliter
2842 1788 3252 1858 blasphemans,
3271 1789 3584 1844 miserrime

313 1876 597 1933 Orationes
625 1887 751 1943 tum,
779 1895 810 1934 ο
843 1854 1049 1952 magne,
1075 1881 1273 1936 antica:
1301 1854 1426 1937 tuo;
1449 1882 1675 1953 {uligine
1700 1893 1886 1938 conta-
1917 1854 1962 1910 Β
1992 1879 2045 1935 in
2076 1895 2142 1937 eo
2171 1888 2421 1936 mortuus
2449 1886 2557 1944 est,
2575 1880 2723 1950 quod
2760 1881 2814 1935 in
2839 1883 3076 1954 imagine
3130 1889 3216 1937 est
3279 1881 3582 1948 depictum.

311 1970 665 2024 minuerunt.
726 1967 1012 2042 Episcopis
1077 1987 1209 2044 ergo
1259 1975 1564 2044 peregrinis
1643 1977 1889 2033 collectis

213 2044 225 2056 ’
309 2062 610 2132 imperator
637 2070 827 2118 contra
863 2060 1226 2134 Euphemium
1257 2067 1548 2136 queritur;
1583 2071 1675 2138 qui
1704 2069 1888 2124 faven-

307 2159 393 2208 tes
434 2153 752 2224 imperatori
791 2154 1186 2226 depositionem
1223 2157 1546 2228 patriarcha:
1573 2171 1626 2216 et
1670 2176 1892 2216 excom-

307 2247 740 2302 municationem
770 2249 1110 2306 sanciebant.
1147 2248 1404 2306 Provehit
1443 2261 1624 2308 autem
1659 2253 1896 2323 impera-

308 2343 400 2388 tor
429 2335 806 2393 Macedonium
833 2339 1148 2410 episcopum
1179 2340 1760 2413 Constantinopoleos,
1798 2345 1892 2415 qui

307 2435 444 2484 tunc
500 2430 871 2503 sceuophylax
924 2442 1041 2488 erat
1095 2433 1272 2504 ipsius
1321 2434 1588 2491 ecclesias.
1651 2433 1894 2506 Populus

307 2529 496 2577 tamen
527 2533 748 2595 propter
784 2525 1140 2596 Euphemium
1165 2526 1490 2594 dissidebat,
1524 2529 1653 2584 etin
1685 2528 1894 2601 liippo-

306 2608 567 2666 dromion
607 2627 838 2669 currens
873 2615 1098 2672 litanias
1156 2617 1372 2688 agebat,
1407 2633 1720 2690 quanquam
1760 2621 1896 2675 nihil

310 2699 582 2767 proficere
603 2703 858 2764 valuerit.
912 2705 1240 2776 imperatore
1283 2707 1428 2762 male
1467 2709 1688 2765 vincere
1747 2719 1897 2765 sata-

309 2798 496 2858 gente.
575 2791 747 2849 Porro
817 2793 1168 2852 Macedonius
1247 2799 1503 2868 nequiter
1590 2801 1896 2858 obaudiens

310 2883 667 2939 Anastasium
705 2885 1034 2957 subscripsit
1085 2887 1324 2944 enutico.
1381 2887 1683 2960 Imperator
1712 2901 1893 2947 autem

311 2973 677 3046 Euphemium
726 2979 780 3034 in
819 2978 1136 3036 Euchaitam
1167 2982 1410 3037 exsulem
1445 2983 1612 3051 misit;
1641 2985 1733 3054 qui
1776 3001 1898 3042 vero

315 3069 450 3123 bum
477 3070 586 3142 (18)
616 3071 770 3140 petiit
792 3087 890 3141 per
907 3070 1284 3128 Macedonium
1305 3074 1578 3144 accipere,
1612 3084 1669 3130 ut
1697 3077 1899 3132 illaesus

1994 1972 2370 2044 Eutyehianus
2407 1987 2539 2026 vero
2589 1972 2851 2044 quidam,
2908 1975 3124 2044 primus
3167 1973 3541 2028 diartariorum
3569 1991 3584 2013 ν

1992 2065 2313 2120 muneribus
2339 2080 2539 2121 suasus
2563 2071 2802 2120 erectam
2827 2064 3123 2135 imaginem
3149 2064 3384 2136 Olympii
3412 2063 3586 2130 depo-

1995 2155 2104 2211 suit
2128 2173 2143 2222 ;
2167 2156 2259 2227 qui
2284 2157 2353 2211 ab
2387 2157 2482 2211 illo
2501 2157 2586 2210 die
2611 2156 2729 2211 dire
2744 2172 2976 2226 corpore
3003 2156 3314 2212 labefactus
3343 2155 3584 2210 interiit.

2067 2246 2253 2303 Mundi
2312 2264 2457 2304 anno
2515 2249 2679 2315 5992,
2734 2250 2936 2304 divina:
2989 2248 3388 2304 incarnationis
3441 2263 3589 2304 anno

1995 2339 2122 2407 192,
2151 2339 2346 2398 Festus
2372 2351 2594 2399 senator
2658 2343 2810 2398 urbis
2841 2342 3049 2405 Romae,
3073 2344 3278 2399 missus
3322 2342 3390 2396 ad
3443 2343 3589 2395 Aua-

1997 2433 2224 2489 stasium
2260 2446 2480 2504 pr0pter
2509 2435 2776 2505 quasdam
2810 2435 3000 2490 civiles
3034 2433 3322 2500 utilitates,
3380 2448 3588 2488 memo-

1997 2526 2111 2581 rias
2134 2527 2464 2582 Sanctorum
2486 2529 2872 2600 Apostolorum
2892 2528 3190 2584 festivitate
3216 2529 3407 2599 majori
3433 2527 3590 2596 petiit

1997 2619 2287 2688 celebrari,
2313 2622 2456 2691 quod
2490 2630 2544 2678 et
2579 2629 2794 2678 tenetur
2823 2636 2998 2690 usque
3020 2620 3075 2675 in
3102 2636 3367 2690 praesens.
3401 2619 3582 2676 Mace-

1997 2710 2196 2766 donius
2230 2721 2412 2768 autcm
2441 2712 2510 2768 ad
2527 2714 2878 2769 Anastasium
2908 2711 3219 2766 Romanum
3259 2712 3580 2781 episcopum

1999 2801 2320 2876 synodicum
2352 2819 2448 2875 per
2468 2804 2688 2860 Festum
2716 2806 2931 2860 mittere
2947 2803 3141 2859 volens
3178 2803 3484 2872 prohibitus
3504 2812 3592 2860 est

2000 2894 2068 2951 ab
2093 2897 2438 2968 imperatore.
2463 2897 2632 2951 Porro
2651 2890 2848 2950 Festus
2869 2894 3146 2950 rediturus
3167 2893 3394 2948 Romam
3417 2892 3578 2962 polli-

2000 2987 2142 3042 citus
2163 2997 2246 3043 est
2268 2987 2580 3059 imperatori
2610 2986 2901 3041 Anastasio
2934 2983 3269 3056 persuadere
3286 2983 3580 3038 Anastasio

2007 3094 2160 3150 papa:
2193 3079 2432 3134 Zenonis
2453 3075 2708 3134 enotieon
2757 3079 3039 3148 recipere;
3068 3091 3229 3148 quem
3258 3076 3438 3130 vivum
3475 3089 3585 3128 non

313 3171 588 3227 maneret,
627 3178 752 3218 cum
795 3163 1112 3220 duceretur.
1142 3163 1344 3221 Jussus
1404 3176 1585 3222 autem
1644 3166 1897 3224 Macedo—
1924 3187 1972 3248 ο
2001 3171 2286 3241 reperiens
2332 3170 2578 3240 corrupit
2617 3185 2713 3239 per
2758 3168 3021 3239 pecunias
3075 3167 3308 3234 multos,
3333 3174 3388 3221 et
3426 3164 3590 3236 elegit

310 3255 446 3308 nius
467 3253 598 3310 dare
640 3255 890 3319 verbum,
935 3261 991 3310 et
1025 3253 1374 3327 ingressurus
1432 3258 1488 3312 in
1515 3258 1896 3330 baptisterium

309 3344 381 3397 ad
415 3345 795 3414 Euphemium,
842 3347 1294 3418 superhumerale
1327 3364 1356 3402 a
1392 3364 1452 3406 se
1510 3351 1899 3408 archidiacono

308 3435 573 3503 praecepit
620 3435 862 3500 auferre,
919 3446 974 3492 et
1044 3436 1120 3491 ita
1182 3452 1355 3507 purus
1413 3437 1479 3492 ad
1535 3440 1896 3510 Euphemium

310 3526 598 3594 ingressus
631 3527 1018 3599 feneratusque
1080 3530 1343 3598 pecunias
1371 3531 1522 3585 dedit
1567 3529 1894 3602 Euphemio,

310 3617 389 3672 ita
431 3619 828 3675 utlaudaretur
888 3636 918 3674 a
961 3621 1170 3676 multis.
1229 3623 1539 3694 lieligiosus
1587 3626 1731 3680 enim
1781 3637 1898 3682 erat

304 3720 365 3768 et
410 3726 590 3780 sacer,
621 3701 825 3784 quippe
859 3715 949 3783 qui
988 3729 1019 3768 a
1069 3713 1356 3771 Gcnnadio
1388 3716 1566 3773 fuerat
1599 3721 1894 3785 enutritus,

306 3803 481 3874 cujus
501 3813 557 3858 et
612 3804 916 3865 fratruellis
963 3815 1104 3862 erat.
1148 3806 1350 3864 Eodem
1401 3824 1548 3864 anno
1600 3810 1899 3866 Athanasio

307 3901 581 3972 episcopo
647 3903 1023 3958 Alexandrino
1078 3905 1342 3961 defuncto
1406 3917 1761 3964 consecratus
1818 3918 1903 3967 est

309 4012 420 4065 pro
447 4011 513 4051 eo
543 3995 782 4055 Joannes
812 4000 1116 4056 monachus
1144 4002 1431 4073 presbyter
1457 4011 1510 4058 et
1556 4019 1899 4070 ceconomns,

309 4099 688 4157 cognomento
716 4089 968 4146 llemula.
1003 4093 1274 4149 Prmterea
1293 4095 1644 4151 Macedonius
1674 4097 1904 4153 consilio

309 4180 666 4249 imperatoris
729 4184 887 4238 unire
924 4186 1250 4240 monasteria
1288 4186 1453 4257 regia:
1491 4188 1642 4242 urbis
1684 4189 1901 4258 satagit,

306 4286 440 4341 quae
467 4273 642 4328 scissa
679 4273 893 4330 fuerant
928 4284 1150 4346 propter
1195 4278 1448 4333 enotieon
1499 4278 1759 4335 Zenonis.
1795 4279 1901 4336 Sed

309 4367 642 4428 nonzvalens
662 4366 952 4423 consilium
987 4367 1135 4421 dedit
1157 4367 1622 4439 imperatori,quo
1658 4370 1902 4440 peregri-

312 4469 419 4510 nos
467 4458 757 4527 episcopos
809 4459 1100 4514 convenire
1146 4468 1198 4514 et
1244 4475 1366 4529 quae
1393 4458 1736 4515 Chalcedone
1769 4462 1905 4518 bene

2003 3272 2201 3334 praeter
2225 3263 2681 3319 consuetudinem
2703 3261 3073 3318 Romanorum
3095 3261 3411 3331 episcopum
3440 3255 3584 3310 Lau-

2001 3356 2240 3411 rentium
2271 3355 2583 3426 quemdam,
2620 3355 2711 3426 qui
2747 3355 3030 3410 ordinatus
3058 3361 3141 3408 est
3169 3353 3237 3406 ab
3272 3368 3380 3405 una
3408 3357 3587 3419 parte.

2001 3447 2435 3504 Ortbodoxiores
2461 3458 2641 3501 autem
2677 3451 3142 3501 consecraverunt
3173 3441 3590 3511 Symmachum,

2003 3554 2172 3593 unum
2199 3553 2264 3592 ex
2295 3535 2642 3590 diaconibus.
2688 3533 2828 3587 llinc
2873 3548 3004 3602 ergo
3034 3531 3377 3585 turbationes
3402 3530 3590 3582 multa:

2009 3647 2074 3690 ac
2113 3630 2397 3684 hominum
2440 3635 2650 3696 strages
2698 3636 2752 3681 et
2797 3626 3001 3695 rapina:
3060 3633 3289 3694 patrata:
3320 3629 3450 3677 sunt
3492 3635 3591 3690 per

2010 3737 2188 3779 annos
2211 3729 2346 3787 tres,
2375 3734 2665 3788 usquequo
2703 3718 2962 3774 videlicet
3008 3715 3387 3769 Theodoricus
3429 3713 3590 3785 prin-

2003 3830 2134 3886 ceps
2160 3823 2290 3867 tunc
2320 3813 2548 3867 Romam
2582 3821 2792 3875 tenens,
2821 3823 3134 3880 quanquam
3161 3808 3398 3863 Arianus
3421 3815 3590 3872 esset,

2007 3907 2220 3979 synodo
2251 3907 2524 3961 celebrata
2563 3904 2718 3959 locati
2754 3903 3148 3974 Symmachum
3207 3901 3424 3970 quidem
3473 3897 3590 3968 epi-

2005 4014 2230 4069 sc0pum
2270 3997 2452 4053 Romm
2487 3997 2745 4060 firmavit,
2773 3994 3125 4049 Laurentium
3159 4008 3290 4046 vero
3339 3991 3391 4044 in
3416 3991 3596 4046 Nuce-

2007 4091 2126 4143 rina
2161 4089 2380 4164 civitate
2412 4089 2596 4143 locare
2626 4087 2885 4157 praecepit
2910 4086 3251 4156 episcopum,
3281 4083 3371 4152 qui
3407 4091 3590 4135 tanton

2007 4183 2157 4237 nullo
2193 4190 2352 4252 pacto
2402 4181 2718 4250 quiescens,
2742 4178 2836 4234 sed
2896 4177 3201 4234 seditiones
3235 4188 3592 4230 commovens

2007 4291 2034 4330 a
2065 4273 2394 4346 Symmacho
2436 4271 2726 4340 deponitur
2752 4279 2802 4324 ct
2851 4270 2904 4324 in
2937 4270 3192 4324 exsilium
3230 4265 3484 4326 mittitur.
3538 4272 3595 4317 et

2009 4363 2083 4417 ita
2143 4363 2396 4415 simultas
2455 4360 2714 4413 cessavit.
2777 4357 2979 4412 Eodem
3041 4372 3188 4410 anno
3263 4353 3592 4407 Anastasius

2011 4453 2243 4508 removit
2264 4453 2382 4506 auri
2409 4451 2731 4521 argentique
2754 4448 2970 4502 metalla
3005 4460 3054 4503 et
3079 4449 3423 4510 venationes,
3445 4445 3596 4513 prin--

311 4546 685 4618 dogmatizata
714 4550 928 4604 fuerant
963 4551 1015 4604 in
1042 4550 1262 4620 scriptis
1289 4549 1618 4605 confirmare
1669 4551 1894 4608 faceret.
1931 4538 1972 4593 Β
2003 4547 2326 4616 cipatusque
2368 4559 2492 4598 cum
2523 4543 2744 4596 venales
2787 4551 2977 4596 essent
3021 4543 3190 4612 gratis
3215 4537 3592 4609 promovebat.

313 4639 476 4704 Quod
509 4651 563 4696 et
593 4640 798 4696 factum
849 4651 932 4698 est
986 4658 1084 4713 per
1113 4641 1446 4712 descriptam
1505 4643 1802 4700 actionem.
1832 4645 1898 4699 Et

315 4733 645 4787 hortabatur
695 4735 1029 4790 monasteria
1080 4734 1148 4789 ad
1215 4733 1505 4800 unitatem,
1556 4738 1898 4807 maximeque

316 4823 406 4878 Dii
472 4825 871 4880 monasterium
927 4834 985 4879 et
1048 4824 1269 4879 Basiani
1325 4833 1380 4880 et
1433 4825 1895 4882 Acmmetcnsium

315 4926 489 4985 atque
526 4917 814 4980 Matronae,
835 4932 1067 4987 quaeque
1100 4918 1274 4986 magis
1312 4916 1708 4972 scindebantur
1742 4921 1810 4973 ab
1835 4935 1899 4975 eo

315 5013 416 5080 qui
454 5012 755 5082 recipiebat
784 5010 1021 5066 Zenonis
1049 5010 1325 5077 enotieon,
1345 5021 1399 5066 et
1421 5010 1614 5066 exsilia
1647 5011 1905 5068 alacriter

317 5100 695 5157 sustinebant.
719 5101 854 5156 Cum
873 5115 1002 5170 ergo
1020 5100 1340 5155 insisterent
1364 5139 1380 5165 ,
1398 5101 1902 5170 considerat-itala-

315 5193 589 5248 cedonius
621 5193 794 5262 magis
826 5195 879 5248 in
914 5193 1136 5262 propria
1171 5193 1452 5248 voluntate
1489 5193 1765 5250 dimittere
1805 5213 1902 5252 eos

316 5301 489 5355 quam
514 5286 953 5356 persecutionem
1002 5286 1216 5354 erigere
1241 5295 1435 5339 contra
1464 5285 1611 5342 illos.
1653 5287 1900 5342 Matrona

317 5393 455 5432 γεξτο
489 5385 674 5433 sancta
733 5377 910 5431 adhuc
970 5375 1184 5440 vivens,
1233 5384 1286 5431 Cf.
1319 5393 1427 5432 non
1479 5379 1900 5437 communicans

318 5485 432 5524 una
491 5487 611 5526 cum
678 5469 952 5540 religiosis
1009 5470 1384 5525 monacbabus
1441 5487 1564 5540 quae
1626 5486 1751 5526 cum
1810 5473 1899 5526 illa

2082 4659 2346 4731 Sequenti
2375 4675 2504 4713 vero
2530 4673 2674 4712 anno
2702 4673 2828 4712 cum
2864 4655 3176 4710 Romanum
3211 4653 3592 4723 pontificatum

2010 4751 2399 4824 Symmachus,
2462 4749 2751 4819 imperium
2785 4757 2968 4802 autem
3002 4745 3328 4802 Anastasius
3358 4754 3593 4816 regeret,

2010 4849 2416 4904 Saracenorum
2479 4845 2739 4900 incursus
2791 4844 2846 4898 in
2899 4843 3212 4898 Phoenicem
3267 4851 3322 4896 et
3377 4841 3592 4911 Syriam

2004 4954 2203 4996 rursus
2241 4938 2472 4993 effectus
2522 4946 2628 5000 est,
2659 4945 2781 5004 post
2825 4945 3055 4990 mortem
3099 4935 3262 5006 Agari
3318 4932 3592 4987 Vadicba-

2002 5032 2126 5086 riuo
2166 5029 2334 5084 fratre
2359 5029 2532 5098 ipsius
2592 5027 2766 5081 instar
2805 5025 3072 5090 turbinis,
3107 5033 3163 5078 et
3214 5022 3394 5076 adhuc
3439 5022 3589 5075 velo-

2004 5124 2148 5186 cius,
2178 5122 2523 5177 discurrente
2558 5135 2653 5189 per
2691 5119 2832 5174 loca.
2860 5117 2974 5172 Hoc
3007 5117 3173 5172 etiam
3207 5129 3370 5180 anno,
3417 5113 3471 5166 id
3511 5122 3596 5167 est

2005 5214 2320 5288 Symmachi
2345 5229 2498 5284 papa:
2537 5213 2714 5281 primo
2742 5220 2798 5265 et
2831 5210 3042 5278 imperii
3093 5207 3368 5262 Anastasii
3415 5207 3594 5260 unde-

2002 5309 2171 5373 cimo,
2202 5304 2465 5374 Vulgares
2519 5319 2613 5373 per
2660 5301 2935 5371 Illyricum
2985 5298 3328 5352 cthraceI-t
3374 5295 3590 5350 discur-

2005 5409 2155 5464 runt,
2180 5398 2502 5469 priusquam
2533 5401 2980 5466 agnoscerentur.
3013 5389 3167 5459 Apud
3192 5387 3586 5443 Neocazsariam

2009 5491 2210 5548 deinde
2238 5505 2360 5546 cum
2408 5488 2651 5543 futurum
2682 5497 2822 5544 esset
2857 5494 2917 5539 ut
2981 5484 3135 5538 fieret
3166 5490 3329 5536 terrte
3382 5489 3588 5544 motus,

1841 5603 2070 5664 NOTIE.

397 5703 518 5777 (l8),
545 5703 800 5777 Verbum,
823 5699 1564 5777 securitatem._Iustinianus
1597 5698 1732 5777 Nov.
1754 5700 1810 5777 _7,
1843 5717 1894 5756 c.

314 5782 354 5834 ὅ
391 5770 413 5832 ε’
448 5776 610 5830 Ἀλλὰ
676 5775 810 5842 μηδὲ
859 5773 1080 5834 τούτους
1131 5773 1258 5834 τοὺς
1305 5770 1670 5837 καλουμέννις
1708 5772 1895 5837 λάγους

312 5846 636 5920 προχείρως
659 5846 852 5900 διδόναι
879 5843 1145 5898 σπεύδειν.
1176 5843 1338 5898 Vetus
1365 5843 1636 5910 interpres
1677 5861 1684 5893 :
1728 5862 1742 5893 ι
1785 5843 1889 5898 Sed

2006 5713 2190 5766 neque
2214 5697 2329 5766 haec
2357 5708 2476 5762 quze
2495 5689 2948 5766 (lictntttir_v'erba
2989 5687 3594 5766 DtnmpiQ‘JlGI‘CfCS-li‘

2007 5757 2123 5823 ηεξ.
2164 5787 2180 5818 ι
2216 5765 2357 5820 Idem
2376 5757 2708 5817 'Auastasius
2745 5761 2818 5815 De
2847 5760 2962 5813 vilis
2984 5757 3096 5828 PP.
3135 5761 3186 5810 iu
3218 5759 3481 5828 Gregorio
3506 5758 3550 5812 ιι
3577 5780 3588 5812 ;

2015 5862 2030 5892 t
2073 5837 2303 5893 Verbum
2332 5834 2696 5889 inuuunitatis
2718 5833 2962 5902 expetiit.
3003 5849 3020 5880 ι
3057 5827 3223 5883 Fans.
