  <div class='ocr_page' id='page_1' title='image "/cluster/home/n/w/nwhite01/storage/ocr_20150623/108/coo.31924054870120/627.png"; bbox 0 0 4088 6440; ppageno 0'>
   <div class='ocr_carea' id='block_1_1' title="bbox 593 380 734 452">
    <p class='ocr_par' dir='ltr' id='par_1_1' title="bbox 593 380 734 452">
     <span class='ocr_line' id='line_1_1' title="bbox 593 380 734 452; baseline 0.043 -5"><span class='ocrx_word' id='word_1_1' title='bbox 593 380 734 452; x_wconf 63' lang='grc' dir='ltr'><strong>12ῑ3</strong></span> 
     </span>
    </p>
   </div>
   <div class='ocr_carea' id='block_1_2' title="bbox 1693 382 2762 463">
    <p class='ocr_par' dir='ltr' id='par_1_2' title="bbox 1693 382 2762 463">
     <span class='ocr_line' id='line_1_2' title="bbox 1693 382 2762 463; baseline 0.006 -7"><span class='ocrx_word' id='word_1_2' title='bbox 1693 382 2097 459; x_wconf 78' lang='lat' dir='ltr'><strong>ANASTASII</strong></span> <span class='ocrx_word' id='word_1_3' title='bbox 2131 397 2762 463; x_wconf 84' lang='lat' dir='ltr'><strong>BIBLIOTHECARII</strong></span> 
     </span>
    </p>
   </div>
   <div class='ocr_carea' id='block_1_3' title="bbox 3707 420 3819 495">
    <p class='ocr_par' dir='ltr' id='par_1_3' title="bbox 3707 420 3819 495">
     <span class='ocr_line' id='line_1_3' title="bbox 3707 420 3819 495; baseline 0.116 -13"><span class='ocrx_word' id='word_1_4' title='bbox 3707 420 3819 495; x_wconf 67' lang='grc'>1244</span> 
     </span>
    </p>
   </div>
   <div class='ocr_carea' id='block_1_4' title="bbox 589 500 3817 596">
    <p class='ocr_par' dir='ltr' id='par_1_4' title="bbox 589 500 3817 596">
     <span class='ocr_line' id='line_1_4' title="bbox 589 500 3817 596; baseline 0.01 -40"><span class='ocrx_word' id='word_1_5' title='bbox 589 502 750 557; x_wconf 88' lang='lat' dir='ltr'><strong>miles</strong></span> <span class='ocrx_word' id='word_1_6' title='bbox 785 502 889 558; x_wconf 88' lang='lat' dir='ltr'><strong>iter</strong></span> <span class='ocrx_word' id='word_1_7' title='bbox 913 500 1124 562; x_wconf 83' lang='lat' dir='ltr'><strong>faciens</strong></span> <span class='ocrx_word' id='word_1_8' title='bbox 1149 504 1291 560; x_wconf 91' lang='lat' dir='ltr'><strong>duos</strong></span> <span class='ocrx_word' id='word_1_9' title='bbox 1318 505 1521 562; x_wconf 79' lang='lat' dir='ltr'><strong>milites</strong></span> <span class='ocrx_word' id='word_1_10' title='bbox 1555 522 1724 580; x_wconf 83' lang='lat' dir='ltr'><strong>super</strong></span> <span class='ocrx_word' id='word_1_11' title='bbox 1755 524 1879 565; x_wconf 89' lang='lat' dir='ltr'><strong>eam</strong></span> <span class='ocrx_word' id='word_1_12' title='bbox 1928 506 2087 578; x_wconf 87' lang='lat' dir='ltr'><strong>vidit,</strong></span> <span class='ocrx_word' id='word_1_13' title='bbox 2122 517 2177 567; x_wconf 91' lang='lat' dir='ltr'><strong>et</strong></span> <span class='ocrx_word' id='word_1_14' title='bbox 2207 511 2254 569; x_wconf 88' lang='lat' dir='ltr'><strong>A</strong></span> <span class='ocrx_word' id='word_1_15' title='bbox 2280 511 2613 570; x_wconf 81' lang='lat' dir='ltr'><strong>Anastasius</strong></span> <span class='ocrx_word' id='word_1_16' title='bbox 2672 512 2978 571; x_wconf 87' lang='lat' dir='ltr'><strong>honorifice</strong></span> <span class='ocrx_word' id='word_1_17' title='bbox 3015 519 3261 590; x_wconf 76' lang='lat' dir='ltr'><strong>suscepit</strong></span> <span class='ocrx_word' id='word_1_18' title='bbox 3295 528 3353 578; x_wconf 85' lang='lat' dir='ltr'><strong>ut</strong></span> <span class='ocrx_word' id='word_1_19' title='bbox 3393 525 3629 589; x_wconf 88' lang='lat' dir='ltr'><strong>veritatis</strong></span> <span class='ocrx_word' id='word_1_20' title='bbox 3659 534 3817 596; x_wconf 89' lang='lat' dir='ltr'><strong>iuimi.</strong></span> 
     </span>
    </p>
   </div>
   <div class='ocr_carea' id='block_1_5' title="bbox 589 593 2180 666">
    <p class='ocr_par' dir='ltr' id='par_1_5' title="bbox 589 593 2180 666">
     <span class='ocr_line' id='line_1_5' title="bbox 589 593 2180 666; baseline 0.008 -20"><span class='ocrx_word' id='word_1_21' title='bbox 589 593 757 648; x_wconf 85' lang='lat' dir='ltr'><strong>alium</strong></span> <span class='ocrx_word' id='word_1_22' title='bbox 793 593 1023 649; x_wconf 80' lang='lat' dir='ltr'><strong>militem</strong></span> <span class='ocrx_word' id='word_1_23' title='bbox 1057 603 1178 665; x_wconf 89' lang='lat' dir='ltr'><strong>post</strong></span> <span class='ocrx_word' id='word_1_24' title='bbox 1213 605 1423 666; x_wconf 78' lang='lat' dir='ltr'><strong>tergum</strong></span> <span class='ocrx_word' id='word_1_25' title='bbox 1455 596 1780 656; x_wconf 88' lang='lat' dir='ltr'><strong>clamantem</strong></span> <span class='ocrx_word' id='word_1_26' title='bbox 1819 600 2180 658; x_wconf 77' lang='lat' dir='ltr'><strong>:Conservate</strong></span> 
     </span>
    </p>
   </div>
   <div class='ocr_carea' id='block_1_6' title="bbox 591 687 2179 763">
    <p class='ocr_par' dir='ltr' id='par_1_6' title="bbox 591 687 2179 763">
     <span class='ocr_line' id='line_1_6' title="bbox 591 687 2179 763; baseline 0.008 -23"><span class='ocrx_word' id='word_1_27' title='bbox 591 687 807 742; x_wconf 82' lang='lat' dir='ltr'><strong>domum</strong></span> <span class='ocrx_word' id='word_1_28' title='bbox 846 688 1030 759; x_wconf 82' lang='lat' dir='ltr'><strong>inqua</strong></span> <span class='ocrx_word' id='word_1_29' title='bbox 1073 689 1375 759; x_wconf 74' lang='lat' dir='ltr'><strong>sepulcrum</strong></span> <span class='ocrx_word' id='word_1_30' title='bbox 1409 690 1654 763; x_wconf 76' lang='lat' dir='ltr'><strong>Gregorii</strong></span> <span class='ocrx_word' id='word_1_31' title='bbox 1681 701 1780 750; x_wconf 79' lang='lat' dir='ltr'><strong>est.</strong></span> <span class='ocrx_word' id='word_1_32' title='bbox 1829 693 1964 750; x_wconf 84' lang='lat' dir='ltr'><strong>Cum</strong></span> <span class='ocrx_word' id='word_1_33' title='bbox 1995 704 2179 752; x_wconf 88' lang='lat' dir='ltr'><strong>autem</strong></span> 
     </span>
    </p>
   </div>
   <div class='ocr_carea' id='block_1_7' title="bbox 593 781 2179 860">
    <p class='ocr_par' dir='ltr' id='par_1_7' title="bbox 593 781 2179 860">
     <span class='ocr_line' id='line_1_7' title="bbox 593 781 2179 860; baseline 0.009 -27"><span class='ocrx_word' id='word_1_34' title='bbox 593 789 754 835; x_wconf 75' lang='lat' dir='ltr'><strong>terrae</strong></span> <span class='ocrx_word' id='word_1_35' title='bbox 779 793 960 837; x_wconf 89' lang='lat' dir='ltr'><strong>motus</strong></span> <span class='ocrx_word' id='word_1_36' title='bbox 989 781 1169 838; x_wconf 80' lang='lat' dir='ltr'><strong>factus</strong></span> <span class='ocrx_word' id='word_1_37' title='bbox 1216 782 1440 851; x_wconf 81' lang='lat' dir='ltr'><strong>fuisset,</strong></span> <span class='ocrx_word' id='word_1_38' title='bbox 1492 788 1729 858; x_wconf 89' lang='lat' dir='ltr'><strong>plurima</strong></span> <span class='ocrx_word' id='word_1_39' title='bbox 1761 803 1892 860; x_wconf 89' lang='lat' dir='ltr'><strong>pars</strong></span> <span class='ocrx_word' id='word_1_40' title='bbox 1935 789 2179 847; x_wconf 78' lang='lat' dir='ltr'><strong>civitatis</strong></span> 
     </span>
    </p>
   </div>
   <div class='ocr_carea' id='block_1_8' title="bbox 592 873 1962 951">
    <p class='ocr_par' dir='ltr' id='par_1_8' title="bbox 592 873 1962 951">
     <span class='ocr_line' id='line_1_8' title="bbox 592 873 1962 951; baseline 0.005 -24"><span class='ocrx_word' id='word_1_41' title='bbox 592 874 826 940; x_wconf 89' lang='lat' dir='ltr'><strong>corruit,</strong></span> <span class='ocrx_word' id='word_1_42' title='bbox 849 882 1076 945; x_wconf 82' lang='lat' dir='ltr'><strong>excepta</strong></span> <span class='ocrx_word' id='word_1_43' title='bbox 1100 873 1265 930; x_wconf 92' lang='lat' dir='ltr'><strong>domo</strong></span> <span class='ocrx_word' id='word_1_44' title='bbox 1288 875 1535 946; x_wconf 77' lang='lat' dir='ltr'><strong>Gregorii</strong></span> <span class='ocrx_word' id='word_1_45' title='bbox 1563 879 1962 951; x_wconf 89' lang='lat' dir='ltr'><strong>thaumaturgi.</strong></span> 
     </span>
    </p>
   </div>
   <div class='ocr_carea' id='block_1_9' title="bbox 663 965 2184 1049">
    <p class='ocr_par' dir='ltr' id='par_1_9' title="bbox 663 965 2184 1049">
     <span class='ocr_line' id='line_1_9' title="bbox 663 965 2184 1049; baseline 0.009 -29"><span class='ocrx_word' id='word_1_46' title='bbox 663 965 851 1022; x_wconf 82' lang='lat' dir='ltr'><strong>Mundi</strong></span> <span class='ocrx_word' id='word_1_47' title='bbox 906 983 1053 1024; x_wconf 89' lang='lat' dir='ltr'><strong>anno</strong></span> <span class='ocrx_word' id='word_1_48' title='bbox 1110 969 1271 1033; x_wconf 85' lang='lat'><strong>5999,</strong></span> <span class='ocrx_word' id='word_1_49' title='bbox 1321 970 1531 1049; x_wconf 30' lang='lat' dir='ltr'><strong>divinae.</strong></span> <span class='ocrx_word' id='word_1_50' title='bbox 1576 972 1980 1031; x_wconf 90' lang='lat' dir='ltr'><strong>incarnationis</strong></span> <span class='ocrx_word' id='word_1_51' title='bbox 2036 989 2184 1033; x_wconf 90' lang='lat' dir='ltr'><strong>anno</strong></span> 
     </span>
    </p>
   </div>
   <div class='ocr_carea' id='block_1_10' title="bbox 593 1059 2185 1138">
    <p class='ocr_par' dir='ltr' id='par_1_10' title="bbox 593 1059 2185 1138">
     <span class='ocr_line' id='line_1_10' title="bbox 593 1059 2185 1138; baseline 0.008 -23"><span class='ocrx_word' id='word_1_52' title='bbox 593 1059 718 1127; x_wconf 55' lang='lat'><strong>$99,</strong></span> <span class='ocrx_word' id='word_1_53' title='bbox 749 1062 1076 1119; x_wconf 84' lang='lat' dir='ltr'><strong>Anastasius</strong></span> <span class='ocrx_word' id='word_1_54' title='bbox 1111 1063 1295 1135; x_wconf 88' lang='lat' dir='ltr'><strong>quiete</strong></span> <span class='ocrx_word' id='word_1_55' title='bbox 1333 1066 1542 1136; x_wconf 85' lang='lat' dir='ltr'><strong>potitus</strong></span> <span class='ocrx_word' id='word_1_56' title='bbox 1591 1081 1621 1122; x_wconf 88' lang='lat' dir='ltr'><strong>a</strong></span> <span class='ocrx_word' id='word_1_57' title='bbox 1648 1068 1875 1138; x_wconf 75' lang='lat' dir='ltr'><strong>praelils,</strong></span> <span class='ocrx_word' id='word_1_58' title='bbox 1925 1068 2185 1127; x_wconf 80' lang='lat' dir='ltr'><strong>Macedo-</strong></span> 
     </span>
    </p>
   </div>
   <div class='ocr_carea' id='block_1_11' title="bbox 595 1155 2185 1225">
    <p class='ocr_par' dir='ltr' id='par_1_11' title="bbox 595 1155 2185 1225">
     <span class='ocr_line' id='line_1_11' title="bbox 595 1155 2185 1225; baseline 0.008 -17"><span class='ocrx_word' id='word_1_59' title='bbox 595 1155 745 1209; x_wconf 91' lang='lat' dir='ltr'><strong>nium</strong></span> <span class='ocrx_word' id='word_1_60' title='bbox 778 1155 1149 1225; x_wconf 86' lang='lat' dir='ltr'><strong>patriarcham</strong></span> <span class='ocrx_word' id='word_1_61' title='bbox 1177 1168 1432 1215; x_wconf 86' lang='lat' dir='ltr'><strong>avertere</strong></span> <span class='ocrx_word' id='word_1_62' title='bbox 1455 1160 1526 1215; x_wconf 88' lang='lat' dir='ltr'><strong>ab</strong></span> <span class='ocrx_word' id='word_1_63' title='bbox 1556 1161 1867 1218; x_wconf 80' lang='lat' dir='ltr'><strong>orthodoxa</strong></span> <span class='ocrx_word' id='word_1_64' title='bbox 1906 1163 2010 1219; x_wconf 86' lang='lat' dir='ltr'><strong>lide</strong></span> <span class='ocrx_word' id='word_1_65' title='bbox 2035 1171 2185 1220; x_wconf 89' lang='lat' dir='ltr'><strong>sata-</strong></span> 
     </span>
    </p>
   </div>
   <div class='ocr_carea' id='block_1_12' title="bbox 593 1245 2178 1328">
    <p class='ocr_par' dir='ltr' id='par_1_12' title="bbox 593 1245 2178 1328">
     <span class='ocr_line' id='line_1_12' title="bbox 593 1245 2178 1328; baseline 0.007 -28"><span class='ocrx_word' id='word_1_66' title='bbox 593 1245 777 1316; x_wconf 83' lang='lat' dir='ltr'><strong>gebat.</strong></span> <span class='ocrx_word' id='word_1_67' title='bbox 813 1246 969 1301; x_wconf 81' lang='lat' dir='ltr'><strong>Multi</strong></span> <span class='ocrx_word' id='word_1_68' title='bbox 1012 1259 1194 1305; x_wconf 84' lang='lat' dir='ltr'><strong>autem</strong></span> <span class='ocrx_word' id='word_1_69' title='bbox 1257 1250 1647 1322; x_wconf 84' lang='lat' dir='ltr'><strong>episcoporum</strong></span> <span class='ocrx_word' id='word_1_70' title='bbox 1699 1252 1997 1311; x_wconf 82' lang='lat' dir='ltr'><strong>Anastasio</strong></span> <span class='ocrx_word' id='word_1_71' title='bbox 2051 1271 2178 1328; x_wconf 85' lang='lat' dir='ltr'><strong>gra-</strong></span> 
     </span>
    </p>
   </div>
   <div class='ocr_carea' id='block_1_13' title="bbox 594 1338 2184 1418">
    <p class='ocr_par' dir='ltr' id='par_1_13' title="bbox 594 1338 2184 1418">
     <span class='ocr_line' id='line_1_13' title="bbox 594 1338 2184 1418; baseline 0.008 -26"><span class='ocrx_word' id='word_1_72' title='bbox 594 1338 726 1393; x_wconf 83' lang='lat' dir='ltr'><strong>tiam</strong></span> <span class='ocrx_word' id='word_1_73' title='bbox 758 1347 1085 1411; x_wconf 68' lang='lat' dir='ltr'><strong>pratstantes</strong></span> <span class='ocrx_word' id='word_1_74' title='bbox 1106 1343 1546 1401; x_wconf 87' lang='lat' dir='ltr'><strong>Chalcedonensi</strong></span> <span class='ocrx_word' id='word_1_75' title='bbox 1574 1345 1908 1403; x_wconf 87' lang='lat' dir='ltr'><strong>resistebant</strong></span> <span class='ocrx_word' id='word_1_76' title='bbox 1926 1349 2184 1418; x_wconf 87' lang='lat' dir='ltr'><strong>concilio,</strong></span> 
     </span>
    </p>
   </div>
   <div class='ocr_carea' id='block_1_14' title="bbox 594 1434 2188 1510">
    <p class='ocr_par' dir='ltr' id='par_1_14' title="bbox 594 1434 2188 1510">
     <span class='ocr_line' id='line_1_14' title="bbox 594 1434 2188 1510; baseline 0.008 -25"><span class='ocrx_word' id='word_1_77' title='bbox 594 1445 831 1499; x_wconf 85' lang='lat' dir='ltr'><strong>quorum</strong></span> <span class='ocrx_word' id='word_1_78' title='bbox 888 1434 1102 1504; x_wconf 85' lang='lat' dir='ltr'><strong>primus</strong></span> <span class='ocrx_word' id='word_1_79' title='bbox 1150 1444 1269 1491; x_wconf 89' lang='lat' dir='ltr'><strong>erat</strong></span> <span class='ocrx_word' id='word_1_80' title='bbox 1300 1436 1560 1494; x_wconf 82' lang='lat' dir='ltr'><strong>Eleusius</strong></span> <span class='ocrx_word' id='word_1_81' title='bbox 1600 1438 1960 1497; x_wconf 89' lang='lat' dir='ltr'><strong>Sasimcnsis.</strong></span> <span class='ocrx_word' id='word_1_82' title='bbox 1990 1441 2188 1510; x_wconf 82' lang='lat' dir='ltr'><strong>Quent-</strong></span> 
     </span>
    </p>
   </div>
   <div class='ocr_carea' id='block_1_15' title="bbox 597 1523 2187 1604">
    <p class='ocr_par' dir='ltr' id='par_1_15' title="bbox 597 1523 2187 1604">
     <span class='ocr_line' id='line_1_15' title="bbox 597 1523 2187 1604; baseline 0.009 -25"><span class='ocrx_word' id='word_1_83' title='bbox 597 1524 723 1579; x_wconf 89' lang='lat' dir='ltr'><strong>dam</strong></span> <span class='ocrx_word' id='word_1_84' title='bbox 755 1534 939 1581; x_wconf 88' lang='lat' dir='ltr'><strong>autem</strong></span> <span class='ocrx_word' id='word_1_85' title='bbox 993 1523 1349 1585; x_wconf 81' lang='lat' dir='ltr'><strong>Manichaeum</strong></span> <span class='ocrx_word' id='word_1_86' title='bbox 1411 1529 1610 1604; x_wconf 86' lang='lat' dir='ltr'><strong>Syrum</strong></span> <span class='ocrx_word' id='word_1_87' title='bbox 1665 1533 1831 1589; x_wconf 87' lang='lat' dir='ltr'><strong>simul</strong></span> <span class='ocrx_word' id='word_1_88' title='bbox 1875 1543 1931 1591; x_wconf 91' lang='lat' dir='ltr'><strong>et</strong></span> <span class='ocrx_word' id='word_1_89' title='bbox 1962 1535 2187 1593; x_wconf 85' lang='lat' dir='ltr'><strong>Persam</strong></span> 
     </span>
    </p>
   </div>
   <div class='ocr_carea' id='block_1_16' title="bbox 599 1616 2187 1699">
    <p class='ocr_par' dir='ltr' id='par_1_16' title="bbox 599 1616 2187 1699">
     <span class='ocr_line' id='line_1_16' title="bbox 599 1616 2187 1699; baseline 0.008 -26"><span class='ocrx_word' id='word_1_90' title='bbox 599 1616 927 1676; x_wconf 82' lang='lat' dir='ltr'><strong>Anastasius</strong></span> <span class='ocrx_word' id='word_1_91' title='bbox 980 1619 1211 1676; x_wconf 81' lang='lat' dir='ltr'><strong>adduxit</strong></span> <span class='ocrx_word' id='word_1_92' title='bbox 1250 1636 1280 1676; x_wconf 94' lang='lat' dir='ltr'><strong>a</strong></span> <span class='ocrx_word' id='word_1_93' title='bbox 1308 1623 1513 1695; x_wconf 84' lang='lat' dir='ltr'><strong>Cyzico</strong></span> <span class='ocrx_word' id='word_1_94' title='bbox 1545 1623 1599 1679; x_wconf 92' lang='lat' dir='ltr'><strong>in</strong></span> <span class='ocrx_word' id='word_1_95' title='bbox 1630 1625 1820 1681; x_wconf 89' lang='lat' dir='ltr'><strong>habitu</strong></span> <span class='ocrx_word' id='word_1_96' title='bbox 1855 1628 2187 1699; x_wconf 83' lang='lat' dir='ltr'><strong>presbyteri,</strong></span> 
     </span>
    </p>
   </div>
   <div class='ocr_carea' id='block_1_17' title="bbox 612 1712 2191 1791">
    <p class='ocr_par' dir='ltr' id='par_1_17' title="bbox 612 1712 2191 1791">
     <span class='ocr_line' id='line_1_17' title="bbox 612 1712 2191 1791; baseline 0.009 -25"><span class='ocrx_word' id='word_1_97' title='bbox 612 1712 706 1782; x_wconf 90' lang='lat' dir='ltr'><strong>qui</strong></span> <span class='ocrx_word' id='word_1_98' title='bbox 729 1712 907 1768; x_wconf 90' lang='lat' dir='ltr'><strong>aliena</strong></span> <span class='ocrx_word' id='word_1_99' title='bbox 936 1712 1006 1768; x_wconf 91' lang='lat' dir='ltr'><strong>ab</strong></span> <span class='ocrx_word' id='word_1_100' title='bbox 1024 1714 1283 1770; x_wconf 79' lang='lat' dir='ltr'><strong>Ecclesiae</strong></span> <span class='ocrx_word' id='word_1_101' title='bbox 1312 1718 1521 1773; x_wconf 87' lang='lat' dir='ltr'><strong>sanctis</strong></span> <span class='ocrx_word' id='word_1_102' title='bbox 1557 1718 1892 1791; x_wconf 79' lang='lat' dir='ltr'><strong>imaginibus</strong></span> <span class='ocrx_word' id='word_1_103' title='bbox 1943 1721 2191 1780; x_wconf 86' lang='lat' dir='ltr'><strong>scribere</strong></span> 
     </span>
    </p>
   </div>
   <div class='ocr_carea' id='block_1_18' title="bbox 2283 610 3821 693">
    <p class='ocr_par' dir='ltr' id='par_1_18' title="bbox 2283 610 3821 693">
     <span class='ocr_line' id='line_1_18' title="bbox 2283 610 3821 693; baseline 0.012 -32"><span class='ocrx_word' id='word_1_104' title='bbox 2283 620 2414 674; x_wconf 92' lang='lat' dir='ltr'><strong>cos,</strong></span> <span class='ocrx_word' id='word_1_105' title='bbox 2449 615 2505 663; x_wconf 88' lang='lat' dir='ltr'><strong>et</strong></span> <span class='ocrx_word' id='word_1_106' title='bbox 2535 622 2631 663; x_wconf 88' lang='lat' dir='ltr'><strong>eos</strong></span> <span class='ocrx_word' id='word_1_107' title='bbox 2660 611 2755 679; x_wconf 89' lang='lat' dir='ltr'><strong>qui</strong></span> <span class='ocrx_word' id='word_1_108' title='bbox 2811 610 3281 668; x_wconf 84' lang='lat' dir='ltr'><strong>conturbaverant</strong></span> <span class='ocrx_word' id='word_1_109' title='bbox 3346 614 3631 693; x_wconf 84' lang='lat' dir='ltr'><strong>Orientem,</strong></span> <span class='ocrx_word' id='word_1_110' title='bbox 3677 639 3725 685; x_wconf 80' lang='lat' dir='ltr'><strong>el,</strong></span> <span class='ocrx_word' id='word_1_111' title='bbox 3749 632 3821 691; x_wconf 75' lang='lat' dir='ltr'><strong>hic</strong></span> 
     </span>
    </p>
   </div>
   <div class='ocr_carea' id='block_1_19' title="bbox 2282 696 3824 795">
    <p class='ocr_par' dir='ltr' id='par_1_19' title="bbox 2282 696 3824 795">
     <span class='ocr_line' id='line_1_19' title="bbox 2282 696 3824 795; baseline 0.01 -42"><span class='ocrx_word' id='word_1_112' title='bbox 2282 696 2471 754; x_wconf 89' lang='lat' dir='ltr'><strong>eadem</strong></span> <span class='ocrx_word' id='word_1_113' title='bbox 2508 708 2823 770; x_wconf 89' lang='lat' dir='ltr'><strong>operantes.</strong></span> <span class='ocrx_word' id='word_1_114' title='bbox 2848 700 3090 762; x_wconf 81' lang='lat' dir='ltr'><strong>Joannes</strong></span> <span class='ocrx_word' id='word_1_115' title='bbox 3129 721 3262 762; x_wconf 90' lang='lat' dir='ltr'><strong>vero</strong></span> <span class='ocrx_word' id='word_1_116' title='bbox 3291 708 3675 773; x_wconf 87' lang='lat' dir='ltr'><strong>Alexandrinus</strong></span> <span class='ocrx_word' id='word_1_117' title='bbox 3729 726 3824 795; x_wconf 79' lang='lat' dir='ltr'><strong>cpi-</strong></span> 
     </span>
    </p>
   </div>
   <div class='ocr_carea' id='block_1_20' title="bbox 2285 794 3826 883">
    <p class='ocr_par' dir='ltr' id='par_1_20' title="bbox 2285 794 3826 883">
     <span class='ocr_line' id='line_1_20' title="bbox 2285 794 3826 883; baseline 0.016 -35"><span class='ocrx_word' id='word_1_118' title='bbox 2285 794 2635 864; x_wconf 65' lang='lat' dir='ltr'><strong>scepusjduo</strong></span> <span class='ocrx_word' id='word_1_119' title='bbox 2691 796 2862 850; x_wconf 87' lang='lat' dir='ltr'><strong>millia</strong></span> <span class='ocrx_word' id='word_1_120' title='bbox 2915 797 3178 854; x_wconf 88' lang='lat' dir='ltr'><strong>librarum</strong></span> <span class='ocrx_word' id='word_1_121' title='bbox 3225 801 3342 856; x_wconf 84' lang='lat' dir='ltr'><strong>auri</strong></span> <span class='ocrx_word' id='word_1_122' title='bbox 3397 803 3523 862; x_wconf 87' lang='lat' dir='ltr'><strong>dare</strong></span> <span class='ocrx_word' id='word_1_123' title='bbox 3574 794 3826 883; x_wconf 79' lang='lat' dir='ltr'><strong>spopondit</strong></span> 
     </span>
    </p>
   </div>
   <div class='ocr_carea' id='block_1_21' title="bbox 2287 884 3826 965">
    <p class='ocr_par' dir='ltr' id='par_1_21' title="bbox 2287 884 3826 965">
     <span class='ocr_line' id='line_1_21' title="bbox 2287 884 3826 965; baseline 0.016 -25"><span class='ocrx_word' id='word_1_124' title='bbox 2287 884 2628 954; x_wconf 88' lang='lat' dir='ltr'><strong>imperatori,</strong></span> <span class='ocrx_word' id='word_1_125' title='bbox 2653 887 2695 941; x_wconf 92' lang='lat' dir='ltr'><strong>si</strong></span> <span class='ocrx_word' id='word_1_126' title='bbox 2714 886 2955 958; x_wconf 86' lang='lat' dir='ltr'><strong>perfecte</strong></span> <span class='ocrx_word' id='word_1_127' title='bbox 2977 889 3204 965; x_wconf 84' lang='lat' dir='ltr'><strong>ejiceret</strong></span> <span class='ocrx_word' id='word_1_128' title='bbox 3230 890 3654 958; x_wconf 85' lang='lat' dir='ltr'><strong>Chalcedonense</strong></span> <span class='ocrx_word' id='word_1_129' title='bbox 3676 911 3826 964; x_wconf 90' lang='lat' dir='ltr'><strong>conci-</strong></span> 
     </span>
    </p>
   </div>
   <div class='ocr_carea' id='block_1_22' title="bbox 2288 975 3824 1066">
    <p class='ocr_par' dir='ltr' id='par_1_22' title="bbox 2288 975 3824 1066">
     <span class='ocr_line' id='line_1_22' title="bbox 2288 975 3824 1066; baseline 0.014 -34"><span class='ocrx_word' id='word_1_130' title='bbox 2288 975 2450 1032; x_wconf 89' lang='lat' dir='ltr'><strong>lium:</strong></span> <span class='ocrx_word' id='word_1_131' title='bbox 2480 978 2780 1048; x_wconf 86' lang='lat' dir='ltr'><strong>imperator</strong></span> <span class='ocrx_word' id='word_1_132' title='bbox 2797 989 2980 1037; x_wconf 90' lang='lat' dir='ltr'><strong>autem</strong></span> <span class='ocrx_word' id='word_1_133' title='bbox 3003 982 3381 1043; x_wconf 81' lang='lat' dir='ltr'><strong>Macedonium</strong></span> <span class='ocrx_word' id='word_1_134' title='bbox 3406 992 3625 1063; x_wconf 77' lang='lat' dir='ltr'><strong>cogebat</strong></span> <span class='ocrx_word' id='word_1_135' title='bbox 3643 1002 3824 1066; x_wconf 81' lang='lat' dir='ltr'><strong>apocri-</strong></span> 
     </span>
    </p>
   </div>
   <div class='ocr_carea' id='block_1_23' title="bbox 2289 1068 3825 1159">
    <p class='ocr_par' dir='ltr' id='par_1_23' title="bbox 2289 1068 3825 1159">
     <span class='ocr_line' id='line_1_23' title="bbox 2289 1068 3825 1159; baseline 0.015 -34"><span class='ocrx_word' id='word_1_136' title='bbox 2289 1068 2474 1125; x_wconf 86' lang='lat' dir='ltr'><strong>siariis</strong></span> <span class='ocrx_word' id='word_1_137' title='bbox 2501 1072 2914 1130; x_wconf 84' lang='lat' dir='ltr'><strong>communicare</strong></span> <span class='ocrx_word' id='word_1_138' title='bbox 2941 1073 3195 1146; x_wconf 80' lang='lat' dir='ltr'><strong>Joannis,</strong></span> <span class='ocrx_word' id='word_1_139' title='bbox 3228 1078 3592 1155; x_wconf 73' lang='lat' dir='ltr'><strong>Joannenique</strong></span> <span class='ocrx_word' id='word_1_140' title='bbox 3617 1089 3825 1159; x_wconf 86' lang='lat' dir='ltr'><strong>recipere</strong></span> 
     </span>
    </p>
   </div>
   <div class='ocr_carea' id='block_1_24' title="bbox 2289 1163 3823 1248">
    <p class='ocr_par' dir='ltr' id='par_1_24' title="bbox 2289 1163 3823 1248">
     <span class='ocr_line' id='line_1_24' title="bbox 2289 1163 3823 1248; baseline 0.016 -31"><span class='ocrx_word' id='word_1_141' title='bbox 2289 1163 2602 1234; x_wconf 85' lang='lat' dir='ltr'><strong>synodum‘,</strong></span> <span class='ocrx_word' id='word_1_142' title='bbox 2646 1181 2827 1237; x_wconf 85' lang='lat' dir='ltr'><strong>neque</strong></span> <span class='ocrx_word' id='word_1_143' title='bbox 2870 1169 3226 1240; x_wconf 88' lang='lat' dir='ltr'><strong>recipientem</strong></span> <span class='ocrx_word' id='word_1_144' title='bbox 3259 1189 3432 1245; x_wconf 88' lang='lat' dir='ltr'><strong>neque</strong></span> <span class='ocrx_word' id='word_1_145' title='bbox 3466 1179 3823 1248; x_wconf 87' lang='lat' dir='ltr'><strong>projicienlem.</strong></span> 
     </span>
    </p>
   </div>
   <div class='ocr_carea' id='block_1_25' title="bbox 2290 1249 3826 1332">
    <p class='ocr_par' dir='ltr' id='par_1_25' title="bbox 2290 1249 3826 1332">
     <span class='ocr_line' id='line_1_25' title="bbox 2290 1249 3826 1332; baseline 0.016 -27"><span class='ocrx_word' id='word_1_146' title='bbox 2290 1249 2644 1310; x_wconf 85' lang='lat' dir='ltr'><strong>Macedonius</strong></span> <span class='ocrx_word' id='word_1_147' title='bbox 2717 1264 2900 1312; x_wconf 88' lang='lat' dir='ltr'><strong>autem</strong></span> <span class='ocrx_word' id='word_1_148' title='bbox 2950 1258 3179 1329; x_wconf 88' lang='lat' dir='ltr'><strong>restitit,</strong></span> <span class='ocrx_word' id='word_1_149' title='bbox 3237 1260 3429 1321; x_wconf 85' lang='lat' dir='ltr'><strong>dicens</strong></span> <span class='ocrx_word' id='word_1_150' title='bbox 3480 1282 3586 1322; x_wconf 89' lang='lat' dir='ltr'><strong>non</strong></span> <span class='ocrx_word' id='word_1_151' title='bbox 3639 1268 3734 1327; x_wconf 86' lang='lat' dir='ltr'><strong>illis</strong></span> <span class='ocrx_word' id='word_1_152' title='bbox 3786 1291 3826 1332; x_wconf 86' lang='lat' dir='ltr'><strong>se</strong></span> 
     </span>
    </p>
   </div>
   <div class='ocr_carea' id='block_1_26' title="bbox 2294 1346 3821 1421">
    <p class='ocr_par' dir='ltr' id='par_1_26' title="bbox 2294 1346 3821 1421">
     <span class='ocr_line' id='line_1_26' title="bbox 2294 1346 3821 1421; baseline 0.013 -20"><span class='ocrx_word' id='word_1_153' title='bbox 2294 1346 2884 1415; x_wconf 84' lang='lat' dir='ltr'><strong>communicaturum,</strong></span> <span class='ocrx_word' id='word_1_154' title='bbox 2934 1350 3040 1407; x_wconf 87' lang='lat' dir='ltr'><strong>nisi</strong></span> <span class='ocrx_word' id='word_1_155' title='bbox 3099 1354 3468 1411; x_wconf 86' lang='lat' dir='ltr'><strong>confiteantur</strong></span> <span class='ocrx_word' id='word_1_156' title='bbox 3530 1370 3739 1417; x_wconf 82' lang='lat' dir='ltr'><strong>matrem</strong></span> <span class='ocrx_word' id='word_1_157' title='bbox 3780 1374 3821 1421; x_wconf 86' lang='lat' dir='ltr'><strong>et</strong></span> 
     </span>
    </p>
   </div>
   <div class='ocr_carea' id='block_1_27' title="bbox 2291 1440 3819 1516">
    <p class='ocr_par' dir='ltr' id='par_1_27' title="bbox 2291 1440 3819 1516">
     <span class='ocr_line' id='line_1_27' title="bbox 2291 1440 3819 1516; baseline 0.012 -22"><span class='ocrx_word' id='word_1_158' title='bbox 2291 1440 2618 1512; x_wconf 79' lang='lat' dir='ltr'><strong>magistram</strong></span> <span class='ocrx_word' id='word_1_159' title='bbox 2669 1443 2941 1516; x_wconf 81' lang='lat' dir='ltr'><strong>synodum</strong></span> <span class='ocrx_word' id='word_1_160' title='bbox 3001 1444 3524 1505; x_wconf 87' lang='lat' dir='ltr'><strong>Chalcedonensem.</strong></span> <span class='ocrx_word' id='word_1_161' title='bbox 3591 1451 3819 1512; x_wconf 65' lang='lat' dir='ltr'><strong>Caeterum</strong></span> 
     </span>
    </p>
   </div>
   <div class='ocr_carea' id='block_1_28' title="bbox 2289 1521 3826 1616">
    <p class='ocr_par' dir='ltr' id='par_1_28' title="bbox 2289 1521 3826 1616">
     <span class='ocr_line' id='line_1_28' title="bbox 2289 1521 3826 1616; baseline 0.01 -28"><span class='ocrx_word' id='word_1_162' title='bbox 2289 1521 2891 1608; x_wconf 83' lang='lat' dir='ltr'><strong>DeuteriusepisCOpus</strong></span> <span class='ocrx_word' id='word_1_163' title='bbox 2943 1537 3274 1594; x_wconf 88' lang='lat' dir='ltr'><strong>Arianorum</strong></span> <span class='ocrx_word' id='word_1_164' title='bbox 3305 1540 3549 1614; x_wconf 83' lang='lat' dir='ltr'><strong>Byzantii</strong></span> <span class='ocrx_word' id='word_1_165' title='bbox 3588 1545 3826 1616; x_wconf 85' lang='lat' dir='ltr'><strong>baptizans</strong></span> 
     </span>
    </p>
   </div>
   <div class='ocr_carea' id='block_1_29' title="bbox 2293 1627 3828 1708">
    <p class='ocr_par' dir='ltr' id='par_1_29' title="bbox 2293 1627 3828 1708">
     <span class='ocr_line' id='line_1_29' title="bbox 2293 1627 3828 1708; baseline 0.009 -27"><span class='ocrx_word' id='word_1_166' title='bbox 2293 1627 2585 1700; x_wconf 91' lang='lat' dir='ltr'><strong>quemdam</strong></span> <span class='ocrx_word' id='word_1_167' title='bbox 2614 1630 2795 1685; x_wconf 88' lang='lat' dir='ltr'><strong>virum</strong></span> <span class='ocrx_word' id='word_1_168' title='bbox 2838 1631 3063 1689; x_wconf 90' lang='lat' dir='ltr'><strong>nomine</strong></span> <span class='ocrx_word' id='word_1_169' title='bbox 3090 1633 3418 1703; x_wconf 77' lang='lat' dir='ltr'><strong>Barbarum,</strong></span> <span class='ocrx_word' id='word_1_170' title='bbox 3453 1647 3643 1708; x_wconf 68' lang='lat' dir='ltr'><strong>praeter</strong></span> <span class='ocrx_word' id='word_1_171' title='bbox 3679 1638 3828 1695; x_wconf 85' lang='lat' dir='ltr'><strong>Domi-</strong></span> 
     </span>
    </p>
   </div>
   <div class='ocr_carea' id='block_1_30' title="bbox 2294 1722 3831 1799">
    <p class='ocr_par' dir='ltr' id='par_1_30' title="bbox 2294 1722 3831 1799">
     <span class='ocr_line' id='line_1_30' title="bbox 2294 1722 3831 1799; baseline 0.006 -22"><span class='ocrx_word' id='word_1_172' title='bbox 2294 1722 2475 1777; x_wconf 90' lang='lat' dir='ltr'><strong>nicam</strong></span> <span class='ocrx_word' id='word_1_173' title='bbox 2530 1723 2881 1780; x_wconf 87' lang='lat' dir='ltr'><strong>traditionem</strong></span> <span class='ocrx_word' id='word_1_174' title='bbox 2936 1740 3106 1784; x_wconf 91' lang='lat' dir='ltr'><strong>ausus</strong></span> <span class='ocrx_word' id='word_1_175' title='bbox 3162 1739 3244 1784; x_wconf 90' lang='lat' dir='ltr'><strong>est</strong></span> <span class='ocrx_word' id='word_1_176' title='bbox 3296 1727 3522 1785; x_wconf 85' lang='lat' dir='ltr'><strong>dicere:</strong></span> <span class='ocrx_word' id='word_1_177' title='bbox 3558 1729 3831 1799; x_wconf 67' lang='lat' dir='ltr'><strong>Baptizatur</strong></span> 
     </span>
    </p>
   </div>
   <div class='ocr_carea' id='block_1_31' title="bbox 602 1805 3827 1912">
    <p class='ocr_par' dir='ltr' id='par_1_31' title="bbox 602 1805 3827 1912">
     <span class='ocr_line' id='line_1_31' title="bbox 602 1805 3827 1912; baseline 0.007 -54"><span class='ocrx_word' id='word_1_178' title='bbox 602 1805 956 1877; x_wconf 81' lang='lat' dir='ltr'><strong>praesumpsit</strong></span> <span class='ocrx_word' id='word_1_179' title='bbox 986 1816 1039 1861; x_wconf 92' lang='lat' dir='ltr'><strong>et</strong></span> <span class='ocrx_word' id='word_1_180' title='bbox 1059 1805 1310 1863; x_wconf 86' lang='lat' dir='ltr'><strong>fabulosa</strong></span> <span class='ocrx_word' id='word_1_181' title='bbox 1342 1809 1394 1863; x_wconf 91' lang='lat' dir='ltr'><strong>in</strong></span> <span class='ocrx_word' id='word_1_182' title='bbox 1433 1810 1639 1880; x_wconf 87' lang='lat' dir='ltr'><strong>palatio</strong></span> <span class='ocrx_word' id='word_1_183' title='bbox 1682 1811 2189 1884; x_wconf 89' lang='lat' dir='ltr'><strong>llelenianensium,</strong></span> <span class='ocrx_word' id='word_1_184' title='bbox 2229 1813 2571 1912; x_wconf 77' lang='lat' dir='ltr'><strong>BBarbarus</strong></span> <span class='ocrx_word' id='word_1_185' title='bbox 2620 1816 2674 1870; x_wconf 85' lang='lat' dir='ltr'><strong>in</strong></span> <span class='ocrx_word' id='word_1_186' title='bbox 2700 1819 2908 1873; x_wconf 83' lang='lat' dir='ltr'><strong>nomine</strong></span> <span class='ocrx_word' id='word_1_187' title='bbox 2936 1817 3119 1875; x_wconf 80' lang='lat' dir='ltr'><strong>Patris</strong></span> <span class='ocrx_word' id='word_1_188' title='bbox 3160 1834 3253 1889; x_wconf 79' lang='lat' dir='ltr'><strong>per</strong></span> <span class='ocrx_word' id='word_1_189' title='bbox 3314 1820 3511 1876; x_wconf 78' lang='lat' dir='ltr'><strong>Filium</strong></span> <span class='ocrx_word' id='word_1_190' title='bbox 3563 1823 3614 1877; x_wconf 84' lang='lat' dir='ltr'><strong>in</strong></span> <span class='ocrx_word' id='word_1_191' title='bbox 3661 1822 3827 1892; x_wconf 80' lang='lat' dir='ltr'><strong>Spiritu</strong></span> 
     </span>
    </p>
   </div>
   <div class='ocr_carea' id='block_1_32' title="bbox 599 1897 2198 1977">
    <p class='ocr_par' dir='ltr' id='par_1_32' title="bbox 599 1897 2198 1977">
     <span class='ocr_line' id='line_1_32' title="bbox 599 1897 2198 1977; baseline 0.009 -25"><span class='ocrx_word' id='word_1_192' title='bbox 599 1902 731 1953; x_wconf 88' lang='lat' dir='ltr'><strong>voto</strong></span> <span class='ocrx_word' id='word_1_193' title='bbox 773 1897 1125 1968; x_wconf 87' lang='lat' dir='ltr'><strong>imperatoris</strong></span> <span class='ocrx_word' id='word_1_194' title='bbox 1191 1899 1510 1958; x_wconf 84' lang='lat' dir='ltr'><strong>Manichaeis</strong></span> <span class='ocrx_word' id='word_1_195' title='bbox 1551 1906 2011 1977; x_wconf 80' lang='lat' dir='ltr'><strong>cougratulantis.</strong></span> <span class='ocrx_word' id='word_1_196' title='bbox 2039 1906 2198 1966; x_wconf 86' lang='lat' dir='ltr'><strong>Unde</strong></span> 
     </span>
    </p>
   </div>
   <div class='ocr_carea' id='block_1_33' title="bbox 600 1988 2201 2072">
    <p class='ocr_par' dir='ltr' id='par_1_33' title="bbox 600 1988 2201 2072">
     <span class='ocr_line' id='line_1_33' title="bbox 600 1988 2201 2072; baseline 0.011 -31"><span class='ocrx_word' id='word_1_197' title='bbox 600 1993 655 2041; x_wconf 72' lang='lat' dir='ltr'><strong>et</strong></span> <span class='ocrx_word' id='word_1_198' title='bbox 681 1988 879 2044; x_wconf 88' lang='lat' dir='ltr'><strong>seditio</strong></span> <span class='ocrx_word' id='word_1_199' title='bbox 905 1989 1092 2060; x_wconf 87' lang='lat' dir='ltr'><strong>populi</strong></span> <span class='ocrx_word' id='word_1_200' title='bbox 1130 1989 1274 2046; x_wconf 87' lang='lat' dir='ltr'><strong>facta</strong></span> <span class='ocrx_word' id='word_1_201' title='bbox 1332 2002 1418 2051; x_wconf 78' lang='lat' dir='ltr'><strong>est</strong></span> <span class='ocrx_word' id='word_1_202' title='bbox 1475 2009 1695 2066; x_wconf 85' lang='lat' dir='ltr'><strong>magna.</strong></span> <span class='ocrx_word' id='word_1_203' title='bbox 1726 1997 1881 2054; x_wconf 87' lang='lat' dir='ltr'><strong>Tunc</strong></span> <span class='ocrx_word' id='word_1_204' title='bbox 1920 2008 1973 2055; x_wconf 91' lang='lat' dir='ltr'><strong>et</strong></span> <span class='ocrx_word' id='word_1_205' title='bbox 2004 2001 2201 2072; x_wconf 61' lang='lat' dir='ltr'><strong>praefe-</strong></span> 
     </span>
    </p>
   </div>
   <div class='ocr_carea' id='block_1_34' title="bbox 603 2079 2202 2165">
    <p class='ocr_par' dir='ltr' id='par_1_34' title="bbox 603 2079 2202 2165">
     <span class='ocr_line' id='line_1_34' title="bbox 603 2079 2202 2165; baseline 0.011 -31"><span class='ocrx_word' id='word_1_206' title='bbox 603 2091 752 2135; x_wconf 90' lang='lat' dir='ltr'><strong>ctum</strong></span> <span class='ocrx_word' id='word_1_207' title='bbox 782 2079 1111 2139; x_wconf 88' lang='lat' dir='ltr'><strong>Anastasius</strong></span> <span class='ocrx_word' id='word_1_208' title='bbox 1140 2083 1196 2138; x_wconf 91' lang='lat' dir='ltr'><strong>in</strong></span> <span class='ocrx_word' id='word_1_209' title='bbox 1234 2086 1483 2144; x_wconf 87' lang='lat' dir='ltr'><strong>collectis</strong></span> <span class='ocrx_word' id='word_1_210' title='bbox 1515 2096 1569 2144; x_wconf 90' lang='lat' dir='ltr'><strong>et</strong></span> <span class='ocrx_word' id='word_1_211' title='bbox 1608 2090 1821 2147; x_wconf 90' lang='lat' dir='ltr'><strong>litaniis</strong></span> <span class='ocrx_word' id='word_1_212' title='bbox 1870 2094 2202 2165; x_wconf 80' lang='lat' dir='ltr'><strong>excogitavit</strong></span> 
     </span>
    </p>
   </div>
   <div class='ocr_carea' id='block_1_35' title="bbox 602 2174 2199 2256">
    <p class='ocr_par' dir='ltr' id='par_1_35' title="bbox 602 2174 2199 2256">
     <span class='ocr_line' id='line_1_35' title="bbox 602 2174 2199 2256; baseline 0.008 -27"><span class='ocrx_word' id='word_1_213' title='bbox 602 2174 871 2246; x_wconf 83' lang='lat' dir='ltr'><strong>subsequi</strong></span> <span class='ocrx_word' id='word_1_214' title='bbox 904 2192 918 2231; x_wconf 91' lang='lat'><strong>:</strong></span> <span class='ocrx_word' id='word_1_215' title='bbox 955 2175 1345 2234; x_wconf 84' lang='lat' dir='ltr'><strong>timebatenim</strong></span> <span class='ocrx_word' id='word_1_216' title='bbox 1392 2179 1829 2237; x_wconf 81' lang='lat' dir='ltr'><strong>orthodoxorum</strong></span> <span class='ocrx_word' id='word_1_217' title='bbox 1877 2185 2199 2256; x_wconf 87' lang='lat' dir='ltr'><strong>seditiones,</strong></span> 
     </span>
    </p>
   </div>
   <div class='ocr_carea' id='block_1_36' title="bbox 602 2265 2202 2337">
    <p class='ocr_par' dir='ltr' id='par_1_36' title="bbox 602 2265 2202 2337">
     <span class='ocr_line' id='line_1_36' title="bbox 602 2265 2202 2337; baseline 0.01 -16"><span class='ocrx_word' id='word_1_218' title='bbox 602 2274 659 2322; x_wconf 82' lang='lat' dir='ltr'><strong>et</strong></span> <span class='ocrx_word' id='word_1_219' title='bbox 707 2265 913 2323; x_wconf 85' lang='lat' dir='ltr'><strong>factum</strong></span> <span class='ocrx_word' id='word_1_220' title='bbox 971 2278 1057 2326; x_wconf 82' lang='lat' dir='ltr'><strong>est</strong></span> <span class='ocrx_word' id='word_1_221' title='bbox 1108 2270 1164 2326; x_wconf 90' lang='lat' dir='ltr'><strong>in</strong></span> <span class='ocrx_word' id='word_1_222' title='bbox 1215 2274 1697 2329; x_wconf 89' lang='lat' dir='ltr'><strong>consuetudinem.</strong></span> <span class='ocrx_word' id='word_1_223' title='bbox 1753 2276 2019 2334; x_wconf 83' lang='lat' dir='ltr'><strong>Xenaiam</strong></span> <span class='ocrx_word' id='word_1_224' title='bbox 2071 2296 2202 2337; x_wconf 89' lang='lat' dir='ltr'><strong>vero</strong></span> 
     </span>
    </p>
   </div>
   <div class='ocr_carea' id='block_1_37' title="bbox 605 2358 2204 2428">
    <p class='ocr_par' dir='ltr' id='par_1_37' title="bbox 605 2358 2204 2428">
     <span class='ocr_line' id='line_1_37' title="bbox 605 2358 2204 2428; baseline 0.01 -16"><span class='ocrx_word' id='word_1_225' title='bbox 605 2358 782 2416; x_wconf 79' lang='lat' dir='ltr'><strong>Manis</strong></span> <span class='ocrx_word' id='word_1_226' title='bbox 832 2368 1266 2419; x_wconf 85' lang='lat' dir='ltr'><strong>consentaneum</strong></span> <span class='ocrx_word' id='word_1_227' title='bbox 1319 2363 1471 2420; x_wconf 74' lang='lat' dir='ltr'><strong>duxit</strong></span> <span class='ocrx_word' id='word_1_228' title='bbox 1531 2365 1861 2425; x_wconf 72' lang='lat' dir='ltr'><strong>Anastasius</strong></span> <span class='ocrx_word' id='word_1_229' title='bbox 1933 2370 2204 2428; x_wconf 85' lang='lat' dir='ltr'><strong>Constan-</strong></span> 
     </span>
    </p>
   </div>
   <div class='ocr_carea' id='block_1_38' title="bbox 606 2452 2201 2535">
    <p class='ocr_par' dir='ltr' id='par_1_38' title="bbox 606 2452 2201 2535">
     <span class='ocr_line' id='line_1_38' title="bbox 606 2452 2201 2535; baseline 0.009 -28"><span class='ocrx_word' id='word_1_230' title='bbox 606 2452 894 2523; x_wconf 88' lang='lat' dir='ltr'><strong>tinopolim</strong></span> <span class='ocrx_word' id='word_1_231' title='bbox 992 2461 1255 2527; x_wconf 88' lang='lat' dir='ltr'><strong>tanquam</strong></span> <span class='ocrx_word' id='word_1_232' title='bbox 1353 2468 1685 2515; x_wconf 88' lang='lat' dir='ltr'><strong>sectatorem</strong></span> <span class='ocrx_word' id='word_1_233' title='bbox 1765 2476 1966 2531; x_wconf 88' lang='lat' dir='ltr'><strong>suum,</strong></span> <span class='ocrx_word' id='word_1_234' title='bbox 2038 2482 2201 2535; x_wconf 90' lang='lat' dir='ltr'><strong>quem</strong></span> 
     </span>
    </p>
   </div>
   <div class='ocr_carea' id='block_1_39' title="bbox 601 2543 2205 2627">
    <p class='ocr_par' dir='ltr' id='par_1_39' title="bbox 601 2543 2205 2627">
     <span class='ocr_line' id='line_1_39' title="bbox 601 2543 2205 2627; baseline 0.009 -27"><span class='ocrx_word' id='word_1_235' title='bbox 601 2543 956 2605; x_wconf 81' lang='lat' dir='ltr'><strong>Macedonius</strong></span> <span class='ocrx_word' id='word_1_236' title='bbox 1021 2563 1197 2620; x_wconf 91' lang='lat' dir='ltr'><strong>neque</strong></span> <span class='ocrx_word' id='word_1_237' title='bbox 1269 2552 1655 2609; x_wconf 82' lang='lat' dir='ltr'><strong>cummunione</strong></span> <span class='ocrx_word' id='word_1_238' title='bbox 1745 2571 1923 2627; x_wconf 91' lang='lat' dir='ltr'><strong>neque</strong></span> <span class='ocrx_word' id='word_1_239' title='bbox 2035 2559 2205 2616; x_wconf 89' lang='lat' dir='ltr'><strong>verbo</strong></span> 
     </span>
    </p>
   </div>
   <div class='ocr_carea' id='block_1_40' title="bbox 599 2641 2202 2720">
    <p class='ocr_par' dir='ltr' id='par_1_40' title="bbox 599 2641 2202 2720">
     <span class='ocr_line' id='line_1_40' title="bbox 599 2641 2202 2720; baseline 0.009 -23"><span class='ocrx_word' id='word_1_240' title='bbox 599 2641 829 2714; x_wconf 83' lang='lat' dir='ltr'><strong>dignum</strong></span> <span class='ocrx_word' id='word_1_241' title='bbox 891 2642 1063 2711; x_wconf 86' lang='lat' dir='ltr'><strong>clero,</strong></span> <span class='ocrx_word' id='word_1_242' title='bbox 1108 2646 1399 2702; x_wconf 87' lang='lat' dir='ltr'><strong>monachis</strong></span> <span class='ocrx_word' id='word_1_243' title='bbox 1474 2653 1531 2702; x_wconf 89' lang='lat' dir='ltr'><strong>et</strong></span> <span class='ocrx_word' id='word_1_244' title='bbox 1590 2650 1797 2720; x_wconf 86' lang='lat' dir='ltr'><strong>populo</strong></span> <span class='ocrx_word' id='word_1_245' title='bbox 1871 2653 2202 2711; x_wconf 84' lang='lat' dir='ltr'><strong>conturbato</strong></span> 
     </span>
    </p>
   </div>
   <div class='ocr_carea' id='block_1_41' title="bbox 596 2730 2204 2803">
    <p class='ocr_par' dir='ltr' id='par_1_41' title="bbox 596 2730 2204 2803">
     <span class='ocr_line' id='line_1_41' title="bbox 596 2730 2204 2803; baseline 0.007 -15"><span class='ocrx_word' id='word_1_246' title='bbox 596 2730 891 2803; x_wconf 82' lang='lat' dir='ltr'><strong>judicavit.</strong></span> <span class='ocrx_word' id='word_1_247' title='bbox 953 2733 1107 2792; x_wconf 89' lang='lat' dir='ltr'><strong>Unde</strong></span> <span class='ocrx_word' id='word_1_248' title='bbox 1135 2744 1189 2792; x_wconf 91' lang='lat' dir='ltr'><strong>et</strong></span> <span class='ocrx_word' id='word_1_249' title='bbox 1238 2752 1363 2793; x_wconf 92' lang='lat' dir='ltr'><strong>cum</strong></span> <span class='ocrx_word' id='word_1_250' title='bbox 1414 2740 1751 2798; x_wconf 82' lang='lat' dir='ltr'><strong>Anastasius</strong></span> <span class='ocrx_word' id='word_1_251' title='bbox 1820 2742 2060 2798; x_wconf 87' lang='lat' dir='ltr'><strong>latenter</strong></span> <span class='ocrx_word' id='word_1_252' title='bbox 2131 2745 2204 2801; x_wconf 89' lang='lat' dir='ltr'><strong>ab</strong></span> 
     </span>
    </p>
   </div>
   <div class='ocr_carea' id='block_1_42' title="bbox 603 2827 2199 2906">
    <p class='ocr_par' dir='ltr' id='par_1_42' title="bbox 603 2827 2199 2906">
     <span class='ocr_line' id='line_1_42' title="bbox 603 2827 2199 2906; baseline 0.006 -25"><span class='ocrx_word' id='word_1_253' title='bbox 603 2827 741 2883; x_wconf 86' lang='lat' dir='ltr'><strong>urbe</strong></span> <span class='ocrx_word' id='word_1_254' title='bbox 772 2827 983 2883; x_wconf 79' lang='lat' dir='ltr'><strong>eduxit.</strong></span> <span class='ocrx_word' id='word_1_255' title='bbox 1022 2827 1375 2888; x_wconf 82' lang='lat' dir='ltr'><strong>Macedonius</strong></span> <span class='ocrx_word' id='word_1_256' title='bbox 1414 2847 1545 2889; x_wconf 90' lang='lat' dir='ltr'><strong>vero</strong></span> <span class='ocrx_word' id='word_1_257' title='bbox 1570 2832 1859 2889; x_wconf 86' lang='lat' dir='ltr'><strong>Acholium</strong></span> <span class='ocrx_word' id='word_1_258' title='bbox 1885 2835 2199 2906; x_wconf 88' lang='lat' dir='ltr'><strong>quemdam,</strong></span> 
     </span>
    </p>
   </div>
   <div class='ocr_carea' id='block_1_43' title="bbox 603 2918 2204 2990">
    <p class='ocr_par' dir='ltr' id='par_1_43' title="bbox 603 2918 2204 2990">
     <span class='ocr_line' id='line_1_43' title="bbox 603 2918 2204 2990; baseline 0.009 -18"><span class='ocrx_word' id='word_1_259' title='bbox 603 2918 698 2990; x_wconf 88' lang='lat' dir='ltr'><strong>qui</strong></span> <span class='ocrx_word' id='word_1_260' title='bbox 733 2930 1013 2976; x_wconf 77' lang='lat' dir='ltr'><strong>exemerat</strong></span> <span class='ocrx_word' id='word_1_261' title='bbox 1067 2923 1331 2980; x_wconf 87' lang='lat' dir='ltr'><strong>adversus</strong></span> <span class='ocrx_word' id='word_1_262' title='bbox 1381 2940 1442 2981; x_wconf 91' lang='lat' dir='ltr'><strong>se</strong></span> <span class='ocrx_word' id='word_1_263' title='bbox 1476 2926 1803 2982; x_wconf 76' lang='lat' dir='ltr'><strong>machaeram</strong></span> <span class='ocrx_word' id='word_1_264' title='bbox 1845 2943 1912 2984; x_wconf 82' lang='lat' dir='ltr'><strong>ex</strong></span> <span class='ocrx_word' id='word_1_265' title='bbox 1958 2929 2204 2986; x_wconf 87' lang='lat' dir='ltr'><strong>submis-</strong></span> 
     </span>
    </p>
   </div>
   <div class='ocr_carea' id='block_1_44' title="bbox 604 3012 2202 3091">
    <p class='ocr_par' dir='ltr' id='par_1_44' title="bbox 604 3012 2202 3091">
     <span class='ocr_line' id='line_1_44' title="bbox 604 3012 2202 3091; baseline 0.008 -25"><span class='ocrx_word' id='word_1_266' title='bbox 604 3012 761 3069; x_wconf 87' lang='lat' dir='ltr'><strong>sione</strong></span> <span class='ocrx_word' id='word_1_267' title='bbox 822 3013 1178 3071; x_wconf 87' lang='lat' dir='ltr'><strong>inimicorum</strong></span> <span class='ocrx_word' id='word_1_268' title='bbox 1225 3033 1480 3084; x_wconf 86' lang='lat' dir='ltr'><strong>suorum,</strong></span> <span class='ocrx_word' id='word_1_269' title='bbox 1532 3034 1631 3090; x_wconf 86' lang='lat' dir='ltr'><strong>per</strong></span> <span class='ocrx_word' id='word_1_270' title='bbox 1689 3019 1940 3091; x_wconf 89' lang='lat' dir='ltr'><strong>singulos</strong></span> <span class='ocrx_word' id='word_1_271' title='bbox 1984 3036 2202 3078; x_wconf 88' lang='lat' dir='ltr'><strong>menses</strong></span> 
     </span>
    </p>
   </div>
   <div class='ocr_carea' id='block_1_45' title="bbox 603 3110 2202 3182">
    <p class='ocr_par' dir='ltr' id='par_1_45' title="bbox 603 3110 2202 3182">
     <span class='ocr_line' id='line_1_45' title="bbox 603 3110 2202 3182; baseline 0.005 -22"><span class='ocrx_word' id='word_1_272' title='bbox 603 3118 854 3163; x_wconf 80' lang='lat' dir='ltr'><strong>annonas</strong></span> <span class='ocrx_word' id='word_1_273' title='bbox 899 3110 1158 3179; x_wconf 83' lang='lat' dir='ltr'><strong>praecepit</strong></span> <span class='ocrx_word' id='word_1_274' title='bbox 1208 3111 1485 3181; x_wconf 88' lang='lat' dir='ltr'><strong>accipere,</strong></span> <span class='ocrx_word' id='word_1_275' title='bbox 1541 3125 1714 3182; x_wconf 88' lang='lat' dir='ltr'><strong>super</strong></span> <span class='ocrx_word' id='word_1_276' title='bbox 1765 3113 2202 3168; x_wconf 89' lang='lat' dir='ltr'><strong>mansuetudine</strong></span> 
     </span>
    </p>
   </div>
   <div class='ocr_carea' id='block_1_46' title="bbox 2302 1910 3837 1974">
    <p class='ocr_par' dir='ltr' id='par_1_46' title="bbox 2302 1910 3837 1974">
     <span class='ocr_line' id='line_1_46' title="bbox 2302 1910 3837 1974; baseline 0.005 -13"><span class='ocrx_word' id='word_1_277' title='bbox 2302 1917 2488 1962; x_wconf 82' lang='lat' dir='ltr'><strong>sancto</strong></span> <span class='ocrx_word' id='word_1_278' title='bbox 2506 1914 2609 1974; x_wconf 85' lang='lat' dir='ltr'><strong>;&#39;et</strong></span> <span class='ocrx_word' id='word_1_279' title='bbox 2633 1910 2821 1964; x_wconf 90' lang='lat' dir='ltr'><strong>statim</strong></span> <span class='ocrx_word' id='word_1_280' title='bbox 2854 1910 3141 1968; x_wconf 80' lang='lat' dir='ltr'><strong>lavacrum</strong></span> <span class='ocrx_word' id='word_1_281' title='bbox 3172 1912 3512 1970; x_wconf 82' lang='lat' dir='ltr'><strong>exsiccatum</strong></span> <span class='ocrx_word' id='word_1_282' title='bbox 3541 1923 3640 1970; x_wconf 91' lang='lat' dir='ltr'><strong>est.</strong></span> <span class='ocrx_word' id='word_1_283' title='bbox 3671 1916 3837 1970; x_wconf 85' lang='lat' dir='ltr'><strong>Barba-</strong></span> 
     </span>
    </p>
   </div>
   <div class='ocr_carea' id='block_1_47' title="bbox 2301 2003 3836 2077">
    <p class='ocr_par' dir='ltr' id='par_1_47' title="bbox 2301 2003 3836 2077">
     <span class='ocr_line' id='line_1_47' title="bbox 2301 2003 3836 2077; baseline 0.007 -23"><span class='ocrx_word' id='word_1_284' title='bbox 2301 2015 2399 2057; x_wconf 91' lang='lat' dir='ltr'><strong>rus</strong></span> <span class='ocrx_word' id='word_1_285' title='bbox 2454 2016 2586 2058; x_wconf 88' lang='lat' dir='ltr'><strong>vero</strong></span> <span class='ocrx_word' id='word_1_286' title='bbox 2631 2003 2829 2059; x_wconf 90' lang='lat' dir='ltr'><strong>timore</strong></span> <span class='ocrx_word' id='word_1_287' title='bbox 2883 2005 3214 2074; x_wconf 90' lang='lat' dir='ltr'><strong>perterritus</strong></span> <span class='ocrx_word' id='word_1_288' title='bbox 3289 2004 3451 2077; x_wconf 80' lang='lat' dir='ltr'><strong>fugit,</strong></span> <span class='ocrx_word' id='word_1_289' title='bbox 3507 2016 3559 2063; x_wconf 90' lang='lat' dir='ltr'><strong>et</strong></span> <span class='ocrx_word' id='word_1_290' title='bbox 3620 2009 3836 2064; x_wconf 88' lang='lat' dir='ltr'><strong>omnibus</strong></span> 
     </span>
    </p>
   </div>
   <div class='ocr_carea' id='block_1_48' title="bbox 2301 2092 3837 2168">
    <p class='ocr_par' dir='ltr' id='par_1_48' title="bbox 2301 2092 3837 2168">
     <span class='ocr_line' id='line_1_48' title="bbox 2301 2092 3837 2168; baseline 0.005 -19"><span class='ocrx_word' id='word_1_291' title='bbox 2301 2100 2491 2149; x_wconf 90' lang='lat' dir='ltr'><strong>notum</strong></span> <span class='ocrx_word' id='word_1_292' title='bbox 2525 2092 2653 2150; x_wconf 89' lang='lat' dir='ltr'><strong>fecit</strong></span> <span class='ocrx_word' id='word_1_293' title='bbox 2704 2094 3061 2151; x_wconf 88' lang='lat' dir='ltr'><strong>miraculum.</strong></span> <span class='ocrx_word' id='word_1_294' title='bbox 3088 2097 3261 2153; x_wconf 91' lang='lat' dir='ltr'><strong>Porro</strong></span> <span class='ocrx_word' id='word_1_295' title='bbox 3291 2097 3588 2168; x_wconf 82' lang='lat' dir='ltr'><strong>imperator</strong></span> <span class='ocrx_word' id='word_1_296' title='bbox 3621 2099 3837 2157; x_wconf 78' lang='lat' dir='ltr'><strong>Macedo-</strong></span> 
     </span>
    </p>
   </div>
   <div class='ocr_carea' id='block_1_49' title="bbox 2302 2183 3840 2262">
    <p class='ocr_par' dir='ltr' id='par_1_49' title="bbox 2302 2183 3840 2262">
     <span class='ocr_line' id='line_1_49' title="bbox 2302 2183 3840 2262; baseline 0.004 -23"><span class='ocrx_word' id='word_1_297' title='bbox 2302 2185 2452 2239; x_wconf 91' lang='lat' dir='ltr'><strong>nium</strong></span> <span class='ocrx_word' id='word_1_298' title='bbox 2503 2183 3069 2258; x_wconf 89' lang='lat' dir='ltr'><strong>Constantinopoleos</strong></span> <span class='ocrx_word' id='word_1_299' title='bbox 3121 2189 3446 2261; x_wconf 87' lang='lat' dir='ltr'><strong>episcopum</strong></span> <span class='ocrx_word' id='word_1_300' title='bbox 3499 2184 3840 2262; x_wconf 69' lang='lat' dir='ltr'><strong>cogeba&#39;tana-</strong></span> 
     </span>
    </p>
   </div>
   <div class='ocr_carea' id='block_1_50' title="bbox 2305 2277 3842 2354">
    <p class='ocr_par' dir='ltr' id='par_1_50' title="bbox 2305 2277 3842 2354">
     <span class='ocr_line' id='line_1_50' title="bbox 2305 2277 3842 2354; baseline 0.005 -24"><span class='ocrx_word' id='word_1_301' title='bbox 2305 2277 2663 2334; x_wconf 83' lang='lat' dir='ltr'><strong>thematizare</strong></span> <span class='ocrx_word' id='word_1_302' title='bbox 2726 2277 3177 2337; x_wconf 89' lang='lat' dir='ltr'><strong>Chalcedonense</strong></span> <span class='ocrx_word' id='word_1_303' title='bbox 3236 2282 3554 2349; x_wconf 88' lang='lat' dir='ltr'><strong>concilium,</strong></span> <span class='ocrx_word' id='word_1_304' title='bbox 3622 2282 3842 2354; x_wconf 85' lang='lat' dir='ltr'><strong>quemad-</strong></span> 
     </span>
    </p>
   </div>
   <div class='ocr_carea' id='block_1_51' title="bbox 2303 2367 3842 2445">
    <p class='ocr_par' dir='ltr' id='par_1_51' title="bbox 2303 2367 3842 2445">
     <span class='ocr_line' id='line_1_51' title="bbox 2303 2367 3842 2445; baseline 0.004 -22"><span class='ocrx_word' id='word_1_305' title='bbox 2303 2368 2528 2424; x_wconf 87' lang='lat' dir='ltr'><strong>modum</strong></span> <span class='ocrx_word' id='word_1_306' title='bbox 2560 2376 2615 2425; x_wconf 90' lang='lat' dir='ltr'><strong>et</strong></span> <span class='ocrx_word' id='word_1_307' title='bbox 2643 2367 2854 2425; x_wconf 81' lang='lat' dir='ltr'><strong>Heliam</strong></span> <span class='ocrx_word' id='word_1_308' title='bbox 2890 2369 3479 2445; x_wconf 87' lang='lat' dir='ltr'><strong>llierosolymitanum.</strong></span> <span class='ocrx_word' id='word_1_309' title='bbox 3506 2373 3603 2428; x_wconf 86' lang='lat' dir='ltr'><strong>Ast</strong></span> <span class='ocrx_word' id='word_1_310' title='bbox 3630 2374 3842 2429; x_wconf 80' lang='lat' dir='ltr'><strong>Macedo-</strong></span> 
     </span>
    </p>
   </div>
   <div class='ocr_carea' id='block_1_52' title="bbox 2303 2460 3841 2537">
    <p class='ocr_par' dir='ltr' id='par_1_52' title="bbox 2303 2460 3841 2537">
     <span class='ocr_line' id='line_1_52' title="bbox 2303 2460 3841 2537; baseline 0.003 -21"><span class='ocrx_word' id='word_1_311' title='bbox 2303 2460 2430 2516; x_wconf 87' lang='lat' dir='ltr'><strong>nius</strong></span> <span class='ocrx_word' id='word_1_312' title='bbox 2483 2461 2690 2532; x_wconf 87' lang='lat' dir='ltr'><strong>absque</strong></span> <span class='ocrx_word' id='word_1_313' title='bbox 2748 2462 3047 2519; x_wconf 88' lang='lat' dir='ltr'><strong>universali</strong></span> <span class='ocrx_word' id='word_1_314' title='bbox 3118 2465 3331 2536; x_wconf 87' lang='lat' dir='ltr'><strong>synodo</strong></span> <span class='ocrx_word' id='word_1_315' title='bbox 3361 2508 3376 2530; x_wconf 94' lang='lat'><strong>,</strong></span> <span class='ocrx_word' id='word_1_316' title='bbox 3428 2482 3547 2537; x_wconf 73' lang='lat' dir='ltr'><strong>quae</strong></span> <span class='ocrx_word' id='word_1_317' title='bbox 3598 2468 3841 2537; x_wconf 58' lang='lat' dir='ltr'><strong>praesulem</strong></span> 
     </span>
    </p>
   </div>
   <div class='ocr_carea' id='block_1_53' title="bbox 2303 2552 3844 2630">
    <p class='ocr_par' dir='ltr' id='par_1_53' title="bbox 2303 2552 3844 2630">
     <span class='ocr_line' id='line_1_53' title="bbox 2303 2552 3844 2630; baseline 0.004 -22"><span class='ocrx_word' id='word_1_318' title='bbox 2303 2552 2617 2609; x_wconf 79' lang='lat' dir='ltr'><strong>Romanum</strong></span> <span class='ocrx_word' id='word_1_319' title='bbox 2682 2554 2912 2611; x_wconf 90' lang='lat' dir='ltr'><strong>haberet</strong></span> <span class='ocrx_word' id='word_1_320' title='bbox 2953 2556 3297 2627; x_wconf 88' lang='lat' dir='ltr'><strong>episcopum,</strong></span> <span class='ocrx_word' id='word_1_321' title='bbox 3378 2559 3706 2630; x_wconf 89' lang='lat' dir='ltr'><strong>impossibile</strong></span> <span class='ocrx_word' id='word_1_322' title='bbox 3753 2557 3844 2614; x_wconf 84' lang='lat' dir='ltr'><strong>fore</strong></span> 
     </span>
    </p>
   </div>
   <div class='ocr_carea' id='block_1_54' title="bbox 2305 2646 3844 2717">
    <p class='ocr_par' dir='ltr' id='par_1_54' title="bbox 2305 2646 3844 2717">
     <span class='ocr_line' id='line_1_54' title="bbox 2305 2646 3844 2717; baseline 0.003 -14"><span class='ocrx_word' id='word_1_323' title='bbox 2305 2648 2410 2704; x_wconf 86' lang='lat' dir='ltr'><strong>hoc</strong></span> <span class='ocrx_word' id='word_1_324' title='bbox 2434 2664 2492 2705; x_wconf 93' lang='lat' dir='ltr'><strong>se</strong></span> <span class='ocrx_word' id='word_1_325' title='bbox 2526 2648 2710 2704; x_wconf 88' lang='lat' dir='ltr'><strong>facere</strong></span> <span class='ocrx_word' id='word_1_326' title='bbox 2736 2649 3036 2705; x_wconf 81' lang='lat' dir='ltr'><strong>fatebatur.</strong></span> <span class='ocrx_word' id='word_1_327' title='bbox 3088 2646 3246 2707; x_wconf 85' lang='lat' dir='ltr'><strong>Unde</strong></span> <span class='ocrx_word' id='word_1_328' title='bbox 3278 2651 3542 2717; x_wconf 88' lang='lat' dir='ltr'><strong>inimicus</strong></span> <span class='ocrx_word' id='word_1_329' title='bbox 3585 2653 3629 2709; x_wconf 91' lang='lat' dir='ltr'><strong>ei</strong></span> <span class='ocrx_word' id='word_1_330' title='bbox 3658 2652 3844 2708; x_wconf 70' lang='lat' dir='ltr'><strong>effectus</strong></span> 
     </span>
    </p>
   </div>
   <div class='ocr_carea' id='block_1_55' title="bbox 2305 2740 3845 2822">
    <p class='ocr_par' dir='ltr' id='par_1_55' title="bbox 2305 2740 3845 2822">
     <span class='ocr_line' id='line_1_55' title="bbox 2305 2740 3845 2822; baseline 0.001 -26"><span class='ocrx_word' id='word_1_331' title='bbox 2305 2741 2604 2812; x_wconf 88' lang='lat' dir='ltr'><strong>imperator</strong></span> <span class='ocrx_word' id='word_1_332' title='bbox 2626 2740 3010 2813; x_wconf 87' lang='lat' dir='ltr'><strong>confugientes</strong></span> <span class='ocrx_word' id='word_1_333' title='bbox 3032 2741 3097 2796; x_wconf 87' lang='lat' dir='ltr'><strong>ad</strong></span> <span class='ocrx_word' id='word_1_334' title='bbox 3123 2743 3393 2800; x_wconf 81' lang='lat' dir='ltr'><strong>ecclesias</strong></span> <span class='ocrx_word' id='word_1_335' title='bbox 3419 2744 3672 2822; x_wconf 72' lang='lat' dir='ltr'><strong>violenter</strong></span> <span class='ocrx_word' id='word_1_336' title='bbox 3697 2753 3845 2800; x_wconf 78' lang='lat' dir='ltr'><strong>extra-</strong></span> 
     </span>
    </p>
   </div>
   <div class='ocr_carea' id='block_1_56' title="bbox 2307 2833 3843 2904">
    <p class='ocr_par' dir='ltr' id='par_1_56' title="bbox 2307 2833 3843 2904">
     <span class='ocr_line' id='line_1_56' title="bbox 2307 2833 3843 2904; baseline 0 -15"><span class='ocrx_word' id='word_1_337' title='bbox 2307 2835 2434 2889; x_wconf 85' lang='lat' dir='ltr'><strong>here</strong></span> <span class='ocrx_word' id='word_1_338' title='bbox 2464 2833 2654 2904; x_wconf 89' lang='lat' dir='ltr'><strong>jussit,</strong></span> <span class='ocrx_word' id='word_1_339' title='bbox 2686 2842 2741 2890; x_wconf 87' lang='lat' dir='ltr'><strong>ct</strong></span> <span class='ocrx_word' id='word_1_340' title='bbox 2783 2835 3034 2892; x_wconf 89' lang='lat' dir='ltr'><strong>ecclesiis</strong></span> <span class='ocrx_word' id='word_1_341' title='bbox 3074 2835 3466 2893; x_wconf 64' lang='lat' dir='ltr'><strong>hmreticorum</strong></span> <span class='ocrx_word' id='word_1_342' title='bbox 3512 2835 3843 2895; x_wconf 79' lang='lat' dir='ltr'><strong>intemeritatis</strong></span> 
     </span>
    </p>
   </div>
   <div class='ocr_carea' id='block_1_57' title="bbox 2305 2923 3845 3000">
    <p class='ocr_par' dir='ltr' id='par_1_57' title="bbox 2305 2923 3845 3000">
     <span class='ocr_line' id='line_1_57' title="bbox 2305 2923 3845 3000; baseline 0.001 -20"><span class='ocrx_word' id='word_1_343' title='bbox 2305 2923 2654 2983; x_wconf 87' lang='lat' dir='ltr'><strong>definitiones</strong></span> <span class='ocrx_word' id='word_1_344' title='bbox 2698 2927 3023 2985; x_wconf 86' lang='lat' dir='ltr'><strong>concessit:</strong></span> <span class='ocrx_word' id='word_1_345' title='bbox 3080 2936 3364 3000; x_wconf 63' lang='lat' dir='ltr'><strong>quotquot~</strong></span> <span class='ocrx_word' id='word_1_346' title='bbox 3405 2938 3582 2986; x_wconf 91' lang='lat' dir='ltr'><strong>autem</strong></span> <span class='ocrx_word' id='word_1_347' title='bbox 3628 2929 3845 2985; x_wconf 83' lang='lat' dir='ltr'><strong>clericiet</strong></span> 
     </span>
    </p>
   </div>
   <div class='ocr_carea' id='block_1_58' title="bbox 2305 3017 3844 3092">
    <p class='ocr_par' dir='ltr' id='par_1_58' title="bbox 2305 3017 3844 3092">
     <span class='ocr_line' id='line_1_58' title="bbox 2305 3017 3844 3092; baseline 0.002 -21"><span class='ocrx_word' id='word_1_348' title='bbox 2305 3018 2429 3073; x_wconf 88' lang='lat' dir='ltr'><strong>laici</strong></span> <span class='ocrx_word' id='word_1_349' title='bbox 2464 3017 2707 3091; x_wconf 83' lang='lat' dir='ltr'><strong>Byzantii</strong></span> <span class='ocrx_word' id='word_1_350' title='bbox 2730 3029 2889 3075; x_wconf 87' lang='lat' dir='ltr'><strong>erant</strong></span> <span class='ocrx_word' id='word_1_351' title='bbox 2916 3063 2930 3087; x_wconf 93' lang='lat'><strong>,</strong></span> <span class='ocrx_word' id='word_1_352' title='bbox 2971 3021 3115 3092; x_wconf 89' lang='lat' dir='ltr'><strong>apud</strong></span> <span class='ocrx_word' id='word_1_353' title='bbox 3168 3019 3440 3077; x_wconf 88' lang='lat' dir='ltr'><strong>Severum</strong></span> <span class='ocrx_word' id='word_1_354' title='bbox 3468 3030 3522 3077; x_wconf 87' lang='lat' dir='ltr'><strong>et</strong></span> <span class='ocrx_word' id='word_1_355' title='bbox 3565 3020 3844 3076; x_wconf 72' lang='lat' dir='ltr'><strong>Manichmos</strong></span> 
     </span>
    </p>
   </div>
   <div class='ocr_carea' id='block_1_59' title="bbox 2306 3108 3840 3179">
    <p class='ocr_par' dir='ltr' id='par_1_59' title="bbox 2306 3108 3840 3179">
     <span class='ocr_line' id='line_1_59' title="bbox 2306 3108 3840 3179; baseline -0.002 -15"><span class='ocrx_word' id='word_1_356' title='bbox 2306 3108 2623 3167; x_wconf 86' lang='lat' dir='ltr'><strong>Orientales</strong></span> <span class='ocrx_word' id='word_1_357' title='bbox 2651 3110 2940 3165; x_wconf 80' lang='lat' dir='ltr'><strong>haereticos</strong></span> <span class='ocrx_word' id='word_1_358' title='bbox 2961 3111 3250 3179; x_wconf 82' lang='lat' dir='ltr'><strong>vacabant,</strong></span> <span class='ocrx_word' id='word_1_359' title='bbox 3272 3122 3474 3167; x_wconf 90' lang='lat' dir='ltr'><strong>contra</strong></span> <span class='ocrx_word' id='word_1_360' title='bbox 3505 3110 3840 3166; x_wconf 78' lang='lat' dir='ltr'><strong>Macedoniam</strong></span> 
     </span>
    </p>
   </div>
   <div class='ocr_carea' id='block_1_60' title="bbox 604 3197 3848 3283">
    <p class='ocr_par' dir='ltr' id='par_1_60' title="bbox 604 3197 3848 3283">
     <span class='ocr_line' id='line_1_60' title="bbox 604 3197 3848 3283; baseline 0.001 -31"><span class='ocrx_word' id='word_1_361' title='bbox 604 3197 970 3257; x_wconf 89' lang='lat' dir='ltr'><strong>collaudatus.</strong></span> <span class='ocrx_word' id='word_1_362' title='bbox 1008 3199 1122 3256; x_wconf 81' lang='lat' dir='ltr'><strong>Hoc</strong></span> <span class='ocrx_word' id='word_1_363' title='bbox 1147 3212 1328 3258; x_wconf 88' lang='lat' dir='ltr'><strong>autem</strong></span> <span class='ocrx_word' id='word_1_364' title='bbox 1359 3212 1413 3257; x_wconf 91' lang='lat' dir='ltr'><strong>et</strong></span> <span class='ocrx_word' id='word_1_365' title='bbox 1438 3204 1494 3258; x_wconf 92' lang='lat' dir='ltr'><strong>in</strong></span> <span class='ocrx_word' id='word_1_366' title='bbox 1516 3202 1710 3275; x_wconf 77' lang='lat' dir='ltr'><strong>egenis</strong></span> <span class='ocrx_word' id='word_1_367' title='bbox 1732 3204 2022 3276; x_wconf 79' lang='lat' dir='ltr'><strong>sacrilegis</strong></span> <span class='ocrx_word' id='word_1_368' title='bbox 2053 3206 2190 3277; x_wconf 88' lang='lat' dir='ltr'><strong>egit.</strong></span> <span class='ocrx_word' id='word_1_369' title='bbox 2224 3226 2267 3283; x_wconf 70' lang='grc' dir='ltr'><em>ε</em></span> <span class='ocrx_word' id='word_1_370' title='bbox 2304 3212 2638 3276; x_wconf 80' lang='lat' dir='ltr'><strong>satagentcs.</strong></span> <span class='ocrx_word' id='word_1_371' title='bbox 2686 3202 2862 3258; x_wconf 89' lang='lat' dir='ltr'><strong>Porro</strong></span> <span class='ocrx_word' id='word_1_372' title='bbox 2902 3202 3096 3260; x_wconf 84' lang='lat' dir='ltr'><strong>deiferi</strong></span> <span class='ocrx_word' id='word_1_373' title='bbox 3157 3206 3421 3260; x_wconf 86' lang='lat' dir='ltr'><strong>monachi</strong></span> <span class='ocrx_word' id='word_1_374' title='bbox 3455 3246 3470 3268; x_wconf 92' lang='lat'><strong>,</strong></span> <span class='ocrx_word' id='word_1_375' title='bbox 3515 3206 3605 3276; x_wconf 89' lang='lat' dir='ltr'><strong>qui</strong></span> <span class='ocrx_word' id='word_1_376' title='bbox 3641 3205 3687 3259; x_wconf 90' lang='lat' dir='ltr'><strong>in</strong></span> <span class='ocrx_word' id='word_1_377' title='bbox 3716 3202 3848 3256; x_wconf 48' lang='lat' dir='ltr'><strong>Palat.</strong></span> 
     </span>
    </p>
   </div>
   <div class='ocr_carea' id='block_1_61' title="bbox 677 3286 2200 3360">
    <p class='ocr_par' dir='ltr' id='par_1_61' title="bbox 677 3286 2200 3360">
     <span class='ocr_line' id='line_1_61' title="bbox 677 3286 2200 3360; baseline 0.007 -16"><span class='ocrx_word' id='word_1_378' title='bbox 677 3286 868 3345; x_wconf 83' lang='lat' dir='ltr'><strong>Mundi</strong></span> <span class='ocrx_word' id='word_1_379' title='bbox 919 3305 1064 3348; x_wconf 90' lang='lat' dir='ltr'><strong>anno</strong></span> <span class='ocrx_word' id='word_1_380' title='bbox 1125 3292 1302 3360; x_wconf 83' lang='lat'><strong>6001,</strong></span> <span class='ocrx_word' id='word_1_381' title='bbox 1359 3294 1559 3351; x_wconf 83' lang='lat' dir='ltr'><strong>divinae</strong></span> <span class='ocrx_word' id='word_1_382' title='bbox 1608 3296 2010 3353; x_wconf 88' lang='lat' dir='ltr'><strong>incarnationis</strong></span> <span class='ocrx_word' id='word_1_383' title='bbox 2052 3313 2200 3354; x_wconf 85' lang='lat' dir='ltr'><strong>anno</strong></span> 
     </span>
    </p>
   </div>
   <div class='ocr_carea' id='block_1_62' title="bbox 608 3381 2203 3457">
    <p class='ocr_par' dir='ltr' id='par_1_62' title="bbox 608 3381 2203 3457">
     <span class='ocr_line' id='line_1_62' title="bbox 608 3381 2203 3457; baseline 0.005 -19"><span class='ocrx_word' id='word_1_384' title='bbox 608 3381 738 3451; x_wconf 81' lang='lat' dir='ltr'><strong>50l,</strong></span> <span class='ocrx_word' id='word_1_385' title='bbox 784 3383 1112 3441; x_wconf 88' lang='lat' dir='ltr'><strong>Anastasius</strong></span> <span class='ocrx_word' id='word_1_386' title='bbox 1170 3385 1473 3457; x_wconf 89' lang='lat' dir='ltr'><strong>imperator</strong></span> <span class='ocrx_word' id='word_1_387' title='bbox 1533 3386 1858 3444; x_wconf 86' lang='lat' dir='ltr'><strong>Flavianum</strong></span> <span class='ocrx_word' id='word_1_388' title='bbox 1905 3382 2203 3446; x_wconf 87' lang='lat' dir='ltr'><strong>Antioche-</strong></span> 
     </span>
    </p>
   </div>
   <div class='ocr_carea' id='block_1_63' title="bbox 611 3479 2200 3555">
    <p class='ocr_par' dir='ltr' id='par_1_63' title="bbox 611 3479 2200 3555">
     <span class='ocr_line' id='line_1_63' title="bbox 611 3479 2200 3555; baseline 0.006 -25"><span class='ocrx_word' id='word_1_389' title='bbox 611 3491 741 3531; x_wconf 91' lang='lat' dir='ltr'><strong>uum</strong></span> <span class='ocrx_word' id='word_1_390' title='bbox 775 3479 956 3550; x_wconf 86' lang='lat' dir='ltr'><strong>coegit</strong></span> <span class='ocrx_word' id='word_1_391' title='bbox 980 3479 1200 3535; x_wconf 89' lang='lat' dir='ltr'><strong>enotico</strong></span> <span class='ocrx_word' id='word_1_392' title='bbox 1230 3479 1470 3537; x_wconf 88' lang='lat' dir='ltr'><strong>Zen0nis</strong></span> <span class='ocrx_word' id='word_1_393' title='bbox 1507 3481 1898 3551; x_wconf 88' lang='lat' dir='ltr'><strong>subscribere;</strong></span> <span class='ocrx_word' id='word_1_394' title='bbox 1929 3483 2022 3555; x_wconf 88' lang='lat' dir='ltr'><strong>qui</strong></span> <span class='ocrx_word' id='word_1_395' title='bbox 2056 3482 2200 3539; x_wconf 88' lang='lat' dir='ltr'><strong>facta</strong></span> 
     </span>
    </p>
   </div>
   <div class='ocr_carea' id='block_1_64' title="bbox 609 3571 2200 3647">
    <p class='ocr_par' dir='ltr' id='par_1_64' title="bbox 609 3571 2200 3647">
     <span class='ocr_line' id='line_1_64' title="bbox 609 3571 2200 3647; baseline 0.003 -20"><span class='ocrx_word' id='word_1_396' title='bbox 609 3571 823 3644; x_wconf 84' lang='lat' dir='ltr'><strong>synodo</strong></span> <span class='ocrx_word' id='word_1_397' title='bbox 919 3574 1308 3645; x_wconf 88' lang='lat' dir='ltr'><strong>episcoporum</strong></span> <span class='ocrx_word' id='word_1_398' title='bbox 1407 3576 1832 3647; x_wconf 87' lang='lat' dir='ltr'><strong>subdegentium</strong></span> <span class='ocrx_word' id='word_1_399' title='bbox 1944 3594 2200 3634; x_wconf 85' lang='lat' dir='ltr'><strong>versuum</strong></span> 
     </span>
    </p>
   </div>
   <div class='ocr_carea' id='block_1_65' title="bbox 611 3667 2204 3741">
    <p class='ocr_par' dir='ltr' id='par_1_65' title="bbox 611 3667 2204 3741">
     <span class='ocr_line' id='line_1_65' title="bbox 611 3667 2204 3741; baseline 0.003 -19"><span class='ocrx_word' id='word_1_400' title='bbox 611 3667 910 3723; x_wconf 87' lang='lat' dir='ltr'><strong>multorum</strong></span> <span class='ocrx_word' id='word_1_401' title='bbox 943 3668 1229 3739; x_wconf 84' lang='lat' dir='ltr'><strong>epistolam</strong></span> <span class='ocrx_word' id='word_1_402' title='bbox 1254 3671 1501 3741; x_wconf 89' lang='lat' dir='ltr'><strong>scripsit,</strong></span> <span class='ocrx_word' id='word_1_403' title='bbox 1544 3668 1847 3739; x_wconf 79' lang='lat' dir='ltr'><strong>Nicamam,</strong></span> <span class='ocrx_word' id='word_1_404' title='bbox 1883 3670 2204 3728; x_wconf 90' lang='lat' dir='ltr'><strong>Constanti-</strong></span> 
     </span>
    </p>
   </div>
   <div class='ocr_carea' id='block_1_66' title="bbox 610 3758 2199 3834">
    <p class='ocr_par' dir='ltr' id='par_1_66' title="bbox 610 3758 2199 3834">
     <span class='ocr_line' id='line_1_66' title="bbox 610 3758 2199 3834; baseline 0.004 -22"><span class='ocrx_word' id='word_1_405' title='bbox 610 3758 983 3826; x_wconf 89' lang='lat' dir='ltr'><strong>nopolitanam</strong></span> <span class='ocrx_word' id='word_1_406' title='bbox 1050 3767 1104 3814; x_wconf 90' lang='lat' dir='ltr'><strong>et</strong></span> <span class='ocrx_word' id='word_1_407' title='bbox 1181 3759 1515 3830; x_wconf 86' lang='lat' dir='ltr'><strong>Ephesinam</strong></span> <span class='ocrx_word' id='word_1_408' title='bbox 1570 3760 1841 3818; x_wconf 84' lang='lat' dir='ltr'><strong>conﬁtens</strong></span> <span class='ocrx_word' id='word_1_409' title='bbox 1920 3762 2199 3834; x_wconf 88' lang='lat' dir='ltr'><strong>synodos,</strong></span> 
     </span>
    </p>
   </div>
   <div class='ocr_carea' id='block_1_67' title="bbox 612 3847 2202 3924">
    <p class='ocr_par' dir='ltr' id='par_1_67' title="bbox 612 3847 2202 3924">
     <span class='ocr_line' id='line_1_67' title="bbox 612 3847 2202 3924; baseline 0.003 -20"><span class='ocrx_word' id='word_1_410' title='bbox 612 3847 1117 3905; x_wconf 88' lang='lat' dir='ltr'><strong>Chalcedonensem</strong></span> <span class='ocrx_word' id='word_1_411' title='bbox 1174 3859 1357 3907; x_wconf 90' lang='lat' dir='ltr'><strong>autem</strong></span> <span class='ocrx_word' id='word_1_412' title='bbox 1399 3852 1591 3907; x_wconf 88' lang='lat' dir='ltr'><strong>tacuit.</strong></span> <span class='ocrx_word' id='word_1_413' title='bbox 1627 3852 1965 3924; x_wconf 82' lang='lat' dir='ltr'><strong>Reprobavit</strong></span> <span class='ocrx_word' id='word_1_414' title='bbox 2016 3863 2202 3911; x_wconf 90' lang='lat' dir='ltr'><strong>autem</strong></span> 
     </span>
    </p>
   </div>
   <div class='ocr_carea' id='block_1_68' title="bbox 618 3938 2205 4018">
    <p class='ocr_par' dir='ltr' id='par_1_68' title="bbox 618 3938 2205 4018">
     <span class='ocr_line' id='line_1_68' title="bbox 618 3938 2205 4018; baseline 0.006 -26"><span class='ocrx_word' id='word_1_415' title='bbox 618 3938 943 4006; x_wconf 87' lang='lat' dir='ltr'><strong>Diodorum,</strong></span> <span class='ocrx_word' id='word_1_416' title='bbox 1007 3941 1257 3998; x_wconf 88' lang='lat' dir='ltr'><strong>subdens</strong></span> <span class='ocrx_word' id='word_1_417' title='bbox 1315 3944 1555 4014; x_wconf 84' lang='lat' dir='ltr'><strong>capitula</strong></span> <span class='ocrx_word' id='word_1_418' title='bbox 1608 3954 1882 4015; x_wconf 86' lang='lat' dir='ltr'><strong>quatuor,</strong></span> <span class='ocrx_word' id='word_1_419' title='bbox 1938 3962 2036 4018; x_wconf 87' lang='lat' dir='ltr'><strong>per</strong></span> <span class='ocrx_word' id='word_1_420' title='bbox 2083 3962 2205 4017; x_wconf 86' lang='lat' dir='ltr'><strong>quae</strong></span> 
     </span>
    </p>
   </div>
   <div class='ocr_carea' id='block_1_69' title="bbox 615 4032 2203 4106">
    <p class='ocr_par' dir='ltr' id='par_1_69' title="bbox 615 4032 2203 4106">
     <span class='ocr_line' id='line_1_69' title="bbox 615 4032 2203 4106; baseline 0.001 -16"><span class='ocrx_word' id='word_1_421' title='bbox 615 4049 741 4090; x_wconf 91' lang='lat' dir='ltr'><strong>cum</strong></span> <span class='ocrx_word' id='word_1_422' title='bbox 771 4032 1214 4091; x_wconf 83' lang='lat' dir='ltr'><strong>Chalcedonensi</strong></span> <span class='ocrx_word' id='word_1_423' title='bbox 1245 4045 1473 4106; x_wconf 87' lang='lat' dir='ltr'><strong>apparet</strong></span> <span class='ocrx_word' id='word_1_424' title='bbox 1507 4054 1617 4094; x_wconf 91' lang='lat' dir='ltr'><strong>non</strong></span> <span class='ocrx_word' id='word_1_425' title='bbox 1643 4053 1959 4094; x_wconf 84' lang='lat' dir='ltr'><strong>consonare</strong></span> <span class='ocrx_word' id='word_1_426' title='bbox 2012 4038 2203 4096; x_wconf 87' lang='lat' dir='ltr'><strong>conci-</strong></span> 
     </span>
    </p>
   </div>
   <div class='ocr_carea' id='block_1_70' title="bbox 614 4127 2201 4201">
    <p class='ocr_par' dir='ltr' id='par_1_70' title="bbox 614 4127 2201 4201">
     <span class='ocr_line' id='line_1_70' title="bbox 614 4127 2201 4201; baseline 0.004 -20"><span class='ocrx_word' id='word_1_427' title='bbox 614 4127 710 4192; x_wconf 91' lang='lat' dir='ltr'><strong>lio,</strong></span> <span class='ocrx_word' id='word_1_428' title='bbox 745 4127 983 4181; x_wconf 75' lang='lat' dir='ltr'><strong>maxime</strong></span> <span class='ocrx_word' id='word_1_429' title='bbox 1014 4142 1203 4183; x_wconf 86' lang='lat' dir='ltr'><strong>vocem</strong></span> <span class='ocrx_word' id='word_1_430' title='bbox 1226 4127 1462 4183; x_wconf 90' lang='lat' dir='ltr'><strong>duarum</strong></span> <span class='ocrx_word' id='word_1_431' title='bbox 1495 4137 1822 4185; x_wconf 87' lang='lat' dir='ltr'><strong>naturarum</strong></span> <span class='ocrx_word' id='word_1_432' title='bbox 1847 4130 2201 4201; x_wconf 87' lang='lat' dir='ltr'><strong>impugnans.</strong></span> 
     </span>
    </p>
   </div>
   <div class='ocr_carea' id='block_1_71' title="bbox 613 4219 2206 4294">
    <p class='ocr_par' dir='ltr' id='par_1_71' title="bbox 613 4219 2206 4294">
     <span class='ocr_line' id='line_1_71' title="bbox 613 4219 2206 4294; baseline 0.003 -20"><span class='ocrx_word' id='word_1_433' title='bbox 613 4219 785 4274; x_wconf 88' lang='lat' dir='ltr'><strong>Aiunt</strong></span> <span class='ocrx_word' id='word_1_434' title='bbox 815 4227 1079 4290; x_wconf 67' lang='lat' dir='ltr'><strong>prwterea</strong></span> <span class='ocrx_word' id='word_1_435' title='bbox 1117 4220 1342 4292; x_wconf 89' lang='lat' dir='ltr'><strong>quidam</strong></span> <span class='ocrx_word' id='word_1_436' title='bbox 1376 4221 1493 4277; x_wconf 84' lang='lat' dir='ltr'><strong>haec</strong></span> <span class='ocrx_word' id='word_1_437' title='bbox 1514 4222 1701 4278; x_wconf 90' lang='lat' dir='ltr'><strong>Acacii</strong></span> <span class='ocrx_word' id='word_1_438' title='bbox 1742 4222 2206 4294; x_wconf 76' lang='lat' dir='ltr'><strong>Constantinopo-</strong></span> 
     </span>
    </p>
   </div>
   <div class='ocr_carea' id='block_1_72' title="bbox 614 4307 2202 4384">
    <p class='ocr_par' dir='ltr' id='par_1_72' title="bbox 614 4307 2202 4384">
     <span class='ocr_line' id='line_1_72' title="bbox 614 4307 2202 4384; baseline 0.003 -20"><span class='ocrx_word' id='word_1_439' title='bbox 614 4309 732 4365; x_wconf 92' lang='lat' dir='ltr'><strong>leos</strong></span> <span class='ocrx_word' id='word_1_440' title='bbox 787 4324 932 4365; x_wconf 89' lang='lat' dir='ltr'><strong>esse.</strong></span> <span class='ocrx_word' id='word_1_441' title='bbox 988 4307 1160 4366; x_wconf 83' lang='lat' dir='ltr'><strong>Porro</strong></span> <span class='ocrx_word' id='word_1_442' title='bbox 1217 4308 1513 4368; x_wconf 85' lang='lat' dir='ltr'><strong>Flavianus</strong></span> <span class='ocrx_word' id='word_1_443' title='bbox 1589 4320 1862 4369; x_wconf 87' lang='lat' dir='ltr'><strong>secretam</strong></span> <span class='ocrx_word' id='word_1_444' title='bbox 1912 4314 2202 4384; x_wconf 89' lang='lat' dir='ltr'><strong>epistolam</strong></span> 
     </span>
    </p>
   </div>
   <div class='ocr_carea' id='block_1_73' title="bbox 614 4399 2206 4475">
    <p class='ocr_par' dir='ltr' id='par_1_73' title="bbox 614 4399 2206 4475">
     <span class='ocr_line' id='line_1_73' title="bbox 614 4399 2206 4475; baseline 0.005 -21"><span class='ocrx_word' id='word_1_445' title='bbox 614 4399 842 4471; x_wconf 88' lang='lat' dir='ltr'><strong>scripsit</strong></span> <span class='ocrx_word' id='word_1_446' title='bbox 868 4400 1185 4466; x_wconf 86' lang='lat' dir='ltr'><strong>Anastasio,</strong></span> <span class='ocrx_word' id='word_1_447' title='bbox 1208 4401 1570 4458; x_wconf 87' lang='lat' dir='ltr'><strong>intentionem</strong></span> <span class='ocrx_word' id='word_1_448' title='bbox 1587 4403 1710 4475; x_wconf 87' lang='lat' dir='ltr'><strong>ejus</strong></span> <span class='ocrx_word' id='word_1_449' title='bbox 1737 4414 2004 4463; x_wconf 90' lang='lat' dir='ltr'><strong>sectatus.</strong></span> <span class='ocrx_word' id='word_1_450' title='bbox 2037 4406 2206 4462; x_wconf 86' lang='lat' dir='ltr'><strong>Simi-</strong></span> 
     </span>
    </p>
   </div>
   <div class='ocr_carea' id='block_1_74' title="bbox 614 4490 2205 4570">
    <p class='ocr_par' dir='ltr' id='par_1_74' title="bbox 614 4490 2205 4570">
     <span class='ocr_line' id='line_1_74' title="bbox 614 4490 2205 4570; baseline 0.006 -24"><span class='ocrx_word' id='word_1_451' title='bbox 614 4492 739 4548; x_wconf 90' lang='lat' dir='ltr'><strong>liter</strong></span> <span class='ocrx_word' id='word_1_452' title='bbox 777 4490 1017 4549; x_wconf 83' lang='lat' dir='ltr'><strong>Xenaias</strong></span> <span class='ocrx_word' id='word_1_453' title='bbox 1047 4494 1272 4565; x_wconf 89' lang='lat' dir='ltr'><strong>impius,</strong></span> <span class='ocrx_word' id='word_1_454' title='bbox 1312 4496 1408 4567; x_wconf 91' lang='lat' dir='ltr'><strong>qui</strong></span> <span class='ocrx_word' id='word_1_455' title='bbox 1445 4504 1499 4552; x_wconf 88' lang='lat' dir='ltr'><strong>et</strong></span> <span class='ocrx_word' id='word_1_456' title='bbox 1528 4507 1971 4570; x_wconf 69' lang='lat' dir='ltr'><strong>praesumptuose</strong></span> <span class='ocrx_word' id='word_1_457' title='bbox 2005 4514 2205 4570; x_wconf 84' lang='lat' dir='ltr'><strong>gerens</strong></span> 
     </span>
    </p>
   </div>
   <div class='ocr_carea' id='block_1_75' title="bbox 614 4570 2280 4657">
    <p class='ocr_par' dir='ltr' id='par_1_75' title="bbox 614 4570 2280 4657">
     <span class='ocr_line' id='line_1_75' title="bbox 614 4570 2280 4657; baseline 0.004 -18"><span class='ocrx_word' id='word_1_458' title='bbox 614 4576 831 4639; x_wconf 20' lang='lat' dir='ltr'><strong>addidit.</strong></span> <span class='ocrx_word' id='word_1_459' title='bbox 874 4585 961 4642; x_wconf 87' lang='lat' dir='ltr'><strong>his</strong></span> <span class='ocrx_word' id='word_1_460' title='bbox 1019 4587 1278 4657; x_wconf 91' lang='lat' dir='ltr'><strong>capitulis</strong></span> <span class='ocrx_word' id='word_1_461' title='bbox 1324 4588 1615 4645; x_wconf 87' lang='lat' dir='ltr'><strong>anathema</strong></span> <span class='ocrx_word' id='word_1_462' title='bbox 1667 4600 1862 4647; x_wconf 90' lang='lat' dir='ltr'><strong>contra</strong></span> <span class='ocrx_word' id='word_1_463' title='bbox 1915 4570 2280 4649; x_wconf 86' lang='lat' dir='ltr'><strong>divinissi-D</strong></span> 
     </span>
    </p>
   </div>
   <div class='ocr_carea' id='block_1_76' title="bbox 616 4676 2203 4755">
    <p class='ocr_par' dir='ltr' id='par_1_76' title="bbox 616 4676 2203 4755">
     <span class='ocr_line' id='line_1_76' title="bbox 616 4676 2203 4755; baseline 0.008 -26"><span class='ocrx_word' id='word_1_464' title='bbox 616 4691 765 4731; x_wconf 91' lang='lat' dir='ltr'><strong>mum</strong></span> <span class='ocrx_word' id='word_1_465' title='bbox 791 4676 1033 4733; x_wconf 90' lang='lat' dir='ltr'><strong>Leonem</strong></span> <span class='ocrx_word' id='word_1_466' title='bbox 1092 4678 1400 4735; x_wconf 78' lang='lat' dir='ltr'><strong>llomanum</strong></span> <span class='ocrx_word' id='word_1_467' title='bbox 1431 4689 1489 4736; x_wconf 92' lang='lat' dir='ltr'><strong>et</strong></span> <span class='ocrx_word' id='word_1_468' title='bbox 1519 4684 1789 4755; x_wconf 86' lang='lat' dir='ltr'><strong>synodum</strong></span> <span class='ocrx_word' id='word_1_469' title='bbox 1834 4700 1901 4740; x_wconf 91' lang='lat' dir='ltr'><strong>ac</strong></span> <span class='ocrx_word' id='word_1_470' title='bbox 1931 4684 2039 4741; x_wconf 91' lang='lat' dir='ltr'><strong>illis</strong></span> <span class='ocrx_word' id='word_1_471' title='bbox 2069 4701 2203 4741; x_wconf 87' lang='lat' dir='ltr'><strong>con-</strong></span> 
     </span>
    </p>
   </div>
   <div class='ocr_carea' id='block_1_77' title="bbox 615 4767 2204 4847">
    <p class='ocr_par' dir='ltr' id='par_1_77' title="bbox 615 4767 2204 4847">
     <span class='ocr_line' id='line_1_77' title="bbox 615 4767 2204 4847; baseline 0.006 -24"><span class='ocrx_word' id='word_1_472' title='bbox 615 4767 943 4825; x_wconf 85' lang='lat' dir='ltr'><strong>sentientes.</strong></span> <span class='ocrx_word' id='word_1_473' title='bbox 976 4770 1048 4826; x_wconf 83' lang='lat' dir='ltr'><strong>At‘</strong></span> <span class='ocrx_word' id='word_1_474' title='bbox 1074 4788 1207 4829; x_wconf 89' lang='lat' dir='ltr'><strong>vero</strong></span> <span class='ocrx_word' id='word_1_475' title='bbox 1236 4772 1654 4831; x_wconf 87' lang='lat' dir='ltr'><strong>Constantinus</strong></span> <span class='ocrx_word' id='word_1_476' title='bbox 1681 4774 1981 4847; x_wconf 91' lang='lat' dir='ltr'><strong>episcopus</strong></span> <span class='ocrx_word' id='word_1_477' title='bbox 2013 4776 2204 4832; x_wconf 89' lang='lat' dir='ltr'><strong>Seleu-</strong></span> 
     </span>
    </p>
   </div>
   <div class='ocr_carea' id='block_1_78' title="bbox 615 4861 2200 4938">
    <p class='ocr_par' dir='ltr' id='par_1_78' title="bbox 615 4861 2200 4938">
     <span class='ocr_line' id='line_1_78' title="bbox 615 4861 2200 4938; baseline 0.006 -25"><span class='ocrx_word' id='word_1_478' title='bbox 615 4863 715 4916; x_wconf 79' lang='lat' dir='ltr'><strong>cia:</strong></span> <span class='ocrx_word' id='word_1_479' title='bbox 772 4861 1280 4921; x_wconf 81' lang='lat' dir='ltr'><strong>Chalcedonensem</strong></span> <span class='ocrx_word' id='word_1_480' title='bbox 1338 4867 1610 4938; x_wconf 86' lang='lat' dir='ltr'><strong>synodum</strong></span> <span class='ocrx_word' id='word_1_481' title='bbox 1674 4869 2200 4925; x_wconf 86' lang='lat' dir='ltr'><strong>anathematizabat.</strong></span> 
     </span>
    </p>
   </div>
   <div class='ocr_carea' id='block_1_79' title="bbox 613 4953 2200 5034">
    <p class='ocr_par' dir='ltr' id='par_1_79' title="bbox 613 4953 2200 5034">
     <span class='ocr_line' id='line_1_79' title="bbox 613 4953 2200 5034; baseline 0.005 -24"><span class='ocrx_word' id='word_1_482' title='bbox 613 4953 789 5011; x_wconf 89' lang='lat' dir='ltr'><strong>Porro</strong></span> <span class='ocrx_word' id='word_1_483' title='bbox 828 4954 1125 5014; x_wconf 77' lang='lat' dir='ltr'><strong>Flavianus</strong></span> <span class='ocrx_word' id='word_1_484' title='bbox 1157 4967 1218 5013; x_wconf 90' lang='lat' dir='ltr'><strong>ut</strong></span> <span class='ocrx_word' id='word_1_485' title='bbox 1279 4960 1552 5032; x_wconf 84' lang='lat' dir='ltr'><strong>derogans</strong></span> <span class='ocrx_word' id='word_1_486' title='bbox 1589 4962 1814 5032; x_wconf 81' lang='lat' dir='ltr'><strong>scripsit</strong></span> <span class='ocrx_word' id='word_1_487' title='bbox 1856 4963 2200 5034; x_wconf 90' lang='lat' dir='ltr'><strong>imperatori,</strong></span> 
     </span>
    </p>
   </div>
   <div class='ocr_carea' id='block_1_80' title="bbox 615 5047 2205 5133">
    <p class='ocr_par' dir='ltr' id='par_1_80' title="bbox 615 5047 2205 5133">
     <span class='ocr_line' id='line_1_80' title="bbox 615 5047 2205 5133; baseline 0.004 -28"><span class='ocrx_word' id='word_1_488' title='bbox 615 5047 869 5107; x_wconf 85' lang='lat' dir='ltr'><strong>indicans</strong></span> <span class='ocrx_word' id='word_1_489' title='bbox 934 5050 1071 5106; x_wconf 64' lang='lat' dir='ltr'><strong>haec.</strong></span> <span class='ocrx_word' id='word_1_490' title='bbox 1128 5049 1434 5124; x_wconf 82' lang='lat' dir='ltr'><strong>Imperator</strong></span> <span class='ocrx_word' id='word_1_491' title='bbox 1486 5063 1669 5133; x_wconf 80' lang='lat' dir='ltr'><strong>autem</strong></span> <span class='ocrx_word' id='word_1_492' title='bbox 1728 5055 2050 5127; x_wconf 89' lang='lat' dir='ltr'><strong>indignatus</strong></span> <span class='ocrx_word' id='word_1_493' title='bbox 2120 5065 2205 5112; x_wconf 86' lang='lat' dir='ltr'><strong>est</strong></span> 
     </span>
    </p>
   </div>
   <div class='ocr_carea' id='block_1_81' title="bbox 616 5141 2205 5218">
    <p class='ocr_par' dir='ltr' id='par_1_81' title="bbox 616 5141 2205 5218">
     <span class='ocr_line' id='line_1_81' title="bbox 616 5141 2205 5218; baseline 0.003 -22"><span class='ocrx_word' id='word_1_494' title='bbox 616 5141 886 5199; x_wconf 89' lang='lat' dir='ltr'><strong>adversus</strong></span> <span class='ocrx_word' id='word_1_495' title='bbox 916 5157 1066 5210; x_wconf 86' lang='lat' dir='ltr'><strong>eum,</strong></span> <span class='ocrx_word' id='word_1_496' title='bbox 1122 5143 1561 5200; x_wconf 86' lang='lat' dir='ltr'><strong>Constantinum</strong></span> <span class='ocrx_word' id='word_1_497' title='bbox 1603 5147 1787 5218; x_wconf 92' lang='lat' dir='ltr'><strong>potius</strong></span> <span class='ocrx_word' id='word_1_498' title='bbox 1836 5158 1892 5203; x_wconf 89' lang='lat' dir='ltr'><strong>et</strong></span> <span class='ocrx_word' id='word_1_499' title='bbox 1940 5146 2205 5202; x_wconf 75' lang='lat' dir='ltr'><strong>Xenaiam</strong></span> 
     </span>
    </p>
   </div>
   <div class='ocr_carea' id='block_1_82' title="bbox 616 5222 2205 5308">
    <p class='ocr_par' dir='ltr' id='par_1_82' title="bbox 616 5222 2205 5308">
     <span class='ocr_line' id='line_1_82' title="bbox 616 5222 2205 5308; baseline 0.005 -22"><span class='ocrx_word' id='word_1_500' title='bbox 616 5231 950 5302; x_wconf 69' lang='lat' dir='ltr'><strong>suscipiens.</strong></span> <span class='ocrx_word' id='word_1_501' title='bbox 984 5222 1153 5288; x_wconf 67' lang='lat' dir='ltr'><strong>Heliae</strong></span> <span class='ocrx_word' id='word_1_502' title='bbox 1198 5249 1331 5290; x_wconf 91' lang='lat' dir='ltr'><strong>vero</strong></span> <span class='ocrx_word' id='word_1_503' title='bbox 1378 5235 1645 5307; x_wconf 90' lang='lat' dir='ltr'><strong>episcopo</strong></span> <span class='ocrx_word' id='word_1_504' title='bbox 1701 5236 2205 5308; x_wconf 85' lang='lat' dir='ltr'><strong>Hierosolymitano</strong></span> 
     </span>
    </p>
   </div>
   <div class='ocr_carea' id='block_1_83' title="bbox 619 5325 2203 5400">
    <p class='ocr_par' dir='ltr' id='par_1_83' title="bbox 619 5325 2203 5400">
     <span class='ocr_line' id='line_1_83' title="bbox 619 5325 2203 5400; baseline 0.004 -21"><span class='ocrx_word' id='word_1_505' title='bbox 619 5325 842 5396; x_wconf 83' lang='lat' dir='ltr'><strong>scripsit</strong></span> <span class='ocrx_word' id='word_1_506' title='bbox 875 5326 1426 5400; x_wconf 86' lang='lat' dir='ltr'><strong>Anastasiusjubens</strong></span> <span class='ocrx_word' id='word_1_507' title='bbox 1475 5338 1669 5384; x_wconf 90' lang='lat' dir='ltr'><strong>contra</strong></span> <span class='ocrx_word' id='word_1_508' title='bbox 1699 5330 2203 5388; x_wconf 87' lang='lat' dir='ltr'><strong>Chalcedonensem</strong></span> 
     </span>
    </p>
   </div>
   <div class='ocr_carea' id='block_1_84' title="bbox 617 5417 2207 5495">
    <p class='ocr_par' dir='ltr' id='par_1_84' title="bbox 617 5417 2207 5495">
     <span class='ocr_line' id='line_1_84' title="bbox 617 5417 2207 5495; baseline 0.003 -22"><span class='ocrx_word' id='word_1_509' title='bbox 617 5417 916 5475; x_wconf 88' lang='lat' dir='ltr'><strong>decernere</strong></span> <span class='ocrx_word' id='word_1_510' title='bbox 939 5419 1249 5491; x_wconf 90' lang='lat' dir='ltr'><strong>synodum;</strong></span> <span class='ocrx_word' id='word_1_511' title='bbox 1275 5421 1368 5492; x_wconf 90' lang='lat' dir='ltr'><strong>qui</strong></span> <span class='ocrx_word' id='word_1_512' title='bbox 1397 5420 1689 5494; x_wconf 89' lang='lat' dir='ltr'><strong>rescripsit</strong></span> <span class='ocrx_word' id='word_1_513' title='bbox 1720 5423 2039 5495; x_wconf 91' lang='lat' dir='ltr'><strong>imperatori</strong></span> <span class='ocrx_word' id='word_1_514' title='bbox 2072 5438 2207 5479; x_wconf 87' lang='lat' dir='ltr'><strong>ana-</strong></span> 
     </span>
    </p>
   </div>
   <div class='ocr_carea' id='block_1_85' title="bbox 619 5507 2205 5585">
    <p class='ocr_par' dir='ltr' id='par_1_85' title="bbox 619 5507 2205 5585">
     <span class='ocr_line' id='line_1_85' title="bbox 619 5507 2205 5585; baseline 0.004 -24"><span class='ocrx_word' id='word_1_515' title='bbox 619 5507 988 5565; x_wconf 83' lang='lat' dir='ltr'><strong>thetnatizans</strong></span> <span class='ocrx_word' id='word_1_516' title='bbox 1013 5508 1354 5577; x_wconf 85' lang='lat' dir='ltr'><strong>Nestorium,</strong></span> <span class='ocrx_word' id='word_1_517' title='bbox 1383 5509 1672 5585; x_wconf 85' lang='lat' dir='ltr'><strong>Eutychen</strong></span> <span class='ocrx_word' id='word_1_518' title='bbox 1694 5522 1860 5585; x_wconf 89' lang='lat' dir='ltr'><strong>atque</strong></span> <span class='ocrx_word' id='word_1_519' title='bbox 1881 5512 2205 5580; x_wconf 88' lang='lat' dir='ltr'><strong>Diodorum,</strong></span> 
     </span>
    </p>
   </div>
   <div class='ocr_carea' id='block_1_86' title="bbox 620 5599 2206 5674">
    <p class='ocr_par' dir='ltr' id='par_1_86' title="bbox 620 5599 2206 5674">
     <span class='ocr_line' id='line_1_86' title="bbox 620 5599 2206 5674; baseline 0.006 -23"><span class='ocrx_word' id='word_1_520' title='bbox 620 5605 674 5652; x_wconf 89' lang='lat' dir='ltr'><strong>et</strong></span> <span class='ocrx_word' id='word_1_521' title='bbox 744 5599 1041 5655; x_wconf 90' lang='lat' dir='ltr'><strong>concilium</strong></span> <span class='ocrx_word' id='word_1_522' title='bbox 1115 5599 1568 5659; x_wconf 87' lang='lat' dir='ltr'><strong>Chalcedonense</strong></span> <span class='ocrx_word' id='word_1_523' title='bbox 1627 5604 1926 5674; x_wconf 87' lang='lat' dir='ltr'><strong>recipiens.</strong></span> <span class='ocrx_word' id='word_1_524' title='bbox 1995 5602 2206 5662; x_wconf 88' lang='lat' dir='ltr'><strong>Interea</strong></span> 
     </span>
    </p>
   </div>
   <div class='ocr_carea' id='block_1_87' title="bbox 624 5689 2208 5762">
    <p class='ocr_par' dir='ltr' id='par_1_87' title="bbox 624 5689 2208 5762">
     <span class='ocr_line' id='line_1_87' title="bbox 624 5689 2208 5762; baseline 0.009 -22"><span class='ocrx_word' id='word_1_525' title='bbox 624 5689 879 5745; x_wconf 88' lang='lat' dir='ltr'><strong>monachi</strong></span> <span class='ocrx_word' id='word_1_526' title='bbox 935 5690 1160 5762; x_wconf 88' lang='lat' dir='ltr'><strong>quidam</strong></span> <span class='ocrx_word' id='word_1_527' title='bbox 1212 5694 1455 5752; x_wconf 70' lang='lat' dir='ltr'><strong>haeretici</strong></span> <span class='ocrx_word' id='word_1_528' title='bbox 1507 5697 1756 5759; x_wconf 89' lang='lat' dir='ltr'><strong>ducenti,</strong></span> <span class='ocrx_word' id='word_1_529' title='bbox 1801 5696 2089 5754; x_wconf 83' lang='lat' dir='ltr'><strong>venientes</strong></span> <span class='ocrx_word' id='word_1_530' title='bbox 2139 5698 2208 5753; x_wconf 89' lang='lat' dir='ltr'><strong>ab</strong></span> 
     </span>
    </p>
   </div>
   <div class='ocr_carea' id='block_1_88' title="bbox 620 5778 2207 5861">
    <p class='ocr_par' dir='ltr' id='par_1_88' title="bbox 620 5778 2207 5861">
     <span class='ocr_line' id='line_1_88' title="bbox 620 5778 2207 5861; baseline 0.006 -26"><span class='ocrx_word' id='word_1_531' title='bbox 620 5778 846 5835; x_wconf 86' lang='lat' dir='ltr'><strong>Oriente</strong></span> <span class='ocrx_word' id='word_1_532' title='bbox 886 5780 1207 5852; x_wconf 84' lang='lat' dir='ltr'><strong>Byzantium</strong></span> <span class='ocrx_word' id='word_1_533' title='bbox 1240 5802 1348 5842; x_wconf 90' lang='lat' dir='ltr'><strong>una</strong></span> <span class='ocrx_word' id='word_1_534' title='bbox 1385 5803 1511 5843; x_wconf 91' lang='lat' dir='ltr'><strong>cum</strong></span> <span class='ocrx_word' id='word_1_535' title='bbox 1540 5788 1749 5847; x_wconf 87' lang='lat' dir='ltr'><strong>Severo</strong></span> <span class='ocrx_word' id='word_1_536' title='bbox 1781 5789 1949 5861; x_wconf 85' lang='lat' dir='ltr'><strong>impio</strong></span> <span class='ocrx_word' id='word_1_537' title='bbox 1971 5830 1984 5855; x_wconf 90' lang='lat'><strong>,</strong></span> <span class='ocrx_word' id='word_1_538' title='bbox 2012 5797 2207 5846; x_wconf 84' lang='lat' dir='ltr'><strong>contra</strong></span> 
     </span>
    </p>
   </div>
   <div class='ocr_carea' id='block_1_89' title="bbox 631 5870 2208 5949">
    <p class='ocr_par' dir='ltr' id='par_1_89' title="bbox 631 5870 2208 5949">
     <span class='ocr_line' id='line_1_89' title="bbox 631 5870 2208 5949; baseline 0.011 -25"><span class='ocrx_word' id='word_1_539' title='bbox 631 5870 1003 5929; x_wconf 68' lang='lat' dir='ltr'><strong>ilacedonium</strong></span> <span class='ocrx_word' id='word_1_540' title='bbox 1069 5886 1230 5949; x_wconf 85' lang='lat' dir='ltr'><strong>atque</strong></span> <span class='ocrx_word' id='word_1_541' title='bbox 1291 5881 1582 5939; x_wconf 90' lang='lat' dir='ltr'><strong>concilium</strong></span> <span class='ocrx_word' id='word_1_542' title='bbox 1662 5883 2034 5941; x_wconf 86' lang='lat' dir='ltr'><strong>decertabant.</strong></span> <span class='ocrx_word' id='word_1_543' title='bbox 2096 5883 2208 5941; x_wconf 82' lang='lat' dir='ltr'><strong>Hos</strong></span> 
     </span>
    </p>
   </div>
   <div class='ocr_carea' id='block_1_90' title="bbox 2304 3292 3845 3367">
    <p class='ocr_par' dir='ltr' id='par_1_90' title="bbox 2304 3292 3845 3367">
     <span class='ocr_line' id='line_1_90' title="bbox 2304 3292 3845 3367; baseline -0.003 -16"><span class='ocrx_word' id='word_1_544' title='bbox 2304 3295 2448 3351; x_wconf 90' lang='lat' dir='ltr'><strong>stina</strong></span> <span class='ocrx_word' id='word_1_545' title='bbox 2479 3292 2658 3361; x_wconf 81' lang='lat' dir='ltr'><strong>erant,</strong></span> <span class='ocrx_word' id='word_1_546' title='bbox 2685 3294 2871 3350; x_wconf 87' lang='lat' dir='ltr'><strong>divina</strong></span> <span class='ocrx_word' id='word_1_547' title='bbox 2903 3296 3033 3351; x_wconf 91' lang='lat' dir='ltr'><strong>moti</strong></span> <span class='ocrx_word' id='word_1_548' title='bbox 3071 3297 3427 3354; x_wconf 64' lang='lat' dir='ltr'><strong>aemulatione</strong></span> <span class='ocrx_word' id='word_1_549' title='bbox 3460 3312 3650 3354; x_wconf 87' lang='lat' dir='ltr'><strong>venere</strong></span> <span class='ocrx_word' id='word_1_550' title='bbox 3678 3294 3845 3367; x_wconf 69' lang='lat' dir='ltr'><strong>llytan-</strong></span> 
     </span>
    </p>
   </div>
   <div class='ocr_carea' id='block_1_91' title="bbox 2307 3387 3843 3460">
    <p class='ocr_par' dir='ltr' id='par_1_91' title="bbox 2307 3387 3843 3460">
     <span class='ocr_line' id='line_1_91' title="bbox 2307 3387 3843 3460; baseline -0.002 -18"><span class='ocrx_word' id='word_1_551' title='bbox 2307 3388 2438 3442; x_wconf 89' lang='lat' dir='ltr'><strong>tium</strong></span> <span class='ocrx_word' id='word_1_552' title='bbox 2468 3395 2662 3443; x_wconf 90' lang='lat' dir='ltr'><strong>contra</strong></span> <span class='ocrx_word' id='word_1_553' title='bbox 2716 3387 2983 3443; x_wconf 87' lang='lat' dir='ltr'><strong>Severum</strong></span> <span class='ocrx_word' id='word_1_554' title='bbox 3028 3397 3083 3444; x_wconf 92' lang='lat' dir='ltr'><strong>et</strong></span> <span class='ocrx_word' id='word_1_555' title='bbox 3145 3389 3456 3446; x_wconf 87' lang='lat' dir='ltr'><strong>monachos</strong></span> <span class='ocrx_word' id='word_1_556' title='bbox 3508 3389 3599 3460; x_wconf 90' lang='lat' dir='ltr'><strong>qui</strong></span> <span class='ocrx_word' id='word_1_557' title='bbox 3645 3403 3753 3443; x_wconf 88' lang='lat' dir='ltr'><strong>cum</strong></span> <span class='ocrx_word' id='word_1_558' title='bbox 3793 3398 3843 3440; x_wconf 80' lang='lat' dir='ltr'><strong>eo</strong></span> 
     </span>
    </p>
   </div>
   <div class='ocr_carea' id='block_1_92' title="bbox 2302 3476 3846 3537">
    <p class='ocr_par' dir='ltr' id='par_1_92' title="bbox 2302 3476 3846 3537">
     <span class='ocr_line' id='line_1_92' title="bbox 2302 3476 3846 3537; baseline -0.005 -2"><span class='ocrx_word' id='word_1_559' title='bbox 2302 3488 2481 3535; x_wconf 89' lang='lat' dir='ltr'><strong>erant.</strong></span> <span class='ocrx_word' id='word_1_560' title='bbox 2533 3479 2844 3535; x_wconf 88' lang='lat' dir='ltr'><strong>Dorotheus</strong></span> <span class='ocrx_word' id='word_1_561' title='bbox 2889 3487 3072 3535; x_wconf 89' lang='lat' dir='ltr'><strong>autem</strong></span> <span class='ocrx_word' id='word_1_562' title='bbox 3120 3480 3437 3537; x_wconf 87' lang='lat' dir='ltr'><strong>monachus</strong></span> <span class='ocrx_word' id='word_1_563' title='bbox 3493 3476 3846 3536; x_wconf 83' lang='lat' dir='ltr'><strong>Alexandrinus</strong></span> 
     </span>
    </p>
   </div>
   <div class='ocr_carea' id='block_1_93' title="bbox 2305 3566 3844 3647">
    <p class='ocr_par' dir='ltr' id='par_1_93' title="bbox 2305 3566 3844 3647">
     <span class='ocr_line' id='line_1_93' title="bbox 2305 3566 3844 3647; baseline -0.004 -22"><span class='ocrx_word' id='word_1_564' title='bbox 2305 3570 2605 3625; x_wconf 88' lang='lat' dir='ltr'><strong>multorum</strong></span> <span class='ocrx_word' id='word_1_565' title='bbox 2672 3587 2935 3627; x_wconf 85' lang='lat' dir='ltr'><strong>versuum</strong></span> <span class='ocrx_word' id='word_1_566' title='bbox 2984 3572 3189 3626; x_wconf 88' lang='lat' dir='ltr'><strong>librum</strong></span> <span class='ocrx_word' id='word_1_567' title='bbox 3224 3573 3402 3627; x_wconf 89' lang='lat' dir='ltr'><strong>edidit</strong></span> <span class='ocrx_word' id='word_1_568' title='bbox 3449 3587 3549 3647; x_wconf 72' lang='lat' dir='ltr'><strong>pro</strong></span> <span class='ocrx_word' id='word_1_569' title='bbox 3591 3566 3844 3626; x_wconf 88' lang='lat' dir='ltr'><strong>Chalcedo-</strong></span> 
     </span>
    </p>
   </div>
   <div class='ocr_carea' id='block_1_94' title="bbox 2306 3657 3845 3736">
    <p class='ocr_par' dir='ltr' id='par_1_94' title="bbox 2306 3657 3845 3736">
     <span class='ocr_line' id='line_1_94' title="bbox 2306 3657 3845 3736; baseline -0.005 -19"><span class='ocrx_word' id='word_1_570' title='bbox 2306 3663 2461 3718; x_wconf 81' lang='lat' dir='ltr'><strong>nensi</strong></span> <span class='ocrx_word' id='word_1_571' title='bbox 2517 3663 2778 3730; x_wconf 90' lang='lat' dir='ltr'><strong>concilio,</strong></span> <span class='ocrx_word' id='word_1_572' title='bbox 2837 3679 3001 3733; x_wconf 91' lang='lat' dir='ltr'><strong>quem</strong></span> <span class='ocrx_word' id='word_1_573' title='bbox 3042 3662 3193 3719; x_wconf 90' lang='lat' dir='ltr'><strong>dedit</strong></span> <span class='ocrx_word' id='word_1_574' title='bbox 3221 3663 3437 3736; x_wconf 76' lang='lat' dir='ltr'><strong>Magnae</strong></span> <span class='ocrx_word' id='word_1_575' title='bbox 3491 3663 3645 3719; x_wconf 78' lang='lat' dir='ltr'><strong>uxori</strong></span> <span class='ocrx_word' id='word_1_576' title='bbox 3700 3657 3845 3715; x_wconf 86' lang='lat' dir='ltr'><strong>fratris</strong></span> 
     </span>
    </p>
   </div>
   <div class='ocr_carea' id='block_1_95' title="bbox 2305 3750 3841 3827">
    <p class='ocr_par' dir='ltr' id='par_1_95' title="bbox 2305 3750 3841 3827">
     <span class='ocr_line' id='line_1_95' title="bbox 2305 3750 3841 3827; baseline -0.008 -16"><span class='ocrx_word' id='word_1_577' title='bbox 2305 3755 2608 3822; x_wconf 88' lang='lat' dir='ltr'><strong>Anastasii,</strong></span> <span class='ocrx_word' id='word_1_578' title='bbox 2639 3770 2765 3811; x_wconf 91' lang='lat' dir='ltr'><strong>cum</strong></span> <span class='ocrx_word' id='word_1_579' title='bbox 2793 3762 2944 3811; x_wconf 86' lang='lat' dir='ltr'><strong>esset</strong></span> <span class='ocrx_word' id='word_1_580' title='bbox 2976 3753 3348 3810; x_wconf 77' lang='lat' dir='ltr'><strong>orthodoxus.</strong></span> <span class='ocrx_word' id='word_1_581' title='bbox 3396 3754 3518 3827; x_wconf 89' lang='lat' dir='ltr'><strong>Ipsa</strong></span> <span class='ocrx_word' id='word_1_582' title='bbox 3554 3767 3679 3810; x_wconf 88' lang='lat' dir='ltr'><strong>vero</strong></span> <span class='ocrx_word' id='word_1_583' title='bbox 3730 3750 3841 3803; x_wconf 84' lang='lat' dir='ltr'><strong>Aua-</strong></span> 
     </span>
    </p>
   </div>
   <div class='ocr_carea' id='block_1_96' title="bbox 2307 3841 3845 3918">
    <p class='ocr_par' dir='ltr' id='par_1_96' title="bbox 2307 3841 3845 3918">
     <span class='ocr_line' id='line_1_96' title="bbox 2307 3841 3845 3918; baseline -0.008 -13"><span class='ocrx_word' id='word_1_584' title='bbox 2307 3847 2480 3905; x_wconf 88' lang='lat' dir='ltr'><strong>stasio</strong></span> <span class='ocrx_word' id='word_1_585' title='bbox 2502 3847 2700 3902; x_wconf 91' lang='lat' dir='ltr'><strong>librum</strong></span> <span class='ocrx_word' id='word_1_586' title='bbox 2744 3846 2967 3912; x_wconf 85' lang='lat' dir='ltr'><strong>obtulit,</strong></span> <span class='ocrx_word' id='word_1_587' title='bbox 2988 3862 3218 3917; x_wconf 89' lang='lat' dir='ltr'><strong>sperans</strong></span> <span class='ocrx_word' id='word_1_588' title='bbox 3261 3862 3362 3918; x_wconf 90' lang='lat' dir='ltr'><strong>per</strong></span> <span class='ocrx_word' id='word_1_589' title='bbox 3417 3849 3562 3902; x_wconf 90' lang='lat' dir='ltr'><strong>hunc</strong></span> <span class='ocrx_word' id='word_1_590' title='bbox 3609 3860 3721 3901; x_wconf 90' lang='lat' dir='ltr'><strong>eum</strong></span> <span class='ocrx_word' id='word_1_591' title='bbox 3759 3841 3845 3895; x_wconf 79' lang='lat' dir='ltr'><strong>fore</strong></span> 
     </span>
    </p>
   </div>
   <div class='ocr_carea' id='block_1_97' title="bbox 2307 3938 3842 4009">
    <p class='ocr_par' dir='ltr' id='par_1_97' title="bbox 2307 3938 3842 4009">
     <span class='ocr_line' id='line_1_97' title="bbox 2307 3938 3842 4009; baseline -0.01 -14"><span class='ocrx_word' id='word_1_592' title='bbox 2307 3939 2671 4007; x_wconf 88' lang='lat' dir='ltr'><strong>mutandum;</strong></span> <span class='ocrx_word' id='word_1_593' title='bbox 2711 3952 2874 4009; x_wconf 88' lang='lat' dir='ltr'><strong>quem</strong></span> <span class='ocrx_word' id='word_1_594' title='bbox 2937 3951 3062 3993; x_wconf 93' lang='lat' dir='ltr'><strong>cum</strong></span> <span class='ocrx_word' id='word_1_595' title='bbox 3107 3938 3332 4008; x_wconf 89' lang='lat' dir='ltr'><strong>legisset</strong></span> <span class='ocrx_word' id='word_1_596' title='bbox 3363 3946 3418 3993; x_wconf 89' lang='lat' dir='ltr'><strong>et</strong></span> <span class='ocrx_word' id='word_1_597' title='bbox 3476 3945 3667 4009; x_wconf 80' lang='lat' dir='ltr'><strong>praeter</strong></span> <span class='ocrx_word' id='word_1_598' title='bbox 3700 3942 3842 3986; x_wconf 84' lang='lat' dir='ltr'><strong>votum</strong></span> 
     </span>
    </p>
   </div>
   <div class='ocr_carea' id='block_1_98' title="bbox 2308 4019 3839 4100">
    <p class='ocr_par' dir='ltr' id='par_1_98' title="bbox 2308 4019 3839 4100">
     <span class='ocr_line' id='line_1_98' title="bbox 2308 4019 3839 4100; baseline -0.008 -14"><span class='ocrx_word' id='word_1_599' title='bbox 2308 4045 2469 4086; x_wconf 90' lang='lat' dir='ltr'><strong>suum</strong></span> <span class='ocrx_word' id='word_1_600' title='bbox 2493 4045 2617 4086; x_wconf 90' lang='lat' dir='ltr'><strong>esse</strong></span> <span class='ocrx_word' id='word_1_601' title='bbox 2647 4030 2966 4100; x_wconf 88' lang='lat' dir='ltr'><strong>reperisset,</strong></span> <span class='ocrx_word' id='word_1_602' title='bbox 3008 4028 3343 4085; x_wconf 89' lang='lat' dir='ltr'><strong>Dorotheum</strong></span> <span class='ocrx_word' id='word_1_603' title='bbox 3375 4028 3518 4100; x_wconf 88' lang='lat' dir='ltr'><strong>apud</strong></span> <span class='ocrx_word' id='word_1_604' title='bbox 3545 4026 3703 4084; x_wconf 88' lang='lat' dir='ltr'><strong>Oasin</strong></span> <span class='ocrx_word' id='word_1_605' title='bbox 3733 4019 3839 4079; x_wconf 72' lang='lat' dir='ltr'><strong>exsi-</strong></span> 
     </span>
    </p>
   </div>
   <div class='ocr_carea' id='block_1_99' title="bbox 2306 4110 3837 4194">
    <p class='ocr_par' dir='ltr' id='par_1_99' title="bbox 2306 4110 3837 4194">
     <span class='ocr_line' id='line_1_99' title="bbox 2306 4110 3837 4194; baseline -0.006 -15"><span class='ocrx_word' id='word_1_606' title='bbox 2306 4124 2381 4181; x_wconf 91' lang='lat' dir='ltr'><strong>lio</strong></span> <span class='ocrx_word' id='word_1_607' title='bbox 2411 4124 2654 4180; x_wconf 89' lang='lat' dir='ltr'><strong>destinat</strong></span> <span class='ocrx_word' id='word_1_608' title='bbox 2691 4131 2746 4180; x_wconf 93' lang='lat' dir='ltr'><strong>et</strong></span> <span class='ocrx_word' id='word_1_609' title='bbox 2774 4123 2982 4179; x_wconf 92' lang='lat' dir='ltr'><strong>librum</strong></span> <span class='ocrx_word' id='word_1_610' title='bbox 3011 4138 3113 4194; x_wconf 87' lang='lat' dir='ltr'><strong>pro</strong></span> <span class='ocrx_word' id='word_1_611' title='bbox 3167 4123 3340 4178; x_wconf 90' lang='lat' dir='ltr'><strong>nihilo</strong></span> <span class='ocrx_word' id='word_1_612' title='bbox 3391 4122 3564 4188; x_wconf 87' lang='lat' dir='ltr'><strong>ducit,</strong></span> <span class='ocrx_word' id='word_1_613' title='bbox 3614 4135 3674 4176; x_wconf 93' lang='lat' dir='ltr'><strong>eo</strong></span> <span class='ocrx_word' id='word_1_614' title='bbox 3734 4110 3837 4187; x_wconf 77' lang='lat' dir='ltr'><strong>quod</strong></span> 
     </span>
    </p>
   </div>
   <div class='ocr_carea' id='block_1_100' title="bbox 2307 4204 3844 4288">
    <p class='ocr_par' dir='ltr' id='par_1_100' title="bbox 2307 4204 3844 4288">
     <span class='ocr_line' id='line_1_100' title="bbox 2307 4204 3844 4288; baseline -0.009 -16"><span class='ocrx_word' id='word_1_615' title='bbox 2307 4217 2719 4288; x_wconf 78' lang='lat' dir='ltr'><strong>superscriptus</strong></span> <span class='ocrx_word' id='word_1_616' title='bbox 2766 4222 2915 4272; x_wconf 86' lang='lat' dir='ltr'><strong>esset</strong></span> <span class='ocrx_word' id='word_1_617' title='bbox 2957 4213 3273 4288; x_wconf 63' lang='lat' dir='ltr'><strong>Tragoedia,</strong></span> <span class='ocrx_word' id='word_1_618' title='bbox 3337 4214 3394 4269; x_wconf 91' lang='lat' dir='ltr'><strong>id</strong></span> <span class='ocrx_word' id='word_1_619' title='bbox 3432 4222 3558 4279; x_wconf 77' lang='lat' dir='ltr'><strong>est,</strong></span> <span class='ocrx_word' id='word_1_620' title='bbox 3610 4204 3844 4283; x_wconf 82' lang='lat' dir='ltr'><strong>prophetia</strong></span> 
     </span>
    </p>
   </div>
   <div class='ocr_carea' id='block_1_101' title="bbox 2308 4306 3846 4378">
    <p class='ocr_par' dir='ltr' id='par_1_101' title="bbox 2308 4306 3846 4378">
     <span class='ocr_line' id='line_1_101' title="bbox 2308 4306 3846 4378; baseline -0.008 -14"><span class='ocrx_word' id='word_1_621' title='bbox 2308 4308 2568 4365; x_wconf 88' lang='lat' dir='ltr'><strong>instantis</strong></span> <span class='ocrx_word' id='word_1_622' title='bbox 2598 4307 3038 4369; x_wconf 88' lang='lat' dir='ltr'><strong>constitutionis,</strong></span> <span class='ocrx_word' id='word_1_623' title='bbox 3096 4306 3568 4378; x_wconf 87' lang='lat' dir='ltr'><strong>quemadmodum</strong></span> <span class='ocrx_word' id='word_1_624' title='bbox 3619 4320 3647 4358; x_wconf 90' lang='lat' dir='ltr'><strong>a</strong></span> <span class='ocrx_word' id='word_1_625' title='bbox 3689 4310 3846 4368; x_wconf 79' lang='lat' dir='ltr'><strong>magno</strong></span> 
     </span>
    </p>
   </div>
   <div class='ocr_carea' id='block_1_102' title="bbox 2306 4388 3845 4457">
    <p class='ocr_par' dir='ltr' id='par_1_102' title="bbox 2306 4388 3845 4457">
     <span class='ocr_line' id='line_1_102' title="bbox 2306 4388 3845 4457; baseline -0.01 -2"><span class='ocrx_word' id='word_1_626' title='bbox 2306 4400 2509 4457; x_wconf 88' lang='lat' dir='ltr'><strong>Basilio</strong></span> <span class='ocrx_word' id='word_1_627' title='bbox 2531 4400 2687 4454; x_wconf 89' lang='lat' dir='ltr'><strong>aiunt</strong></span> <span class='ocrx_word' id='word_1_628' title='bbox 2724 4398 2897 4455; x_wconf 89' lang='lat' dir='ltr'><strong>fuisse</strong></span> <span class='ocrx_word' id='word_1_629' title='bbox 2928 4397 3138 4454; x_wconf 89' lang='lat' dir='ltr'><strong>dictum</strong></span> <span class='ocrx_word' id='word_1_630' title='bbox 3167 4405 3362 4453; x_wconf 86' lang='lat' dir='ltr'><strong>contra</strong></span> <span class='ocrx_word' id='word_1_631' title='bbox 3386 4394 3682 4451; x_wconf 86' lang='lat' dir='ltr'><strong>Julianum.</strong></span> <span class='ocrx_word' id='word_1_632' title='bbox 3708 4388 3845 4444; x_wconf 78' lang='lat' dir='ltr'><strong>Mace-</strong></span> 
     </span>
    </p>
   </div>
   <div class='ocr_carea' id='block_1_103' title="bbox 2308 4490 3848 4550">
    <p class='ocr_par' dir='ltr' id='par_1_103' title="bbox 2308 4490 3848 4550">
     <span class='ocr_line' id='line_1_103' title="bbox 2308 4490 3848 4550; baseline -0.012 -1"><span class='ocrx_word' id='word_1_633' title='bbox 2308 4493 2512 4550; x_wconf 89' lang='lat' dir='ltr'><strong>donius</strong></span> <span class='ocrx_word' id='word_1_634' title='bbox 2543 4501 2728 4549; x_wconf 90' lang='lat' dir='ltr'><strong>autem</strong></span> <span class='ocrx_word' id='word_1_635' title='bbox 2782 4490 3103 4547; x_wconf 87' lang='lat' dir='ltr'><strong>Flavianum</strong></span> <span class='ocrx_word' id='word_1_636' title='bbox 3158 4490 3574 4547; x_wconf 84' lang='lat' dir='ltr'><strong>Antiochenuin</strong></span> <span class='ocrx_word' id='word_1_637' title='bbox 3621 4493 3671 4543; x_wconf 89' lang='lat' dir='ltr'><strong>et</strong></span> <span class='ocrx_word' id='word_1_638' title='bbox 3698 4492 3848 4538; x_wconf 85' lang='lat' dir='ltr'><strong>omnes</strong></span> 
     </span>
    </p>
   </div>
   <div class='ocr_carea' id='block_1_104' title="bbox 2306 4571 3843 4656">
    <p class='ocr_par' dir='ltr' id='par_1_104' title="bbox 2306 4571 3843 4656">
     <span class='ocr_line' id='line_1_104' title="bbox 2306 4571 3843 4656; baseline -0.014 -15"><span class='ocrx_word' id='word_1_639' title='bbox 2306 4585 2399 4656; x_wconf 86' lang='lat' dir='ltr'><strong>qui</strong></span> <span class='ocrx_word' id='word_1_640' title='bbox 2460 4590 2858 4656; x_wconf 87' lang='lat' dir='ltr'><strong>praesumerent</strong></span> <span class='ocrx_word' id='word_1_641' title='bbox 2912 4582 3102 4639; x_wconf 89' lang='lat' dir='ltr'><strong>dicere</strong></span> <span class='ocrx_word' id='word_1_642' title='bbox 3126 4581 3261 4654; x_wconf 92' lang='lat' dir='ltr'><strong>quid</strong></span> <span class='ocrx_word' id='word_1_643' title='bbox 3323 4574 3594 4638; x_wconf 83' lang='lat' dir='ltr'><strong>adversus</strong></span> <span class='ocrx_word' id='word_1_644' title='bbox 3620 4571 3843 4650; x_wconf 83' lang='lat' dir='ltr'><strong>synodum</strong></span> 
     </span>
    </p>
   </div>
   <div class='ocr_carea' id='block_1_105' title="bbox 2308 4664 3845 4745">
    <p class='ocr_par' dir='ltr' id='par_1_105' title="bbox 2308 4664 3845 4745">
     <span class='ocr_line' id='line_1_105' title="bbox 2308 4664 3845 4745; baseline -0.01 -12"><span class='ocrx_word' id='word_1_645' title='bbox 2308 4677 2817 4744; x_wconf 85' lang='lat' dir='ltr'><strong>anathematizavit,</strong></span> <span class='ocrx_word' id='word_1_646' title='bbox 2858 4685 2913 4732; x_wconf 91' lang='lat' dir='ltr'><strong>et</strong></span> <span class='ocrx_word' id='word_1_647' title='bbox 2944 4674 3338 4745; x_wconf 89' lang='lat' dir='ltr'><strong>apocrisiarios</strong></span> <span class='ocrx_word' id='word_1_648' title='bbox 3391 4672 3638 4730; x_wconf 84' lang='lat' dir='ltr'><strong>Flaviani</strong></span> <span class='ocrx_word' id='word_1_649' title='bbox 3666 4664 3845 4724; x_wconf 88' lang='lat' dir='ltr'><strong>venien-</strong></span> 
     </span>
    </p>
   </div>
   <div class='ocr_carea' id='block_1_106' title="bbox 2307 4761 3845 4854">
    <p class='ocr_par' dir='ltr' id='par_1_106' title="bbox 2307 4761 3845 4854">
     <span class='ocr_line' id='line_1_106' title="bbox 2307 4761 3845 4854; baseline -0.011 -30"><span class='ocrx_word' id='word_1_650' title='bbox 2307 4778 2389 4826; x_wconf 90' lang='lat' dir='ltr'><strong>tes</strong></span> <span class='ocrx_word' id='word_1_651' title='bbox 2412 4770 2480 4824; x_wconf 92' lang='lat' dir='ltr'><strong>ad</strong></span> <span class='ocrx_word' id='word_1_652' title='bbox 2507 4785 2567 4826; x_wconf 91' lang='lat' dir='ltr'><strong>se</strong></span> <span class='ocrx_word' id='word_1_653' title='bbox 2600 4776 2824 4840; x_wconf 88' lang='lat' dir='ltr'><strong>propter</strong></span> <span class='ocrx_word' id='word_1_654' title='bbox 2852 4768 3122 4838; x_wconf 85' lang='lat' dir='ltr'><strong>quasdam</strong></span> <span class='ocrx_word' id='word_1_655' title='bbox 3157 4767 3520 4823; x_wconf 88' lang='lat' dir='ltr'><strong>necessitates</strong></span> <span class='ocrx_word' id='word_1_656' title='bbox 3567 4761 3845 4854; x_wconf 53' lang='lat' dir='ltr'><strong>anathema:</strong></span> 
     </span>
    </p>
   </div>
   <div class='ocr_carea' id='block_1_107' title="bbox 2308 4854 3847 4920">
    <p class='ocr_par' dir='ltr' id='par_1_107' title="bbox 2308 4854 3847 4920">
     <span class='ocr_line' id='line_1_107' title="bbox 2308 4854 3847 4920; baseline -0.005 -3"><span class='ocrx_word' id='word_1_657' title='bbox 2308 4863 2494 4919; x_wconf 87' lang='lat' dir='ltr'><strong>tizavit</strong></span> <span class='ocrx_word' id='word_1_658' title='bbox 2547 4872 2605 4919; x_wconf 89' lang='lat' dir='ltr'><strong>et</strong></span> <span class='ocrx_word' id='word_1_659' title='bbox 2663 4863 2945 4919; x_wconf 90' lang='lat' dir='ltr'><strong>insecutus</strong></span> <span class='ocrx_word' id='word_1_660' title='bbox 2981 4868 3086 4917; x_wconf 89' lang='lat' dir='ltr'><strong>est.</strong></span> <span class='ocrx_word' id='word_1_661' title='bbox 3146 4858 3422 4915; x_wconf 78' lang='lat' dir='ltr'><strong>Vicesimo</strong></span> <span class='ocrx_word' id='word_1_662' title='bbox 3485 4872 3620 4914; x_wconf 87' lang='lat' dir='ltr'><strong>sane</strong></span> <span class='ocrx_word' id='word_1_663' title='bbox 3677 4854 3847 4920; x_wconf 76' lang='lat' dir='ltr'><strong>imper&quot;</strong></span> 
     </span>
    </p>
   </div>
   <div class='ocr_carea' id='block_1_108' title="bbox 2306 4948 3846 5026">
    <p class='ocr_par' dir='ltr' id='par_1_108' title="bbox 2306 4948 3846 5026">
     <span class='ocr_line' id='line_1_108' title="bbox 2306 4948 3846 5026; baseline -0.012 -14"><span class='ocrx_word' id='word_1_664' title='bbox 2306 4956 2582 5014; x_wconf 89' lang='lat' dir='ltr'><strong>Anastasii</strong></span> <span class='ocrx_word' id='word_1_665' title='bbox 2607 4970 2751 5011; x_wconf 89' lang='lat' dir='ltr'><strong>anno</strong></span> <span class='ocrx_word' id='word_1_666' title='bbox 2782 4955 3024 5026; x_wconf 84' lang='lat' dir='ltr'><strong>synodus</strong></span> <span class='ocrx_word' id='word_1_667' title='bbox 3058 4953 3201 5025; x_wconf 86' lang='lat' dir='ltr'><strong>apud</strong></span> <span class='ocrx_word' id='word_1_668' title='bbox 3246 4952 3505 5007; x_wconf 85' lang='lat' dir='ltr'><strong>Sidonem</strong></span> <span class='ocrx_word' id='word_1_669' title='bbox 3534 4948 3846 5021; x_wconf 80' lang='lat' dir='ltr'><strong>praeparatur.</strong></span> 
     </span>
    </p>
   </div>
   <div class='ocr_carea' id='block_1_109' title="bbox 2307 5035 3848 5119">
    <p class='ocr_par' dir='ltr' id='par_1_109' title="bbox 2307 5035 3848 5119">
     <span class='ocr_line' id='line_1_109' title="bbox 2307 5035 3848 5119; baseline -0.012 -13"><span class='ocrx_word' id='word_1_670' title='bbox 2307 5049 2627 5106; x_wconf 89' lang='lat' dir='ltr'><strong>Soterichus</strong></span> <span class='ocrx_word' id='word_1_671' title='bbox 2658 5049 2806 5105; x_wconf 91' lang='lat' dir='ltr'><strong>enim</strong></span> <span class='ocrx_word' id='word_1_672' title='bbox 2852 5048 3145 5119; x_wconf 88' lang='lat' dir='ltr'><strong>episc0pns</strong></span> <span class='ocrx_word' id='word_1_673' title='bbox 3170 5045 3437 5103; x_wconf 64' lang='lat' dir='ltr'><strong>Caesareae</strong></span> <span class='ocrx_word' id='word_1_674' title='bbox 3484 5035 3848 5114; x_wconf 61' lang='lat' dir='ltr'><strong>Cappadociam</strong></span> 
     </span>
    </p>
   </div>
   <div class='ocr_carea' id='block_1_110' title="bbox 2308 5129 3849 5226">
    <p class='ocr_par' dir='ltr' id='par_1_110' title="bbox 2308 5129 3849 5226">
     <span class='ocr_line' id='line_1_110' title="bbox 2308 5129 3849 5226; baseline -0.009 -28"><span class='ocrx_word' id='word_1_675' title='bbox 2308 5142 2628 5199; x_wconf 80' lang='lat' dir='ltr'><strong>Macedonio</strong></span> <span class='ocrx_word' id='word_1_676' title='bbox 2683 5139 3097 5198; x_wconf 80' lang='lat' dir='ltr'><strong>consecrandus</strong></span> <span class='ocrx_word' id='word_1_677' title='bbox 3129 5154 3188 5196; x_wconf 90' lang='lat' dir='ltr'><strong>se</strong></span> <span class='ocrx_word' id='word_1_678' title='bbox 3246 5138 3303 5193; x_wconf 91' lang='lat' dir='ltr'><strong>in</strong></span> <span class='ocrx_word' id='word_1_679' title='bbox 3336 5135 3559 5207; x_wconf 90' lang='lat' dir='ltr'><strong>scriptis</strong></span> <span class='ocrx_word' id='word_1_680' title='bbox 3607 5129 3849 5226; x_wconf 58' lang='lat' dir='ltr'><strong>professt</strong></span> 
     </span>
    </p>
   </div>
   <div class='ocr_carea' id='block_1_111' title="bbox 2308 5218 3851 5307">
    <p class='ocr_par' dir='ltr' id='par_1_111' title="bbox 2308 5218 3851 5307">
     <span class='ocr_line' id='line_1_111' title="bbox 2308 5218 3851 5307; baseline -0.014 -15"><span class='ocrx_word' id='word_1_681' title='bbox 2308 5242 2393 5293; x_wconf 89' lang='lat' dir='ltr'><strong>est</strong></span> <span class='ocrx_word' id='word_1_682' title='bbox 2422 5233 2680 5307; x_wconf 83' lang='lat' dir='ltr'><strong>dogmata</strong></span> <span class='ocrx_word' id='word_1_683' title='bbox 2706 5232 3176 5289; x_wconf 87' lang='lat' dir='ltr'><strong>Chalcedonensis</strong></span> <span class='ocrx_word' id='word_1_684' title='bbox 3220 5229 3415 5304; x_wconf 88' lang='lat' dir='ltr'><strong>synodi</strong></span> <span class='ocrx_word' id='word_1_685' title='bbox 3463 5234 3653 5300; x_wconf 89' lang='lat' dir='ltr'><strong>utpote</strong></span> <span class='ocrx_word' id='word_1_686' title='bbox 3693 5218 3851 5278; x_wconf 87' lang='lat' dir='ltr'><strong>delini-</strong></span> 
     </span>
    </p>
   </div>
   <div class='ocr_carea' id='block_1_112' title="bbox 2307 5309 3853 5398">
    <p class='ocr_par' dir='ltr' id='par_1_112' title="bbox 2307 5309 3853 5398">
     <span class='ocr_line' id='line_1_112' title="bbox 2307 5309 3853 5398; baseline -0.012 -15"><span class='ocrx_word' id='word_1_687' title='bbox 2307 5329 2511 5385; x_wconf 91' lang='lat' dir='ltr'><strong>tionem</strong></span> <span class='ocrx_word' id='word_1_688' title='bbox 2545 5326 2666 5383; x_wconf 88' lang='lat' dir='ltr'><strong>fidei</strong></span> <span class='ocrx_word' id='word_1_689' title='bbox 2694 5336 3063 5398; x_wconf 90' lang='lat' dir='ltr'><strong>recepturum.</strong></span> <span class='ocrx_word' id='word_1_690' title='bbox 3089 5324 3222 5382; x_wconf 92' lang='lat' dir='ltr'><strong>Post</strong></span> <span class='ocrx_word' id='word_1_691' title='bbox 3256 5325 3371 5380; x_wconf 76' lang='lat' dir='ltr'><strong>haec</strong></span> <span class='ocrx_word' id='word_1_692' title='bbox 3398 5331 3583 5378; x_wconf 89' lang='lat' dir='ltr'><strong>tamen</strong></span> <span class='ocrx_word' id='word_1_693' title='bbox 3617 5317 3743 5373; x_wconf 88' lang='lat' dir='ltr'><strong>adeo</strong></span> <span class='ocrx_word' id='word_1_694' title='bbox 3787 5309 3853 5365; x_wconf 57' lang='lat' dir='ltr'><strong>fac</strong></span> 
     </span>
    </p>
   </div>
   <div class='ocr_carea' id='block_1_113' title="bbox 2309 5404 3855 5472">
    <p class='ocr_par' dir='ltr' id='par_1_113' title="bbox 2309 5404 3855 5472">
     <span class='ocr_line' id='line_1_113' title="bbox 2309 5404 3855 5472; baseline -0.01 0"><span class='ocrx_word' id='word_1_695' title='bbox 2309 5424 2433 5472; x_wconf 89' lang='lat' dir='ltr'><strong>ctus</strong></span> <span class='ocrx_word' id='word_1_696' title='bbox 2455 5423 2541 5471; x_wconf 91' lang='lat' dir='ltr'><strong>est</strong></span> <span class='ocrx_word' id='word_1_697' title='bbox 2572 5415 2749 5471; x_wconf 85' lang='lat' dir='ltr'><strong>hostis</strong></span> <span class='ocrx_word' id='word_1_698' title='bbox 2779 5422 2841 5469; x_wconf 88' lang='lat' dir='ltr'><strong>ut</strong></span> <span class='ocrx_word' id='word_1_699' title='bbox 2870 5414 3009 5468; x_wconf 91' lang='lat' dir='ltr'><strong>mori</strong></span> <span class='ocrx_word' id='word_1_700' title='bbox 3042 5415 3182 5469; x_wconf 90' lang='lat' dir='ltr'><strong>velle</strong></span> <span class='ocrx_word' id='word_1_701' title='bbox 3215 5419 3537 5468; x_wconf 88' lang='lat' dir='ltr'><strong>cerneretur</strong></span> <span class='ocrx_word' id='word_1_702' title='bbox 3575 5410 3628 5464; x_wconf 91' lang='lat' dir='ltr'><strong>in</strong></span> <span class='ocrx_word' id='word_1_703' title='bbox 3663 5404 3855 5459; x_wconf 75' lang='lat' dir='ltr'><strong>Oriente</strong></span> 
     </span>
    </p>
   </div>
   <div class='ocr_carea' id='block_1_114' title="bbox 2309 5488 3855 5594">
    <p class='ocr_par' dir='ltr' id='par_1_114' title="bbox 2309 5488 3855 5594">
     <span class='ocr_line' id='line_1_114' title="bbox 2309 5488 3855 5594; baseline -0.01 -28"><span class='ocrx_word' id='word_1_704' title='bbox 2309 5524 2433 5566; x_wconf 92' lang='lat' dir='ltr'><strong>cum</strong></span> <span class='ocrx_word' id='word_1_705' title='bbox 2487 5508 2694 5564; x_wconf 79' lang='lat' dir='ltr'><strong>Xenaia</strong></span> <span class='ocrx_word' id='word_1_706' title='bbox 2746 5507 2990 5574; x_wconf 89' lang='lat' dir='ltr'><strong>locutus,</strong></span> <span class='ocrx_word' id='word_1_707' title='bbox 3044 5513 3100 5562; x_wconf 91' lang='lat' dir='ltr'><strong>et</strong></span> <span class='ocrx_word' id='word_1_708' title='bbox 3144 5504 3305 5561; x_wconf 89' lang='lat' dir='ltr'><strong>ambo</strong></span> <span class='ocrx_word' id='word_1_709' title='bbox 3360 5518 3462 5576; x_wconf 91' lang='lat' dir='ltr'><strong>pro</strong></span> <span class='ocrx_word' id='word_1_710' title='bbox 3491 5500 3693 5594; x_wconf 83' lang='lat' dir='ltr'><strong>synodo</strong></span> <span class='ocrx_word' id='word_1_711' title='bbox 3735 5488 3855 5594; x_wconf 64' lang='lat' dir='ltr'><strong>apud</strong></span> 
     </span>
    </p>
   </div>
   <div class='ocr_carea' id='block_1_115' title="bbox 2311 5592 3856 5670">
    <p class='ocr_par' dir='ltr' id='par_1_115' title="bbox 2311 5592 3856 5670">
     <span class='ocr_line' id='line_1_115' title="bbox 2311 5592 3856 5670; baseline -0.012 -11"><span class='ocrx_word' id='word_1_712' title='bbox 2311 5603 2570 5660; x_wconf 87' lang='lat' dir='ltr'><strong>Sidonem</strong></span> <span class='ocrx_word' id='word_1_713' title='bbox 2599 5599 2881 5656; x_wconf 85' lang='lat' dir='ltr'><strong>ellicienda</strong></span> <span class='ocrx_word' id='word_1_714' title='bbox 2909 5599 3295 5670; x_wconf 90' lang='lat' dir='ltr'><strong>imperatorem</strong></span> <span class='ocrx_word' id='word_1_715' title='bbox 3328 5595 3612 5668; x_wconf 86' lang='lat' dir='ltr'><strong>petiissent</strong></span> <span class='ocrx_word' id='word_1_716' title='bbox 3635 5592 3685 5646; x_wconf 93' lang='lat' dir='ltr'><strong>in</strong></span> <span class='ocrx_word' id='word_1_717' title='bbox 3706 5592 3856 5644; x_wconf 82' lang='lat' dir='ltr'><strong>omni-</strong></span> 
     </span>
    </p>
   </div>
   <div class='ocr_carea' id='block_1_116' title="bbox 2312 5676 3853 5763">
    <p class='ocr_par' dir='ltr' id='par_1_116' title="bbox 2312 5676 3853 5763">
     <span class='ocr_line' id='line_1_116' title="bbox 2312 5676 3853 5763; baseline -0.014 -12"><span class='ocrx_word' id='word_1_718' title='bbox 2312 5693 2530 5751; x_wconf 90' lang='lat' dir='ltr'><strong>modam</strong></span> <span class='ocrx_word' id='word_1_719' title='bbox 2555 5691 2884 5763; x_wconf 75' lang='lat' dir='ltr'><strong>eiectionem</strong></span> <span class='ocrx_word' id='word_1_720' title='bbox 2918 5690 3098 5747; x_wconf 87' lang='lat' dir='ltr'><strong>sancti</strong></span> <span class='ocrx_word' id='word_1_721' title='bbox 3128 5686 3596 5745; x_wconf 87' lang='lat' dir='ltr'><strong>Chalcedonensis</strong></span> <span class='ocrx_word' id='word_1_722' title='bbox 3628 5676 3853 5739; x_wconf 88' lang='lat' dir='ltr'><strong>concilii;</strong></span> 
     </span>
    </p>
   </div>
   <div class='ocr_carea' id='block_1_117' title="bbox 2311 5768 3850 5871">
    <p class='ocr_par' dir='ltr' id='par_1_117' title="bbox 2311 5768 3850 5871">
     <span class='ocr_line' id='line_1_117' title="bbox 2311 5768 3850 5871; baseline -0.012 -27"><span class='ocrx_word' id='word_1_723' title='bbox 2311 5804 2432 5862; x_wconf 69' lang='lat' dir='ltr'><strong>qua:</strong></span> <span class='ocrx_word' id='word_1_724' title='bbox 2466 5795 2671 5845; x_wconf 79' lang='lat' dir='ltr'><strong>statuta</strong></span> <span class='ocrx_word' id='word_1_725' title='bbox 2699 5786 2970 5841; x_wconf 88' lang='lat' dir='ltr'><strong>maturius</strong></span> <span class='ocrx_word' id='word_1_726' title='bbox 2998 5784 3267 5841; x_wconf 83' lang='lat' dir='ltr'><strong>dissoluta</strong></span> <span class='ocrx_word' id='word_1_727' title='bbox 3313 5788 3418 5845; x_wconf 89' lang='lat' dir='ltr'><strong>est,</strong></span> <span class='ocrx_word' id='word_1_728' title='bbox 3457 5779 3770 5871; x_wconf 67' lang='lat' dir='ltr'><strong>imperatore</strong></span> <span class='ocrx_word' id='word_1_729' title='bbox 3797 5768 3850 5824; x_wconf 87' lang='lat' dir='ltr'><strong>ad</strong></span> 
     </span>
    </p>
   </div>
   <div class='ocr_carea' id='block_1_118' title="bbox 2311 5864 3851 5951">
    <p class='ocr_par' dir='ltr' id='par_1_118' title="bbox 2311 5864 3851 5951">
     <span class='ocr_line' id='line_1_118' title="bbox 2311 5864 3851 5951; baseline -0.015 -16"><span class='ocrx_word' id='word_1_730' title='bbox 2311 5882 2415 5938; x_wconf 90' lang='lat' dir='ltr'><strong>hoc</strong></span> <span class='ocrx_word' id='word_1_731' title='bbox 2475 5878 2796 5951; x_wconf 85' lang='lat' dir='ltr'><strong>Eutropium</strong></span> <span class='ocrx_word' id='word_1_732' title='bbox 2839 5876 3120 5934; x_wconf 84' lang='lat' dir='ltr'><strong>tribunum</strong></span> <span class='ocrx_word' id='word_1_733' title='bbox 3177 5875 3445 5940; x_wconf 85' lang='lat' dir='ltr'><strong>mittente,</strong></span> <span class='ocrx_word' id='word_1_734' title='bbox 3486 5864 3577 5939; x_wconf 79' lang='lat' dir='ltr'><strong>qui</strong></span> <span class='ocrx_word' id='word_1_735' title='bbox 3620 5876 3668 5924; x_wconf 90' lang='lat' dir='ltr'><strong>ct</strong></span> <span class='ocrx_word' id='word_1_736' title='bbox 3698 5864 3851 5921; x_wconf 83' lang='lat' dir='ltr'><strong>disso-</strong></span> 
     </span>
    </p>
   </div>
  </div>
