4088 6522
313 463 460 528 1245

1105 466 1473 528 HISTORIA
1499 460 2080 537 ECCLESIA'STICA
2116 478 2221 539 EX
2257 479 2740 544 THEOPHANE.

3458 485 3599 548 1246

308 584 429 639 luta
455 598 518 639 ea
566 582 678 654 egit
733 590 793 636 ut
853 580 1151 639 Flavianus
1203 583 1586 644 Antiochenus
1634 597 1688 644 et
1724 588 1907 647 Helias
1933 614 1982 672 Α
2010 584 2462 650 declamatorium
2488 610 2827 661 sermonem,
2851 595 2999 667 quod
3025 594 3329 667 susciperet
3353 607 3602 654 sanctam

310 673 866 745 Hierosolymitanus
903 689 1011 730 una
1040 690 1170 731 cum
1203 676 1479 748 episcopis
1518 681 1639 735 suis
1672 681 1908 752 impera-

309 768 444 834 tori,
472 782 597 837 quae
625 767 769 836 apud
804 765 1086 821 Sidoniam
1124 776 1278 839 gesta
1303 770 1546 838 fuerant,
1578 774 1907 830 scriberent.

308 859 614 917 Flavianus
647 875 780 916 vero
811 868 924 916 tres
958 863 1345 919 tantummodo
1376 868 1617 937 synodos
1651 874 1703 923 et
1734 866 1912 924 Zeno-

310 953 406 1009 nis
437 953 693 1009 exoticon
724 968 785 1008 se
833 954 1114 1024 suscipere
1148 954 1394 1026 scripsit,
1443 956 1911 1017 Chalcedonensis

310 1045 652 1102 mentionem
682 1058 795 1100 non
823 1043 1050 1100 faciens.
1083 1044 1266 1103 Helias
1323 1063 1544 1118 quoque
1591 1049 1912 1124 Hierosoly-

310 1139 558 1194 miranns
579 1136 743 1193 etiam
773 1135 1279 1194 Chalcedonensem
1309 1153 1370 1195 se
1400 1140 1624 1212 scripsit
1651 1143 1909 1213 abiicere.

314 1230 649 1288 Soterichus
684 1239 866 1286 autem
921 1231 1279 1287 Ctesariensis
1305 1242 1360 1288 et
1410 1231 1650 1291 Xenaias
1719 1243 1913 1292 contra

312 1323 637 1382 Flavianum
661 1333 715 1381 et
740 1324 951 1379 Heliam
973 1334 1370 1395 suggesserunt
1393 1326 1729 1397 imperatori,
1761 1328 1911 1399 quod

317 1432 421 1489 pro
434 1433 504 1475 eo
517 1417 664 1489 quod
686 1424 913 1474 nossent
928 1433 1187 1488 expresse
1201 1426 1390 1474 contra
1405 1419 1674 1489 synodum
1691 1419 1911 1477 Chalce-

314 1511 619 1569 domum
640 1509 970 1567 sententiam
994 1509 1623 1576 ferre,conveneruntad
1647 1510 1907 1568 invicem.

310 1603 650 1660 Anastasius
678 1609 863 1661 autem
894 1602 1070 1659 iratus
1112 1602 1362 1658 incitavit
1402 1604 1704 1660 monachos
1735 1620 1907 1676 quos-

311 1695 446 1751 dam
472 1693 643 1751 falsos
671 1694 966 1751 convenire
995 1692 1140 1766 apud
1168 1693 1514 1750 Antiochiam
1557 1703 1613 1751 et
1647 1697 1910 1754 adversus

310 1786 644 1843 Flavianum
685 1786 998 1856 insurgere,
1030 1794 1282 1858 petentes
1312 1803 1438 1844 eum
1461 1789 1910 1855 Chalcedonense

315 1878 793 1935 auathematizare
819 1880 1117 1935 concilium
1148 1890 1204 1937 et
1238 1881 1536 1938 Diodorum
1569 1889 1625 1938 et
1649 1881 1907 1940 Theodo-

2015 685 2522 744 Chalcedonensem
2584 689 2878 761 synodum,
2925 702 3132 760 eosque
3177 692 3272 759 qui
3318 689 3460 744 hanc
3489 705 3600 746 non

2014 780 2383 851 susciperent,
2420 780 2708 837 hereticos
2731 781 2992 848 haberet;
3036 790 3094 836 et
3122 782 3604 838 comministrave—

2014 881 2148 926 runt
2220 873 2293 928 ei.
2346 872 2656 943 Imperator
2696 881 2882 929 autem
2948 875 3268 930 muneribus
3327 875 3608 944 persuasit

2016 965 2409 1021 consentaneis
2449 966 2648 1037 ipsius,
2678 967 2898 1022 clericis
2942 966 3153 1022 scilicet
3195 972 3251 1023 et
3295 967 3600 1028 monachis,

2015 1056 2183 1113 alium
2217 1059 2537 1129 episcopum
2571 1059 2839 1130 eligendi;
2880 1058 3030 1129 quod
3085 1066 3140 1114 et
3192 1056 3500 1114 Areadnem
3549 1068 3604 1113 et

2013 1152 2245 1222 magnos
2278 1165 2345 1205 ex
2394 1150 2752 1206 senatoribus
2799 1150 3208 1206 contristabat:
3268 1149 3605 1220 diligebatur

2012 1243 2161 1299 enim
2192 1241 2545 1300 Macedonius
2582 1250 2809 1313 praptcr
2866 1244 2989 1297 vita:
3020 1242 3345 1297 munditiam
3401 1248 3458 1296 et
3506 1241 3607 1296 do-

2013 1342 2257 1402 gmatum
2288 1329 2693 1396 rectitudinem,
2718 1330 2845 1384 licet
2872 1329 3134 1400 deceptus
3167 1330 3359 1385 fuerit.
3389 1330 3606 1385 Instru-

2023 1422 2106 1478 xit
2128 1434 2309 1479 autem
2342 1411 2644 1493 imperator
2674 1423 2812 1478 duos
2839 1423 3109 1492 quosdam
3170 1439 3403 1493 nequam
3435 1439 3604 1480 accu-

2014 1526 2140 1569 sare
2215 1512 2595 1570 Macedoniam
2666 1514 2827 1582 quasi
2921 1527 3218 1583 puerorum
3301 1521 3604 1570 amatorem

2016 1604 2220 1673 pariter
2259 1612 2314 1660 et
2349 1603 2671 1660 baereticum
2704 1645 2722 1671 ,
2751 1612 2806 1660 et
2838 1604 2956 1659 lucc
2983 1605 3266 1676 porrigere
3298 1606 3355 1660 in
3380 1607 3602 1677 scriptis

2011 1695 2271 1768 prafecto
2301 1706 2360 1755 et
2398 1697 2684 1767 magistro.
2721 1694 2989 1752 Similiter
3032 1706 3214 1752 autem
3246 1706 3440 1753 contra
3478 1713 3607 1769 pre-

2015 1790 2272 1861 sbyteros
2294 1788 2630 1844 etdiaconos
2649 1787 3008 1844 orthodoxos.
3034 1787 3210 1845 iussit
3235 1798 3418 1845 autem
3444 1790 3601 1846 Cele-

2020 1898 2136 1940 rem
2189 1882 2514 1953 magistrum
2573 1881 2848 1949 deponere
2899 1880 3166 1938 violenter
3208 1897 3335 1937 eum
3375 1883 3446 1937 ab
3488 1882 3609 1953 epi-

317 1986 443 2027 rum
463 1977 520 2027 et
551 1970 699 2027 Ibam
720 1977 774 2026 et
799 1969 1237 2040 Theodoretum;
1269 1974 1417 2045 quod
1439 1981 1494 2031 et
1520 1972 1650 2031 fecit
1687 1977 1920 2047 pusilla-
1950 1971 1998 2032 B
2027 1979 2240 2050 scapio,
2268 1980 2542 2035 clamante
2559 1976 2879 2033 Macedonio
2899 1992 2959 2034 se
2990 1984 3243 2048 prompte
3278 1976 3612 2047 respondere

313 2065 504 2119 nimus
532 2062 715 2120 factus
751 2062 1074 2130 Flavianus,
1114 2074 1170 2121 et
1232 2072 1426 2121 contra
1481 2065 1787 2124 Ecclesiam
1818 2084 1919 2126 eos

318 2157 819 2213 anathematizavit
878 2172 990 2212 una
1037 2173 1164 2213 cum
1225 2159 1457 2230 synodo.
1512 2158 1718 2217 Eodem
1770 2177 1917 2218 anno

311 2259 517 2307 contra
543 2249 918 2306 Macedoniam
951 2250 1259 2321 imperator
1291 2253 1520 2321 agebat;
1564 2263 1620 2309 et
1648 2254 1918 2313 schisma-

310 2345 413 2401 tici
444 2358 570 2400 cum
590 2344 889 2401 conductis
911 2346 1124 2413 turbis,
1181 2345 1236 2401 in
1270 2346 1616 2417 Archangelo
1647 2348 1829 2417 palatii
1863 2359 1916 2406 et

313 2436 373 2491 in
405 2435 597 2507 Magna
639 2437 878 2492 ecclesia
904 2438 1209 2508 psallentes
1236 2438 1292 2492 in
1330 2438 1615 2494 Dominica
1636 2440 1724 2495 die
1755 2440 1917 2497 trisa-

309 2529 446 2599 gion
482 2569 498 2592 ,
538 2528 815 2585 addebant
867 2531 921 2584 in
971 2545 1073 2586 eo:
1137 2531 1243 2597 Qui
1272 2530 1570 2602 cruciﬁxus
1621 2549 1677 2587 es
1705 2540 1918 2600 propter

316 2639 447 2687 nos,
474 2622 553 2677 ita
583 2631 642 2676 ut
664 2621 959 2677 orthodoxi
993 2639 1059 2678 ex
1090 2623 1424 2679 necessitate
1448 2639 1574 2679 cum
1613 2623 1791 2694 plagis
1816 2639 1913 2679 eos

314 2713 766 2784 insequerentur.
849 2714 1155 2785 imperator
1228 2729 1360 2769 vero
1444 2715 1734 2770 manifeste
1815 2730 1913 2785 per

311 2806 703 2862 schismaticos
759 2807 1065 2862 monachos
1118 2817 1174 2861 et
1224 2807 1459 2863 clericos
1522 2815 1577 2861 et
1636 2805 1915 2862 Julianum

318 2898 502 2954 Caria:
532 2906 686 2965 tunc,
725 2899 924 2954 deinde
975 2913 1105 2953 vero
1149 2897 1522 2953 Halicarnassi
1572 2899 1915 2969 episcopum,

316 2998 381 3045 et
436 2989 699 3045 Severum
740 2991 1087 3061 episcopum,
1134 2989 1314 3045 adhuc
1342 2991 1695 3056 monachum,
1738 2993 1918 3062 impu-

312 3082 524 3151 gnabat
572 3079 951 3136 Macedonium
980 3122 996 3147 ,
1060 3081 1315 3151 turpibus
1351 3096 1477 3137 eum
1526 3082 1746 3152 publice
1781 3081 1916 3138 sub-

308 3172 548 3229 mittens
581 3172 825 3243 iniuriis.
869 3171 1254 3229 Multitudines
1285 3179 1470 3229 autem
1514 3188 1639 3228 cum
1675 3174 1919 3229 mulieri-

309 3265 425 3321 bus
458 3275 515 3321 et
538 3265 730 3321 liberis
773 3265 1175 3336 abbatibusque
1229 3264 1667 3321 orthodoxorum
1719 3281 1911 3321 mona-

311 3356 551 3412 chorum
581 3365 929 3428 congregatae
949 3356 1267 3412 clamabant
1296 3374 1311 3411 :
1351 3357 1578 3427 Tempus
1630 3357 1907 3424 martyrii,

316 3448 670 3507 Christiani:
733 3465 798 3504 ne
865 3449 1299 3520 derelinquamus
1369 3447 1592 3503 Patrem
1640 3458 1908 3514 nostrum,

322 3542 550 3613 iniuriis
604 3541 880 3597 lacessere
914 3541 1307 3609 imperatorem
1343 3547 1658 3609 satagentcs
1695 3550 1756 3594 ut
1793 3540 1912 3594 Ma-

320 3635 599 3690 nicheum
632 3643 687 3690 et
716 3634 1003 3704 indignum
1036 3632 1308 3704 imperio;
1333 3633 1700 3702 qui;metuens
1717 3632 1915 3688 clausit

315 3730 465 3785 ostia
493 3728 704 3799 palatii,
764 3736 1021 3784 etuaves
1068 3727 1401 3798 praeparavit
1429 3725 1496 3780 ad
1554 3724 1900 3796 fugiendum.

316 3820 699 3876 Macedoniam
729 3828 933 3885 autem,
979 3820 1048 3875 de
1086 3835 1196 3889 quo
1222 3817 1506 3890 iuraverat
1527 3833 1637 3874 non
1685 3833 1746 3874 se
1774 3817 1914 3872 ultra

316 3913 602 3979 visurum,
640 3895 776 3967 tunc
812 3911 1046 3983 rogabat
1087 3909 1295 3977 videre,
1349 3909 1739 3965 multitudines
1800 3922 1916 3964 me-

317 4014 505 4059 tuens.
524 4001 639 4059 Hoc
661 4002 875 4059 interea
908 4001 1160 4058 veniente
1181 3999 1249 4055 ad
1274 4016 1424 4067 eum,
1458 4000 1695 4071 populus
1745 3999 1916 4071 begu-

318 4096 505 4153 tnenis
548 4105 606 4152 et
639 4094 924 4151 monachis
981 4094 1394 4165 protestabatur
1419 4093 1649 4151 dicens:
1702 4092 1917 4149 Patrem

316 4198 564 4244 nostrum
626 4187 880 4242 habemus
934 4203 969 4241 a
1033 4186 1199 4242 vobis.
1242 4186 1458 4242 Schola:
1516 4200 1648 4242 vero
1699 4186 1915 4241 laudem

317 4279 582 4336 dicebant
636 4279 710 4346 ei,
753 4293 880 4334 cum
910 4277 1195 4333 transiret.
1246 4277 1542 4348 ingressus
1597 4286 1783 4332 autem
1847 4277 1915 4333 ad

314 4373 676 4430 Anastasium
714 4371 897 4443 arguit
937 4385 1061 4427 eum
1106 4379 1166 4425 ut
1221 4369 1433 4425 hostem
1488 4369 1775 4436 Ecclesiae;
1823 4368 1918 4440 qui

317 4464 621 4520 simulatus
647 4471 734 4519 est
765 4463 815 4518 ei
845 4462 916 4517 ad
975 4462 1169 4516 horam
1198 4460 1364 4515 uniri.
1389 4458 1596 4515 Verum
1650 4459 1906 4530 sequenti

318 4570 474 4611 anno
521 4555 739 4626 decepit
764 4556 1065 4625 imperator
1113 4551 1496 4607 Macedonium
1554 4568 1650 4622 per
1669 4551 1915 4608 Celerem

2023 2088 2136 2129 non
2164 2074 2342 2129 solum
2373 2073 2427 2129 in
2460 2073 2738 2143 praetorio,
2767 2074 2866 2131 sed
2897 2072 3063 2129 etiam
3088 2076 3143 2129 in
3189 2073 3430 2129 theatro.
3455 2072 3606 2129 Multi

2019 2182 2149 2224 vero
2172 2166 2499 2222 clericorum
2532 2167 2587 2221 in
2612 2180 2864 2222 carceres
2894 2166 3048 2222 missi
3076 2173 3207 2222 sunt
3241 2184 3257 2221 :
3290 2167 3382 2236 qui
3409 2173 3592 2221 autem

2020 2257 2208 2327 fugere
2254 2265 2571 2330 potuerunt,
2601 2259 2742 2329 apud
2767 2259 2995 2313 Romam
3029 2266 3084 2314 et
3117 2257 3433 2316 Phoenicem
3480 2266 3612 2313 sunt

2028 2351 2288 2422 dispersi.

2092 2443 2269 2500 Porro
2320 2443 2526 2514 impius
2576 2444 2876 2513 imperator
2928 2441 3300 2498 authenticam
3359 2443 3613 2497 chartam

2019 2534 2488 2591 Chalcedonensis
2537 2535 2756 2590 concilii
2798 2543 3082 2604 gestorum
3137 2547 3235 2604 per
3277 2532 3604 2601 magistrum

2019 2627 2270 2697 accipere
2311 2643 2340 2681 a
2371 2626 2691 2682 Macedonio
2717 2633 2774 2681 et
2809 2627 3122 2696 dirumpere
3148 2626 3456 2696 satagebat.
3489 2623 3606 2678 Ma-

2017 2720 2282 2776 cedonius
2325 2734 2456 2775 vero
2500 2720 2727 2789 signans
2790 2734 2914 2773 eam
2955 2732 3125 2788 super
3169 2718 3345 2772 altare
3390 2714 3610 2786 posuit:

2017 2827 2182 2884 quam
2217 2811 2554 2882 Calopodius
2607 2809 2897 2867 eunuchus
2955 2818 3010 2865 et
3042 2821 3366 2865 oeconomus
3406 2805 3616 2876 Magnae

2018 2903 2269 2959 ecclesiae
2329 2903 2480 2957 furto
2527 2902 2766 2958 ablatam
2819 2900 3135 2971 imperatori
3184 2899 3402 2954 detulit.
3455 2898 3614 2953 Tunc

2018 2992 2399 3049 Macedonium
2457 3000 2621 3048 nocte
2680 2991 2924 3046 cducens
2981 2989 3279 3059 imperator
3334 2988 3615 3044 violenter

2017 3084 2426 3141 Chalcedonent
2459 3085 2635 3151 misit,
2656 3093 2713 3140 et
2739 3083 2866 3138 inde
2892 3083 3037 3154 apud
3066 3081 3389 3136 Euchaitem
3410 3081 3616 3138 exsilio

2027 3177 2265 3248 relegari
2298 3176 2587 3247 praecepit.
2609 3176 2746 3230 nihil
2767 3190 2957 3231 eorum
2983 3188 3106 3244 qua:
3133 3171 3201 3228 de
3229 3170 3620 3242 se'objicicbat

2022 3284 2271 3341 quaerere
2301 3283 2496 3333 ausus,
2529 3278 2783 3324 metuens
2808 3264 3215 3321 multitudines.
3238 3261 3467 3319 Postera
3487 3277 3619 3318 vero

2017 3362 2107 3418 die
2170 3361 2426 3432 provehit
2491 3359 2811 3429 episcopum
2872 3356 3228 3412 Timotheum
3282 3355 3615 3426 quemdam,

2021 3455 2404 3525 presbyterum
2446 3461 2503 3507 et
2546 3466 2805 3507 vasorum
2857 3447 3142 3504 custodem
3198 3447 3469 3510 ecclesiae,
3516 3460 3619 3500 co-

2017 3551 2320 3616 gnomento
2349 3542 2706 3614 Lytrobulcm
2736 3551 2791 3597 et
2811 3539 3068 3596 Gelonem
3098 3546 3327 3609 propter
3346 3536 3617 3608 quosdam

2019 3646 2178 3694 actus
2203 3636 2596 3692 convenientes
2614 3633 2970 3697 nominibus;
3000 3631 3093 3702 qui
3125 3631 3409 3703 ingressus
3435 3629 3616 3685 cccle-

2018 3731 2150 3796 sias,
2182 3728 2419 3798 primum
2452 3727 2721 3798 imagines
2763 3723 3070 3780 Macedonii
3101 3721 3436 3794 deponebat,
3468 3729 3522 3776 et
3546 3721 3621 3776 ita

2019 3819 2259 3876 faciebat
2294 3818 2496 3874 missas
2529 3816 2668 3888 (20).
2705 3815 2975 3871 Joannem
3015 3828 3146 3869 vero
3183 3810 3620 3867 Alexandrinum

2025 3913 2085 3967 in
2137 3908 2417 3982 diptychis
2474 3906 2784 3973 ordinavit,
2833 3905 2995 3977 eique
3051 3904 3316 3976 synodica
3375 3900 3619 3971 scripsit.

2022 3996 2329 4075 Imperator
2357 4009 2540 4057 autem
2570 3998 2915 4071 perpendens
2947 3997 3095 4068 quod
3125 3997 3245 4052 sine
3272 3994 3623 4065 depositione

2022 4096 2399 4153 Macedonium
2435 4102 2492 4150 et
2535 4094 2659 4149 sine
2703 4091 2917 4163 iudicio
2967 4092 3023 4144 in
3061 4089 3318 4144 exsilium
3374 4086 3625 4155 miserit,

2022 4190 2195 4247 misso
2228 4188 2496 4257 magistro
2537 4185 2741 4241 sistere
2788 4183 2921 4238 fecit
2946 4196 3071 4238 eum
3108 4182 3251 4235 ultra
3283 4177 3623 4247 Claudiopo-

2022 4284 2117 4340 litn
2161 4282 2523 4348 Honoriadis;
2563 4279 2755 4350 sicque
2798 4278 2949 4332 illum
2984 4274 3265 4331 absentem
3302 4271 3615 4342 deponunt,

2021 4390 2146 4432 cum
2174 4375 2317 4431 idem
2332 4372 2443 4444 ipsi
2470 4369 2677 4426 fuerint
2701 4377 3074 4429 accusatores,
3097 4362 3267 4421 testes
3287 4369 3343 4419 et
3368 4361 3609 4432 iudices,

2020 4467 2325 4539 praesertim
2355 4479 2483 4520 cum
2510 4462 2623 4533 iam
2653 4469 2803 4518 esset
2826 4468 2956 4514 ante
2987 4457 3257 4528 judicium
3290 4455 3521 4526 pulsus,
3552 4459 3610 4509 et

2023 4574 2122 4631 per
2145 4557 2437 4628 episcopos
2458 4553 2684 4609 mittunt
2708 4550 3134 4622 depositionem,
3155 4556 3211 4604 et
3237 4548 3620 4621 presbyterum

321 4646 686 4718 magistrum,
739 4644 1223 4702 commonitorium
1255 4643 1370 4714 (l9)
1406 4643 1614 4700 faciens
1669 4644 1735 4698 ad
1765 4659 1913 4710 eum,

2019 4652 2375 4724 Cyzicenum.
2425 4647 2537 4703 llos
2566 4660 2694 4702 eum
2722 4644 2955 4700 vidisset
3000 4641 3354 4697 Macedonius
3377 4679 3394 4704 ,
3439 4639 3621 4709 prius-

322 4738 388 4794 in
420 4754 532 4811 quo
558 4755 619 4795 se
640 4740 875 4812 primatu
927 4739 1152 4810 quidem
1173 4746 1228 4794 et
1281 4739 1581 4795 secundam
1612 4738 1913 4794 conﬁteba-

321 4840 422 4886 tur
442 4831 726 4900 suscipere
747 4829 1041 4903 synodum,
1072 4830 1400 4901 Epltesinam
1448 4844 1584 4885 vero
1612 4839 1666 4885 et
1687 4829 1916 4886 Chalce-

319 4922 629 4979 donensem
669 4923 920 4989 dimisit,
953 4922 1099 4993 quod
1134 4922 1328 4993 ingens
1358 4920 1677 4978 Macedonio
1708 4921 1915 4991 vitupe—

325 5012 472 5069 rium
528 5013 737 5069 attulit.
792 5012 897 5068 Per
930 5013 1035 5068 hoc
1065 5012 1215 5068 enim
1260 5020 1317 5068 et
1366 5012 1623 5068 enotieon
1675 5010 1915 5069 Zenonis

325 5106 557 5176 recepit,
640 5106 729 5162 cui
769 5106 937 5161 etiam
1006 5105 1425 5163 consecrandus
1482 5105 1913 5176 subscripserat.

324 5196 599 5253 Praeterea
629 5194 984 5252 Macedonius
1013 5197 1206 5251 abiens
1251 5195 1307 5250 in
1330 5196 1605 5251 Adaltnati
1640 5205 1919 5254 monaste-

326 5288 476 5344 rium
503 5289 560 5343 in
592 5305 658 5345 eo
712 5287 932 5344 clericis
976 5298 1032 5344 et
1084 5289 1368 5344 monachis
1406 5287 1762 5355 zelatoribus,
1823 5287 1917 5358 qui

325 5379 405 5437 ob
442 5380 496 5437 id
531 5379 891 5435 scandalizati
948 5380 1188 5445 fuerant,
1215 5381 1485 5435 rationem
1544 5379 1780 5435 reddidit
1821 5394 1919 5450 per

2021 4759 2187 4817 quam
2211 4759 2338 4800 cum
2365 4741 2479 4798 illis
2505 4742 2851 4810 loqueretur,
2883 4737 3258 4807 interrogabat
3288 4735 3334 4791 si
3371 4735 3620 4804 suscipe-

2018 4844 2145 4893 rent
2174 4834 2447 4908 synodum
2470 4831 2975 4889 Chalcedonensem
2999 4848 3015 4898 ;
3047 4829 3247 4900 quibus
3273 4828 3581 4884 dicentibus
3601 4845 3621 4883 :

2024 4947 2044 4981 ι
2080 4927 2215 4994 Quis
2247 4927 2388 4982 enim
2428 4925 2535 4981 es?
2572 4943 2592 4977 ι
2633 4923 2789 4979 Tunc
2820 4923 2940 4993 ipse
2965 4923 3043 4977 ait
3072 4941 3089 4978 :
3128 4942 3147 4976 ι
3183 4921 3245 4978 Si
3330 4920 3628 4978 Sabbatiau

2019 5020 2098 5076 vel
2128 5018 2511 5075 Μασσάοηὶαηί
2540 5016 2807 5088 deferrent
2838 5016 2967 5070 mihi
2991 5015 3401 5085 depositionem,
3426 5027 3607 5066 conve-

2020 5121 2174 5166 nerat
2206 5124 2287 5163 me
2319 5108 2609 5174 suscipere.
2642 5105 2716 5183 ‘Et
2751 5104 2828 5160 ita
2864 5104 3072 5160 reversi
3117 5110 3248 5159 sunt
3280 5100 3621 5167 inefficaces,

2024 5188 2280 5266 idemque
2337 5194 2587 5264 pervenit
2628 5191 2698 5248 ad
2786 5192 3133 5248 Euchaitem.
3187 5190 3341 5244 Tunc
3394 5196 3450 5243 et
3496 5186 3623 5242 Fla-

2022 5289 2245 5341 vianum
2280 5285 2577 5341 festinabat
2607 5286 2913 5355 imperator
2940 5298 2970 5337 a
2996 5282 3128 5338 sede
3149 5279 3492 5335 Antiocltena
3516 5276 3621 5349 eii—

2027 5392 2175 5444 cere,
2207 5386 2263 5434 et
2289 5392 2388 5448 pro
2424 5378 2516 5433 illo
2548 5375 2812 5434 Severum
2840 5373 3194 5429 manifestum
3221 5371 3471 5428 veritatis
3506 5369 3615 5425 ini-

1832 5491 2072 5550 ΝΟΤΔΕ.

401 5585 519 5670 (liii
529 5584 1029 5670 commonitorium.
1042 5586 1366 5670 Theodorus
1378 5585 1633 5670 Balsama
1657 5586 1733 5670 ad
1747 5601 1915 5657 syno-

328 5656 462 5716 dum
478 5656 972 5728 Cartltaginensem
1002 5678 1014 5713 :
1042 5657 1458 5729 κομμονιτόριον
1478 5657 1596 5726 ἦτοι
1621 5656 1681 5709 τὸ
1709 5656 1915 5726 ἐγγρα-

332 5744 436 5785 φον
459 5729 784 5785 ὑπόμνημα.
815 5727 949 5783 Vide
983 5728 1049 5783 ad
1083 5731 1296 5785 alossas
1318 5726 1704 5782 Basilicorum.
1741 5725 1908 5781 Ftnn.

332 5744 436 5799 φον
459 5744 784 5851 υπτνημα.
822 5744 949 5783 vute
983 5744 1049 5783 aa
1083 5744 1296 5797 glossas
1321 5744 1704 5782 uastttcorum.
1741 5744 1908 5781 rana.

390 5796 520 5921 ρο)
602 5797 808 5852 aciebat
840 5799 1053 5881 missas,
1105 5798 1460 5881 Histro-5973.
1490 5795 1640 5878 Idem
1670 5798 1738 5852 de
1776 5796 1911 5879 Vitis

337 5867 384 5921 P
445 5908 458 5921 .
496 5883 552 5921 tn
591 5867 994 5921 Constanttno:
1036 5887 1052 5920 ι
1092 5870 1288 5921 Missas
1327 5876 1644 5921 ttnneratou
1692 5867 1841 5921 feeit.
1889 5887 1906 5920 ι

337 5867 458 5923 PP.
496 5867 552 5921 in
591 5867 994 5926 Constantino:
1036 5887 1052 5920 t
1092 5870 1288 5924 Missas
1321 5867 1644 5937 itnperatmi
1692 5867 1841 5922 fecit.
1889 5887 1906 5920 ι

338 5938 433 5995 Sic
463 5937 826 6011 loquebantur
858 5939 1102 6006 antiqui,
1134 5950 1191 5994 ut
1220 5939 1274 5994 S.
1312 5938 1623 5994 Bonifacius
1658 5939 1902 6008 archicp.

2023 5584 2269 5657 Mogunt,
2287 5599 2374 5657 ep.
2396 5584 2483 5657 95.
2506 5581 2652 5657 Hist.
2670 5581 2907 5657 Triport.
2931 5578 3200 5657 interpres
3215 5577 3253 5632 ι.
3278 5594 3392 5657 tv:_r
3429 5576 3620 5657 Missas

2023 5646 2206 5711 faccre
2254 5646 2620 5711 in'ecclesia.
2661 5672 2681 5706 ι
2714 5646 2780 5707 Et
2820 5652 2857 5705 l.
2895 5665 2946 5703 vt
2980 5665 2995 5702 :
3024 5667 3043 5700 ι
3095 5646 3292 5705 Missas
3352 5648 3620 5704 facientes

2023 5740 2304 5786 seorsum,
2338 5744 2356 5778 ι
2407 5736 2460 5779 et
2489 5724 2526 5779 l.
2554 5739 2628 5778 vn
2663 5738 2678 5777 :
2751 5741 2770 5773 s
2805 5720 3065 5776 Seorsum
3086 5720 3317 5789 _agebat
3345 5721 3563 5774 missas.
3592 5734 3615 5770 ι

2025 5798 2116 5866 Sic
2151 5797 2316 5851 etiam
2351 5795 2592 5866 loquitur
2619 5796 2790 5866 l._1tt,
2822 5805 2871 5845 c.
2910 5789 2947 5842 9.
2968 5805 2982 5852 ;
3006 5798 3061 5866 et
3085 5786 3444 5855 Flodoardus,
3470 5789 3619 5866 ﬂist.

2024 5865 2175 5920 Rem.
2222 5866 2256 5920 I.
2304 5881 2365 5931 tt,
2401 5860 2449 5920 σῖ.
2494 5865 2579 5919 l3.
2633 5864 2775 5919 ldeut
2822 5871 3005 5933 tamen
3044 5861 3316 5933 interpres
3355 5880 3372 5914 ι
3416 5860 3617 5920 missas

2019 5937 2297 5995 celebrare
2339 5928 2361 5990 ί
2393 5935 2619 6006 (Ιὶχὶιᾼ.
2664 5952 2716 6003 x,
2755 5950 2801 5991 c.
2834 5931 2921 5987 25.
2956 5928 3031 5984 lo.
