4088 6456
536 429 670 496 1247

1638 436 2043 499 ANASTASII
2073 437 2707 503 BIBLIOTHECARII

3675 445 3825 513 1248

532 545 741 602 inicum
774 545 1058 603 inducere.
1089 547 1484 620 Apposuerunt
1512 554 1698 607 autem
1720 552 2126 611 calumniantes
2154 554 2200 612 Α
2228 551 2410 609 affecit
2441 552 2814 624 Timotheum,
2857 561 2912 610 et
2950 554 3271 628 imperatori
3298 556 3440 630 quod
3474 557 3691 616 dixerat
3732 561 3823 615 in-

531 639 676 710 quod
706 654 803 695 ore
835 646 1050 696 tantum
1076 649 1133 697 et
1157 658 1268 699 non
1298 643 1466 701 corde
1497 645 1769 717 synodum
1799 647 2121 705 anathema-

530 733 866 787 tizaveruut.
910 732 987 787 De
1011 740 1213 789 caetero
1242 742 1309 805 ,et
1335 736 1629 793 consilium
1664 748 1998 811 acceperunt
2024 740 2118 812 ju.

528 823 715 891 dices,
762 825 853 894 qui
895 825 1053 881 missi
1092 825 1317 882 fuerant
1349 828 1421 883 ab
1459 827 1829 900 imperatore,
1880 830 2117 903 pellendi

528 931 656 970 cum
686 924 743 972 et
771 926 997 988 propter
1028 918 1401 975 turbationem
1441 920 1722 978 modicum
1763 924 2116 992 removendi;

530 1023 645 1077 quo
679 1009 746 1064 ad
784 1009 1048 1068 Platanos
1083 1026 1308 1084 egresso
1331 1014 1631 1072 confestim
1672 1016 1903 1088 impium
1945 1017 2121 1075 Seve-

527 1113 651 1154 rum
693 1102 1023 1170 constituit,
1069 1106 1164 1175 qui
1203 1115 1334 1163 ante
1362 1108 1674 1165 monachus
1705 1109 1886 1167 fuerat
1915 1111 1972 1166 in
2001 1126 2120 1166 mo-

527 1195 774 1251 nasterio
798 1196 1309 1266 s'chismaticorum,
1333 1201 1490 1273 juxta
1513 1202 1752 1276 Majuma
1783 1204 1961 1262 Gazae.
1993 1206 2114 1262 Fla-

524 1288 751 1343 vianum
795 1298 981 1345 autem
1024 1292 1169 1363 apud
1214 1292 1408 1351 Petrae
1441 1297 1642 1352 exsilio
1682 1297 1968 1370 relegavit.
2010 1300 2118 1358 Sed

525 1386 581 1433 et
623 1380 765 1437 alios
808 1383 1111 1440 nonnullos
1142 1385 1437 1458 episcopos
1467 1386 1665 1446 ferreis
1691 1389 1929 1447 vinculis
1969 1406 2118 1449 com-

526 1475 742 1544 peditos
774 1490 883 1531 una
913 1491 1040 1532 eum
1080 1479 1423 1551 presbyteris
1454 1488 1509 1537 et
1538 1482 1885 1541 diaeonibus.
1932 1484 2120 1543 Helias

525 1580 659 1621 vero
692 1564 1229 1640 llierosolymitanus
1258 1571 1391 1628 dum
1430 1580 1719 1643 cogeretur
1768 1574 1838 1633 ab
1885 1577 2121 1649 impera-

527 1666 648 1714 tore
700 1669 796 1715 aut
843 1659 1048 1716 Severo
1094 1664 1510 1722 communicare
1549 1674 1646 1722 aut
1682 1667 1752 1724 ab
1794 1669 2120 1740 episcopatu

526 1752 740 1821 repelli,
772 1755 1061 1812 monachis
1092 1757 1543 1818 confortantibus
1571 1761 1751 1829 illum,
1793 1762 1863 1819 ab
1899 1766 2121 1836 episco-

526 1853 655 1914 patu
687 1846 881 1918 projici
910 1849 1089 1921 magis
1120 1851 1307 1922 elegit,
1340 1859 1397 1909 et
1429 1864 1790 1914 consecratus
1818 1865 1905 1914 est
1931 1874 2031 1929 pro
2051 1875 2119 1917 eo

522 1935 764 1993 Joannes
792 1952 859 1994 ex
902 1942 1423 2014 staurophylacibus
1453 1947 1703 2019 quidam,
1734 1950 1831 2021 qui
1869 1966 2115 2027 spopon-

522 2028 604 2084 dit
642 2028 826 2088 faeere
868 2049 1218 2108 quaecunque
1248 2039 1490 2096 vellent:
1523 2057 1716 2099 verum
1748 2054 2113 2105 consecratus

524 2130 780 2177 neutrum
831 2123 983 2180 fecit.
1040 2125 1351 2197 Imperator
1402 2137 1586 2187 autem
1637 2135 1965 2193 Anastasius
2005 2153 2116 2194 una

521 2224 649 2263 eum
699 2208 993 2268 TimOtheo
1043 2214 1280 2271 scelesto
1327 2215 1946 2294 Constantinopolitano
1997 2228 2116 2298 epi-

522 2316 694 2372 scopo
722 2303 898 2363 multa
931 2304 1075 2360 mala
1105 2309 1396 2384 monachis
1430 2311 1652 2371 clericis
1683 2330 1747 2370 ac
1792 2316 1978 2389 laicis,
2021 2321 2117 2391 qui

522 2410 626 2464 pro
659 2394 985 2452 Macedonio
1009 2413 1223 2470 proque
1252 2402 1466 2472 synodo
1494 2404 1830 2465 defensanda
1863 2427 2118 2482 perseve-

523 2487 743 2554 rabant,
765 2489 1034 2557 ostendit,
1064 2490 1141 2546 ita
1168 2500 1231 2547 ut
1254 2494 1401 2563 apud
1431 2495 1616 2552 Oasim
1649 2497 1948 2558 Thebaidis
1973 2505 2115 2560 mul-

524 2590 609 2636 tos
649 2579 851 2636 exsilio
892 2581 1187 2654 relegaret.
1232 2585 1339 2651 Qui
1377 2585 1708 2648 Timotheus
1756 2595 2022 2665 synodica
2064 2604 2119 2653 et

521 2675 828 2732 Macedonii
853 2678 1256 2749 depositioncm
1292 2681 1641 2753 singularum
1669 2684 1953 2760 episcopis
1981 2690 2119 2746 civi-

522 2780 696 2825 tatum
733 2771 799 2827 ad
833 2773 1296 2830 subscribendum
1336 2778 1672 2845 transmisit,
1715 2795 1951 2851 quorum
1999 2783 2115 2850 alii,

522 2863 779 2920 fortiores
805 2864 1043 2932 scilicet,
1073 2866 1140 2920 ad
1173 2873 1471 2938 utrumque
1498 2872 1847 2938 restiterunt,
1875 2875 1966 2929 alii
1990 2891 2120 2931 vero

522 2955 777 3026 utrisque
829 2956 1126 3027 scripturis
1177 2959 1377 3014 timore
1430 2961 1784 3031 imperatoris
1839 2967 2116 3034 perterriti

520 3047 993 3118 subscripserunt.
1033 3050 1211 3106 Porro
1239 3050 1407 3107 medii
1442 3051 1779 3124 depositioni
1812 3056 2115 3114 Macedonii

519 3155 633 3193 non
661 3140 1104 3208 subscribentes,
1135 3141 1413 3199 Timothei
1450 3145 1734 3218 synodicis
1769 3149 2118 3220 subscripse-

521 3241 693 3302 runt;
719 3236 865 3306 quod
911 3236 964 3291 id
991 3236 1170 3308 ipsum
1198 3244 1338 3305 erat,
1378 3240 1508 3294 licet
1538 3241 1621 3297 eis
1652 3242 1861 3299 distare
1888 3245 2110 3302 videre-

520 3335 635 3382 tur.
685 3326 889 3383 Volens
932 3341 1066 3383 sane
1096 3326 1421 3386 Timotheus
1453 3330 1641 3388 Severi
1689 3347 1889 3388 nomen
1932 3336 1988 3390 in
2036 3338 2123 3393 di-

520 3421 738 3492 ptychis
764 3420 1031 3477 ordinare
1050 3431 1105 3475 et
1122 3421 1366 3477 Flaviani
1393 3424 1616 3496 ejicere,
1641 3426 1959 3495 prohibitus
1986 3442 2072 3487 est
2092 3446 2123 3487 a

520 3515 767 3585 populo:
812 3514 1002 3570 Severi
1044 3529 1287 3585 namque
1323 3518 1772 3574 communionem
1794 3535 1991 3579 omnes
2027 3539 2124 3579 or-

519 3608 749 3664 thodoxi
776 3607 1087 3677 fugiebant,
1111 3618 1167 3665 et
1190 3611 1429 3667 maxime
1452 3611 1745 3679 monachi;
1769 3614 1970 3683 quibus
1995 3631 2123 3671 cum

519 3699 877 3754 multitudine
909 3701 1250 3755 rusticorum
1286 3702 1496 3773 punitis
1529 3703 1730 3758 multos
1760 3705 1999 3773 occidit,
2037 3706 2121 3762 al-

520 3792 660 3846 taria
711 3792 1044 3849 subvertens
1083 3802 1137 3850 et
1186 3809 1346 3850 saera
1395 3795 1838 3853 orthodoxorum
1878 3814 2010 3855 vasa
2059 3808 2120 3854 ut

525 3885 837 3957 sacrilegus
879 3886 1148 3943 conflans.
1179 3886 1401 3943 Juliana
1429 3903 1581 3954 vero,
1618 3889 1999 3946 illustrissima
2047 3890 2120 3945 τι»

520 3975 693 4042 mina,
722 3991 845 4048 quae
870 3979 1133 4047 templum
1183 3978 1274 4035 Dei
1310 3978 1612 4038 Genitricis
1640 3981 1784 4050 apud
1813 3980 2122 4039 Honoratus

518 4077 932 4134 construxerat,
964 4069 1125 4124 valde
1153 4085 1251 4141 pro
1290 4070 1731 4127 Chateedonensi
1757 4074 1968 4142 synodo
2000 4081 2115 4128 sat-
2153 4097 2157 4105 ν

520 4161 737 4241 agebat,
787 4161 860 4215 ita
909 4170 969 4216 ut
1003 4162 1052 4215 ei
1104 4176 1205 4217 nec
1252 4162 1556 4232 imperator
1599 4164 1845 4234 quidem,
1916 4165 2117 4222 multas

521 4255 784 4309 adversus
811 4268 931 4308 eam
954 4254 1224 4309 versutias
1249 4254 1629 4325 adinveniens,
1654 4256 1947 4315 Timotheo
1968 4275 2122 4314 eom-

522 4346 806 4401 munieare
836 4345 1173 4415 persuadere
1207 4345 1462 4402 valuerit.
1501 4348 1609 4405 Sed
1650 4364 1750 4406 nec
1784 4351 1903 4422 ipse
1931 4350 2120 4406 Timo-

521 4437 680 4493 theus
702 4436 1022 4508 frequenter
1052 4439 1121 4494 ad
1156 4455 1276 4496 eam
1306 4456 1541 4514 pergens
1567 4443 1672 4500 hoc
1697 4444 1747 4500 ei
1782 4446 1964 4517 potuit
1996 4459 2121 4516 per-

519 4532 774 4587 suadere.
805 4530 1130 4604 Pompeium
1153 4550 1378 4605 quoque
1417 4536 1814 4593 consobrinum
1854 4538 2029 4605 illius,
2063 4543 2119 4592 et

2225 643 2450 700 dicavit.
2497 646 2599 703 Ast
2640 649 2941 719 imperator
2983 648 3349 720 ignominiose
3389 665 3455 706 ac
3479 651 3600 709 dire
3629 650 3819 708 Timo-

2223 737 2411 796 theum
2453 740 2509 794 in
2545 740 2740 795 faciem
2781 743 3121 799 conveniens
3159 749 3451 813 negantem
3496 743 3734 807 invenit,
3766 752 3828 799 et

2221 848 2255 891 e
2297 843 2494 889 contra
2531 849 2629 891 eos
2665 836 3224 892 anathematizantem
3265 838 3357 906 qui
3399 835 3825 893 Chalcedone»

2223 941 2340 982 sem
2373 926 2648 999 synodum
2697 929 3058 1000 recepissent.
3098 926 3274 983 Porro
3307 926 3548 984 Joannes
3583 930 3827 985 Alexan-

2221 1017 2418 1073 drinus
2438 1017 2679 1074 inhibuit
2698 1017 2991 1090 JEgyptios
3023 1020 3324 1076 ascendere
3350 1018 3823 1091 Hierosolymam,

2221 1119 2285 1167 ut
2334 1126 2444 1166 non
2483 1113 2965 1168 communicarent
3017 1113 3075 1169 in
3124 1114 3462 1171 exaltatione
3514 1114 3824 1171 Chalcedo-

2220 1204 2383 1260 nensi
2423 1204 2681 1261 concilio.
2717 1201 3010 1263 Terribilia
3045 1222 3178 1263 vero
3212 1207 3465 1284 quaedam
3497 1209 3568 1264 ab
3598 1209 3687 1263 his
3718 1211 3813 1280 qui

2220 1311 2251 1354 a
2307 1298 2583 1355 daemonio
2631 1300 2964 1356 tenebantur
3017 1300 3162 1357 facta
3221 1309 3353 1358 sunt
3414 1300 3818 1375 Hierosolymis

2220 1395 2379 1446 tunc.
2412 1388 2742 1446 Anastasius
2770 1391 2917 1447 enim
2943 1392 3175 1462 cupiens
3200 1392 3317 1448 fieri
3351 1391 3461 1448 dux
3491 1392 3818 1462 Palaestina,

2221 1482 2502 1554 pollicitus
2534 1492 2618 1540 est
2652 1484 3011 1555 imperatori,
3049 1485 3156 1541 nisi
3194 1486 3555 1556 persuaderet
3589 1484 3817 1555 Joanni,

2222 1583 2349 1647 post
2382 1575 2594 1631 Heliam
2640 1576 3143 1649 Hierosolymitano
3178 1578 3468 1651 episcopo,
3506 1582 3819 1637 communi-

2220 1681 2352 1723 care
2390 1665 2618 1730 Severo,
2660 1667 2795 1722 dare
2841 1675 3122 1724 trecentas
3166 1668 3340 1726 libras
3385 1670 3532 1726 auri.
3576 1671 3821 1739 Accepto

2220 1775 2355 1817 vero
2391 1758 2708 1831 principatu
2744 1759 2897 1815 venit
2933 1758 3397 1833 Hierosolymam,
3432 1761 3818 1834 Joannemque

2223 1850 2329 1907 sibi
2361 1865 2469 1905 non
2510 1849 2859 1927 obedientem
2891 1850 3044 1907 misit
3087 1850 3143 1905 in
3184 1865 3484 1913 carcerem.
3519 1850 3820 1910 Zacharias

2220 1957 2356 2001 vero
2413 1942 2636 2014 quidem
2695 1942 2954 2012 princeps
3013 1941 3341 2009 Palaestinae,
3387 1940 3500 1998 Deo
3558 1944 3819 1999 amabilis

2218 2037 2327 2103 vir,
2368 2035 2647 2107 suggessit
2679 2034 2961 2105 episcopo,
3007 2033 3127 2090 zelo
3172 2032 3362 2089 divino
3402 2033 3625 2101 ductus,
3682 2034 3812 2091 duci

2221 2128 2642 2202 repromittendi
2676 2144 2735 2185 se
2767 2144 2891 2200 qua:
2921 2127 2997 2183 illi
3035 2128 3321 2200 placerent
3351 2139 3626 2196 acturum,
3655 2128 3818 2183 dum-

2221 2222 2815 2293 modorestitueretur
2846 2221 2903 2278 in
2940 2221 3146 2277 throno
3185 2236 3325 2288 suo;
3368 2237 3480 2292 quo
3521 2235 3583 2277 se
3626 2220 3816 2276 absol-

2220 2324 2384 2372 vente
2412 2331 2478 2372 ac
2518 2315 2879 2381 restituente,
2916 2314 3167 2370 collectis
3198 2313 3488 2370 monachis
3516 2313 3571 2368 in
3607 2313 3816 2384 templo

2222 2408 2283 2465 S.
2320 2408 2582 2478 Stephani
2628 2406 2878 2463 ascendit
2924 2421 3092 2477 super
3131 2405 3448 2472 ambonem,
3492 2413 3547 2461 et
3586 2407 3816 2461 anathe-

2222 2502 2504 2556 matizavit
2531 2499 2845 2556 Nestorium
2877 2509 2932 2555 et
2959 2497 3246 2569 Eutychen
3275 2506 3330 2553 ct
3355 2496 3617 2553 Severum
3645 2507 3817 2568 atque

2224 2594 2523 2659 Soterium,
2551 2592 2922 2664 pronuntians
2953 2601 3176 2646 sanctas
3209 2599 3266 2646 et
3294 2589 3635 2645 universales
3670 2606 3809 2660 qua-

2222 2693 2350 2740 tuor
2384 2685 2645 2756 synodos.
2676 2681 2885 2737 Aderat
2912 2689 3099 2737 autem
3127 2689 3183 2736 et
3211 2678 3482 2752 Hypatius
3513 2680 3661 2736 filius
3694 2680 3811 2736 fra-

2222 2778 2322 2832 tris
2361 2775 2728 2846 imperatoris,
2760 2790 2870 2830 non
2893 2774 3313 2830 communicans
3332 2772 3560 2828 omnino
3585 2772 3813 2830 Severo.

2223 2868 2345 2934 llic,
2395 2883 2522 2922 eum
2562 2875 2694 2921 tunc
2733 2864 3170 2921 communicaret
3198 2861 3418 2929 Joanni,
3468 2861 3589 2917 auri
3645 2860 3815 2916 libras

2222 2970 2445 3019 centum
2479 2960 2633 3016 dedit
2672 2958 2733 3013 S.
2762 2956 3101 3022 Theodosio,
3130 2957 3223 3026 qui
3248 2964 3369 3011 erat
3394 2955 3666 3011 exarchus
3696 2969 3816 3008 mo-

2221 3055 2618 3119 nasteriorum,
2669 3053 2735 3106 ad
2770 3049 3215 3106 distribuendum
3252 3048 3356 3105 has
3390 3047 3678 3104 monachis
3711 3046 3813 3117 qui

2220 3158 2386 3203 recta:
2438 3146 2561 3201 fidei
2617 3152 2778 3201 erant
2828 3151 2882 3199 et
2919 3140 3390 3198 Chalcedonensis
3430 3139 3649 3197 concilii
3693 3141 3817 3197 zelo

2144 3268 2188 3327 α
2225 3237 2529 3294 fervebant.
2580 3232 2878 3305 Imperator
2923 3240 3109 3287 autem
3154 3231 3427 3302 quosdam
3488 3246 3557 3288 ex
3604 3229 3817 3303 princi-

2223 3330 2387 3403 pibus
2425 3328 2686 3400 praecepit
2740 3328 2798 3381 in
2837 3325 3046 3397 templo
3095 3323 3157 3380 S.
3202 3324 3476 3381 Theodori
3529 3323 3815 3393 Sphoracii

2222 3436 2390 3491 super
2430 3420 2721 3474 ambonem
2756 3415 2968 3487 trisagii
3019 3414 3454 3471 additamentum
3497 3414 3814 3481 admittere,

2226 3514 2301 3569 ita
2337 3520 2397 3566 ut
2434 3508 2818 3564 multitudines
2860 3507 3156 3575 indignatae
3193 3522 3293 3576 per
3323 3505 3471 3561 diem
3503 3505 3708 3560 litanite
3750 3505 3818 3559 il-

2225 3608 2337 3663 liue
2368 3604 2787 3675 egrederentur,
2824 3600 3047 3671 quando
3071 3607 3125 3655 et
3157 3598 3510 3655 Timotheum
3541 3614 3639 3670 per
3665 3613 3818 3655 com-

2224 3698 2583 3754 monitorium
2636 3695 2907 3767 scriptum
2950 3692 3210 3748 omnibus
3254 3691 3519 3747 Eeclesiis
3558 3691 3820 3762 praecepit

2224 3792 2514 3863 trisagium
2546 3790 2605 3845 in
2644 3788 2852 3843 litaniis
2894 3802 3020 3842 cum
3074 3784 3453 3841 additamenta
3489 3784 3816 3852 dicendum,

2224 3884 2371 3955 quod
2398 3881 2554 3936 multi
2578 3886 2882 3935 metuentes
2916 3878 3186 3932 fecerunt.
3215 3876 3470 3932 Monachi
3492 3891 3623 3931 vero
3647 3876 3818 3932 alium

2225 3972 2496 4040 psalmum
2540 3968 2830 4039 psallendo
2858 3974 3150 4021 venerunt.
3203 3964 3315 4023 l-los
3355 3975 3538 4021 autem
3582 3967 3818 4037 populus

2223 4064 2416 4119 videns
2451 4063 2750 4118 clamavit:
2789 4079 2808 4113 ι
2854 4060 2997 4116 Bene
3031 4071 3278 4116 venerum
3319 4059 3623 4126 orthodoxi,
3674 4077 3695 4113 ι
3744 4061 3816 4116 si-

2224 4158 2534 4228 multasque
2567 4156 2740 4211 multa
2771 4155 2918 4211 facta
2958 4162 3043 4211 est
3079 4164 3135 4210 et
3171 4154 3487 4210 incendium
3523 4154 3817 4210 domorqu

2225 4249 2521 4304 multarum
2559 4263 2625 4303 ac
2664 4246 2963 4303 homicidia
2997 4247 3139 4302 dena
3183 4245 3375 4312 millia,
3427 4245 3583 4300 turba
3611 4245 3821 4302 vocife-

2223 4352 2380 4400 rante
2413 4343 2680 4399 adversus
2706 4342 3064 4398 Anastasium
3108 4350 3163 4397 et
3190 4339 3532 4401 Vitalianum
3576 4339 3819 4411 impera-

2225 4446 2398 4492 torem
2430 4443 2668 4508 petente,
2713 4435 2789 4491 ita
2828 4446 2890 4491 ut
2927 4434 3142 4507 fugeret
3172 4433 3502 4491 Anastasius
3542 4442 3597 4490 et
3635 4435 3820 4490 latita-

2224 4539 2328 4599 ret,
2358 4530 2428 4586 ab
2464 4532 2694 4602 ipsaque
2721 4529 2974 4586 Areadne
3001 4530 3343 4585 laceraretur
3380 4528 3601 4601 injuriis
3626 4535 3821 4599 utpote

522 4624 687 4695 hujus
727 4641 1002 4700 uxorem,_
1023 4642 1148 4697 quae
1182 4629 1386 4685 mulier
1423 4638 1543 4683 erat
1585 4637 1781 4686 ornata
1827 4638 1882 4688 et
1917 4645 2119 4687 conce-
2151 4630 2200 4690 ι)
2226 4625 2523 4681 multorum
2549 4640 2720 4681 causa
2748 4624 3018 4680 malorum
3049 4623 3383 4680 Christianis
3408 4621 3657 4680 eﬂ‘ectus-
3689 4623 3820 4678 Ala-

521 4718 718 4774 dendis
734 4719 1020 4776 beneficiis
1039 4737 1270 4788 vacans,
1299 4723 1489 4779 multis
1517 4724 1822 4793 imperator
1845 4728 2117 4797 angustiis

523 4812 847 4869 humiliahat
871 4825 932 4871 ut
952 4815 1221 4875 zelatores
1248 4819 1442 4890 synodi
1463 4826 1519 4875 et
1547 4833 1646 4876 eos
1671 4819 1766 4889 qui
1797 4818 2118 4880 Macedonio

523 4906 902 4978 largiebantur
938 4909 994 4963 in
1043 4910 1238 4967 exsilio
1280 4925 1405 4982 quae
1449 4912 1771 4968 necessaria
1818 4924 1997 4972 erant.
2048 4915 2117 4972 lli

523 5017 658 5058 vero
710 5002 805 5073 qui
850 5002 1239 5060 Alexandriam
1289 5005 1450 5061 missi
1493 5006 1712 5062 fuerant
1752 5022 1781 5061 a
1826 5007 2118 5066 Timotheo

520 5093 589 5149 ad
625 5091 891 5148 Joannem
931 5092 1254 5161 Nicatotem,
1288 5110 1453 5166 super
1484 5095 1778 5152 umbonem
1812 5096 2118 5157 Chalcedo-

522 5202 697 5242 nensc
716 5186 1253 5245 anathematizavere
1285 5188 1604 5244 concilium.
1637 5189 1905 5247 Defuncto
1932 5199 2116 5246 autent

524 5278 840 5353 hegumeno
873 5281 1200 5337 monasterii
1239 5280 1324 5337 Dii
1356 5283 1510 5338 venit
1544 5282 1872 5342 Timotheus
1890 5285 2118 5342 ordina-

521 5383 680 5428 turus
704 5373 1107 5444 hegumenum:
1140 5374 1190 5430 is
1211 5384 1394 5430 autem
1415 5375 1510 5447 qui
1537 5378 1947 5446 promovendus
1973 5384 2115 5443 erat,

523 5463 663 5520 dixit
688 5479 748 5521 se
779 5479 890 5520 non
917 5474 1310 5539 suscepturum
1342 5466 1779 5525 benedictionem
1807 5486 1837 5524 a
1873 5471 1992 5525 viro
2021 5468 2117 5539 qui

522 5557 1026 5616 Chalcedonensem
1076 5562 1349 5632 synodum
1392 5571 1714 5633 sperneret.
1749 5562 1830 5617 Ad
1875 5563 1992 5617 hate
2021 5561 2118 5618 Ti-

525 5657 780 5712 motheus
845 5655 976 5713 ait:
1029 5657 1331 5713 Anathema
1389 5659 1533 5713 omni
1568 5657 1771 5711 homini
1819 5655 2116 5712 Chalcedo-

529 5761 688 5799 nense
710 5762 816 5801 non
850 5749 1163 5817 suscipienti
1206 5750 1512 5806 concilium.
1574 5749 1644 5804 Et
1681 5758 1796 5805 tum
1846 5749 1941 5805 ille
1989 5765 2116 5819 pro.

529 5837 654 5891 vehi
688 5837 756 5891 ah
785 5838 906 5907 ipso
934 5842 1214 5896 convenit.
1261 5843 1531 5898 Prreterea
1560 5840 1806 5897 Joannes
1840 5841 2113 5896 archidia-

538 5942 710 5984 conus
737 5926 1036 5996 Timmhei,
1086 5946 1210 5987 cum
1245 5942 1385 5990 esset
1426 5931 1759 5989 Manichacus
1783 5974 1797 6001 ,
1849 5933 2115 5993 conviciis

2224 4718 2494 4774 numdaro
2524 4726 2704 4774 autem
2746 4717 3000 4789 principe
3034 4714 3439 4773 Saracenorum
3483 4715 3665 4786 gentis
3713 4715 3819 4771 ba-

2222 4811 2450 4883 ptizato,
2492 4810 2731 4868 Severus
2765 4812 2909 4869 duos
2938 4812 3236 4882 episcopos
3274 4811 3491 4867 macula
3531 4825 3648 4865 sua:
3692 4825 3817 4880 pra-

2220 4904 2412 4961 vitatis
2443 4903 2680 4961 inl‘ectos
2720 4904 2924 4960 direxit
2964 4904 3015 4960 ei
3057 4902 3541 4958 communicaudi:
3581 4900 3673 4956 Dei
3718 4916 3821 4955 au-

2223 5006 2334 5054 tem
2366 4998 2713 5069 providentia
2754 4998 2846 5053 ille
2879 4998 2950 5053 ab
2984 4996 3311 5053 orthodoxis
3349 4996 3659 5066 baptizatus
3699 4994 3818 5049 fue-

2222 5099 2344 5160 rat,
2393 5091 2489 5163 qui
2549 5092 2890 5162 recipiebant
2945 5090 3268 5148 eoncilium.
3325 5091 3573 5161 Cumque
3621 5086 3816 5144 Severi

2221 5185 2468 5256 episcopi
2523 5185 2849 5242 subvertere
2878 5185 3187 5256 principem
3221 5198 3251 5237 a
3279 5198 3414 5238 vero
3442 5183 3694 5252 dogmate
3739 5179 3819 5236 fe—

2223 5278 2516 5345 stinarent,
2552 5278 2884 5335 mirabiliter
2915 5293 3014 5335 eos
3047 5276 3231 5348 arguit
3271 5276 3681 5330 Aiamundarns
3712 5274 3819 5329 hu-

2218 5371 2528 5444 juscemodi
2561 5370 2749 5427 fabula
2805 5371 2897 5427 Ait
2932 5371 3080 5427 enim
3110 5370 3176 5425 ad
3220 5370 3344 5423 illos
3376 5386 3389 5422 :
3425 5386 3445 5419 ι
3493 5365 3753 5429 Litteras,
3793 5384 3814 5417 ›

2220 5465 2424 5535 inquit,
2482 5483 2502 5519 ι
2567 5467 2743 5534 accepi
2791 5464 2969 5530 hodie,
3022 5463 3148 5533 quia
3188 5459 3422 5515 Michael
3467 5458 3819 5528 archangelus

2221 5567 2464 5614 mortuus
2491 5568 2588 5613 est.
2628 5577 2648 5611 ι
2679 5558 2795 5612 Illis
2824 5571 2956 5613 vero
2978 5555 3292 5612 dicentibus
3340 5552 3448 5609 hoc
3478 5549 3819 5620 impossibile

2221 5661 2376 5717 fore,
2427 5650 2505 5704 ait
2560 5649 2861 5719 princeps:
2899 5645 2969 5700 Et
3027 5643 3291 5717 quomodo
3336 5641 3480 5697 Deus
3527 5642 3819 5695 secundm

2221 5760 2311 5800 vos
2345 5743 2517 5799 nudus
2542 5742 2834 5810 cruciﬁxus
2864 5747 2965 5806 est,
2999 5738 3105 5793 nisi
3143 5745 3458 5792 naturarum
3504 5741 3641 5788 esset
3690 5731 3816 5785 dua-

2222 5854 2340 5891 rum
2363 5835 2634 5900 Christus,
2661 5831 3092 5905 quandoquidem
3143 5848 3234 5887 nec
3277 5831 3498 5900 angelus
3544 5825 3815 5881 moritur?

2223 5931 2289 5988 Et
2324 5932 2404 5989 ita,
2424 5945 2547 5986 cum
2583 5928 2911 5986 confusione
2938 5925 3126 5983 Severi
3159 5930 3510 5981 recesserunt
3544 5915 3805 5992 episcopi.
