4088 6482
271 372 291 438 1
303 374 388 438 249

1069 368 1436 432 HISTORIA
1468 363 2049 427 ECCLESIASTICA
2079 362 2182 424 EX
2214 364 2698 429 THEOPHANE.

3372 375 3508 442 1250

268 492 416 546 Porro
460 487 712 542 Cabades
763 485 1033 557 quosdam
1084 485 1431 540 Christianos
1457 522 1475 550 ,
1528 483 1622 552 qui
1674 487 1832 535 erant
1865 483 1906 537 A
1937 476 2266 535 Theodorus
2301 490 2484 538 autem
2525 483 2746 553 quidam
2775 499 2838 539 ex
2869 485 2955 540 his
2985 486 3233 556 quicum
3272 503 3338 543 eo
3354 500 3513 545 erant

268 577 317 631 in
349 574 599 640 Perside,
638 575 842 646 poplite
867 575 1148 630 enervavit
1171 613 1186 638 ,
1220 573 1317 645 qui
1352 582 1536 628 tamen
1579 579 1824 630 postmo-

267 671 377 723 dum
402 668 846 723 ambulaverunt.

329 757 594 813 Vicesimo
623 759 786 814 tertio
816 758 1031 828 imperii
1054 757 1330 814 Anastasii
1359 771 1506 812 anno
1530 753 1827 811 flormisda

268 863 389 920 papa
413 849 695 905 Romanus
721 849 1062 919 pontificium
1095 851 1253 920 gerit.
1284 848 1594 904 Vitalianus
1618 854 1826 914 autem,

269 957 412 1011 quem
449 942 684 1012 populus
747 943 1138 1013 imperatorem
1197 941 1560 1013 expetiverat,
1603 947 1829 1009 accepta

270 1041 367 1087 tota
396 1015 655 1096 Thracia,
689 1032 916 1104 Scythia
947 1041 1003 1088 et
1061 1033 1254 1104 Mysia,
1290 1031 1559 1101 Vulgares
1618 1029 1831 1084 habens

269 1143 437 1184 secmn
462 1126 942 1182 etmultitudinem
969 1124 1317 1192 Hunnorum,
1336 1125 1481 1195 cepit
1499 1121 1831 1178 Anchialum

267 1229 316 1275 et
345 1218 748 1289 Odyssopolim.
789 1217 1220 1288 Comprehendit
1243 1227 1425 1272 autem
1464 1223 1520 1271 et
1563 1213 1831 1285 Cyrillum

268 1313 580 1382 magistrum
622 1310 858 1365 militum
912 1309 1186 1375 Thracia,
1234 1316 1290 1363 et
1340 1308 1590 1378 pervenit
1621 1305 1832 1377 praedas

271 1402 498 1476 gerendo
543 1415 718 1471 usque
765 1401 1114 1472 Byzantium,
1141 1416 1376 1470 parcens
1430 1415 1562 1455 vero
1623 1397 1834 1453 civitati

276 1493 398 1565 apud
445 1494 802 1548 Sosthenium
838 1502 1021 1549 castra
1081 1501 1318 1548 metatus
1360 1503 1464 1547 est.
1503 1492 1834 1546 Anastasius

273 1594 438 1640 autem
479 1585 866 1656 desperatione
915 1594 1306 1642 consternatus
1340 1586 1506 1640 mittit
1538 1601 1604 1639 ex
1639 1591 1834 1639 senatu

271 1677 549 1746 quosdam,
605 1692 810 1749 rogans
837 1692 962 1732 eum
995 1677 1200 1746 pacisci
1229 1685 1284 1731 et
1311 1676 1501 1746 jurarc
1564 1691 1672 1729 una
1707 1688 1833 1728 cum

266 1776 477 1833 senatu,
509 1767 659 1838 quod
710 1769 778 1822 ab
818 1767 1016 1822 exsilio
1047 1767 1338 1838 episcopos
1373 1771 1656 1822 revocaret
1689 1763 1833 1834 apud

1930 571 2206 627 viditeum
2234 575 2523 632 insomnis
2549 578 2652 632 sibi
2671 577 2978 633 dicentem:
3008 579 3291 649 Excipe,et
3326 581 3510 637 abiens

1928 665 2038 736 lege
2050 667 2358 732 Anastasio,
2371 678 2420 723 et
2436 671 2520 722 dic
2534 684 2552 721 :
2573 674 2682 741 Ego
2699 670 2910 737 quidem
2927 672 3059 726 vado
3076 673 3144 726 ad
3157 683 3333 742 patres
3347 691 3512 742 meos,

1929 772 2154 825 quorum
2176 759 2338 825 ﬁdem
2357 762 2586 827 servavi,
2607 779 2714 815 non
2759 763 2973 816 cessabo
2997 773 3168 817 autent
3218 766 3512 820 increscens

1935 846 2179 911 Domino,
2197 865 2462 921 usqueqno
2483 853 2662 907 venias
2684 855 2810 907 etin
2827 855 3094 924 judicium
3125 855 3511 925 ingrediantur.

1931 937 2133 994 Eodem
2153 955 2297 996 anno
2313 943 2658 1000 Alexandria-'3
2673 947 2830 1002 mu‘lti
2851 948 2952 1003 viri
2968 957 3021 1003 et
3042 949 3300 1006 mulieres
3314 961 3368 1004 et
3390 965 3516 1019 puec

1933 1029 1981 1084 ri
2004 1036 2266 1087 atrociter
2283 1048 2313 1088 a
2337 1034 2677 1094 daemonibus
2693 1039 2907 1095 obsessi
2944 1051 3168 1110 repente
3217 1043 3512 1097 latrabant.

1933 1122 1988 1176 In
2011 1126 2220 1180 somnis
2249 1137 2430 1182 autem
2459 1129 2681 1198 quidam
2718 1131 2854 1186 vidit
2885 1134 3180 1203 quemdam
3240 1135 3510 1190 dicentem

1933 1219 2060 1288 quia
2121 1229 2345 1291 prepter
2403 1223 2895 1280 anathematismos
2955 1227 3149 1297 synodi
3228 1230 3516 1297 patiuntur

1935 1311 2063 1366 ista.
2088 1312 2260 1368 Porro
2291 1315 2540 1370 monachi
2571 1320 2738 1370 eremi
2767 1318 2884 1372 zelo
2905 1318 3090 1372 divino
3106 1320 3259 1383 moti,
3278 1328 3520 1390 quatuor

1933 1409 2368 1460 contestationes
2415 1415 2836 1476 componentes,
2863 1407 3001 1464 duas
3028 1409 3249 1478 quidem
3307 1427 3371 1465 ex
3429 1412 3518 1466 his

1936 1497 2139 1552 misero
2161 1497 2504 1567 imperatori,
2525 1514 2690 1553 unam
2723 1513 2853 1554 vero
2873 1500 3218 1570 principibus
3269 1501 3518 1570 regionis

1936 1595 1989 1642 et
2017 1604 2184 1642 unam
2207 1590 2472 1660 episcopo
2531 1590 3034 1662 Ilierosolymitano
3081 1591 3301 1658 Joanui,
3329 1601 3518 1663 prote-

1937 1688 2146 1734 stantes
2175 1696 2352 1750 neque
2371 1690 2617 1736 sanctam
2637 1697 2696 1737 se
2717 1682 3224 1750 Chalcedonenscm
3243 1683 3518 1754 synodum

1937 1773 2396 1841 praevaricaturos
2427 1789 2606 1844 neque
2633 1774 2802 1845 impio
2838 1775 3040 1830 Severo
3079 1775 3520 1830 communicatu-

269 1835 568 1916 lleracliam
628 1858 878 1914 Thraca.
939 1835 1112 1915 Porro
1160 1835 1469 1914 Vitalianus
1519 1858 1730 1914 addidit
1775 1867 1837 1912 ut
1868 1835 1911 1890 Β
1940 1835 2052 1923 ros,
2075 1863 2208 1930 quin
2240 1868 2293 1916 et
2326 1877 2387 1916 se
2411 1835 2727 1932 promptam.
2776 1865 2979 1920 habere
3012 1874 3265 1930 mortem,
3327 1868 3516 1920 incen-

269 1959 320 2006 et
340 1949 608 2021 principes
652 1949 1088 2019 uniuscujusque
1120 1948 1601 2018 scholaejurarent
1647 1947 1834 2014 istud;

270 2043 358 2100 sed
387 2051 440 2099 et
459 2043 818 2098 Macedonius
841 2050 894 2097 et
922 2041 1239 2109 Flavianus,
1293 2043 1384 2113 qui
1411 2041 1664 2112 nequiter
1694 2041 1837 2112 pulsi

267 2136 502 2203 fuerant,
534 2151 666 2193 suos
697 2137 1010 2206 reciperent
1039 2136 1292 2202 thronos,
1350 2135 1607 2190 similiter
1655 2143 1710 2188 et
1750 2149 1837 2188 res

265 2228 395 2298 liqui
451 2242 642 2282 omnes
662 2227 927 2297 episcopi,
957 2235 1011 2282 et
1055 2228 1132 2283 ita
1168 2227 1543 2283 celebraretur
1566 2225 1834 2298 synodus,

263 2320 508 2376 Romano
555 2326 610 2374 et
641 2318 859 2374 cunctis
909 2318 1186 2390 episcopis
1239 2319 1729 2382 convenientibus,
1782 2327 1838 2372 et

261 2409 550 2465 communi'
583 2409 792 2480 judicio
826 2411 1195 2481 probarentur
1251 2425 1374 2481 quae
1426 2409 1694 2465 adversus
1744 2423 1838 2462 or-

262 2501 530 2558 thodoxos
553 2511 685 2558 sunt
726 2511 1083 2573 prassnmpta.
1137 2505 1328 2573 Itaque
1353 2517 1477 2557 cum
1506 2503 1620 2557 haec
1662 2503 1838 2572 impe-

260 2606 432 2664 rator,
469 2603 696 2652 senatus
717 2605 773 2650 ct
809 2597 1005 2667 reliqui
1035 2597 1316 2668 principes
1347 2597 1642 2666 pepuliquc
1667 2596 1834 2653 iuras-

255 2702 384 2748 sent
419 2699 474 2747 et
507 2692 925 2746 confirmassent
976 2691 1052 2746 ita
1098 2692 1335 2746 ficndum
1394 2691 1529 2760 (‘21),
1587 2692 1727 2745 facta
1759 2699 1842 2745 est

258 2799 390 2856 pax,
411 2794 465 2840 et
492 2783 559 2839 ad
591 2783 813 2854 propria
847 2782 1028 2836 rediit.
1070 2783 1368 2838 flormisda
1399 2799 1531 2838 vero
1558 2781 1842 2838 Romanus

253 2875 582 2946 episcopus,
619 2875 892 2930 molestiis
939 2875 1202 2945 fatigatus
1239 2891 1268 2928 a
1305 2874 1654 2929 Thcodorico
1689 2873 1843 2928 Vita-

255 2969 410 3022 liano
439 2967 680 3030 favente,
713 2965 1030 3020 Ennodium
1082 2967 1401 3036 episcopum
1429 2967 1577 3021 misit
1610 2975 1664 3020 et
1689 2965 1845 3019 Vita-

251 3063 470 3116 lianum
509 3059 960 3115 archidiaconum
1009 3058 1076 3114 ad
1135 3058 1407 3130 synodum
1461 3059 1842 3114 celebrandam

1939 1952 2132 2006 dentes
2155 1961 2209 2006 et
2231 1961 2420 2009 sancta
2444 1955 2587 2009 loea.
2603 1953 2749 2011 Sane
2764 1956 3242 2012 Thessalonicensi
3262 1959 3521 2026 episcopo

1940 2044 2381 2101 communicante
2441 2048 2511 2102 ob
2549 2059 2752 2103 metum
2819 2050 3168 2120 imperatoris
3235 2053 3524 2108 'l‘imozheo

1939 2134 2554 2206 Constantinopolitano
2578 2140 2858 2209 episcopo,
2894 2143 3258 2214 quadraginta
3277 2145 3523 2216 episcopi

1943 2226 2143 2297 Illyrici
2167 2228 2452 2285 etGrmcia:
2475 2234 2864 2288 convenientes
2890 2235 2943 2288 in
2969 2251 3135 2289 unum
3172 2253 3272 2306 per
3310 2237 3524 2306 profes-

1943 2320 2152 2376 sionem
2167 2322 2223 2376 in
2245 2324 2469 2394 scriptis
2490 2324 2713 2389 factam,
2734 2335 2840 2380 uta
2857 2329 3079 2397 proprio
3100 2330 3526 2399 metmpnlitano

1941 2411 2248 2468 discessere
2281 2415 2350 2470 ab
2363 2417 2772 2482 eo;etRomam
2811 2420 3087 2475 mittentes
3114 2420 3360 2477 Romano
3381 2438 3529 2476 com-

1944 2504 2225 2560 municare
2242 2507 2294 2560 in
2310 2508 2536 2578 scriptis
2553 2509 2784 2578 professi
2816 2522 2964 2564 sunt.
2987 2511 3318 2582 Episcopum
3344 2522 3526 2568 autem

1944 2596 2488 2653 Thessalonicensem
2508 2600 2831 2656 Theodorus
2847 2603 3142 2658 historicus
3157 2606 3528 2673 patriarcham

1946 2690 2193 2743 nominat
2229 2690 2700 2753 irrationabiliter.
2736 2694 2988 2747 nesciens
3017 2711 3120 2763 qua
3151 2711 3250 2763 pro
3279 2712 3470 2750 causa.

2019 2781 2294 2836 Vicesimo
2312 2784 2525 2852 imperii
2548 2783 2822 2840 Anastasii
2844 2801 3010 2849 anno,
3037 2786 3248 2843 Joanne
3284 2788 3526 2844 Nicmote

1945 2873 2320 2928 Alexandrino
2348 2875 2596 2931 antistite
2645 2877 2905 2932 hmretico
2949 2888 3193 2944 mortuo,
3230 2879 3532 2937 Dioscorus

1944 2964 2152 3034 junior,
2181 2964 2457 3021 Timothei
2513 2966 2702 3024 Ileluri
2731 2970 3124 3035 consobrinus,
3156 2973 3418 3041 praelatus
3446 2984 3534 3030 est

1949 3058 2244 3127 episcOpus
2288 3057 2660 3114 Alexandriae.
2715 3059 2852 3115 Cum
2903 3071 3087 3117 autem
3126 3064 3371 3120 venisset
3426 3063 3535 3137 By-

247 3152 406 3222 apud
441 3150 775 3206 Heracliam.
835 3150 1048 3206 Venere
1079 3161 1261 3206 autem
1298 3163 1351 3206 et
1404 3151 1650 3221 episc0pi
1675 3166 1741 3206 ex
1764 3153 1844 3204 di-
1876 3177 1919 3236 ο
1953 3153 2219 3220 zantium,
2252 3169 2352 3224 pro
2401 3154 2794 3212 Alexandrinis
2825 3159 2967 3227 apud
3017 3160 3405 3230 imperatorem
3451 3163 3535 3217 in-

249 3244 441 3302 versis
476 3243 617 3299 locis
665 3244 778 3299 fere
805 3243 1052 3310 ducenti,
1085 3244 1179 3312 qui
1228 3243 1374 3298 illusi
1402 3243 1471 3297 ab
1504 3244 1697 3314 iniquo
1745 3245 1848 3298 im-

247 3347 517 3408 peratore
572 3354 635 3395 ac
687 3339 980 3395 Timotheo
1049 3340 1311 3410 episcopo
1379 3340 1847 3410 Constantinopo-

247 3435 438 3490 litano
492 3449 776 3490 recessere
816 3433 1149 3490 inefficaces.
1224 3433 1431 3503 Impius
1476 3434 1696 3502 quidem
1744 3433 1849 3485 im-

245 3532 490 3596 perator
581 3532 742 3594 pacta
828 3524 1244 3595 transgrediens
1348 3523 1489 3578 clam
1573 3523 1849 3577 intimavit

244 3616 521 3671 Romano
550 3630 706 3686 papa:
731 3629 802 3670 ne
833 3614 1082 3670 veniret:
1131 3613 1358 3668 miserat
1393 3611 1540 3667 enim
1573 3609 1850 3666 Vitaliano

243 3723 482 3766 sacram
530 3722 642 3779 quo
695 3708 1097 3763 transmitteret
1150 3721 1271 3762 eam
1323 3705 1574 3770 Romam,
1629 3713 1688 3759 ut
1712 3716 1850 3774 papa

243 3801 715 3873 proficisceretur
745 3799 813 3855 ad
841 3799 1230 3855 celebrandam
1263 3797 1729 3868 apudfleracliam
1756 3811 1849 3867 sy-

248 3895 501 3951 nodum.
553 3892 753 3948 Omnis
798 3900 983 3947 autem
1033 3893 1269 3963 populus
1296 3901 1466 3962 atque
1517 3901 1750 3947 senatus
1795 3891 1853 3945 in

243 3986 562 4058 praesentia
591 3985 957 4041 maledicebat
995 3984 1290 4041 Anastasio
1315 3993 1578 4055 tanquam
1605 3981 1851 4054 perjuro.

241 4079 451 4134 Porro
487 4075 800 4131 Vitalianus
823 4075 1143 4147 indignatus
1186 4075 1450 4130 adversus
1493 4073 1852 4128 Anastasium

242 4167 330 4221 ob
368 4163 682 4235 perjurium
712 4164 883 4218 multa
930 4166 1074 4218 mala
1106 4164 1446 4220 exercitibus
1486 4163 1770 4220 Anastasii
1802 4170 1855 4218 et

242 4259 498 4328 reliquae
520 4255 599 4312 rei
630 4256 860 4325 publica:
875 4255 1294 4320 demonstravit,
1314 4256 1596 4320 occidens,
1611 4257 1856 4326 rapiens,

242 4350 441 4404 armis
480 4363 710 4411 exuens,
749 4356 802 4403 et
825 4356 1105 4416 postremo
1121 4348 1185 4402 ad
1209 4347 1467 4417 injuriam
1491 4346 1612 4416 ejus
1655 4363 1856 4402 unum—

241 4455 551 4513 quemque
584 4440 814 4495 militem
838 4455 950 4501 uno
974 4454 1118 4494 aereo
1159 4454 1386 4494 nummo
1411 4438 1679 4496 vendens.

1953 3253 2304 3301 tercessurus
2357 3255 2586 3316 propter
2624 3249 2974 3304 occasionem
3002 3251 3093 3304 filii
3125 3251 3381 3322 Calliopii
3414 3257 3536 3308 An-

1947 3337 2208 3404 gustalis,
2245 3337 2313 3392 ab
2345 3339 2673 3394 orthodoxis
2698 3339 2916 3409 publice
2943 3343 3214 3399 conviciis
3240 3345 3538 3413 appeteba-

1951 3433 2062 3491 tur,
2098 3439 2223 3481 cum
2260 3427 2608 3498 procederet,
2671 3430 3122 3488 existimantibus
3159 3449 3284 3488 eum
3339 3445 3536 3488 contra

1951 3527 2103 3574 recta
2130 3519 2388 3590 dogmata
2441 3521 2758 3576 advenisse.
2809 3523 2950 3592 Ergo
3001 3540 3125 3578 cum
3176 3526 3249 3578 ob
3300 3526 3536 3579 homici-

1951 3611 2104 3666 dium
2160 3611 2608 3677 intercessisset,
2670 3629 2796 3667 cum
2857 3613 3213 3669 festinatione
3251 3617 3533 3672 discessit.

1951 3702 2130 3757 Causa
2159 3717 2288 3757 vero
2315 3702 2482 3758 caedis
2520 3702 2623 3757 ista
2657 3703 2778 3759 fuit.
2824 3703 2961 3758 Cum
3019 3705 3318 3762 Dioscorus
3339 3721 3538 3763 manus

1953 3795 2359 3862 impositionem
2418 3796 2746 3866 accepisset,
2804 3812 3088 3854 recessere
3143 3799 3532 3855 multitudines

1955 3888 2318 3954 rusticorum,
2373 3887 2624 3944 dicentes
2685 3889 2816 3959 quia
2872 3889 2980 3944 nisi
3034 3891 3338 3947 secundum
3393 3893 3542 3962 quod

1955 3988 2273 4035 sanctorqu
2332 3981 2624 4036 continent
2673 3983 3054 4052 apostolorum
3113 3997 3358 4039 canones
3423 3983 3541 4050 fiat,

1958 4088 2068 4128 non
2129 4073 2433 4143 recipietur
2471 4073 2804 4146 episc0pus:
2858 4075 3118 4145 princeps
3147 4075 3292 4131 enim
3330 4075 3548 4130 inthro—

1959 4165 2240 4220 nizaverat
2276 4181 2425 4222 eum.
2486 4166 2785 4223 Dioscorus
2812 4177 2995 4224 autem
3030 4169 3177 4224 venit
3206 4170 3273 4222 ad
3311 4167 3370 4222 S.
3403 4168 3546 4223 Mar-

1959 4271 2110 4322 cum,
2151 4265 2208 4312 et
2233 4259 2518 4313 venientes
2546 4258 2731 4313 clerici
2761 4257 3060 4314 induerunt
3110 4273 3235 4312 eum
3270 4258 3542 4324 secundo,

1959 4357 2015 4404 et
2046 4350 2244 4404 iterum
2292 4359 2781 4406 consecraverunt.
2855 4349 2924 4404 Et
2962 4350 3034 4406 ita
3076 4352 3306 4407 veniens
3355 4351 3422 4406 ad
3481 4353 3541 4406 S.

1960 4442 2228 4499 Joannem
2280 4444 2516 4516 perfecit
2550 4443 2863 4500 collectam.
2934 4443 3072 4497 Cum
3147 4450 3329 4497 autem
3395 4451 3546 4499 esset

331 4534 527 4590 Mundi
551 4547 695 4588 anno
729 4531 890 4598 6008,
921 4531 1124 4586 divina:
1146 4532 1546 4588 incarnationis
1563 4547 1709 4589 anno
1726 4531 1852 4600 508,
1882 4517 1934 4579 θ
1959 4538 2074 4594 illic
2104 4537 2458 4593 Theodosius
2490 4537 2642 4594 ﬁlius
2670 4536 2927 4606 Calliopii
2961 4536 3280 4604 Augustalis
3326 4544 3381 4590 et
3407 4536 3548 4590 Aca-

245 4628 483 4694 l-luuni,
516 4627 611 4698 qui
667 4625 930 4683 dicuntur
961 4625 1156 4690 Saber,
1214 4630 1569 4680 transeuntes
1619 4623 1851 4694 Caspias

241 4731 486 4794 portas,
507 4722 822 4778 Armeniam
842 4718 1332 4790 etCappadociam,
1351 4716 1620 4771 Galatiam
1645 4729 1698 4773 et
1714 4716 1860 4772 Pon-

245 4827 387 4871 tum
442 4813 759 4884 depopulati
831 4818 985 4874 sunt,
1033 4809 1109 4864 ita
1144 4816 1204 4864 ut
1257 4807 1584 4863 Euchaitam
1636 4824 1858 4880 quoque

243 4905 661 4981 pervaderent.
689 4903 848 4960 Unde
881 4910 937 4958 et
973 4902 1189 4971 fugiens
1249 4899 1628 4967 Macedonius,
1660 4917 1857 4972 prope-

246 5004 500 5060 modum
529 5001 962 5073 periclitaturus,
1003 4999 1248 5053 salvatus
1281 5003 1368 5052 est
1397 4997 1544 5067 apud
1583 4997 1855 5071 Gangras.

245 5097 392 5165 Quo
451 5101 737 5166 comperto
771 5091 1104 5148 Anastasius
1153 5105 1338 5146 amare
1368 5090 1485 5145 illic
1515 5106 1644 5146 eum
1673 5103 1860 5148 custo-

246 5190 376 5247 diri
421 5183 974 5257 praecepit,;mittens,
1000 5190 1062 5236 ut
1087 5180 1261 5244 aiunt,
1285 5180 1380 5250 qui
1405 5196 1529 5235 eum
1562 5183 1861 5240 occideret.

1959 4629 2082 4686 eius
2111 4629 2380 4698 magister
2424 4629 2686 4691 militum,
2715 4627 2893 4682 turba:
2920 4627 3156 4682 turbatae
3200 4641 3420 4696 erepere
3456 4627 3546 4681 in-

1954 4723 2121 4793 juriis
2155 4721 2369 4776 afficere
2394 4720 2802 4792 Augustalium,
2827 4734 2890 4775 eo
2911 4719 3059 4790 quod
3088 4719 3340 4773 laudaret
3373 4720 3548 4790 impe-

1960 4825 2202 4872 ratorem
2250 4816 2628 4872 Anastasium.
2704 4815 2840 4868 Cum
2870 4829 3002 4868 vero
3036 4813 3283 4883 jurgium
3335 4825 3544 4870 motum

1967 4909 2186 4975 fuisset,
2218 4908 2526 4964 insilientes
2553 4907 2776 4977 quidam
2807 4921 2839 4959 a
2863 4906 2998 4961 sede
3024 4905 3196 4959 filium
3228 4905 3546 4977 Augustalis

1964 5002 2361 5072 deposuerunt,
2401 5009 2455 5057 et
2489 5002 2892 5056 interemerunt
2923 5011 3091 5054 eum;
3130 4998 3198 5053 At
3227 5013 3358 5053 vero
3404 4997 3549 5052 Aca-

1927 5096 2087 5152 ‘cius
2135 5096 2399 5166 magister
2457 5095 2716 5160 militum,
2771 5099 3050 5168 quotquot
3100 5107 3302 5163 capere
3344 5091 3545 5161 potuit,

1966 5184 2265 5240 interfecit.
2328 5185 2458 5240 Haec
2513 5183 2746 5238 audiens
2782 5183 3084 5253 imperator
3112 5181 3285 5237 iratus
3318 5188 3401 5236 est
3451 5179 3549 5235 ad-

1965 5291 2160 5333 versus
2193 5290 2312 5332 eos.
2374 5275 2545 5330 Porro
2576 5275 2879 5330 Dioscorus
2913 5271 3282 5329 interveniens
3330 5271 3549 5340 mitiga-

1965 5369 2046 5425 vit
2072 5383 2222 5424 eum.
2286 5366 2434 5422 inter
2467 5365 2634 5422 Indos
2682 5380 2814 5421 vero
2848 5373 2902 5418 et
2925 5363 3128 5420 Persas
3178 5370 3424 5417 castrum
3461 5369 3550 5417 est

251 5283 580 5339 Defunctus
633 5284 816 5332 autem
869 5275 1015 5345 apud
1085 5273 1336 5343 Gangras
1391 5274 1609 5343 positus
1666 5283 1752 5332 est
1809 5277 1863 5332 in

250 5372 483 5442 templo
524 5368 700 5425 sancti
727 5365 984 5437 Martyris
1000 5363 1248 5420 Callinici
1267 5363 1423 5432 juxta
1441 5363 1704 5434 reliquias
1722 5367 1864 5436 ejus,

253 5465 484 5522 multas
515 5461 782 5517 sanitates
807 5457 1081 5523 efficiens;
1127 5455 1222 5525 qui
1253 5469 1378 5510 cum
1411 5457 1682 5511 exanimis
1711 5457 1868 5526 jace-
1966 5460 2194 5515 nomine
2223 5458 2538 5522 Zubdaber,
2565 5457 2658 5511 ubi
2714 5456 2918 5511 multas
2943 5453 3209 5525 pecunias
3247 5461 3305 5507 et
3336 5452 3549 5521 lapides

253 5569 376 5626 ret,
441 5569 608 5612 manu
661 5553 837 5608 fertur
882 5566 943 5606 se
996 5547 1281 5622 signaculo
1333 5547 1520 5603 crucis
1589 5549 1864 5618 signasse.
1967 5552 2241 5622 pretiosos
2307 5565 2429 5606 esse
2465 5549 2722 5609 flabades
2763 5562 2858 5603 rex
2917 5546 3213 5601 Persarum
3268 5544 3547 5613 ediscens,

1782 5665 2022 5722 ΝΟΤΑΞ.

347 5769 808 5848 (2|)_Fie_ndum.
859 5762 1234 5848 Flodoardusn
1267 5761 1423 5848 Hist.
1466 5759 1613 5848 fient.
1658 5761 1856 5848 1,115;

1966 5763 2344 5837 Fiendumque
2373 5779 2431 5822 se
2470 5759 2844 5830 Christianum
2882 5758 3144 5817 vovisset.
3188 5777 3205 5809 ι
3253 5757 3384 5814 Vide
3411 5755 3556 5814 Vos-

250 5833 423 5907 situn
454 5833 546 5900 'De
577 5842 719 5897 vitiis
763 5837 1043 5900 sermonis,
1079 5835 1132 5901 4,
1167 5834 1258 5899 ⁸50,
1292 5835 1436 5888 circa
1472 5833 1656 5889 finem.
1691 5833 1852 5889 FABn.
