4088 6462
656 341 793 405 1251

1753 334 2160 396 ANASTASII
2217 333 2854 396 BIBLIOTHECARII

3745 344 3853 415 1252

652 460 931 530 quaerebat
953 459 1055 513 hoc
1087 455 1574 528 comprehendere.
1603 453 1888 508 Daemones
1916 461 2100 507 autem
2135 453 2256 506 loco
2285 456 2329 513 Α
2359 462 2722 508 consecratus
2754 462 2838 508 est
2898 453 3224 518 Antiochiae,
3259 463 3315 510 et
3342 455 3553 512 donavit
3610 459 3851 531 imperator

659 555 965 609 insidentes
1012 550 1380 621 prohibebant
1424 548 1574 601 illum
1615 546 1861 616 aggredi.
1916 543 2080 600 Omni
2121 559 2254 616 ergo

663 655 810 702 mota
860 642 1263 712 excogitationc
1312 654 1600 711 magorum
1651 653 1900 704 suorum,
1948 637 2256 709 deindeque

651 737 965 791 Judaeorum
1012 733 1244 790 consilio
1287 731 1609 794 frustratus,
1661 729 1898 785 credidit
1933 744 2029 800 per
2061 732 2257 784 oratio-

654 844 778 884 nem
823 827 1284 891 Christianorum,
1308 839 1429 894 quae
1447 823 1505 876 fit
1525 823 1592 876 ad
1624 821 1818 888 Deum,
1849 822 1980 876 huic
2005 822 2252 876 domina-

659 927 704 979 ri
728 941 743 990 ;
765 935 821 980 et
841 926 1158 994 episcopum
1185 921 1477 993 quemdam
1502 919 1964 982 Christianorum,
1985 919 2077 988 qui
2111 917 2253 988 apud

651 1016 852 1072 Persas
869 1029 1048 1082 erant,
1075 1031 1240 1085 super
1255 1017 1358 1069 hoc
1404 1013 1736 1084 deprecatus
1752 1020 1860 1067 est.
1881 1012 1986 1077 Qui
2012 1011 2242 1066 collecta

658 1109 936 1163 celebrata
955 1109 1270 1163 divinorum
1289 1106 1682 1178 mysteriorum
1699 1103 2180 1174 participatusest,
2200 1107 2255 1156 et

654 1199 923 1256 accedens
961 1200 1028 1254 ad
1097 1199 1276 1254 locum
1303 1199 1602 1263 daemones,
1639 1196 1735 1266 qui
1774 1195 1851 1250 illi
1883 1195 2117 1259 inerant,
2163 1207 2252 1262 pe-

657 1293 813 1360 pulit,
839 1300 894 1347 et
922 1290 1245 1348 sinelabore
1267 1298 1509 1345 castrum
1528 1286 1734 1342 Cabadi
1777 1283 2021 1340 tradidit.
2044 1283 2248 1353 Stupe-

660 1383 844 1438 factus
882 1391 1066 1436 autem
1098 1396 1264 1450 super
1293 1380 1401 1435 hoc
1452 1379 1614 1448 signo
1645 1377 1895 1432 Cabades
1942 1375 2117 1445 prima
2158 1390 2254 1428 ca-

658 1475 852 1529 thedra
889 1473 1212 1543 episcopum
1264 1471 1578 1536 honoravit,
1608 1484 1732 1524 cum
1781 1483 1960 1538 usque
1993 1467 2061 1520 ad
2113 1466 2250 1520 illud

661 1575 883 1638 tempus
918 1564 1205 1621 Manichzei
1233 1573 1400 1634 atque
1426 1561 1596 1618 Judaei
1635 1560 2028 1630 praesiderent;
2085 1574 2250 1630 porro

657 1660 973 1716 volentibus
1006 1657 1273 1730 baptizari
1307 1657 1582 1714 licentiam
1614 1655 1866 1727 praebuit.

737 1749 1014 1806 Vicesimo
1063 1750 1302 1820 septimo
1378 1749 1596 1819 imperii
1658 1747 1943 1802 Anastasii
1979 1761 2126 1803 anno
2165 1749 2251 1802 vi-

657 1831 740 1898 dit
820 1842 966 1898 idem
1045 1841 1356 1913 imperator
1425 1841 1481 1898 in
1565 1841 1687 1896 visu
1755 1841 1935 1895 virum
2019 1840 2248 1895 terribi-

670 1935 803 2000 lem,
855 1941 1166 2005 portantem
1218 1935 1508 2000 codicem;
1545 1932 1638 2004 qui
1695 1933 1842 1988 hunc
1880 1933 2160 2004 aperiens,
2196 1941 2250 1987 et

659 2025 951 2080 inveniens
985 2040 1188 2081 nomen
1246 2025 1622 2096 imperatoris,
1652 2023 1788 2079 dicit
1819 2025 1869 2080 ei
1895 2043 1907 2079 :
1956 2024 2091 2078 Ecce
2121 2039 2248 2093 μνον

657 2130 771 2186 pter
806 2118 1010 2174 malam
1049 2120 1212 2188 ﬁdem
1244 2128 1392 2172 tuam
1415 2118 1566 2173 deleo
1599 2117 2028 2189 quatuordecim,
2061 2125 2116 2172 et
2149 2116 2247 2172 de-

662 2213 794 2267 levit
823 2227 940 2268 eos.
969 2212 1405 2284 Expergefactus
1448 2219 1658 2278 autem,
1687 2221 1742 2266 et
1793 2211 2067 2266 advocato
2098 2210 2248 2264 Ada-

662 2307 872 2358 mantio
905 2305 1226 2376 praeposito,
1263 2305 1407 2358 dixit
1444 2303 1494 2358 ei
1535 2304 1826 2358 visionem.
1882 2303 1949 2356 Et
1981 2319 2096 2374 ego,
2135 2304 2249 2368 ait,

662 2397 772 2450 ridi
795 2397 906 2451 Itwc
937 2400 1041 2451 ista
1074 2405 1244 2461 nocte,
1275 2396 1401 2466 quia
1446 2397 1721 2450 assistenti
1753 2395 1880 2449 mihi
1920 2396 2135 2464 imperio
2166 2405 2254 2449 tuo

659 2503 851 2554 porcus
877 2505 1100 2559 magnus
1124 2489 1408 2555 veniens,et
1433 2489 1809 2556 comprehensa
1834 2497 2092 2556 prwtcxta
2116 2503 2253 2553 mea,

659 2581 885 2649 projecit
933 2597 1014 2634 me
1045 2581 1099 2634 in
1133 2590 1333 2634 terram
1362 2589 1410 2633 et
1448 2579 1740 2633 interemit.
1768 2578 2090 2634 Convocato
2121 2591 2256 2647 ergo

662 2670 904 2727 Proculo
928 2673 1244 2742 conjecture
1286 2673 1397 2743 (2'2)
1429 2671 1603 2726 edixit
1630 2670 1680 2726 ei
1707 2686 1832 2740 qua:
1860 2669 2082 2726 fuerant
2113 2671 2255 2737 visa;

663 2766 758 2835 qui
801 2765 948 2835 quod
976 2765 1140 2820 ambo
1172 2765 1352 2819 forent
1380 2772 1504 2834 post
1530 2763 1812 2834 paululum
1835 2762 2088 2816 morituri
2117 2777 2260 2832 prte-

663 2860 826 2913 dixit.
864 2859 1156 2914 Timotheo
1210 2874 1345 2913 vero
1395 2857 1958 2928 Constantinopoleos
1997 2857 2259 2926 episcopo

662 2960 904 3016 mortuo,
942 2951 1214 3007 Joannem
1253 2952 1632 3022 Cappadocem
1663 2952 1988 3021 episcopum
2019 2957 2074 3004 et
2123 2965 2256 3022 syn-

665 3045 869 3098 cellum
931 3044 1497 3114 Constantinopoleos
1545 3045 1869 3113 episc0pum
1902 3051 2254 3098 creaverunt.

2359 545 2571 601 civitati
2603 545 2956 600 Antiochenae
2985 547 3133 601 mille
3164 547 3332 602 libras
3363 549 3497 602 auri.
3531 548 3626 604 Sed
3668 561 3716 606 et
3737 565 3857 612 cete-

2357 638 2434 691 ris
2467 638 2698 692 urbibus
2726 638 3160 694 benevolentiam
3191 639 3466 708 praestitit,
3493 639 3721 697 inhibens
3753 661 3858 715 quo-

2357 743 2464 798 quc
2501 739 2555 784 et
2585 729 2835 797 publicas
2862 728 3331 800 perturbationes.
3370 729 3616 786 Xenaiam
3643 748 3772 797 vero,
3787 740 3856 806 qui

2356 830 2409 875 ct
2471 821 2804 877 Philoxenus
2853 822 3160 888 dicebatur,
3208 821 3516 894 episcopum
3551 823 3859 896 Rierapoleos,

2356 929 2480 968 cum
2535 923 2684 971 esset
2733 915 3086 982 Manichacus,
3119 925 3174 972 et
3239 917 3455 973 Petrum
3500 919 3719 989 Apamia:
3765 939 3857 980 cum

2355 1005 2615 1061 omnibus
2648 1005 2824 1076 ipsius
2857 1007 3085 1061 macula
3114 1007 3478 1077 participibus
3502 1009 3684 1065 exsilio
3702 1012 3860 1082 relega-

2355 1096 2454 1149 vit.
2487 1095 2784 1151 Revocavit
2819 1105 3002 1153 autem
3037 1113 3232 1154 omnes
3278 1105 3542 1170 quotquot
3567 1099 3749 1171 injuste
3773 1102 3857 1158 fue-

2355 1197 2483 1240 rant
2541 1187 2609 1242 ab
2639 1189 2935 1243 Anastasio
2962 1190 3184 1244 exsules
3234 1191 3536 1245 constituti.
3571 1190 3670 1247 Sed
3698 1202 3745 1247 et
3788 1195 3856 1266 Ap-

2356 1281 2574 1348 pioncm
2637 1282 2956 1350 patricium,
3010 1298 3174 1352 quem
3239 1282 3295 1337 in
3334 1283 3546 1339 Nicmna
3601 1286 3855 1344 civitatein

2354 1373 2740 1444 presbyterum
2802 1384 3242 1441 consecraverat,
3288 1391 3553 1448 quemque
3609 1378 3858 1449 imperator,

2357 1472 2418 1518 ut
2446 1450 2635 1520 revera
2659 1467 3006 1536 prudentem,
3031 1468 3350 1538 praefectum
3377 1468 3499 1525 fecit
3521 1471 3856 1541 praetoriorum.

2358 1557 2619 1628 Sequenti
2653 1567 2837 1615 autem
2877 1576 3024 1617 anno
3053 1560 3266 1618 Joanne
3291 1561 3636 1632 Cappadocia:
3655 1562 3866 1619 Constan-

2359 1653 2730 1723 tinopolitano
2768 1655 3030 1726 episcopo
3081 1655 3364 1722 defuncto,
3424 1655 3739 1728 Epiphanius
3779 1675 3868 1730 pre-

2359 1746 2546 1816 sbyter
2571 1745 2744 1816 ipsius
2766 1748 3017 1804 ecclesiae
3045 1756 3209 1816 atque
3231 1749 3502 1819 syncellus
3526 1758 3776 1818 promotus
3793 1759 3868 1818 est;

2357 1839 2616 1894 similiter
2655 1849 2712 1894 et
2741 1838 3034 1896 Hormisda
3073 1840 3324 1898 Romano
3352 1842 3647 1898 dormiente
3679 1840 3866 1898 Joannes

2333 1931 2734 2002 .episcOpatum
2779 1935 3042 2005 suscepit.

2425 2024 2613 2080 Tertio
2671 2024 2872 2082 Justini
2914 2027 3184 2110 principis
3218 2043 3390 2095 anno,
3422 2028 3565 2084 bello
3597 2036 3731 2084 moto
3758 2028 3862 2084 inter

2355 2115 2636 2172 Romanos
2662 2126 2717 2173 et
2742 2118 2962 2184 Persas,
2996 2118 3146 2174 misit
3177 2119 3322 2174 idem
3349 2118 3593 2175 Justinus
3634 2119 3808 2190 legatos
3830 2128 3868 2174 et

2356 2226 2584 2267 munera
2613 2211 2680 2266 ad
2715 2211 2970 2267 Zelicben
3020 2226 3205 2282 regem
3263 2211 3621 2280 Hunnorum,
3653 2221 3701 2268 et
3729 2227 3870 2282 repro-

2356 2297 2506 2353 misit
2536 2311 2662 2353 cum
2691 2299 3024 2369 iuramentis
3058 2317 3117 2357 se
3154 2303 3474 2372 imperatori
3506 2311 3685 2359 contra
3715 2303 3865 2358 Persas

2356 2390 2622 2445 auxilium
2662 2401 3075 2461 praestaturum.
3109 2393 3363 2450 Mittente
3416 2403 3589 2451 autem
3619 2407 3668 2451 et
3710 2397 3871 2452 Cabade

2357 2483 2675 2552 repromisit
2701 2493 2755 2538 et
2785 2483 2913 2553 ipsi.
2945 2484 3057 2540 Hoc
3085 2501 3219 2542 sane
3249 2487 3507 2543 Justinus
3543 2488 3770 2544 ediscens
3805 2488 3874 2541 tri-

2358 2581 2538 2631 status
2567 2582 2654 2630 est
2682 2573 2862 2631 valde.
2895 2575 3071 2631 Porro
3125 2578 3334 2633 direxit
3364 2580 3429 2633 ad
3463 2579 3650 2634 Persas
3679 2577 3875 2633 Zelicbcs

2357 2667 2555 2738 viginti
2590 2669 2765 2724 millia
2801 2670 2866 2724 ad
2893 2671 3320 2742 expugnandum
3359 2671 3643 2726 Romanos.
3675 2671 3736 2724 At
3781 2685 3876 2725 vero

2356 2760 2612 2818 Justinus
2636 2763 2936 2820 destinavit
2970 2765 3177 2820 Cabadi
3214 2767 3332 2836 regi
3365 2767 3644 2822 Persarum
3691 2765 3872 2837 legatio-

2360 2870 2483 2910 nem
2512 2870 2612 2926 pro
2645 2871 2801 2926 pace,
2823 2864 2875 2912 ct
2909 2859 3069 2928 quasi
3103 2874 3268 2928 super
3294 2860 3405 2915 alio
3435 2860 3658 2932 quodam
3682 2860 3877 2915 scribens

2358 2951 2524 3002 etiam
2577 2947 2646 3004 de
2705 2948 2927 3004 Zelicbe
2986 2950 3343 3020 significavit,
3378 2954 3506 3024 quia
3555 2949 3870 3022 opitulationis

2356 3039 2672 3109 iuramenta
2718 3060 2839 3098 cum
2895 3042 3164 3098 Romanis
3195 3044 3383 3108 habet,
3421 3046 3546 3116 quia
3602 3053 3654 3101 et
3703 3056 3877 3098 munera

670 3135 776 3187 llic
805 3144 1168 3190 consecratus
1207 3135 1372 3190 tertio
1402 3135 1491 3189 die
1522 3134 1745 3190 Paschae
1774 3134 2132 3203 apostolicam
2169 3134 2255 3189 in-
2284 3163 2328 3222 α
2363 3132 2576 3202 accepit
2604 3133 2796 3198 multa,
2827 3143 2880 3188 et
2909 3135 3025 3189 vult
3055 3133 3303 3204 proditor
3364 3137 3656 3192 Persarum
3693 3134 3804 3195 ﬁeri.
3841 3138 3880 3187 ct

670 3227 844 3282 dutus
875 3236 962 3283 est
989 3230 1210 3284 stolam.
1247 3229 1496 3299 Populus
1535 3235 1720 3284 autem
1748 3229 2072 3284 instantiam
2111 3231 2257 3285 mul-

671 3331 784 3373 tam
821 3321 1018 3391 agebat
1059 3333 1116 3376 ut
1143 3319 1388 3377 Joannes
1418 3321 1912 3377 anathematizarct
1969 3321 2257 3378 Severum.

665 3410 841 3466 Porro
861 3412 1054 3468 eodem
1078 3427 1224 3468 anno
1237 3420 1490 3468 mortuus
1511 3413 1813 3483 estimpius
1831 3414 2181 3481 Anastasius,
2206 3423 2261 3469 et

663 3501 954 3571 imperavit
979 3503 1102 3573 pius
1125 3501 1376 3560 Justinus
1398 3518 1498 3573 pro
1519 3519 1606 3572 eo,
1626 3505 1711 3558 vir
1738 3505 1922 3560 senior
1939 3514 1994 3560 et
2029 3504 2258 3560 multum

663 3593 1049 3665 peritus,quia
1097 3610 1127 3649 a
1173 3595 1440 3652 militibus
1462 3596 1729 3666 incipiens
1783 3611 1959 3667 usque
1993 3597 2062 3652 ad
2097 3610 2261 3653 sena-

663 3693 780 3740 tum
805 3686 1062 3757 profecit,
1084 3688 1337 3759 lllyrieus
1367 3703 1590 3759 genere.
1627 3687 1864 3755 Quidam
1897 3696 2080 3744 autem
2103 3689 2260 3744 aiunt

663 3779 808 3846 quod
824 3777 1012 3833 divino
1033 3777 1259 3836 fulmine
1277 3796 1580 3851 percussus
1628 3781 1956 3838 Anastasius
1973 3783 2258 3853 periisset.

736 3868 928 3924 Mundi
978 3886 1125 3926 anno
1179 3871 1344 3939 60H,
1397 3873 1600 3928 divinae
1657 3873 2057 3929 incarnationis
2111 3889 2258 3930 anno

665 3957 792 4023 5H,
838 3974 985 4015 anno
1039 3961 1256 4031 imperii
1286 3960 1491 4017 Justini
1541 3963 1741 4033 primo,
1789 3963 2100 4020 Vitalianus
2134 3973 2258 4034 post

672 4060 907 4105 mortem
941 4050 1220 4107 Anastasii
1254 4053 1434 4108 eidem
1465 4053 1785 4122 imperatori
1818 4053 1976 4109 valde
2013 4053 2251 4110 familia-

664 4141 744 4195 ris
769 4139 1000 4198 eﬂ‘ectus
1034 4149 1142 4208 est,
1178 4143 1252 4198 ita
1285 4150 1372 4212 Lut
1425 4143 1619 4198 consul
1685 4145 2074 4214 appellaretur,
2114 4146 2256 4201 fidu-

668 4230 924 4300 ciamque
988 4240 1201 4286 tantam
1241 4233 1390 4303 apud
1446 4232 1840 4304 imperatorem
1907 4235 2136 4293 haberet
2195 4247 2256 4292 ut

663 4323 834 4378 etiam
866 4322 1134 4381 Severum
1163 4327 1491 4398 praeciperet
1517 4328 1646 4399 ejici
1675 4337 1731 4385 et
1760 4329 2002 4384 interimi
2031 4353 2043 4386 :
2086 4331 2253 4388 nimis

661 4418 810 4472 enim
841 4426 964 4473 erat
993 4419 1341 4476 orthodoxus
1404 4419 1734 4478 Vitalianus.
1769 4422 1891 4488 Quo
1930 4423 2120 4479 audito
2151 4423 2252 4479 Se-

2365 3227 2498 3294 quia
2537 3233 2753 3294 oportet
2813 3239 2937 3291 nos,
2971 3241 3096 3281 cum
3130 3227 3307 3284 simus
3350 3227 3570 3291 fratres,
3626 3227 3688 3282 ad
3737 3224 3880 3280 amici-

2367 3317 2497 3371 tiam
2553 3315 2743 3371 venire
2795 3324 2990 3372 etnon
3051 3332 3082 3370 a
3117 3317 3353 3374 canibus
3409 3318 3530 3374 istis
3585 3317 3742 3372 illudi.
3766 3313 3879 3368 Tunc

2365 3406 2617 3463 Cabades
2671 3421 2968 3463 accersens
3026 3419 3242 3463 secreto
3295 3407 3575 3473 Zelicben,
3625 3407 3879 3463 sciscitatus

2367 3511 2454 3558 est
2486 3502 2536 3559 si
2566 3502 2875 3571 accepisset
2902 3517 2932 3556 a
2975 3500 3240 3556 Romanis
3267 3517 3524 3568 munera,
3563 3502 3786 3556 hortatus
3809 3495 3880 3551 ad-

2363 3610 2561 3652 versus
2594 3595 2827 3662 Persas;
2860 3595 2954 3666 qui
2983 3593 3124 3650 dixit
3151 3614 3164 3649 :
3214 3593 3420 3650 Etiam.
3463 3595 3527 3650 Et
3556 3596 3717 3651 iratus
3741 3591 3878 3648 Caba-

2363 3687 2462 3744 des
2501 3688 2708 3743 occidit
2745 3703 2894 3754 eum,
2924 3697 2979 3743 et
3007 3703 3104 3759 per
3139 3696 3360 3744 noctem
3402 3689 3567 3744 missa
3597 3681 3882 3741 multitudine

2365 3780 2656 3837 Persarum
2723 3780 3005 3836 interfecit
3064 3780 3336 3851 populum
3404 3781 3524 3851 ejus
3558 3821 3573 3847 ,
3631 3777 3880 3847 suspicatus

2361 3872 2509 3943 quod
2535 3872 2664 3928 dolo
2689 3874 2974 3928 venissent
3011 3874 3077 3926 ad
3114 3873 3264 3926 illum
3293 3889 3310 3938 ;
3343 3879 3608 3944 quotquot
3634 3878 3785 3924 autem
3807 3877 3878 3933 po-

2361 3974 2591 4021 tuerunt
2651 3964 2859 4034 fugere,
2921 3965 3207 4020 redierunt
3259 3964 3331 4018 ad
3388 3966 3627 4036 propria.
3673 3961 3874 4016 hereret

2359 4057 2703 4128 Euphrasius
2733 4057 3117 4113 Antiochenns
3142 4057 3644 4114 Chalcedonensem
3667 4049 3867 4125 synodum

2355 4147 2598 4203 exclusit
2620 4163 2649 4202 a
2670 4146 2971 4219 diptychis,
3009 4147 3106 4202 sed
3135 4155 3191 4204 et
3222 4162 3428 4204 nomen
3458 4145 3747 4203 Hormisdaa
3766 4151 3870 4211 palm

2357 4238 2616 4294 Romani.
2654 4240 2786 4294 Post
2840 4239 2956 4294 haec
2990 4253 3125 4295 vero
3179 4239 3390 4296 timens
3435 4245 3671 4311 quatuor
3699 4228 3877 4290 concilia

2359 4331 2730 4387 confirmavit.

2427 4425 2636 4492 Quinto
2667 4439 2813 4480 anno
2846 4425 3059 4493 imperii
3114 4424 3322 4480 Justini
3353 4424 3563 4480 Zathus
3620 4434 3707 4475 rex
3749 4415 3877 4470 Lato-

663 4523 829 4564 verus
888 4510 1050 4582 fugit,
1105 4521 1159 4567 et
1211 4511 1468 4571 Julianus
1522 4513 1894 4572 Halicarnassi
1927 4516 2244 4587 episcopus.
2288 4537 2332 4593 ι)
2364 4537 2509 4584 rum,
2549 4519 2815 4576 recedens
2849 4535 2879 4574 a
2902 4535 3072 4591 regno
3098 4518 3397 4574 Persarum
3429 4523 3684 4588 regnante
3711 4502 3881 4565 Cabadc

663 4600 965 4672 Egyptum
997 4604 1289 4672 abeuntes,
1323 4605 1468 4662 hanc
1497 4608 2003 4673 conturbaverunt,
2041 4624 2254 4665 sermo-

662 4709 788 4747 nem
821 4696 890 4751 de
911 4697 1258 4767 corruptibili
1287 4707 1341 4753 et
1370 4698 1784 4768 incorruptibili
1814 4710 2251 4768 commoventes,

664 4784 794 4840 dum
830 4789 1176 4844 Alexandriae
1207 4789 1506 4847 Dioscorus
1538 4799 1689 4848 esset
1749 4792 2068 4864 episcopus.
2118 4792 2252 4864 Epi-

665 4878 820 4947 scopi
849 4890 1030 4934 autem
1057 4888 1112 4935 et
1146 4881 1334 4937 clerici
1385 4881 1616 4938 Romam
1671 4885 1974 4952 venientes,
2012 4885 2254 4940 auctori-

664 4978 776 5024 tate
817 4970 886 5026 ab
914 4971 1212 5029 Hormisda
1242 4973 1493 5030 Romano
1547 4976 1811 5047 episcopo
1876 4979 2063 5035 studio
2098 4977 2253 5036 Vita-

663 5061 792 5116 liani
823 5070 1106 5132 percepta,
1132 5078 1258 5118 cum
1291 5064 1474 5120 adhuc
1502 5067 1708 5123 viveret
1735 5067 1999 5140 .Joannes
2032 5070 2251 5143 Cappa-

661 5158 770 5212 dox
796 5159 1092 5229 episcopus
1122 5159 1798 5234 ConstantinOpolitanus,
1818 5175 2068 5222 sanctam
2093 5167 2254 5222 Chal-

661 5251 1028 5308 cedonensem
1068 5252 1341 5324 synodum
1378 5256 1436 5309 in
1501 5255 1780 5327 diptychis
1830 5258 2250 5325 ordinaverunt,

664 5359 773 5400 una
802 5359 928 5402 cum
985 5345 1111 5403 aliis
1162 5348 1340 5403 sacris
1385 5347 1566 5404 tribus
1617 5350 1890 5406 conciliis.
1927 5350 2062 5406 Cum
2119 5367 2251 5408 vero

665 5436 902 5496 Severus
950 5439 1159 5512 impius
1205 5440 1330 5514 fuga
1367 5442 1554 5514 lapsus
1574 5451 1724 5499 esset
1750 5443 1999 5511 effectus,
2047 5446 2250 5502 Paulus

2361 4623 2417 4671 et
2455 4614 2688 4669 Zathum
2731 4621 2973 4679 amante,
3011 4613 3108 4683 qui
3147 4613 3317 4668 etiam
3348 4613 3503 4668 illum
3539 4612 3593 4666 in
3622 4616 3782 4677 regem
3806 4595 3879 4652 ἰοει-

2361 4723 2551 4764 zorum
2585 4715 2939 4779 provexerat,
2968 4707 3120 4760 venit
3150 4704 3480 4778 Byzantium
3527 4702 3592 4758 ad
3633 4695 3875 4755 Justinum.

2359 4811 2415 4858 et
2446 4803 2658 4872 rogavit
2689 4817 2815 4856 eum
2851 4808 2910 4854 ut
2937 4799 3091 4854 ﬁeret
3115 4799 3463 4855 Christianus
3507 4805 3562 4853 et
3596 4794 3660 4850 ab
3689 4792 3790 4860 ipso
3809 4795 3874 4844 ιβ’

2360 4895 2658 4966 pellaretur
2692 4895 2992 4964 imperator
3020 4891 3314 4946 Lazornm.
3353 4893 3427 4945 At
3481 4891 3762 4959 imperator
3785 4888 3875 4966 cut!t

2361 4965 2564 5058 gaudio
2593 4987 2688 5041 illo
2727 4994 3013 5055 suscepto,
3067 4985 3402 5039 illuminavit
3448 4982 3564 5054 (es)
3607 4991 3721 5034 eum
3751 4979 3795 5027 et
3833 4965 3877 5018 li-

2359 5081 2492 5134 lium
2525 5078 2837 5149 appellavit.
2867 5077 3170 5133 Proveclus
3204 5085 3387 5131 autem
3419 5075 3708 5144 imperator
3749 5062 3879 5117 Lato-

2357 5185 2480 5226 rum
2509 5185 2537 5223 a
2568 5168 2786 5225 Justino
2819 5169 3055 5240 portavit
3085 5181 3344 5222 coronam
3372 5173 3427 5221 et
3455 5157 3776 5231 chlamydem
3803 5153 3878 5204 inl-

2355 5265 2689 5335 peratoriam
2749 5263 2953 5318 albam.
3021 5261 3143 5328 Quo
3197 5267 3481 5330 comperto
3539 5251 3767 5311 Cabades
3809 5251 3879 5293 re!

2357 5357 2652 5412 Persarum
2712 5354 3045 5425 significavit
3078 5353 3396 5423 imperatori
3454 5348 3696 5406 Justino,
3732 5339 3882 5431 άίςειξε

2357 5449 2488 5520 quia
2542 5449 2680 5502 Cum
2707 5447 2950 5501 amicitia
2979 5455 3030 5502 et
3062 5460 3160 5516 pax
3191 5445 3263 5500 sit
3292 5444 3434 5498 inter
3461 5455 3578 5504 nos,
3602 5449 3717 5506 qua:
3740 5428 3883 5484 inimi-

2212 5589 2443 5646 ΝΟΤᾹΕ.

732 5675 843 5758 (22)
869 5675 1200 5758 conjectare.
1231 5679 1439 5758 Glossre
1466 5699 1489 5758 :_
1516 5682 2206 5758 ὁνειροκρεῖῃςλςῡῐιὶροιρι·
2228 5725 2242 5749 ,

662 5751 1074 5824 soninisolutor,
1106 5752 1446 5824 somniorum
1479 5751 1772 5824 interpres.
1802 5753 1866 5812 V.
1894 5754 2071 5808 Plaut.
2109 5757 2247 5810 Cur—

661 5817 764 5870 cut.
800 5827 905 5870 act.
945 5819 1010 5886 ll,
1051 5835 1132 5875 sc.
1173 5830 1268 5874 tet
1295 5838 1352 5874 ιι.
1403 5822 1570 5882 ern.

2434 5685 2548 5758 (25)
2598 5683 2954 5758 Illuminavit,
3011 5682 3300 5758 teda-creata.
3324 5673 3589 5758 Φειξτίξειν

2356 5727 2580 5810 parum
2598 5727 3355 5825 ’έδξξθξὶςιῖ’δυο-ὖςιςιῆξιιοεῑ
3380 5727 3447 5802 v;
3714 5727 3896 5790 mute

2357 5828 2416 5880 τὸ
2450 5831 2604 5895 ἅγιον
2631 5826 2936 5896 βάπτισμα.
2973 5825 3052 5879 In.
