4088 6432
330 350 466 416 1253

1146 357 1513 417 HISTORIA
1544 354 2130 418 ECCLESIAS’I‘ICA
2171 353 2273 413 EX
2317 351 2800 416 ΤΗΕΟΡΠΑΝΕ.

3464 354 3603 422 1254

324 482 520 522 corum
554 477 686 524 sunt
715 469 855 539 agis,
885 475 941 524 et
976 484 1071 526 eos
1112 472 1206 541 qui
1241 472 1347 527 sub
1399 479 1671 542 potestate
1706 471 1906 525 Persa-
1934 470 1988 527 Α
2013 476 2163 521 motu
2191 475 2246 523 ct
2275 476 2332 521 et
2365 479 2619 523 mortuus
2647 454 2756 535 cst,
2787 478 2843 524 et
2875 469 3057 525 omnis
3105 470 3304 530 domus
3332 484 3389 533 ct
3421 480 3607 535 eccle-

325 573 451 613 rum
487 573 518 612 a
576 561 780 616 saeculo
808 573 967 617 erant
1020 562 1397 633 assumpsisti.
1429 563 1535 631 Qui
1572 562 1786 620 remisit
1814 564 1863 619 ei
1894 581 1910 616 :

328 650 450 707 Nos
471 668 787 723 quemquam
813 654 1174 724 subjectum
1207 657 1430 727 imperio
1485 665 1575 711 tuo
1616 673 1778 726 neque
1831 673 1920 710 as-

325 744 677 811 sumpsimus,
700 761 864 816 neque
883 746 1371 802 subverttmus.Sed
1396 746 1685 803 ascendens
1713 746 1919 802 Zatltus

327 834 402 889 ad
427 835 729 904 imperialiu
753 847 938 892 nostra
963 837 1242 909 procidens
1293 841 1608 908 deprecatus
1641 848 1718 896 est
1766 850 1824 893 ιιι
1853 837 1918 894 ab

332 927 548 982 scelesto
577 937 627 982 et
659 945 869 1000 pagano
894 930 1143 1000 dogmate
1164 932 1442 1002 impiisque
1463 932 1745 1001 sacriﬁciis
1768 940 1816 985 et
1839 946 1921 985 er-

328 1037 452 1078 rore
481 1019 781 1079 daemonum
811 1022 1153 1089 liberaretur,
1172 1035 1223 1078 et
1246 1024 1515 1078 accederet
1565 1026 1635 1078 ad
1674 1025 1919 1080 condito-

329 1130 442 1167 rem
482 1115 721 1169 omnium
749 1114 943 1183 Deum,
970 1125 1020 1170 et
1051 1116 1200 1184 [teret
1229 1113 1589 1171 Christianus.
1628 1114 1784 1170 lianc
1825 1132 1920 1170 nos

329 1206 662 1271 baptizantes
697 1208 1020 1263 absolvimus
1074 1207 1143 1262 ad
1189 1208 1462 1278 propriam
1508 1209 1791 1279 regionem.
1841 1206 1918 1262 Ex

332 1309 471 1355 tunc
530 1314 663 1369 ergo
721 1300 864 1355 facta
914 1309 999 1356 cst
1029 1300 1321 1356 inimicitia
1373 1300 1828 1357 inter-Romanos
1867 1310 1922 1357 ct

330 1390 550 1446 Persas.
592 1391 798 1447 Eodem
835 1408 1055 1462 quoque
1084 1407 1231 1448 armo
1259 1402 1417 1467 gesta
1450 1402 1581 1449 sunt
1612 1409 1735 1464 quae
1770 1395 1921 1453 circa

333 1482 394 1536 S.
428 1483 674 1537 Arethan
713 1493 1107 1554 provenerunt.

406 1573 577 1630 Sexto
613 1575 828 1645 imperii
880 1574 1086 1631 Justini
1142 1559 1767 1645 anno'Theuderichus,
1808 1577 1921 1634 Bo-

333 1683 479 1722 mam
509 1677 703 1724 tenens
732 1679 783 1724 ct
837 1684 901 1724 ea
937 1685 1061 1741 quae
1112 1669 1234 1725 Arii
1263 1679 1393 1726 sunt
1428 1671 1650 1740 sapiens
1674 1713 1691 1737 ,
1742 1674 1924 1743 coegit

327 1757 597 1815 Joannem
635 1775 827 1831 papam
860 1763 1048 1817 venire
1071 1762 1395 1833 Byzantium
1428 1762 1499 1815 ad
1533 1764 1919 1832 imperatorem

330 1848 612 1906 Justinum
645 1861 700 1907 et
731 1854 1080 1911 intercedere
1112 1870 1212 1925 pro
1238 1855 1486 1920 Arianis,
1525 1862 1586 1908 ιιι
1618 1868 1728 1910 non
1767 1869 1921 1910 com-

332 1946 561 2016 pelleret
595 1946 721 2003 illos
775 1948 844 2001 ab
898 1947 1095 2005 haeresi
1149 1963 1250 2004 sua
1312 1948 1618 2005 discedere.
1671 1945 1809 2003 Nam
1865 1955 1921 2003 et

333 2037 758 2095 Theuderichus
813 2041 920 2095 hoc
974 2040 1028 2094 in
1094 2041 1454 2107 orthodoxos,
1507 2042 1602 2113 qui
1655 2042 1712 2096 in
1769 2039 1921 2096 Italia

333 2137 519 2194 erant,
557 2132 739 2187 facere
778 2132 1116 2187 minabatur.
1159 2130 1400 2189 Joannes
1432 2149 1564 2190 vero
1596 2134 1921 2206 Byzantium

335 2223 585 2285 veniens,
617 2234 670 2277 ct
698 2223 966 2281 invitatus
995 2226 1064 2279 ab
1095 2223 1404 2296 Epiphanio
1436 2225 1780 2295 patriarcha,
1811 2241 1920 2282 non

333 2313 637 2377 consentit,
666 2329 956 2385 usquequo
986 2315 1311 2385 ,Epiphanio
1358 2315 1681 2384 praesideret
1736 2325 1926 2385 utpote

333 2419 478 2475 papa
537 2404 846 2461 Romanus.
882 2408 984 2473 Qui
1042 2407 1303 2463 oumibus
1355 2408 1581 2478 quidem
1648 2408 1924 2478 episcopis

332 2501 787 2567 communicavit,
842 2498 1135 2557 Timotheo
1197 2516 1330 2557 vero
1381 2500 1761 2557 Alexandrino
1812 2517 1923 2557 non

335 2593 791 2649 communicavit.
843 2592 1092 2649 tiabadcs
1146 2605 1328 2649 autem
1367 2593 1656 2649 Persarum
1715 2609 1831 2659 rex,
1862 2593 1924 2648 ﬁ-

338 2683 451 2738 lius
486 2682 698 2749 Perosi,
738 2685 910 2739 multa
942 2680 1116 2739 millia
1151 2684 1575 2740 Manichaeorum
1628 2700 1753 2741 cum
1805 2687 1925 2758 epi-

339 2789 511 2846 scopo
541 2790 731 2832 eorum
765 2775 1033 2831 lndazaro
1090 2790 1199 2830 una
1230 2776 1319 2831 die
1374 2777 1625 2847 peremit,
1657 2792 1766 2833 una
1797 2793 1924 2832 cum

338 2868 695 2925 senatoribus
725 2866 933 2934 Persis,
958 2867 1052 2938 qui
1080 2883 1277 2924 sensus
1307 2883 1500 2925 eorum
1525 2878 1706 2925 erant.
1726 2868 1923 2926 Filium

339 2961 489 3016 enim
524 2961 666 3032 ejus,
699 2963 923 3019 nomine
951 2961 1346 3030 Pthasuarsan,
1375 2963 1662 3020 Manichaei
1691 2979 1721 3019 a
1755 2980 1927 3035 puero

340 3049 680 3108 instruentes
716 3061 769 3108 et
793 3055 877 3109 sui
907 3069 1106 3112 sensus
1138 3053 1439 3111 efﬁcientes
1468 3057 1929 3126 repromittcbant

2021 560 2106 614 sia
2133 559 2355 623 cecidit,
2409 569 2466 615 et
2522 561 2880 631 pulchritudo
2940 563 3185 622 civitatis
3239 569 3607 629 exterminata

2020 662 2142 709 est:
2181 668 2290 709 non
2323 652 2471 710 enim
2505 652 2649 710 facta
2683 663 2768 711 cst
2803 656 2932 712 talis
2958 657 3225 713 divinitus
3253 659 3391 718 ultio
3420 662 3477 716 in
3498 663 3608 719 alia

2021 744 2246 800 civitate
2304 759 2402 814 per
2456 760 2652 801 omnes
2691 747 3099 817 generationes.
3160 751 3261 807 Ast
3319 754 3608 824 piissimus

2022 838 2323 908 imperator
2348 838 2602 895 Justinus
2659 840 2748 897 his
2802 842 3040 912 cognitis
3085 844 3382 913 plurimum
3423 848 3609 905 animo

2021 929 2218 996 doluit,
2253 931 2328 984 ita
2363 938 2422 985 ut
2451 931 2635 988 ablato
2659 932 2968 990 diademate
2998 949 3028 989 a
3061 937 3242 1007 capite
3264 953 3367 996 suo
3397 947 3452 995 et
3477 956 3609 1012 pur-

2022 1036 2159 1091 pura
2190 1022 2399 1093 lugeret
2428 1024 2483 1078 in
2523 1038 2688 1080 sacco
2717 1027 2916 1084 sedens
2943 1043 3040 1099 per
3066 1029 3184 1087 dies
3215 1031 3442 1098 multos,
3468 1032 3609 1090 adeo

2021 1122 2083 1169 ut
2115 1113 2170 1168 in
2207 1113 2295 1168 die
2326 1114 2468 1170 festo
2496 1117 2807 1186 procedens
2835 1119 2903 1174 ad
2932 1121 3227 1178 ecclesiam
3263 1138 3374 1180 non
3403 1139 3608 1195 passus

2022 1206 2098 1262 sit
2126 1215 2349 1277 portare
2378 1222 2643 1264 coronam
2671 1211 2760 1267 vel
2792 1212 3161 1285 chlamydem.
3199 1213 3372 1272 Porro
3420 1231 3608 1274 mense

2020 1297 2228 1368 Aprilis
2268 1298 2515 1369 ejusdem
2546 1302 2755 1370 quintae
2784 1303 3106 1362 indictionis
3140 1316 3384 1376 azgrotus
3428 1309 3607 1379 impe~

2021 1398 2178 1446 rator
2206 1390 2461 1448 Justinus
2489 1392 2724 1451 effectus
2750 1397 3021 1465 provexit,
3051 1397 3184 1454 dum
3224 1398 3406 1455 adhuc
3454 1403 3608 1458 vive-

2023 1492 2127 1549 ret,
2185 1483 2241 1538 in
2298 1485 2692 1555 imperatorem
2753 1485 3130 1545 Justinianum
3189 1500 3443 1560 nepotem
3494 1492 3609 1562 (24)

2022 1592 2202 1642 suum,
2240 1578 2336 1648 qui
2371 1586 2427 1633 et
2476 1578 2841 1650 coimperavit
2895 1582 2951 1636 ei
3004 1581 3293 1638 mensibus
3337 1583 3391 1638 4.
3425 1583 3612 1640 Mense

2023 1677 2204 1723 autem
2234 1670 2485 1740 Augusto
2531 1669 2782 1741 ejusdem
2822 1670 3032 1740 quintae
3082 1672 3404 1730 indietionis
3442 1674 3614 1731 Justi-

2022 1777 2130 1817 nus
2162 1761 2319 1816 obiit.
2345 1761 2550 1818 Eodem
2586 1773 2773 1818 autem
2818 1778 2967 1819 anno
3000 1765 3284 1837 singulare
3316 1767 3609 1838 imperium

2021 1855 2370 1912 Justinianus
2402 1855 2666 1912 obtinuit.
2702 1857 2820 1912 Rex
2850 1869 3031 1913 autem
3063 1857 3422 1925 llelurorum,
3452 1859 3609 1915 Grie-

2025 1956 2109 2004 tes
2143 1948 2387 2012 nomine,
2417 1948 2487 2003 ad
2522 1947 2803 2005 Romanos
2830 1951 3118 2017 conﬂuxit,
3166 1961 3226 2005 et
3265 1952 3417 2007 venit
3458 1952 3609 2006 Con-

2025 2039 2442 2109 stantinopolim
2479 2054 2609 2095 cum
2639 2040 2840 2111 populo
2872 2056 2998 2106 suo,
3026 2050 3082 2097 et
3132 2042 3287 2112 petiit
3314 2041 3612 2112 imperato-

2026 2145 2142 2186 rem
2202 2146 2314 2201 qno
2375 2130 2532 2186 ﬁeret
2560 2130 2959 2195 Christianus;
3009 2132 3104 2202 qui
3161 2132 3501 2202 baptizatum
3556 2130 3611 2187 in

2025 2220 2402 2291 Theophaniis
2449 2221 2697 2290 suscepit
2734 2236 2859 2281 eum
2908 2237 2972 2277 ex
3035 2221 3615 2292 baptismate,~repro-

2025 2315 2335 2368 mittentem
2389 2312 2646 2368 auxiliari
2676 2313 2725 2368 ei
2760 2314 2817 2368 in
2873 2313 3295 2384 quibuscunque
3320 2313 3612 2369 voluisset.

2025 2406 2233 2462 Eodem
2270 2421 2417 2461 anno
2445 2406 2680 2462 adhaesit
2728 2404 2999 2462 Romanis
3030 2406 3233 2461 mulier
3266 2406 3519 2477 quaedam
3546 2421 3615 2462 ex

2027 2498 2265 2565 llunnis,
2291 2499 2383 2569 qui
2411 2498 2675 2554 dicuntur
2706 2498 2902 2562 Saber,
2933 2499 3193 2564 barbara,
3218 2499 3445 2554 nomine
3481 2497 3616 2553 Boa-

2028 2607 2141 2657 zer,
2160 2591 2572 2659 vidua,habens
2597 2607 2785 2647 secum
2813 2591 3139 2646 Hunnorum
3166 2590 3338 2646 millia
3368 2598 3612 2645 centum.

2029 2684 2167 2740 Tum
2206 2693 2261 2739 et
2292 2701 2387 2739 rex
2416 2683 2744 2741 Hunnorum
2775 2686 2870 2756 qui
2908 2695 3042 2741 sunt
3065 2685 3223 2755 juxta
3248 2683 3614 2754 Bosphorum.

2030 2775 2250 2830 nomine
2284 2774 2491 2842 Gorda,
2526 2776 2762 2833 accessit
2792 2777 2860 2831 ad
2909 2776 3321 2847 imperatorem,
3350 2783 3406 2830 et
3437 2773 3618 2829 factus

2029 2864 2379 2921 Christianus
2402 2874 2696 2936 susceptus
2724 2874 2809 2922 est
2841 2866 2910 2921 ab
2937 2867 3308 2936 imperatore;
3341 2874 3396 2921 et
3427 2864 3618 2920 multis

2030 2956 2079 3010 ci
2110 2957 2374 3025 praestitis
2400 2956 2565 3014 donis
2596 2958 2748 3014 misit
2774 2974 2899 3013 eum
2931 2960 2984 3013 in
3018 2959 3298 3030 regionem
3329 2959 3504 3029 ipsius
3547 2959 3617 3015 ad

2031 3047 2308 3104 Romanas
2335 3065 2423 3106 res
2451 3051 2842 3110 custodiendas
2861 3061 2917 3108 et
2942 3052 3286 3123 Bosphorum
3319 3052 3618 3118 civitatem,

340 3144 416 3211 ei,
441 3142 691 3199 dicentes
723 3145 853 3215 quia
882 3145 1047 3201 Pater
1077 3155 1205 3202 tuus
1235 3147 1440 3211 senuit,
1469 3155 1523 3203 et
1556 3149 1603 3204 si
1632 3149 1928 3221 contigerit
1954 3160 1999 3217 α
2033 3157 2157 3211 quae
2197 3157 2295 3211 pro
2327 3157 2394 3198 eo
2423 3144 2571 3212 quod
2604 3143 2873 3201 Romanis
2910 3146 3081 3201 boves
3118 3163 3216 3217 per
3243 3147 3494 3218 singulos
3518 3163 3622 3203 au-

339 3251 469 3291 eum
495 3237 656 3304 mori,
684 3238 966 3310 principes
997 3254 1284 3310 magorum
1317 3256 1487 3295 unum
1517 3240 1753 3297 fratrum
1805 3252 1931 3299 tuo-

341 3344 467 3383 rum
500 3330 712 3385 facient
762 3331 1175 3401 imperatorem,
1228 3346 1294 3387 eo
1333 3332 1480 3403 quod
1519 3341 1702 3388 teneat
1736 3333 1929 3407 dogma

340 3423 615 3493 ipsorum.
657 3423 768 3479 Nos
806 3431 990 3478 autem
1018 3439 1317 3494 possumus
1363 3440 1461 3496 per
1492 3427 1776 3484 orationes
1834 3445 1934 3484 no-

340 3523 492 3571 stras
520 3514 755 3571 suadere
789 3516 931 3586 patri
966 3524 1062 3570 tuo
1093 3518 1484 3573 abrenuntiare
1514 3519 1769 3589 imperio,
1800 3529 1855 3575 et
1881 3532 1932 3577 te

340 3624 695 3679 promovere,
723 3617 783 3663 ut
818 3609 1021 3678 ubique
1046 3610 1338 3665 conﬁrmes
1367 3610 1564 3682 dogma
1604 3611 1932 3669 Manichaeo—

340 3718 491 3757 rum.
522 3701 627 3768 Qui
669 3703 989 3772 repromisit
1044 3704 1149 3758 hoc
1206 3703 1407 3771 facere,
1474 3709 1521 3759 si
1578 3687 1931 3775 imperasset.

338 3792 481 3849 Cum
512 3804 699 3849 autem
730 3794 849 3848 haec
877 3794 1129 3851 Cabades
1168 3798 1543 3866 cognovisset,
1573 3797 1745 3867 jussit
1795 3813 1932 3854 cou-

343 3897 573 3942 ventum
606 3888 723 3942 ﬁeri
751 3889 913 3959 quasi
944 3889 1195 3946 facturus
1222 3891 1396 3946 lilium
1440 3906 1599 3945 suum
1631 3890 1934 3948 Pthasuar-

340 3998 441 4037 san
474 3983 889 4053 imperatorem,
922 3993 979 4038 et
1011 3999 1202 4039 omnes
1224 3984 1428 4054 jubens
1462 3984 1794 4041 Manichacus
1824 4002 1932 4043 una

342 4091 471 4130 cum
503 4076 764 4147 episcopo
787 4074 976 4132 eorum
1008 4086 1062 4133 et
1087 4077 1414 4134 mulieribus
1436 4088 1489 4134 et
1519 4079 1709 4143 liberis
1737 4080 1933 4138 adesse

336 4160 665 4236 'coaventui,
699 4170 955 4226 similiter
980 4179 1036 4226 et
1066 4171 1375 4242 principem
1405 4186 1689 4243 magorum
1731 4171 1932 4227 Glona-

342 4277 445 4317 zen
478 4274 534 4319 et
563 4279 773 4333 magos,
805 4276 858 4319 et
883 4264 1329 4319 Christianorum
1363 4265 1683 4335 episcopum
1719 4264 1927 4322 Boaza-

344 4372 480 4422 nen,
504 4357 763 4414 dilectum
794 4372 825 4411 a
855 4357 1077 4413 Cabade
1113 4365 1301 4428 utpote
1329 4357 1603 4413 medicum
1635 4360 1929 4428 optimum.

341 4447 415 4503 Et
435 4449 753 4505 convocatis
779 4447 1097 4505 Manichaeis
1129 4449 1229 4503 ait:
1251 4448 1467 4504 Gaudeo
1496 4465 1653 4519 super
1679 4453 1931 4521 dogmate

2036 3250 2139 3291 nos
2199 3250 2300 3305 pro
2367 3236 2618 3304 pecuniis
2668 3236 2961 3303 inferebat,
2993 3237 3314 3310 Bosphoros
3348 3241 3621 3312 appellata

2032 3337 2138 3386 est.
2172 3329 2400 3384 Locavit
2435 3338 2621 3386 autem
2672 3338 2727 3387 et
2786 3346 3079 3387 numerum
3134 3334 3387 3399 militum,
3418 3335 3622 3389 Roma-

2034 3437 2233 3477 norum
2267 3431 2322 3476 et
2375 3423 2722 3478 tribunorum
2764 3424 3046 3481 custodire
3078 3425 3358 3481 civitatem
3394 3436 3622 3497 propter

2034 3517 2287 3580 Hunnus,
2324 3520 2379 3570 et
2412 3515 2633 3585 exigere
2666 3516 2872 3571 tributa
2900 3517 3090 3571 boum.
3115 3518 3493 3589 Promulgavit
3521 3534 3622 3575 au-

2035 3613 2142 3662 tem
2182 3606 2419 3662 formam
2454 3607 2756 3678 imperator
2789 3607 2861 3664 de
2888 3609 3170 3679 episcopis
3206 3615 3261 3665 et
3311 3611 3621 3666 meonomis

2033 3708 2088 3754 et
2121 3699 2589 3771 erphanotrophis
2627 3709 2683 3756 et
2738 3701 3099 3767 xenodochis,
3158 3718 3225 3757 ne
3270 3703 3621 3759 lnercditates

2033 3792 2382 3862 possiderent
2415 3793 2519 3849 nisi
2554 3809 2678 3864 quae
2706 3794 3032 3866 priusquam
3070 3795 3501 3864 proveherentur
3522 3795 3624 3850 ba-

2033 3885 2221 3941 buisse
2286 3885 2676 3955 probarentur,
2742 3886 2811 3941 de
2858 3887 3062 3956 quibus
3115 3895 3171 3942 et
3225 3894 3619 3944 testamentum

2034 3978 2287 4034 emittere
2344 3978 2680 4048 potuissent.
2711 3979 2794 4034 Ab
2847 3979 2981 4034 hora
3009 3996 3139 4036 vero
3170 3996 3277 4051 qua
3331 3995 3622 4052 promoveo

2036 4078 2250 4140 rentur,
2281 4073 2559 4129 neminem
2595 4073 2799 4130 habere
2827 4073 3107 4130 licentiam
3139 4075 3493 4145 disponendi,
3523 4076 3621 4132 sed

2034 4170 2425 4240 omniaipsins
2475 4170 2843 4226 venerabilem
2899 4172 3122 4226 domum
3185 4170 3522 4225 hacreditari.
3555 4169 3622 4225 Et

2033 4263 2290 4333 exposuit
2320 4263 2618 4333 imperator
2645 4263 2792 4332 leges
2818 4263 3029 4317 validas
3054 4270 3247 4318 contra
3273 4261 3617 4326 libidinosas,

2034 4362 2089 4411 et
2122 4356 2280 4411 multi
2312 4355 2487 4426 puniti
2518 4364 2669 4419 sunt,
2695 4368 2753 4411 et
2781 4354 2959 4410 factus
2990 4365 3078 4410 est
3112 4356 3279 4409 timor
3308 4357 3520 4410 multus
3565 4364 3621 4410 et

2035 4448 2274 4502 cautela.
2304 4445 2612 4501 Benovavit
2639 4447 2809 4502 etiam
2849 4446 3163 4502 contrarias
3197 4445 3366 4516 leges,
3410 4446 3620 4500 faciens

341 4551 535 4608 vestro,
566 4549 617 4595 et
666 4540 782 4596 volo
811 4539 964 4606 dare,
1011 4540 1139 4595 dum
1170 4544 1303 4606 vivo,
1335 4541 1510 4611 ﬁlium
1555 4559 1729 4597 meum
1759 4536 1928 4598 PthaL
1960 4514 2005 4571 θ
2034 4538 2373 4611 singularem
2436 4538 2686 4595 codicem
2713 4577 2729 4604 ,
2787 4548 2843 4594 et
2904 4553 3112 4593 vocans
3174 4551 3300 4594 eum
3358 4535 3618 4592 Novellas

338 4648 578 4687 suarsan
629 4641 682 4688 et
726 4645 1139 4689 consentaneum
1202 4642 1454 4691 uestrum.
1508 4634 1614 4691 Sed
1663 4648 1932 4708 segregate

339 4726 688 4796 vosmetipsos
743 4724 812 4779 ad
844 4726 1204 4797 recipiendum
1240 4743 1384 4783 cum.
1424 4725 1531 4794 Qui
1571 4728 1697 4783 freti
1730 4729 1931 4786 ﬁducia

339 4820 673 4890 semetipsos
720 4829 1175 4891 segregaverunt.
1207 4820 1459 4877 Cabades
1493 4830 1678 4876 autem
1730 4823 1929 4892 praeci-

339 4911 501 4981 piens
534 4911 815 4969 exercitus
838 4926 970 4968 suos
1000 4911 1239 4984 ingredi,
1285 4928 1478 4970 omnes
1514 4914 1762 4970 concidit
1808 4916 1926 4987 gla-

338 5005 447 5059 diis
475 5018 600 5058 cum
640 5004 903 5075 episcopo
931 5019 1144 5073 eorum,
1176 5004 1281 5061 sub
1318 5013 1623 5078 conspectu
1656 5007 1927 5080 principis

341 5111 630 5168 magorum
662 5107 716 5153 et
744 5097 1190 5154 Christianorum
1222 5099 1511 5157 antistitis.

412 5188 598 5245 Mundi
664 5205 811 5245 anno
842 5190 1005 5257 60l9,
1058 5191 1260 5248 divinae
1318 5193 1723 5253 incarnationis
1781 5210 1925 5251 anno

338 5279 468 5348 519,
499 5295 626 5336 cum
658 5288 822 5337 terrae
848 5292 1032 5339 motus
1055 5282 1204 5353 apud
1241 5283 1593 5338 Antiochiam
1630 5285 1811 5340 adhuc
1841 5295 1926 5340 te-

338 5381 591 5439 neretur,
619 5372 965 5444 Euphrasius
991 5374 1287 5446 episcopus
1320 5374 1554 5431 obrutus
1577 5385 1662 5431 cst
1690 5390 1722 5430 a
1760 5386 1922 5434 terrae

2032 4633 2483 4698 constitutiones,
2527 4633 2584 4688 in
2608 4632 2810 4703 quibus
2864 4646 2974 4687 non
3005 4630 3280 4702 permittit
3312 4631 3618 4702 principem

2030 4723 2086 4778 in
2112 4722 2271 4789 locis,
2316 4724 2524 4794 quibus
2581 4732 2802 4795 praeest,
2841 4739 3028 4781 emere
3061 4726 3472 4795 possessionem
3526 4735 3623 4784 aut

2030 4814 2304 4877 aediﬁcare
2335 4816 2560 4871 domum
2613 4825 2712 4871 aut
2762 4816 3093 4872 luereditare
3152 4816 3269 4889 (‘25)
3302 4827 3621 4875 extraneam

2032 4923 2345 4981 personam,
2366 4909 2471 4964 nisi
2495 4909 2623 4980 quis
2648 4908 2752 4964 sibi
2782 4918 3051 4980 c0gnatus
3078 4910 3334 4965 exsistat.

2104 5000 2310 5057 Eodem
2370 5014 2517 5055 anno
2583 5014 2749 5071 passa
2801 5011 2887 5057 est
2931 4990 3187 5057 a‘divina
3242 5000 3621 5070 indignatione

2036 5109 2230 5150 rursus
2261 5092 2574 5159 Antiochia,
2610 5100 2737 5163 post
2768 5093 2912 5150 duos
2954 5107 3132 5149 annos
3172 5092 3372 5163 prioris
3405 5092 3621 5161 passio-

2035 5188 2143 5255 nis,
2170 5198 2227 5243 et
2256 5187 2435 5243 factus
2467 5193 2553 5242 est
2581 5193 2747 5242 terrae
2778 5195 2963 5242 motus
2989 5200 3221 5257 magnus
3242 5191 3298 5240 et
3319 5190 3619 5253 tempestas

2033 5281 2384 5353 gravissima.
2436 5282 2506 5336 Et
2559 5279 2809 5337 litaniam
2852 5280 3127 5336 faciebant
3181 5279 3275 5349 qui
3333 5292 3619 5334 romanae.

2030 5385 2157 5435 rant
2189 5389 2404 5439 omnes,
2439 5372 2783 5439 discalceati,
2811 5373 3132 5437 clamantes,
3173 5369 3358 5443 Kgrie,
3390 5369 3616 5435 deison,

1885 5471 2125 5532 ΝΟΤᾹΞ.

411 5567 840 5644 (QQ-Nepotem,
870 5562 1237 5644 ἔγεψιόνέιιι
1290 5570 1424 5644 tunc
1459 5562 1853 5644 lpquebantur,
1883 5566 1923 5621 ί,

336 5661 392 5699 e.
419 5631 661 5699 ’δότωῘέ
696 5631 831 5695 suae
862 5631 1060 5690 ﬁlium.
1122 5632 1427 5703 Gregorius
1459 5631 1670 5689 Turon.
1703 5631 1854 5690 Hist.
1887 5652 1926 5703 ι,

339 5715 454 5772 18ε
502 5731 522 5765 ι
560 5709 897 5766 Octavianus
940 5704 1072 5761 Julii
1120 5705 1355 5760 Caesaris
1382 5719 1572 5775 nepos,
1606 5720 1768 5775 quem
1817 5709 1931 5760 Au.

336 5794 560 5858 gustum
605 5787 829 5858 _vocant.
884 5797 907 5858 ι
944 5777 1011 5832 Et
1034 5777 1222 5858 ttr,'l8
1262 5794 1350 5858 εκ(
1394 5774 1805 5858 Ρειτιρρριιάειιε
1863 5778 1932 5858 de

339 5845 728 5913 interiectione
752 5857 1033 5921 nepotum.
1065 5867 1085 5901 ι
1119 5845 1391 5919 Loquitur
1418 5847 1485 5903 de
1505 5845 1811 5916 Cblotario,
1837 5849 1933 5916 qui

2036 5564 2179 5619 ﬁlios
2210 5561 2400 5616 fratris
2433 5558 2730 5616 occiderat.
2760 5556 2897 5613 Vide
2927 5555 3183 5612 Vossium
3224 5554 3302 5611 De
3326 5554 3470 5611 vitiis
3508 5570 3619 5609 ser-

2039 5634 2232 5698 mom's,
2268 5648 2307 5696 I,
2336 5631 2428 5685 27.
2463 5628 2625 5686 FABR.

2114 5695 2230 5788 ρει
2272 5695 2643 5788 timemus-
2675 5695 3616 5788 iste.iaetrrssevistelﬂf!

2040 5767 2387 5843 Philadelph.
2421 5787 2545 5843 qua:
2579 5775 2638 5828 ὃ.
2695 5770 2906 5843 lguatio
2936 5767 3237 5828 ascribitur
3263 5767 3288 5825 ξ
3312 5788 3332 5821 ι
3368 5767 3615 5840 Regnum
3648 5780 3653 5783 ‘

2044 5847 2140 5906 Dei
2172 5841 2663 5902 non'luereditabit
2723 5841 2744 5896 ὦ
2786 5841 2867 5898 ε».
