4088 6416
364 366 499 433 1257

1194 366 1560 426 HISTORIA
1596 365 2173 428 ECCLESIASTICA
2216 371 2312 430 EX
2360 373 2844 439 TIIEOPHANE.

3478 384 3613 448 1258

360 479 454 531 nia
482 491 603 548 quae
637 485 791 549 rapta
836 478 1050 532 fuerant
1085 488 1394 549 asportaret
1422 488 1473 535 et
1499 476 1738 551 propiiis
1760 481 1937 535 domi-
1972 490 2013 546 Α
2054 486 2282 554 spongia
2316 487 2528 551 rcddat,
2559 502 2725 556 porro
2766 488 3053 556 citharam,
3088 498 3146 544 ut
3173 490 3535 551 calamitatem
3559 506 3617 553 et

357 569 450 624 nis
473 570 723 624 redderet
752 587 766 635 ;
800 571 894 641 qui
928 570 1263 627 defraudans
1304 588 1369 626 ex
1419 572 1501 628 eis
1562 584 1614 627 et
1641 573 1933 643 perjurans

359 676 470 715 non
508 670 630 732 post
671 664 901 717 multum
943 663 1242 718 vindictam
1271 665 1547 720 exsolvit:
1599 680 1724 719 nam
1782 674 1936 721 extra
1982 704 1983 707 η

357 772 581 811 sensum
615 755 847 812 effectus
896 772 1049 813 suam
1113 758 1287 826 ipsius
1348 758 1589 828 linguam
1642 759 1938 813 comedens

356 850 512 905 obiit.
540 850 619 904 Ita
656 864 785 906 vero
816 861 1019 920 prwtor
1059 852 1180 907 sine
1239 851 1478 905 tumultu
1521 850 1717 905 urbem
1756 849 1941 920 possi-

356 943 546 1005 debat,
582 949 642 997 ut
672 958 774 999 nec
807 943 1063 1012 injuriam
1087 943 1404 1014 quampiam
1435 943 1674 998 inferret
1696 940 1935 1007 homini,

357 1051 461 1090 nec
493 1035 549 1088 in
587 1033 709 1088 foro
743 1036 1031 1105 quospiam
1079 1035 1337 1091 obserare
1371 1035 1597 1090 domum
1648 1036 1942 1105 continge-

358 1136 466 1189 ret,
500 1126 595 1180 sed
623 1134 867 1181 ementes
921 1126 1123 1182 milites
1152 1128 1560 1182 mandueabant
1588 1136 1645 1182 et
1677 1128 1943 1183 letaban-

358 1232 467 1273 tur.
493 1216 603 1274 Eos
636 1235 764 1273 vero
794 1219 1070 1275 Vandalos
1102 1220 1196 1290 qui
1253 1220 1320 1273 ad
1348 1236 1509 1275 sacra
1543 1221 1936 1291 confugerant,

359 1312 465 1367 fide
516 1313 758 1383 praestita
784 1314 1072 1368 educebat.
1121 1313 1399 1368 Murorum
1451 1322 1636 1368 autem
1691 1313 1939 1367 civitatis

354 1404 698 1476 diligentiam
727 1406 1042 1469 exhibebat,
1075 1421 1201 1459 cum
1233 1415 1394 1460 antea
1422 1406 1752 1476 negligentia
1812 1421 1940 1460 rue-

354 1508 499 1553 rent.
528 1498 697 1553 Porro
718 1498 1043 1553 dicebantct
1065 1509 1220 1553 vetus
1240 1500 1466 1554 verbum
1493 1498 1825 1568 Carthagine
1856 1498 1940 1552 di-

355 1597 530 1652 ctum,
550 1591 806 1645 videlicet
829 1591 1056 1645 Gamma
1079 1603 1439 1661 persequetur
1456 1591 1609 1656 Beta,
1639 1608 1789 1647 nunc
1819 1607 1943 1649 esse

366 1683 669 1752 perfectum
697 1700 709 1737 :
733 1683 886 1754 prius
904 1684 1048 1738 enim
1073 1684 1408 1740 Gczerichus
1434 1683 1774 1739 Bonifacium
1794 1685 1944 1739 inse-

353 1786 517 1832 cutus
544 1788 646 1843 cSt,
668 1792 811 1831 nunc
830 1792 961 1831 vero
978 1777 1276 1832 Belisarius
1300 1776 1646 1832 Gelimerem.
1678 1777 1944 1832 Praeterea

2044 576 2375 631 lamentetur
2404 589 2460 633 et
2482 580 2699 634 defleat.
2743 578 2840 635 His
2864 582 3067 638 auditis
3100 581 3270 639 Faras
3289 587 3614 653 condolens,

2040 673 2094 718 ct
2129 663 2403 719 fortunam
2436 667 2732 722 humanam
2761 668 3081 740 deplorans,
3140 674 3447 731 secundum
3494 678 3618 747 ejus
3642 718 3682 763 μί

2044 756 2250 826 scripta
2283 757 2538 819 faciebat.
2559 770 2613 815 et
2638 763 2825 816 omnia
2858 763 3114 819 mittebat
3135 781 3480 839 quaecunque
3501 770 3615 841 (9.8)

2040 845 2280 901 Gelimer
2308 849 2520 917 egebat.
2554 849 2827 907 Praeterea
2884 868 3012 908 cum
3057 854 3233 911 hiems
3276 859 3615 926 transiisset,

2042 944 2293 994 metuens
2320 939 2559 997 Gelimer
2592 944 2937 1001 obsidionem
3000 946 3401 1017 Romanorum,
3436 961 3490 1007 et
3516 969 3613 1009 co-

2041 1034 2328 1096 gnatorum
2379 1032 2640 1090 misertus
2674 1034 2929 1102 filiorum,
2959 1039 3054 1109 qui
3086 1055 3301 1097 vermes
3327 1043 3380 1097 in
3427 1045 3617 1100 eadem

2044 1119 2265 1175 miseria
2306 1120 2573 1191 fecerant,
2604 1126 2910 1185 dissolutus
2943 1140 3027 1185 est
3068 1140 3272 1199 mente,
3303 1144 3362 1189 et
3390 1134 3459 1189 ad
3500 1122 3620 1190 'Fa-

2043 1225 2141 1266 ran
2192 1214 2480 1284 rescripsit
2541 1218 2687 1286 quod
2747 1220 2872 1275 fidei
2920 1222 3089 1278 verbo
3132 1237 3354 1295 recepto
3387 1228 3619 1297 ipse,et

2043 1301 2138 1371 qui
2202 1317 2388 1357 secum
2463 1315 2659 1373 erant,
2717 1309 2784 1363 ad
2840 1310 3167 1367 Belisarium
3230 1326 3617 1386 properarent.

2046 1394 2166 1461 Quo
2194 1396 2342 1450 hunc
2367 1406 2575 1455 certum
2606 1400 2970 1471 jurejurando
2990 1403 3271 1469 reddente,
3314 1410 3619 1481 assumptis

2044 1489 2302 1543 omnibus
2323 1489 2709 1562 Carthaginem
2742 1495 2912 1551 venit.
2939 1495 3242 1554 Belisarius
3267 1509 3448 1555 autem
3474 1503 3621 1559 hunc

2045 1591 2328 1652 gratanter
2356 1586 2582 1651 recepit.
2619 1587 2688 1642 At
2715 1603 2846 1644 vero
2873 1588 3117 1645 Gelimer
3146 1592 3377 1649 ridendo
3411 1595 3479 1650 ad
3518 1596 3622 1650 Be-

2048 1674 2295 1728 lisarium
2332 1676 2597 1732 introivit.
2630 1679 2802 1745 Quem
2861 1681 2953 1735 alii
2979 1683 3198 1751 quidem
3242 1686 3624 1755 superﬂuitate

2048 1767 2327 1835 passionis
2358 1772 2669 1826 excessisse
2688 1788 2809 1842 quae
2840 1782 2971 1829 sunt
2995 1784 3207 1831 naturae
3230 1819 3244 1843 ,
3273 1778 3622 1852 delirumque

353 1862 436 1920 lot
478 1868 743 1936 pecunias
786 1867 1081 1921 multitudo
1128 1868 1330 1937 reperit
1369 1876 1503 1936 quot
1549 1868 1605 1924 in
1636 1869 1788 1922 nullo
1826 1868 1947 1922 loco

2050 1856 2477 1924 suspicabantur
2505 1860 2761 1917 eﬂ‘ectum
2800 1882 2813 1919 :
2852 1866 3015 1920 amici
3058 1882 3193 1921 vero
3237 1870 3402 1939 hujus
3447 1885 3500 1927 et
3531 1886 3622 1928 sa-

353 1970 729 2025 unquamessc
744 1957 1067 2026 contigerat.
1093 1956 1332 2026 Denique
1350 1954 1720 2010 Romanorum
1744 1957 1949 2027 princi-

353 2057 537 2117 patum
555 2049 952 2118 dcpepulantes
972 2048 1231 2119 pecunias
1250 2047 1746 2120 multasiuLibyam
1767 2061 1947 2105 trans-

350 2140 619 2199 tulerunt.
683 2137 747 2193 Et
795 2155 919 2193 cum
954 2141 1070 2209 ipsa
1102 2140 1251 2209 regio
1272 2141 1478 2209 optima
1513 2150 1567 2195 et
1592 2141 1829 2196 fecunda
1854 2158 1944 2198 es-

351 2242 457 2297 set,
479 2233 838 2303 pecuniarum
860 2231 1071 2287 reditus
1098 2232 1179 2287 cis
1204 2230 1380 2287 eﬂ‘ecti
1410 2240 1538 2285 sunt
1566 2233 1743 2288 multi.
1761 2232 1946 2289 Noua-

348 2326 502 2394 ginta
551 2326 753 2395 quippe
804 2333 858 2380 et
920 2324 1166 2395 quinque
1220 2324 1381 2379 annis
1436 2320 1666 2379 Vandali
1720 2323 1944 2397 Libyam

348 2426 649 2473 tenuerunt
685 2434 700 2485 ;
737 2424 791 2473 et
839 2432 963 2472 cum
1020 2418 1224 2473 multas
1275 2417 1502 2473 divitias
1564 2418 1943 2489 collegissent,

348 2514 403 2566 in
441 2512 532 2567 illa
573 2512 667 2566 die
716 2510 770 2565 in
805 2510 1190 2567 Romanorum
1248 2524 1448 2566 manus
1504 2522 1700 2567 omnes
1742 2511 1947 2568 divitias

350 2605 662 2660 redierunt.
690 2602 750 2658 in
796 2603 977 2658 tribus
1030 2603 1178 2658 enim
1214 2604 1504 2659 mensibus
1536 2618 1661 2658 cum
1708 2619 1945 2675 pugnas-

346 2706 434 2754 set
472 2698 792 2760 Belisarius,
824 2697 877 2751 id
910 2704 994 2752 est
1014 2712 1041 2750 a
1071 2694 1333 2753 Kalendis
1404 2696 1737 2755 Octobribus
1768 2715 1945 2771 usque

346 2789 417 2843 ad
458 2786 729 2843 Kalendas
755 2786 1129 2852 Decembrias,
1154 2798 1325 2843 totam
1378 2787 1607 2861 Libyam
1670 2791 1942 2868 subdidit.

346 2879 500 2937 Misit
525 2888 705 2936 autem
736 2880 1003 2938 Joannem
1032 2881 1349 2935 Armenium
1373 2896 1500 2937 cum
1525 2880 1781 2938 ducentis
1828 2885 1945 2940 ele-

345 2975 457 3030 ctis
500 2973 757 3044 persequi
820 2973 1176 3040 Gelimerem,
1230 2972 1411 3029 donec
1456 2990 1579 3029 cum
1636 2974 1820 3029 vivum
1845 2981 1944 3029 aut

345 3076 628 3123 mortuum
656 3065 1149 3136 comprehenderet
1178 3081 1194 3131 ;
1226 3065 1321 3134 Qui
1351 3079 1744 3135 praeoccupans
1792 3063 1941 3120 Geli-

347 3175 555 3216 merem
615 3159 1127 3229 comprehensurus
1162 3165 1303 3223 erat,
1341 3158 1446 3212 nisi
1479 3172 1567 3213 res
1608 3159 1935 3230 contigisset

2048 1961 2232 2015 gacem
2279 1948 2556 2007 hominem
2617 1953 2764 2008 hunc
2817 1971 2940 2011 esse
2978 1958 3315 2027 cogitabant,
3376 1970 3432 2015 ct
3494 1978 3620 2019 cum

2048 2037 2215 2095 fuerit
2243 2058 2336 2097 rex
2381 2054 2437 2098 et
2466 2046 2600 2115 regii
2658 2048 2899 2116 generis,
2962 2058 3017 2103 et
3068 2050 3328 2107 virtutem
3381 2053 3618 2109 validam

2047 2132 2423 2202 pecuniasque
2453 2149 2683 2206 magnas
2719 2136 2995 2204 habuerit,
3030 2142 3294 2209 quoniam
3321 2143 3376 2197 in
3433 2143 3616 2213 fugam

2048 2238 2243 2279 versus
2263 2235 2349 2281 est
2402 2234 2457 2280 et
2492 2228 2634 2282 mala
2689 2230 2745 2283 in
2785 2228 2969 2300 Papua
3015 2233 3240 2302 pertulit
3273 2244 3330 2290 et
3382 2251 3529 2291 nunc
3562 2248 3620 2291 ut

2046 2316 2300 2384 captivus
2328 2318 2530 2375 ductus
2552 2330 2659 2387 est,
2701 2322 2833 2376 nihil
2858 2332 3055 2392 prmter
3083 2325 3257 2380 multo
3284 2326 3398 2381 risu
3430 2326 3621 2399 digna,

2045 2422 2169 2475 qua:
2195 2408 2476 2464 hominum
2512 2420 2661 2478 sunt,
2710 2414 3036 2470 arbitratum
3073 2430 3197 2471 eum
3223 2432 3346 2474 esse
3369 2418 3625 2489 perhibe-

2046 2498 2200 2554 bant.
2237 2499 2539 2557 Belisarius
2577 2511 2759 2560 autem
2802 2505 2949 2561 hune
2976 2521 3103 2562 cum
3138 2510 3481 2580 principibus
3505 2526 3625 2566 om-

2046 2591 2212 2658 nibus
2252 2591 2630 2649 Vandalorum
2656 2611 2766 2650 non
2804 2596 2859 2651 in
2909 2597 3353 2656 dehonoratione
3376 2600 3492 2673 (29)
3529 2618 3622 2660 cu-

2045 2685 2337 2753 stodiebat,
2360 2696 2421 2742 ut
2454 2688 2520 2742 ad
2554 2687 2943 2759 imperatorem
2973 2689 3347 2749 Justinianum
3401 2692 3611 2767 Byzan-

2045 2776 2181 2830 tium
2208 2775 2455 2833 duceret.
2499 2775 2709 2849 Cyrillo
2738 2793 2873 2835 vero
2910 2782 3101 2836 statim
3133 2780 3439 2841 Belisarius
3488 2800 3617 2841 cunt

2044 2866 2225 2937 capite
2275 2865 2534 2923 Zatzonis
2563 2868 2755 2926 fratris
2780 2868 3072 2929 Gelimeris
3104 2872 3160 2928 in
3196 2870 3435 2930 Sardum
3463 2876 3621 2933 insu-

2045 2958 2153 3013 lam
2184 2960 2379 3025 misso,
2411 2975 2532 3030 qua:
2572 2960 2791 3032 Kyrnus
2838 2964 3167 3032 vocabatur,
3197 2967 3435 3036 primum
3475 2969 3621 3023 hanc

2045 3050 2312 3107 Romanis
2342 3052 2582 3123 subegit.
2623 3053 2682 3107 In
2716 3053 3023 3111 Czesaream
3049 3066 3259 3127 autem,
3295 3075 3417 3130 qua:
3442 3070 3527 3116 est
3562 3061 3623 3118 in

2048 3143 2400 3211 Mauritania,
2448 3145 2717 3202 Joannem
2786 3148 2955 3203 alium
3015 3150 3339 3218 destinavit,
3372 3168 3497 3224 quae
3549 3153 3622 3210 30

348 3248 690 3317 hujusmodi.
725 3208 983 3303 lIuliarcs
1016 3248 1240 3317 quidam
1258 3208 1342 3302 ,ἐκ
1389 3248 1642 3302 Belisarii
1687 3208 1929 3320 artItige-
1957 3208 2003 3272 Ο
2035 3237 2247 3293 diem!“
2278 3238 2476 3293 ίιίηθτθ
2511 3254 2541 3294 ³
2584 3239 2916 3311 Carm-"Sine
2962 3241 3182 3299 diSlaOS
3213 3260 3381 3317 pelles
3413 3244 3619 3315 Gadira

348 3341 431 3395 ris
464 3350 583 3396 erat
617 3357 740 3395 cum
775 3338 987 3395 Joanne
1016 3358 1031 3408 ;
1068 3342 1158 3411 qui
1199 3341 1329 3394 vino
1356 3341 1687 3406 inebriatus,
1741 3342 1931 3398 videns

345 3446 503 3486 avem
539 3446 704 3501 super
736 3431 990 3486 arborem
1029 3432 1380 3497 insidentem,
1436 3440 1598 3487 tenso
1659 3447 1791 3487 areu
1841 3435 1927 3503 je-

345 3524 427 3578 cit
461 3523 723 3578 adversus
781 3539 959 3577 avem.
1016 3524 1083 3576 Et
1133 3536 1285 3576 avem
1317 3523 1540 3592 quidem
1593 3534 1928 3580 consecutus

347 3631 462 3671 non
506 3625 610 3681 est,
650 3616 916 3671 Joannem
945 3630 1075 3669 vero
1103 3624 1250 3669 retro
1276 3616 1329 3668 in
1371 3616 1589 3671 cervice
1616 3617 1927 3685 percussit;

344 3709 443 3778 qui
469 3709 718 3779 plagatus
758 3718 1006 3762 mortuus
1040 3719 1142 3773 est,
1183 3708 1409 3762 multum
1439 3708 1647 3761 luctum
1682 3714 1793 3761 tam
1828 3708 1931 3761 im-

348 3803 591 3872 peratori
617 3800 927 3855 Justiniano
966 3808 1021 3854 ct
1052 3801 1517 3869 Bclisario,'quam
1541 3800 1757 3855 cunctis
1814 3799 1926 3853 Ro-

347 3894 531 3946 manis
582 3900 630 3942 et
678 3891 1209 3961 Carthaginensibus
1257 3891 1667 3959 derelinquens.
1724 3889 1929 3945 Taliter

344 3982 594 4036 Gelimer
632 3982 898 4051 eﬂugiens
931 3983 1019 4035 illa
1057 3982 1144 4036 die
1196 3980 1263 4036 ad
1294 3980 1605 4035 Maurusios
1665 3994 1930 4049 propera-

346 4073 430 4127 vit
459 4090 475 4140 ;
520 4089 683 4143 quem
719 4075 1023 4129 Belisarius
1051 4082 1375 4144 persecutus
1412 4074 1465 4126 in
1499 4072 1684 4143 Paptta
1717 4081 1924 4139 monte,

349 4167 410 4220 in
462 4166 781 4222 novissimis
811 4165 1102 4230 Numidiae,
1136 4166 1542 4229 circutnclusit,
1579 4166 1723 4222 hunc
1778 4167 1929 4221 obsi-

349 4259 493 4315 dens
517 4273 614 4330 per
635 4259 891 4323 hiemem,
931 4258 1317 4314 deficientibus
1359 4259 1410 4314 ei
1440 4258 1697 4313 omnibus
1730 4272 1927 4313 ncces-

348 4349 516 4406 sariis
551 4370 563 4406 :
600 4352 760 4421 panis
796 4350 942 4406 enim
988 4351 1133 4420 apud
1169 4350 1477 4406 Maurusios
1503 4366 1611 4404 non
1648 4350 1705 4403 fit
1748 4365 1928 4419 neque

348 4443 539 4497 vinum
576 4458 753 4513 neque
783 4443 998 4506 oleum,
1027 4442 1124 4498 sed
1152 4440 1236 4497 far
1266 4449 1321 4497 et
1369 4442 1634 4497 hordeum
1670 4441 1930 4497 immatu-

348 4546 498 4593 rum,
560 4538 621 4584 ut
671 4531 1076 4585 irrationabilia
1110 4530 1396 4597 animalia,
1444 4531 1763 4587 comedunt.
1825 4530 1924 4587 llis
1956 4559 2003 4615 ι)

344 4621 586 4677 Gelimer
630 4622 886 4679 incidens
921 4623 1116 4678 scribit
1159 4621 1224 4677 ad
1270 4622 1471 4687 Faran,
1498 4639 1658 4694 quem
1693 4624 1925 4679 dimise-

346 4722 433 4767 rat
491 4713 791 4769 Belisarius
835 4713 903 4768 ad
950 4714 1375 4771 custodiendum
1413 4730 1563 4778 eum,
1597 4724 1657 4769 ιιι
1689 4716 1927 4771 mitteret

344 4806 452 4860 sibi
487 4806 756 4861 citharam
785 4815 842 4861 et
880 4821 1074 4876 panem
1127 4822 1296 4861 unum
1327 4815 1384 4862 et
1412 4806 1724 4877 spongiam.
1754 4804 1925 4861 Faras

345 4906 531 4950 autem
585 4897 870 4952 haesitabat
899 4898 1160 4966 quidnam
1208 4907 1358 4953 esset
1410 4897 1534 4964 hoc,
1597 4898 1774 4953 donec
1829 4898 1923 4968 qui

343 4989 621 5043 detulerat
652 4989 943 5057 epistolam
976 4971 1115 5043 dixit
1152 4988 1281 5058 quia
1326 5004 1518 5058 panem
1551 4990 1771 5060 quidem
1824 4990 1921 5046 de-

343 5079 553 5136 siderat
578 5080 764 5136 videre
803 5080 1059 5147 Gelimer,
1093 5096 1199 5135 non
1228 5080 1423 5135 videns
1469 5096 1664 5152 pauent
1690 5098 1756 5137 ex
1807 5097 1921 5152 quo

344 5177 594 5234 ascendit
610 5180 666 5234 in
691 5190 949 5242 montem,
967 5176 1249 5247 spongiam
1264 5184 1443 5232 autem
1465 5188 1686 5246 propter
1726 5178 1920 5235 oculos

344 5285 457 5326 non
485 5271 628 5327 lotos
659 5286 724 5326 ac
783 5286 879 5342 per
909 5274 1014 5325 hcc.
1044 5271 1225 5337 laesos,
1254 5278 1525 5340 quatenus
1555 5269 1654 5325 hos
1677 5270 1924 5327 sinceros

2033 3338 2089 3383 et
2117 3331 2255 3387 solis
2280 3331 2722 3401 occasutnjacet.
2746 3332 3040 3403 Aliumque
3076 3332 3347 3390 Joannem
3374 3351 3443 3392 ex
3475 3353 3622 3410 prte-

2032 3423 2248 3485 torihus
2280 3438 2450 3477 unum
2475 3424 2529 3478 in
2558 3423 2759 3479 fretum
2786 3426 2936 3496 quod
2983 3436 3070 3482 est
3100 3427 3153 3481 in
3186 3425 3429 3495 Gadiris,
3462 3437 3517 3485 et
3560 3430 3618 3488 in

2032 3513 2323 3567 castellum
2355 3515 2501 3584 quod
2550 3514 2780 3584 Septum
2816 3524 3040 3584 vocant,
3082 3516 3308 3573 direxit.
3352 3517 3527 3576 Porro
3559 3521 3615 3577 in

2032 3603 2243 3659 insulas
2290 3620 2412 3674 quae
2437 3604 2591 3674 juxta
2623 3604 2907 3660 Oceanum
2953 3614 3103 3674 sunt,
3151 3607 3469 3679 Majoricam
3502 3614 3615 3669 sci-

2032 3691 2159 3747 licet
2190 3703 2246 3748 et
2278 3693 2625 3760 Minoricam,
2649 3697 3055 3765 Apollinarium
3087 3699 3405 3768 destinavit,
3432 3703 3614 3759 virum

2030 3784 2259 3839 bonum.
2303 3784 2454 3839 Misit
2479 3794 2660 3841 autem
2695 3797 2749 3842 et
2780 3788 2835 3843 in
2863 3788 3110 3845 Siciliam
3150 3794 3422 3862 quosdam
3453 3794 3619 3850 Afro-

2029 3890 2176 3939 rum,
2196 3883 2249 3930 et
2274 3886 2519 3931 castrum
2536 3876 2911 3935 Vandalorum
2932 3885 3401 3954 comprehendere
3420 3888 3613 3957 jussit.

2030 3965 2192 4022 Gothi
2229 3983 2357 4023 vero
2387 3969 2478 4038 qui
2520 3969 2623 4026 hoc
2657 3973 3070 4041 custodiebant,
3102 3978 3267 4032 matri
3309 3980 3615 4038 Athalarici

2032 4057 2148 4113 haec
2174 4068 2304 4113 nota
2359 4059 2631 4118 fecerunt.
2684 4064 2816 4129 Quae
2862 4066 3149 4122 scribitad
3178 4068 3501 4126 Belisarium
3549 4089 3619 4129 ne

2031 4150 2173 4207 idem
2190 4164 2430 4208 castrum
2452 4156 2743 4225 tyrannide
2758 4168 3001 4227 caperet,
3017 4174 3305 4231 quousque
3317 4162 3620 4233 imperator

2032 4243 2383 4302 Justinianus
2440 4247 2633 4313 sciret,
2668 4257 2726 4301 et
2767 4248 2915 4317 quod
2947 4250 3053 4304 sibi
3084 4261 3234 4307 esset
3271 4255 3453 4309 visum
3498 4256 3617 4311 elli-

2030 4345 2200 4391 eeret.
2237 4338 2295 4393 ln
2325 4338 2409 4393 his
2434 4353 2565 4409 ergo
2584 4336 2944 4395 Vandalicum
2965 4342 3167 4398 bellum
3188 4345 3353 4401 ﬁnem
3373 4348 3611 4418 accepit.

2029 4430 2230 4486 Verum
2256 4431 2483 4493 invidia.
2515 4441 2703 4504 utpote
2730 4436 2785 4489 in
2806 4450 3001 4507 magna
3032 4437 3296 4496 felicitate
3319 4441 3433 4498 fieri
3449 4443 3611 4510 solet,

2031 4528 2262 4598 contigit
2296 4529 2461 4584 etiam
2489 4530 2542 4585 itt
2560 4530 2886 4589 Belisarium
2917 4534 3178 4607 :quidam
3199 4538 3345 4594 enim
3372 4541 3609 4613 deroga-

2029 4629 2228 4677 verunt
2259 4621 2308 4676 ei
2366 4637 2536 4692 penes
2588 4623 3009 4695 imperatorem,
3059 4628 3207 4698 quod
3262 4632 3611 4702 tyrannidem

2030 4713 2408 4770 meditaretur.
2436 4714 2536 4770 Ast
2566 4715 2872 4788 imperator
2906 4720 3082 4776 misso
3115 4719 3410 4780 Salomone
3438 4734 3616 4783 tentat

2028 4805 2280 4861 Belisarii
2311 4808 2678 4874 voluntatem,
2708 4818 2891 4865 utrum
2925 4828 3050 4868 cum
3076 4813 3354 4871 Gelimere
3380 4827 3435 4872 et
3464 4815 3613 4875 Vano

2026 4898 2169 4955 dalis
2219 4902 2433 4957 veniret
2498 4901 2849 4974 Byzantium,
2909 4920 2979 4961 an
3040 4923 3271 4965 manens
3337 4910 3469 4965 illuc
3514 4925 3613 4968 eos

2024 4994 2447 5049 transmitteret.
2476 4994 2779 5053 Belisarius
2831 5008 3013 5053 autem
3040 4999 3363 5071 Byzantium
3419 5001 3605 5072 profe-

2025 5092 2148 5139 ctus
2173 5094 2278 5150 est,
2320 5085 2614 5144 Salomone
2639 5099 2874 5160 pratore
2908 5090 3091 5163 Libya:
3130 5093 3411 5149 derelicto.
3438 5093 3609 5149 Cum-

2027 5190 2136 5245 que
2167 5174 2463 5234 Belisarins
2522 5178 2852 5251 Byzantium
2889 5198 2999 5239 una
3061 5199 3187 5239 cum
3246 5183 3520 5242 Gelimere
3552 5194 3611 5242 et

2031 5265 2294 5323 Vantlalis
2355 5272 2716 5340 pervenisset,
2786 5287 2980 5344 magna
3045 5274 3267 5343 praemia
3320 5276 3607 5345 percipere

1863 5430 2097 5487 NOTA‘Z.

517 5554 533 5615 )
573 5551 932 5618 aureumque.
966 5547 1101 5602 Cato
1153 5561 1241 5616 ap.
1279 5546 1370 5618 7A.
1413 5545 1645 5618 Gellium
1672 5548 1756 5613 l3,
1798 5548 1919 5618 22,:

346 5647 368 5678 s
395 5617 536 5690 Quia
566 5617 735 5677 multa
760 5617 912 5690 egeo.
930 5640 948 5671 ›
972 5618 1200 5690 Plautus
1240 5617 1549 5690 Menccltnt.
1571 5627 1678 5672 act.
1707 5634 1747 5682 ι,
1767 5617 1919 5690 sc_._‘2:

350 5717 372 5747 ε
396 5686 505 5750 Nec
537 5686 837 5763 quidquam
872 5706 1018 5763 eges.
1048 5709 1066 5741 ι
1106 5688 1422 5763 Priscianus
1458 5687 1497 5742 l.
1528 5703 1707 5763 svnt;
1757 5707 1774 5739 ‹
1820 5686 1925 5740 No-

344 5765 476 5827 stri,
542 5757 876 5834 cgeo'illius
914 5757 996 5814 rei
1044 5769 1100 5813 et
1156 5758 1305 5813 illam
1373 5773 1486 5815 rem
1526 5767 1580 5814 et
1644 5757 1737 5813 illa
1780 5772 1860 5812 re.
1902 5777 1919 5810 ι

344 5834 513 5891 Fusa.

721 5925 985 5984 ΡΑτῐωι.
1020 5925 1135 5984 Gtt.
1184 5922 1392 5983 CVIII.

2105 5547 2216 5613 (99)
2251 5546 2697 5602 Dehonoratione.
2760 5546 3102 5605 Flodoardus
3158 5548 3300 5605 Hist.
3347 5563 3424 5609 tt,
3484 5548 3601 5605 20:

2038 5638 2055 5671 ι
2094 5616 2370 5689 Quidquid
2432 5619 2484 5672 in
2544 5619 2719 5689 ipsius
2766 5618 3117 5689 imperatoris
3167 5617 3605 5689 dehonoratinne

2035 5687 2267 5758 gestum
2286 5687 2465 5743 fuerat
2497 5687 3067 5761 .3'\fetusinterpres
3099 5688 3350 5761 epistolae
3378 5688 3457 5761 ad
3479 5690 3605 5746 Phl-

2036 5754 2327 5838 li'ppenses.
2366 5775 2485 5828 quae
2517 5754 2574 5813 S.
2606 5759 2819 5838 lgqatio
2850 5754 3149 5838 ascribunt:
3172 5779 3183 5790 -
3229 5779 3247 5811 ι
3282 5758 3405 5815 Dies
3436 5758 3607 5822 festos

2038 5828 2207 5883 nolite
2241 5828 2602 5887 dehonorare.
2628 5828 2651 5881 ί
2678 5828 2755 5887 In.

3162 5926 3237 5984 Η)
