4088 6420
493 350 629 415 1259

1591 343 1994 411 ANASTASII
2043 341 2678 405 BIBLIOTHECARII

3640 340 3776 404 1260

489 464 712 528 meruit,
745 457 1005 531 qualibus
1037 456 1300 512 nimirum
1329 454 1675 526 temporibus
1710 454 1913 525 priscis
1958 453 2068 508 Ro-
2098 466 2144 514 Α
2193 461 2504 524 mergentes
2535 465 2882 521 semetipsos
2934 451 3297 508 interficiunt.
3371 455 3588 509 Mortua
3643 469 3776 508 vero

489 567 778 612 nuntiorum
830 559 1113 622 praetores
1155 550 1211 604 in
1279 549 1536 604 maximis
1608 547 1864 602 victoriis
1917 545 2069 617 digni

489 644 886 702 efﬁciebantur.
911 637 1206 695 Sescentis
1229 637 1379 693 enim
1391 637 1556 692 annis
1581 637 1882 692 transactis
1908 649 2070 690 nemo

490 739 558 792 ad
595 737 760 790 talem
810 731 1064 804 pervenit
1127 730 1394 785 honorem
1443 729 1553 786 nisi
1586 729 1770 797 Titus,
1797 728 2071 799 Traianus

489 837 542 882 et
575 825 670 880 alii
716 826 1106 894 imperatores,
1132 820 1230 890 qui
1277 819 1664 891 magistratum
1700 827 1897 876 contra
1944 819 2074 873 Bar-

490 917 708 972 baricas
738 913 998 970 nationes
1027 911 1350 967 obtinentes
1396 911 1729 968 mirabiliter
1758 911 2073 982 triumpha-

491 1017 660 1075 runt;
710 1005 1038 1076 exuviisqne
1103 1005 1347 1061 ostensis
1393 1011 1452 1061 et
1485 1019 1553 1060 ex
1593 1004 1742 1060 bello
1779 1003 2074 1074 mancipiis

487 1101 546 1154 in
575 1096 754 1153 media
776 1095 914 1151 urbe
941 1094 1169 1165 pompis
1198 1095 1316 1150 haec
1345 1094 1684 1166 publicavit,
1702 1095 1853 1166 quod
1878 1095 2077 1150 trium-

487 1200 654 1266 phum
692 1197 894 1248 vocant
920 1188 1178 1246 Romani.
1228 1187 1324 1243 Sic
1363 1187 1540 1244 veteri
1600 1189 1828 1261 quidem
1885 1188 2074 1252 modo,

486 1281 585 1338 sed
613 1281 854 1352 pedestri
877 1278 1150 1336 incedens
1177 1293 1246 1334 ex
1275 1279 1443 1335 domo
1477 1293 1580 1336 sua
1630 1293 1806 1350 usque
1837 1281 1905 1335 ad
1944 1278 2078 1349 Hip-

486 1374 863 1447 podromium.
916 1371 1090 1428 Erant
1119 1379 1308 1428 autem
1333 1373 1548 1430 exuviae
1587 1381 1866 1445 quotquot
1897 1373 2075 1428 admi-

486 1469 819 1526 nistratorio
868 1467 1142 1539 principis
1198 1468 1383 1524 ordini
1429 1468 1841 1541 competebant,
1885 1469 1941 1525 id
1988 1478 2077 1526 est

486 1560 674 1618 throni
706 1559 860 1616 aurei
882 1559 1160 1624 etrhedae,
1183 1560 1389 1630 quibus
1419 1575 1611 1632 regum
1641 1576 1845 1618 uxores
1864 1561 2080 1617 vehun-

486 1662 599 1718 tur,
632 1659 975 1722 ornatusque
997 1649 1068 1706 de
1094 1649 1373 1721 lapidibus
1409 1652 1672 1723 pretiosis
1705 1653 2075 1725 compositus,

485 1743 696 1815 argenti
726 1757 946 1814 quoque
974 1743 1150 1799 multa
1180 1743 1352 1799 millia
1370 1744 1801 1812 talentorum,et
1834 1746 2079 1804 diverso-

2183 555 2310 600 sunt
2336 545 2390 600 in
2416 544 2522 600 hoc
2548 543 2692 600 bello
2712 543 3124 599 Maurusiorum
3145 545 3547 616 quinquaginta
3573 546 3772 609 millia,

2183 636 2561 692 Romanorum
2626 651 2759 692 vero
2797 638 3018 708 penitus
3041 639 3254 692 nullus.
3281 637 3423 704 Quin
3447 654 3548 693 nec
3603 639 3772 693 ictum

2179 730 2475 800 quisquam
2487 745 2677 785 eorum
2699 730 2870 785 ullqu
2892 730 3129 798 accepit,
3143 729 3239 786 sed
3257 745 3450 788 omnes
3467 731 3774 787 incolumes

2181 823 2468 878 victoriam
2496 823 2783 879 consecuti
2814 831 2967 879 sunt.
3013 821 3252 878 Plurimi
3277 839 3406 880 vero
3459 825 3772 894 principum

2182 915 2430 986 ipsorum
2462 915 2730 972 Romanis
2758 915 3008 985 adiuncti
3052 923 3208 972 sunt.
3271 915 3562 973 Mulierum
3610 926 3775 986 atque

2183 1022 2483 1078 puerorum
2514 1016 2726 1064 tantam
2755 1006 3170 1062 multitudinem
3201 1006 3435 1063 Romani
3485 1023 3680 1078 cepere
3713 1014 3774 1062 ut

2184 1101 2308 1156 ovis
2344 1101 2525 1171 pretio
2575 1116 2800 1158 servum
2836 1100 3180 1156 Maurusium
3237 1115 3423 1158 emere
3454 1101 3773 1156 volentibus

2184 1193 2590 1252 venuntlarent.
2642 1194 2708 1248 Et
2753 1203 2888 1249 tunc
2930 1194 3013 1252 eis
3062 1203 3217 1250 vetus
3257 1193 3535 1263 eloquium
3581 1193 3774 1264 cujus-

2185 1287 2308 1342 dam
2345 1287 2674 1358 divinm(30)
2699 1285 2918 1348 femina:
2937 1287 3196 1359 contigit,
3231 1287 3360 1358 quia
3381 1287 3772 1342 maledictione

2187 1380 2484 1436 multitudo
2518 1395 2712 1436 eorum
2746 1395 2778 1434 a
2827 1380 2951 1434 viro
2984 1380 3106 1436 siue
3155 1380 3325 1435 barba
3369 1379 3574 1450 periit:
3613 1377 3764 1433 Salo-

2187 1488 2315 1528 mon
2345 1473 2552 1545 quippe
2589 1489 2620 1528 a
2659 1488 2832 1544 puero
2866 1474 3158 1530 eunuchus
3193 1483 3392 1544 praeter
3427 1474 3770 1529 voluntatem

2185 1565 2417 1622 eli‘ectus
2455 1577 2565 1632 est,
2600 1581 2712 1637 pra:
2753 1567 3015 1637 passione
3067 1566 3339 1638 genitales
3389 1573 3576 1637 partes
3605 1567 3771 1621 amit-

2187 1665 2328 1714 tens.
2354 1656 2524 1714 Porro
2555 1665 2665 1712 tota
2689 1656 2858 1729 Libya
2882 1667 3139 1728 percepta
3169 1654 3556 1726 Carthaginem
3580 1655 3766 1712 rediit.

2190 1749 2458 1805 Praeterea
2515 1765 2644 1805 vere
2705 1749 3012 1818 incipiente
3070 1749 3277 1804 missus
3330 1754 3414 1803 est
3467 1747 3768 1802 Belisarius

485 1853 610 1893 rum
653 1836 1024 1907 imperialium
1052 1851 1342 1903 vasorum,
1399 1852 1524 1908 quae
1574 1837 1915 1897 Gezerichus
1968 1839 2079 1896 Ro—
2105 1822 2155 1884 Β
2184 1843 2430 1899 Siciliam
2471 1840 2740 1897 Romanis
2773 1841 2958 1897 facere
2995 1840 3372 1896 tributariam.
3409 1837 3512 1895 Ubi
3543 1855 3608 1895 eo
3651 1838 3768 1894 hie-

484 1946 652 1986 mano
699 1929 1014 2002 despoliato
1036 1929 1246 2001 palatio
1273 1928 1520 1988 Africam
1565 1935 1715 2002 tulit,
1755 1934 1902 1991 inter
1953 1950 2079 2007 qum

482 2031 538 2080 et
575 2022 896 2079 Iudaeorum
950 2038 1106 2088 vasa,
1158 2039 1284 2096 quae
1321 2023 1650 2097 Vespasiani
1708 2027 1859 2085 illius
1917 2027 2078 2085 Titus

482 2127 607 2189 post
633 2123 854 2187 captam
873 2114 1314 2188 Hierosolymam
1337 2117 1571 2174 Romam
1592 2121 1888 2178 detulerat.
1922 2121 2076 2178 Man-

481 2211 627 2281 cipia
663 2224 796 2266 vero
823 2216 988 2266 erant
1035 2224 1103 2264 ex
1132 2209 1422 2281 triumpho
1480 2223 1597 2266 tam
1637 2213 1759 2285 ipse
1807 2213 2073 2282 Gelimer,

481 2304 874 2360 vestimentum
921 2303 1200 2374 quoddam
1266 2311 1496 2376 portans
1567 2321 1952 2380 purpureum,
2019 2319 2076 2366 et

481 2399 744 2468 cognatio
774 2396 898 2468 ejus
932 2395 1212 2466 universa,
1247 2396 1626 2456 Vandalorum
1658 2417 1883 2473 quoque
1913 2412 2074 2474 quot-

479 2497 616 2561 quot
646 2487 804 2545 valde
834 2487 1067 2560 prolixa:
1097 2495 1326 2544 statum
1351 2503 1418 2544 ac
1451 2491 1576 2546 boni
1605 2495 1858 2564 corporis
1891 2506 2070 2550 erant.

479 2583 734 2654 Cumque
781 2581 1030 2638 Celimer
1080 2582 1134 2636 in
1190 2579 1652 2654 iiippodromium
1708 2588 2072 2656 pervenisset,

478 2685 533 2731 et
560 2683 671 2730 tam
695 2676 1088 2745 imperatorem
1114 2689 1282 2746 supra
1305 2677 1553 2732 tribnal
1584 2678 1871 2735 sedentem
1902 2693 2071 2752 quam

479 2785 544 2827 ex
571 2776 806 2840 utraque
821 2778 979 2840 parte
998 2759 1199 2839 vulgus
1221 2776 1414 2826 astans
1456 2770 1716 2838 vidisset,
1753 2787 1863 2828 non
1914 2774 2073 2844 quie-

478 2863 667 2920 scebat
701 2862 950 2917 elaman's
980 2877 996 2916 :
1032 2860 1256 2916 Vanitas
1278 2863 1677 2931 vanitatum,et
1710 2865 1892 2919 omnia
1921 2868 2072 2921 vani-

477 2967 584 3010 tas.
653 2955 1064 3024 Pertingentem
1124 2962 1312 3010 autem
1361 2969 1487 3011 eum
1515 2957 1675 3028 juxta
1715 2957 2070 3030 imperatoris

477 3049 722 3104 tribunal
787 3061 1034 3119 purpura
1079 3047 1204 3118 ejus
1253 3048 1438 3103 ablata
1471 3063 1712 3119 pronum
1763 3051 1966 3108 cadere
2015 3061 2072 3108 et

478 3141 714 3198 adorare
743 3150 1050 3213 coegerunt
1100 3140 1514 3212 imperatorem.
1551 3145 1619 3198 At
1651 3159 1784 3201 vero
1828 3147 2070 3216 impera-

479 3248 568 3292 tor
611 3233 881 3291 Geiimeri
914 3234 1119 3304 praedia
1156 3233 1210 3288 in
1266 3233 1481 3289 Galatia
1527 3237 1696 3291 multa
1754 3238 1987 3293 contulit
2013 3244 2070 3294 et

477 3342 720 3395 alumna,
757 3334 962 3383 etcum
1009 3327 1270 3383 omnibus
1304 3323 1558 3397 cognatis
1595 3329 1716 3385 suis
1750 3329 1806 3384 in
1835 3328 1924 3386 his
1970 3329 2072 3385 ha-

476 3423 657 3478 hitare
687 3419 960 3491 permisit.
997 3418 1200 3474 Verum
1246 3420 1394 3476 hunc
1438 3421 1492 3476 in
1535 3422 1756 3492 patricii
1813 3423 2068 3479 ordinem

476 3529 584 3571 non
613 3513 891 3586 provexit,
929 3527 999 3568 eo
1027 3515 1173 3585 quod
1207 3513 1278 3568 ab
1309 3512 1427 3569 Arii
1452 3523 1604 3571 secta
1625 3515 1915 3573 discedere
1962 3517 2068 3572 mi-

473 3613 625 3663 nime
670 3606 1032 3662 consentiret.

548 3696 850 3753 Salomone
913 3706 1181 3768 praeterea
1240 3712 1358 3754 rem
1407 3697 1685 3768 publicam
1741 3699 2068 3758 moderante

473 3788 740 3847 Maurusii
769 3792 1017 3862 praelium
1050 3791 1324 3848 adversus
1349 3791 1514 3847 Afros
1548 3803 1864 3850 moverunt.
1892 3794 2068 3852 Porro

474 3881 743 3937 Maurusii
783 3895 848 3935 ex
879 3880 1140 3952 gentibus
1189 3881 1533 3938 descendunt
1553 3899 1692 3953 quas
1719 3884 1886 3942 Jesus
1915 3885 2066 3943 Nave

472 3991 540 4031 ex
569 3974 795 4044 regione
815 3971 1140 4028 Phoenicum
1169 3989 1198 4027 a
1224 3974 1430 4031 Sidone
1460 3976 1527 4030 ad
1551 3976 1848 4048 Egyptum
1891 3995 2067 4051 usque

474 4067 792 4124 habitantes
826 4065 1034 4137 abegit.
1073 4064 1179 4133 Qui
1215 4067 1602 4138 pervenientes
1645 4069 1964 4141 Aigyptum.
2011 4081 2066 4128 et

475 4177 588 4216 non
639 4160 848 4230 recepti
885 4160 955 4215 ab
984 4159 1089 4226 eis,
1133 4159 1201 4214 ad
1255 4158 1483 4230 Libyam
1527 4161 1799 4230 veniunt;
1833 4172 1888 4219 et
1919 4164 2064 4221 hanc

473 4253 919 4311 inhabitantibus
983 4253 1091 4320 eis,
1141 4252 1452 4310 novissimo
1487 4257 2064 4328 tcmporeimperato-

471 4363 562 4404 res
589 4345 823 4402 Romani
860 4353 1068 4402 terram
1098 4345 1418 4402 obtinentes
1449 4345 1594 4402 hanc
1625 4345 1779 4403 lloen
1811 4351 2064 4405 nomina-

469 4451 706 4508 verunt,
753 4445 1064 4496 statuentes
1124 4437 1316 4495 titulos
1381 4439 1522 4495 duos
1572 4456 1741 4512 supra
1797 4459 2061 4515 magnum

2182 1942 2367 1990 mante
2423 1934 2652 1988 Romani
2711 1934 2896 2006 Libyae
2929 1943 3124 1989 contra
3177 1932 3528 1989 Salomonetu
3575 1933 3768 1986 simul-

2182 2035 2324 2083 tates
2362 2026 2635 2094 fecerunt,
2687 2027 2793 2083 hoc
2853 2027 3041 2082 modo.
3099 2025 3357 2096 Acceptis
3421 2024 3564 2078 enim
3598 2023 3772 2078 inter-

2179 2130 2488 2193 emptorum
2533 2121 2804 2176 uxoribus
2850 2119 3227 2175 Vandalorum
3283 2117 3562 2172 habebant
3604 2131 3771 2188 agros

2177 2229 2368 2270 earum
2403 2221 2464 2268 ut
2501 2229 2657 2279 suos,
2691 2221 2746 2270 et
2773 2212 2990 2269 solvere
3024 2209 3348 2281 imperatori
3386 2224 3490 2281 pro
3523 2209 3609 2265 eis
3667 2211 3771 2264 tri-

2179 2306 2311 2361 buta
2342 2305 2628 2361 nolebant.
2661 2304 2734 2359 At
2765 2318 2896 2360 vero
2929 2301 3200 2358 Salomon
3241 2300 3636 2358 commonebat
3671 2314 3771 2354 eos

2178 2413 2248 2454 ne
2277 2398 2726 2454 eontradieerent
2760 2395 3107 2467 imperatori,
3145 2393 3243 2450 sed
3291 2393 3421 2448 huic
3459 2407 3584 2464 quae
3628 2391 3768 2447 dc'i-

2177 2491 2368 2548 berata
2403 2491 2642 2547 fuissent
2667 2489 2895 2560 penitus
2928 2489 3245 2545 redderent.
3278 2485 3608 2544 Ceciderunt
3670 2501 3769 2540 au-

2177 2592 2286 2638 tem
2347 2583 2574 2655 quidam
2631 2598 2872 2650 eorum,
2921 2582 3276 2651 maximeque
3327 2579 3658 2644 Gothorum,
3711 2580 3767 2634 in

2176 2676 2294 2732 Arii
2315 2683 2524 2732 sectam
2546 2691 2718 2745 ;quos
2741 2672 3064 2730 sacerdotes
3084 2671 3349 2728 Ecclesia:
3380 2671 3764 2742 segregabam,

2174 2772 2592 2829 etnec'liberos
2621 2784 2814 2826 eorum
2867 2769 3154 2838 baptizare
3210 2765 3491 2830 volebant.
3520 2762 3675 2820 Unde
3711 2770 3766 2816 et

2177 2869 2233 2922 in
2273 2865 2363 2921 die
2383 2863 2529 2921 festo
2587 2862 2848 2921 simultas
2877 2859 3068 2917 effecta
3127 2867 3234 2916 est.
3276 2857 3572 2913 Consiliati
3632 2872 3767 2912 vero

2174 2966 2305 3016 sunt
2333 2958 2542 3013 milites
2581 2955 2940 3014 Salomonem
2975 2954 3032 3010 in
3063 2955 3270 3026 templo
3296 2953 3574 3022 perimere
3603 2966 3619 3017 ;
3667 2952 3762 3021 qui

2176 3051 2280 3107 hoc
2310 3050 2504 3105 audito
2532 3049 2772 3106 suadere
2790 3047 2874 3103 eis
2903 3045 3164 3104 recedere
3190 3060 3222 3100 a
3258 3045 3533 3101 seditione
3581 3053 3761 3100 tenta-

2175 3144 2291 3210 bat,
2326 3141 2476 3213 quod
2502 3157 2615 3198 non
2650 3149 2778 3214 post
2807 3155 2984 3213 pauca
3025 3139 3287 3196 obtinuit.
3317 3138 3615 3194 Belisarius
3661 3154 3764 3194 au-

2173 3246 2284 3294 tem
2310 3235 2560 3292 Siciliam
2589 3245 2648 3290 et
2674 3233 2906 3289 Romam
2945 3233 3014 3289 ab
3049 3232 3190 3304 Ugio
3246 3232 3527 3289 detentam
3562 3240 3616 3287 et
3647 3232 3762 3286 cir-

2172 3343 2526 3400 cumquaque
2552 3327 2811 3383 civitates
2842 3326 3150 3398 accipiens,
3187 3323 3384 3396 Ugium
3439 3326 3760 3397 Byzantium

2170 3423 2329 3480 duxit
2357 3422 2428 3477 ad
2459 3420 2840 3477 Justinianum
2873 3435 3000 3475 cum
3038 3434 3211 3474 uxore
3264 3419 3441 3489 ipsius
3469 3431 3525 3474 et
3546 3419 3753 3473 liberis.

2169 3517 2238 3573 Et
2262 3517 2416 3574 misit
2468 3517 2773 3587 imperator
2814 3513 3045 3569 Narsem
3097 3512 3503 3568 cubicularium
3531 3510 3760 3567 Romam

2171 3623 2294 3666 cum
2326 3608 2510 3663 classe
2544 3606 2772 3662 tenendi
2823 3619 2888 3662 ea
2922 3619 3047 3676 quae
3098 3603 3212 3658 illic
3250 3602 3620 3660 habebantur.
3657 3599 3760 3657 Sa-

2169 3704 2358 3760 lomon
2415 3711 2598 3757 autem
2661 3702 2840 3756 muris
2895 3698 3082 3770 Libya}
3122 3697 3380 3753 civitates
3408 3697 3662 3752 munivit.
3695 3695 3758 3749 Et

2170 3797 2437 3868 quoniam
2497 3793 2764 3850 Maurusii
2802 3793 3188 3848 discesserunt
3219 3806 3250 3844 a
3284 3787 3542 3846 Numidia
3599 3791 3754 3854 victi,

2172 3887 2358 3944 Zaben
2402 3884 2686 3957 regionem
2757 3891 2924 3954 atque
2980 3881 3368 3936 Mauritaniam
3401 3891 3457 3938 et
3517 3882 3757 3952 Sitiphin

2168 3979 2516 4052 metropolim
2549 3976 2657 4033 sub
2693 3975 2903 4031 tributo
2941 3973 3210 4031 Romanis
3244 3973 3428 4029 effecit
3467 3991 3481 4029 :
3521 3975 3758 4029 alterius

2166 4073 2315 4130 enim
2356 4069 2701 4126 Mauritania:
2743 4069 2997 4124 Casarea
3039 4068 3218 4139 prima
3260 4069 3582 4138 metropolis
3648 4079 3755 4124 est.

2167 4166 2380 4220 interea
2413 4164 2630 4219 Iberum
2668 4177 2787 4226 rex,
2863 4159 3267 4217 Zamassardus
3306 4163 3548 4224 nomine,
3604 4157 3758 4214 Con-

2166 4258 2584 4327 Stantinopolim
2605 4255 2857 4311 ascendit
2878 4254 2945 4309 ad
2974 4254 3046 4308 im
3055 4251 3756 4325 peratoremlustinianum

2166 4366 2290 4408 cum
2325 4350 2558 4404 muliere
2588 4346 2700 4419 (51)
2735 4361 2802 4402 ac
2847 4345 3206 4402 senatoribus
3234 4344 3376 4411 suis,
3401 4359 3600 4416 rogans
3624 4361 3751 4400 eum

2167 4453 2228 4499 ut
2257 4451 2408 4500 esset
2483 4442 2864 4496 Romanorum
2925 4448 3280 4494 concertator
3342 4445 3400 4493 et
3458 4451 3752 4508 germanus

471 4533 679 4590 fontem
704 4548 768 4589 ex
799 4532 1080 4605 lapidibus
1135 4531 1393 4587 candidis
1455 4537 1739 4602 concavis,
1793 4537 2064 4594 habentes
2092 4539 2144 4599 D
2167 4538 2409 4593 amicus.
2439 4537 2540 4591 Ast
2577 4534 2879 4603 imperator
2936 4531 3256 4603 huiusmodi
3315 4526 3594 4602 proposito
3628 4531 3750 4600 ejus

470 4628 689 4681 litteras
712 4623 1066 4687 Phoeniceas,
1103 4623 1350 4680 dicentes
1382 4624 1500 4680 haec
1535 4645 1550 4680 :
1580 4626 1695 4680 Nos
1729 4645 1916 4685 sumus
1965 4633 2055 4700 qui

470 4720 706 4789 fugimus
740 4733 771 4770 α
796 4718 934 4786 facie
957 4715 1090 4772 Jesu
1118 4716 1373 4783 latronis,
1411 4717 1519 4788 [itii
1547 4717 1716 4774 Nave.
1750 4719 1920 4778 Erant
1959 4739 2057 4779 au-

469 4819 578 4864 tem
636 4817 692 4862 et
751 4807 870 4862 aliae
910 4819 1101 4877 gentes
1153 4807 1211 4862 in
1249 4807 1433 4862 Africa
1465 4809 1704 4879 primum
1757 4811 2052 4885 indigenae,

470 4907 738 4961 habentes
779 4919 962 4974 regem
997 4905 1345 4975 Asclepium,
1387 4905 1483 4975 qui
1541 4903 1802 4962 Heraclio
1851 4923 2053 4966 conre-

468 4999 678 5066 gnavit.
711 5011 873 5067 quem
922 5003 1084 5051 teme
1118 4997 1289 5052 lilium
1313 5012 1437 5053 esse
1469 5009 1926 5056 asseveraverunt
1959 5005 2052 5074 qui

465 5089 855 5158 Carthaginem
903 5088 1295 5143 condiderunt.
1322 5086 1594 5142 .Salomon
1637 5099 1822 5144 autem
1847 5106 1878 5146 a
1915 5091 2055 5148 Car-

470 5170 692 5250 thagine
713 5181 953 5250 sumptis
983 5179 1327 5234 exercitibus
1361 5187 1563 5234 contra
1589 5179 1903 5238 Maurusios
1921 5201 2050 5255 pro-

468 5273 815 5343 peravit,qui
855 5273 908 5326 in
943 5271 1127 5343 fugam
1159 5272 1306 5328 versi
1341 5281 1396 5329 et
1431 5289 1493 5330 se
1523 5273 1578 5329 in
1619 5276 1923 5348 praecipitia
1949 5279 2050 5336 de.

2167 4639 2396 4701 accepto
2418 4629 2605 4684 multis
2637 4643 2761 4684 eum
2787 4637 2842 4684 et
2871 4635 3157 4683 senatores
3187 4625 3311 4696 ejus
3357 4625 3750 4681 nmnilicentiis

2168 4721 2483 4780 honoravit.
2542 4720 2807 4775 Similiter
2835 4726 2890 4774 et
2939 4717 3188 4789 Augusta
3233 4731 3370 4772 uxor
3390 4717 3512 4788 ejus
3541 4717 3748 4772 variata

2166 4818 2403 4892 gemmis
2453 4823 2779 4873 ornamenta
2802 4812 3060 4878 donavit,
3094 4820 3148 4868 et
3172 4812 3435 4868 dimisere
3471 4827 3569 4868 eos
3596 4812 3751 4882 paci-

2166 4914 2267 4968 fice
2297 4911 2366 4968 ad
2406 4908 2688 4981 proprium
2742 4921 2997 4977 regnum.

2238 5003 2448 5060 Octavo
2475 5016 2623 5058 anno
2671 4999 2886 5070 imperii
2925 4998 3228 5054 Justiniani
3270 5013 3433 5069 passa
3467 5007 3550 5053 est
3601 5011 3631 5050 a
3657 4998 3745 5053 di-

2169 5100 2290 5154 vina
2320 5093 2700 5165 indignatione
2720 5090 3130 5162 Pompeiopolis
3151 5089 3336 5161 Mysiae
3365 5105 3378 5139 ε
3403 5089 3576 5145 scissa
3599 5091 3749 5144 enim

2166 5197 2252 5245 est
2281 5199 2428 5242 terra
2483 5194 2644 5239 terra:
2677 5191 2854 5249 motu,
2886 5191 2942 5237 ct
2974 5184 3238 5238 obrutum
3267 5190 3356 5236 est
3387 5182 3630 5237 medium
3671 5181 3748 5236 ci-

2164 5280 2353 5338 vitatis
2388 5293 2516 5335 cum
2547 5275 2980 5339 habitatoribus,
3015 5285 3071 5330 et
3102 5281 3265 5330 erant
3295 5273 3490 5330 subtus
3521 5282 3748 5359 terram,

2009 5424 2243 5483 NOTAE.

534 5553 648 5628 (50)
672 5555 894 5628 Diuina.
925 5556 1176 5614 Glossze:
1217 5577 1237 5610 ι
1269 5559 1525 5615 Divinum
1552 5562 1803 5628 μάντιν.»
1838 5539 2039 5624 Petro-

462 5626 963 5702 niusz'tADivinam
1011 5645 1113 5698 ego
1162 5631 1446 5701 putabam.
1476 5651 1494 5685 ι
1539 5626 1752 5689 Auctor
1811 5636 2036 5702 Queroli

463 5697 519 5750 in
555 5695 711 5750 Prazf.
744 5715 761 5776 _:
803 5714 821 5748 ‹
859 5695 1704 5776 Μηευιιῖ-ιίιειῂριηειιῑειιωηηε
1758 5695 1881 5762 sese
1931 5709 2035 5762 lin-

465 5773 762 5836 getts,r_e_t
827 5782 993 5822 mox:
1037 5788 1055 5820 ι
1081 5770 1304 5835 Queroli
1371 5785 1590 5833 secreta
1617 5770 1699 5834 "et
1738 5777 2033 5836 familiaria

463 5833 624 5905 quasi
643 5833 867 5893 divinus
898 5833 1162 5908 loquitur.
1228 5859 1248 5894 ι
1287 5839 1453 5899 FABR.

2223 5567 2339 5638 (5i)
2373 5565 2626 5622 Muliere.
2667 5563 2998 5638 Mulier‘pro
3047 5571 3340 5638 uxore,__ut
3369 5561 3423 5616 in
3463 5559 3740 5638 Capitulis

2152 5629 2341 5693 Caroli
2373 5638 2553 5699 Calvi,
2593 5634 2741 5705 quod
2812 5629 3192 5705 iliifobservat
3233 5629 3585 5705 Sirmondus.
3629 5629 3746 5705 ln_ro

2145 5720 2196 5765 et
2238 5709 2484 5765 Scaevola
2518 5701 2623 5778 let.
2652 5704 3008 5778 italoquitur
3040 5706 3093 5758 in
3131 5704 3361 5778 i.'__x.t_2tll,_
3393 5701 3466 5778 De
3490 5701 3740 5771 legat.3:

2151 5800 2168 5830 ε
2199 5780 2265 5833 Ει
2290 5780 2488 5848 vulgus
2520 5772 2883 5848 Hispanicum
2932 5791 3116 5844 mitger
3148 5772 3302 5836 dicit,
3345 5772 3593 5848 Italicum
3626 5786 3741 5826 mo-

2144 5851 2267 5914 qlie.
2309 5841 2658 5907 Provinciale
2685 5846 2926 5916 mouitle,
2967 5841 3066 5916 pro
3092 5860 3326 5900 uxore.»
3369 5841 3445 5900 In.
