4088 6450
460 430 591 499 ηδι

1272 425 1639 486 HISTORIA
1682 421 2258 484 ECCl.ESlASTICA
2295 421 2394 481 EX
2434 421 2925 486 THEOPHANE.

3582 431 3719 496 1262

453 559 512 605 et
562 559 726 598 voces
761 554 950 596 eorum
1013 538 1379 592 audiebantur
1413 535 1772 591 clamantium
1819 541 1877 589 ut
1932 532 2036 589 sibi
2069 537 2114 592 Α
2144 547 2275 588 vero
2318 531 2587 589 Gaianum
2647 534 2990 591 Alexandria:
3034 540 3308 604 promovit
3373 540 3719 613 episcopum.

455 637 834 699 misericordia
870 641 1245 705 prrestaretur,
1277 641 1332 688 et
1389 633 1559 686 multa
1595 628 1826 685 donavit
1855 627 2032 696 impc-

455 745 603 790 rator
663 731 732 787 ad
785 728 1100 785 eduCendos
1159 735 1216 782 ct
1257 724 1621 795 adjuvandus,
1678 723 2034 789 viventesque

455 823 754 881 liberaliter
783 820 946 892 juvit.
996 819 1200 876 Eodem
1248 833 1378 872 vero
1413 831 1559 871 anno
1602 813 1831 868 tradidit
1856 810 2032 866 Iusti-

456 919 655 972 nianus
708 917 776 970 ad
807 912 1148 985 psallendum
1197 912 1251 966 in
1293 909 1527 966 ecclesia
1576 907 1707 963 illud
1764 904 1912 976 quod
1943 919 2034 960 ca-

456 1011 609 1065 nitur
645 1007 957 1078 Uuigcnims
994 1003 1168 1058 Filius
1195 1014 1245 1059 et
1282 1002 1506 1058 Verbum
1532 1000 1650 1054 Dei.

523 1097 709 1154 Mundi
769 1112 917 1151 anno
973 1093 1137 1160 6029,
1187 1093 1389 1148 divinae
1428 1086 1828 1174 incarnationis
1889 1098 2034 1138 anno

454 1191 576 1256 529,
604 1189 872 1260 Agapitus
895 1182 1156 1242 Romanae
1188 1185 1334 1257 gerit
1364 1181 1626 1237 Ecclesia:
1654 1177 2032 1252 praesulatum,

449 1281 796 1337 Iustinianus
827 1280 1102 1335 decimum
1135 1277 1352 1347 imperii
1388 1276 1502 1346 agit
1551 1287 1783 1335 annum,
1814 1268 2036 1340 quando

453 1384 509 1430 ct
544 1375 856 1446 Epiphanio
883 1373 1149 1443 episcopo
1177 1367 1739 1436 Constantinopoleos
1771 1361 2034 1418 defuncto

452 1467 754 1522 Anthimus
807 1465 1106 1536 episcopus
1162 1458 1694 1531 Trapezuntensium
1732 1452 2034 1509 translatus

447 1570 538 1615 est.
588 1556 1152 1626 Constantinopolim.
1209 1551 1478 1623 Agapitus
1529 1558 1712 1604 autem
1751 1545 2033 1600 Romanus

451 1652 748 1722 episcopus
797 1650 904 1706 hoc
958 1663 1105 1704 anno
1141 1645 1450 1702 ascendens
1498 1639 2032 1710 Constantinopolim

451 1743 720 1816 synodum
750 1742 1049 1799 celebravit
1081 1747 1276 1796 contra
1309 1737 1537 1807 impium
1566 1735 1827 1790 Severum
1859 1742 1910 1788 ct
1937 1731 2033 1788 Iu-

454 1836 656 1888 lianum
713 1833 1218 1889 Alicarnasscnsem
1245 1840 1301 1885 et
1339 1838 1571 1882 caeteros
1589 1824 2029 1894 theopaschitas;

2145 624 2210 679 Et
2241 625 2485 681 Gaianus
2517 626 2738 698 quidem
2777 628 2953 683 lenuit
2984 629 3364 700 episcopatum
3407 649 3556 689 anno
3589 649 3719 702 uno,

2145 715 2490 774 Theodosius
2547 734 2678 773 vero
2735 720 2970 776 duobus.
3010 719 3123 778 llos
3155 732 3340 778 autem
3373 723 3722 784 Iustinianus

2145 809 2442 879 imperator
2494 809 2716 866 mittens
2765 811 2922 864 duxit
2953 811 3294 883 Byzantium,
3329 826 3382 870 et
3427 824 3725 887 utrumque

2144 914 2457 972 separatum
2493 904 2778 960 custodire
2824 905 3102 974 praecepit.
3162 904 3227 960 Et
3267 907 3497 963 Paulum
3527 924 3724 980 quem-

2145 995 2290 1058 dam,
2327 997 2419 1066 qui
2458 996 2753 1067 putabatur
2781 998 3147 1062 ortlwdoxus,
3187 1000 3536 1057 Alexandria:
3588 1017 3720 1072 pro-

2143 1089 2291 1143 vexit
2341 1092 2682 1160 episcopum.
2744 1089 2846 1144 llic
2899 1093 3217 1147 memoriam
3262 1093 3462 1158 Severi
3502 1095 3724 1152 scelesn

2145 1179 2354 1234 faciens
2379 1181 2448 1235 ab
2478 1181 2800 1251 episcopatu
2843 1183 2924 1256 ira
2955 1184 3308 1253 imperatoris
3351 1185 3568 1256 cjectus
3610 1196 3719 1252 est,

2143 1281 2198 1329 et
2229 1275 2456 1329 veniens
2490 1273 2893 1346 Hierosolymis
2924 1275 3265 1331 morabatur.

2214 1366 2376 1421 Anno
2407 1365 2620 1423 decimo
2652 1367 2846 1437 quinto
2903 1367 3116 1437 imperii
3167 1365 3498 1436 Iustiniani,
3533 1387 3725 1429 mense

2143 1458 2428 1522 Uctobrio,
2484 1457 2631 1515 facta
2661 1468 2750 1515 est
2778 1459 3027 1531 Byzantii
3060 1462 3406 1529 mortalitas;
3429 1472 3493 1518 ot
3523 1465 3718 1520 eodem

2144 1569 2288 1609 anno
2327 1553 2624 1624 liypapanti
2668 1552 2882 1609 Domini
2931 1555 3165 1624 sumpsit
3197 1555 3437 1624 initium,
3474 1565 3533 1610 ut
3573 1559 3719 1613 cele-

2143 1643 2398 1698 braretur
2430 1643 2574 1713 apud
2610 1641 2938 1715 Byzantium
2986 1644 3078 1700 die
3137 1645 3382 1701 secunda
3432 1645 3724 1702 Februarii

2144 1736 2371 1792 mensis.

2213 1832 2371 1882 Anno
2391 1826 2606 1881 decimo
2629 1834 2786 1881 sexto
2815 1826 3027 1897 imperii
3047 1825 3346 1882 Iustiniani
3369 1827 3603 1898 contigit
3623 1829 3721 1884 de-

452 1927 598 1982 iuter
625 1941 765 1996 quos
791 1935 847 1981 et
890 1925 1204 1989 Anthimus,
1243 1931 1307 1975 ut
1356 1927 1766 1976 consentaneus
1812 1931 2027 1982 eorum,
2063 1899 2110 1957 Β
2139 1921 2345 1978 bellare
2367 1922 2598 1977 invicem
2631 1936 2815 1992 regem
2851 1920 3294 1977 Azutnitensium
3332 1921 3597 1978 Indorum
3629 1920 3724 1978 Iu-

448 2018 734 2088 depositus
763 2034 795 2072 a
842 2017 1042 2073 throno
1101 2019 1386 2087 projectus
1429 2022 1520 2069 est
1565 2019 1622 2068 ct
1664 2010 1856 2077 exivit,
1907 2023 2032 2065 cum

451 2112 833 2183 episc0patum
911 2111 1246 2166 obtinuisset
1301 2107 1468 2180 regia:
1525 2105 1685 2160 urbis
1751 2102 2035 2159 mensibus

449 2204 682 2272 decem;
713 2214 765 2259 ct
806 2212 1163 2258 consecratus
1196 2209 1282 2258 est
1312 2215 1414 2271 pro
1445 2215 1513 2254 eo
1569 2197 1758 2253 Menas
1805 2195 2035 2267 presby-

452 2306 538 2352 tcr
586 2305 644 2351 et
685 2295 1048 2352 xenodochus
1080 2295 1352 2366 Sampson
1387 2293 1456 2348 ab
1488 2291 1722 2363 Agapito
1748 2304 1887 2362 papa
1924 2289 2036 2344 Ro-

453 2405 634 2443 mano.
668 2387 842 2444 Porro
873 2389 1139 2460 Agapitus
1172 2386 1435 2443 dormivit
1482 2384 1752 2456 Byzantii,
1809 2391 1863 2438 ct
1905 2396 2037 2438 conc

453 2483 708 2530 secratus
734 2486 820 2531 est
850 2492 948 2546 pro
981 2491 1047 2533 eo
1077 2475 1365 2530 Silverius.

522 2564 685 2621 Anno
747 2567 968 2640 imperii,
1019 2566 1318 2623 Iustiniani
1374 2565 1666 2622 undecimo
1729 2564 1878 2619 facta
1910 2571 2040 2618 sunt

456 2657 634 2727 prima
665 2661 915 2714 encaenia
963 2661 1177 2731 Magna).
1230 2660 1479 2716 ecclesia:
1535 2657 2037 2727 COIISlﬂﬂiiﬂOpOii,

460 2749 615 2804 Mena
649 2751 964 2820 patriarcha
1002 2753 1055 2806 in
1091 2752 1241 2822 regio
1291 2751 1516 2808 sedente
1546 2749 1823 2815 vehiculo,
1856 2761 1910 2806 et
1938 2749 2038 2805 im-

457 2850 713 2910 peratore
766 2844 1011 2897 litaniam
1054 2857 1180 2896 cum
1228 2843 1429 2914 populo
1483 2842 1738 2898 faciente.

525 2932 686 2986 Anno
716 2931 1046 2987 duodecimo
1080 2932 1298 3003 imperii
1340 2931 1661 2996 Iustiniani,
1695 2949 1819 2988 cum
1852 2932 2040 2988 Roma:

454 3020 692 3094 Vigilius
719 3033 866 3080 esset
897 3027 1215 3096 episcopus,
1252 3027 1384 3081 moti
1419 3037 1548 3082 sunt
1578 3027 1874 3098 liulgarum
1927 3026 2039 3083 duo

457 3127 637 3183 reges,
665 3112 868 3184 Vulger
894 3113 1109 3168 scilicet
1147 3123 1201 3170 et
1243 3113 1482 3186 Droggo,
1520 3130 1646 3168 cum
1683 3113 2038 3169 multitudine

456 3204 512 3258 in
539 3202 758 3275 Lyciam
786 3214 840 3259 et
876 3203 1127 3274 Mysiam,
1161 3219 1286 3259 cum
1318 3212 1465 3260 esset
1508 3205 1771 3274 magister
1800 3205 2036 3259 militum

455 3297 641 3370 Hysiae
667 3295 944 3366 Iustinus,
969 3306 1024 3353 ct
1050 3297 1289 3370 Scythiae
1328 3297 1659 3364 Baudarius,
1695 3297 1790 3368 qui
1828 3312 2039 3354 exeun-

459 3397 540 3444 tes
571 3400 762 3444 contra
821 3390 1084 3461 Bulgares
1119 3390 1365 3446 inierunt
1393 3389 1664 3461 praelium.
1705 3389 1774 3444 Et
1822 3391 2042 3446 occisus

459 3488 546 3534 est
584 3477 841 3536 Iustinus
879 3482 1141 3550 magister
1172 3479 1406 3535 militum
1450 3480 1506 3533 in
1555 3479 1720 3545 bello,
1763 3486 1818 3534 et
1858 3477 2042 3534 factus

412 3580 544 3638 _est
599 3587 700 3642 pro
743 3586 812 3627 eo
859 3571 1261 3628 Constantinus
1320 3569 1605 3627 Florentii.
1648 3568 1716 3624 Et
1773 3577 2040 3625 venerunt

457 3661 722 3734 Bulgares
760 3679 931 3735 usque
959 3664 1025 3717 ad
1057 3676 1242 3734 partes
1289 3661 1540 3730 Thraca,
1571 3669 1625 3716 et
1659 3676 1921 3732 egressus
1954 3669 2038 3717 cst

456 3764 653 3812 contra
721 3771 820 3812 eos
883 3757 1148 3826 magister
1211 3755 1448 3810 militum
1500 3753 1730 3825 Illyrici,
1791 3752 2038 3809 ﬂoccum

457 3846 716 3914 Hunnus,
752 3863 914 3918 quem
958 3848 1201 3918 suscepit
1233 3849 1532 3917 imperator
1569 3862 1632 3901 ex
1663 3861 1826 3903 sacro
1858 3845 2039 3916 bapti-

458 3949 658 4004 smate,
695 3948 750 3996 et
802 3942 856 3995 in
911 3941 1149 3996 medium
1193 3940 1382 3997 missis
1421 3938 1748 4009 Bulgaribus
1782 3941 2042 3995 concide-

458 4041 592 4087 runt
645 4032 1031 4088 multitudines
1065 4033 1342 4105 copiosas,
1369 4041 1424 4086 et
1457 4042 1786 4104 receperunt
1822 4046 2041 4088 omnem

458 4124 722 4194 prtedam,
753 4135 808 4180 et
853 4125 1104 4180 vicerunt
1141 4136 1411 4196 potenter,
1455 4126 1659 4181 occisis
1695 4125 1915 4181 duobus
1946 4140 2042 4181 eo-

456 4230 582 4270 rum
617 4216 859 4288 regibus.

533 4307 739 4365 Eodem
767 4325 912 4365 anno
945 4309 1094 4380 cepit
1132 4305 1407 4365 Chosroes
1457 4324 1551 4364 rex
1599 4309 1888 4364 Persarum
1922 4325 2037 4365 ma-

462 4418 627 4473 gnam
660 4403 1016 4458 Antiochiam
1061 4401 1258 4473 Syriaz.

531 4496 692 4551 Anno
722 4495 942 4550 decimo
956 4494 1345 4566 tertioimperii
1365 4493 1666 4550 Iustiniani
1688 4494 1931 4552 sociatus
1957 4501 2044 4552 est

2139 2013 2382 2068 datorum
2415 2029 2479 2070 ex
2499 2027 2670 2068 causa
2699 2008 3103 2084 hujuscemodi.
3159 2015 3610 2072 Azumitensium.
3629 2033 3723 2071 rex

2139 2111 2283 2163 ultra
2335 2106 2633 2179 Egyptum
2679 2114 2765 2161 est
2820 2105 3137 2176 judaizans.
3184 2109 3564 2164 Romanorum
3625 2125 3725 2165 au-

2141 2209 2247 2255 tem
2284 2200 2663 2270 negotiatores
2697 2215 2795 2270 per
2843 2197 3281 2256 Homeritensem
3340 2201 3726 2271 ingrediuntur

2142 2291 2212 2346 ad
2250 2291 2666 2346 Azumiteusem
2698 2300 2752 2344 et
2781 2291 2848 2344 ad
2881 2289 3178 2346 interiores
3229 2299 3418 2361 partes
3467 2292 3724 2347 ludorum

2140 2391 2305 2454 atque
2342 2381 2688 2453 EtliiOpnm.
2716 2380 3165 2454 Negotiatoribus
3196 2391 3379 2437 autem
3415 2384 3717 2440 secundum

2139 2476 2595 2532 consuetudinem
2621 2474 2890 2546 ingressis
2917 2475 3186 2531 terminos
3208 2473 3724 2541 Homerili,Damia-

2141 2585 2246 2626 nus
2262 2584 2454 2624 eorum
2478 2584 2574 2625 rex
2606 2569 2732 2623 illos
2764 2568 2990 2636 occidit,
3018 2575 3074 2623 et
3103 2568 3330 2624 abstulit
3359 2570 3544 2624 omnia
3582 2571 3727 2638 ipso-

2140 2676 2286 2724 rum,
2319 2660 2509 2716 dicens
2549 2659 2810 2729 quoniam
2839 2658 3077 2714 Romani
3103 2658 3464 2714 malefaciant
3497 2659 3723 2724 Iudaeis,

2140 2750 2235 2822 qui
2261 2751 2312 2804 in
2343 2750 2692 2820 regionesua
2721 2755 2874 2816 sunt,
2904 2757 2961 2805 et
2989 2749 3252 2804 occidunt
3279 2764 3396 2806 eos.
3423 2748 3488 2802 Et
3515 2764 3584 2805 ex
3619 2751 3726 2805 hoc

2142 2842 2432 2898 solverunt
2473 2841 2900 2912 negotiationem
2935 2839 3258 2896 interiorum
3293 2840 3551 2897 Indorum
3582 2843 3726 2898 Azu-

2141 2935 2280 2989 miti.
2322 2937 2386 2989 Et
2416 2935 2734 3005 indignatus
2763 2933 3202 2989 Azumitensium
3249 2949 3344 2989 rex
3379 2935 3532 2989 Adad
3565 2936 3722 2991 misit

2144 3027 2440 3093 Ilomeriti,
2470 3028 2600 3097 quia
2653 3027 2838 3081 laesisti
2899 3041 3124 3095 regnum
3169 3042 3348 3081 meum
3389 3035 3443 3082 et
3493 3028 3726 3082 interio-

2145 3135 2258 3175 rem
2293 3118 2502 3175 Indiam
2528 3161 2544 3185 ,
2580 3120 2881 3189 prohibens
2942 3118 3316 3175 Romanorum
3385 3130 3727 3178 mercatores

2143 3213 2214 3267 ad
2259 3228 2362 3276 nos
2402 3212 2636 3282 ingredi.
2684 3212 2748 3266 Et
2782 3222 3056 3268 venerunt
3114 3213 3171 3267 in
3224 3212 3568 3268 inimicitiam
3611 3229 3730 3269 ma-

2144 3320 2330 3376 gnam,
2382 3312 2439 3360 ct
2491 3304 2736 3359 inierunt
2783 3304 2990 3361 bellum
3030 3304 3086 3359 in
3117 3304 3473 3360 alterutrum.
3503 3303 3726 3360 Etcum

2144 3397 2440 3467 pugnaturi
2493 3404 2704 3464 essent,
2735 3396 2889 3452 Adad
2922 3396 3359 3452 Azumitensium
3405 3411 3501 3452 rex
3539 3406 3725 3453 votum

2144 3488 2316 3553 vovit,
2341 3488 2532 3544 dicens
2569 3489 2698 3558 quia
2739 3487 2787 3544 si
2815 3488 2999 3544 vicero
3026 3485 3485 3555 llomeritensem,
3524 3487 3731 3544 eﬁiciar

2144 3579 2520 3645 Christianus,
2569 3579 2697 3649 quia
2733 3594 2834 3648 pro
2883 3577 3224 3643 Christianis
3262 3594 3475 3652 pugno.
3515 3581 3728 3652 Deique

2143 3672 2464 3743 operatione
2501 3672 2637 3727 vicit
2680 3671 3085 3742 potentissime,
3117 3679 3174 3728 et
3202 3673 3419 3744 accepit
3447 3673 3726 3744 captivum

2143 3764 2328 3819 vivum
2359 3762 2682 3818 Damianum
2712 3778 2898 3833 regem
2931 3777 3126 3819 eorum
3154 3771 3209 3818 et
3241 3763 3524 3836 regionem
3561 3766 3717 3836 ipso-

2146 3868 2267 3908 rum
2323 3859 2380 3907 et
2431 3867 2599 3922 regna
2620 3893 2636 3918 ,
2680 3853 3000 3923 gratiasque
3029 3853 3280 3910 referens
3313 3853 3423 3910 Deo
3449 3855 3606 3911 Adad
3633 3870 3726 3912 rex

2147 3942 2588 3998 Azumitensium
2623 3941 2779 3998 misit
2817 3941 2884 3996 ad
2911 3941 3290 4000 Iustinianum
3316 3945 3728 4016 imperatorem,

2149 4043 2208 4090 ut
2237 4034 2520 4104 acciperet
2563 4033 2887 4105 episcopum
2919 4040 2976 4090 et
3028 4035 3288 4101 clericos,
3319 4044 3376 4092 et
3413 4037 3729 4104 doceretur,

2147 4137 2202 4182 ct
2262 4126 2419 4182 fieret
2451 4125 2826 4183 Christianus.
2885 4125 2954 4180 Et
3002 4127 3228 4196 gavisus
3267 4136 3353 4183 est
3410 4143 3580 4198 super
3627 4131 3730 4184 hoc

2146 4218 2493 4276 Iustinianus
2539 4218 2864 4289 plurimum,
2910 4226 2966 4274 et
3017 4217 3192 4287 jussit
3242 4218 3327 4274 eis
3363 4218 3483 4274 dari
3515 4219 3733 4289 episco.

2148 4328 2277 4382 pum
2333 4325 2718 4383 quemcunque
2767 4309 3102 4377 voluissent,
3149 4317 3204 4366 et
3242 4310 3530 4381 elegerunt
3561 4311 3726 4366 iidem

2147 4407 2334 4478 legati,
2359 4421 2484 4460 cum
2508 4405 2727 4460 curiose
2759 4401 3132 4474 quaesiissent,
3160 4401 3592 4458 mansionarium
3615 4401 3731 4476 (52)

2150 4498 2208 4554 S.
2235 4498 2464 4554 Ioannis
2498 4510 2710 4567 magna:
2744 4494 3120 4562 Alexandriae,
3152 4495 3335 4550 virum
3360 4495 3730 4553 venerabilem

463 4590 730 4645 [tertianis
783 4588 1024 4644 Mundus
1064 4604 1132 4644 ex
1186 4602 1387 4659 genere
1441 4585 1711 4657 Gipedum
1746 4587 2052 4646 derivatus.
2087 4602 2134 4659 ι)
2159 4605 2214 4651 et
2247 4593 2536 4662 virginem,
2560 4588 2786 4646 nomine
2824 4587 3114 4654 Ioannem,
3143 4589 3237 4660 qui
3267 4588 3552 4661 sexaginta
3587 4590 3728 4645 duo.

524 4685 688 4736 Anno
719 4679 936 4736 decimo
965 4687 1165 4752 quarto
1191 4679 1407 4749 imperii
1436 4677 1735 4735 Iustiniani
1766 4679 2046 4736 Chosroes

462 4787 558 4830 rex
621 4773 916 4828 Persarum
980 4781 1241 4844 quartum
1280 4773 1338 4826 in
1391 4769 1768 4827 Romanorum
1839 4781 2044 4828 terram

462 4865 593 4921 fecit
612 4866 960 4937 ingressum;
991 4881 1154 4935 quem
1183 4864 1485 4920 Belisarius
1519 4878 1718 4920 rursus
1745 4863 1816 4919 ab
1838 4861 2045 4936 Hespe-

463 4960 565 5016 riis
602 4959 831 5016 veniens
858 4959 1128 5031 sapientia
1161 4973 1262 5015 sua
1293 4957 1629 5014 ineﬂieacem
1664 4958 1843 5015 redire
1867 4958 2048 5031 coegit

465 5051 536 5108 ad
569 5051 813 5123 propria.

534 5143 742 5200 Eodem
791 5157 925 5199 vero
982 5157 1130 5197 anno
1167 5141 1463 5196 Timotheo
1492 5141 1753 5212 episcopo
1803 5139 2042 5195 Alexan—

462 5237 599 5292 driae
637 5245 878 5301 mortuo,
910 5235 1151 5290 Severus
1187 5235 1410 5304 impius,
1442 5233 1823 5289 Antiochenus
1842 5233 2043 5304 prmsul

462 5329 700 5391 adulter,
747 5338 802 5384 et
843 5327 1098 5383 Iulianus
1155 5328 1592 5391 Alicaruasseus,
1651 5326 2042 5382 Alexandriam

465 5420 595 5490 fuga
627 5419 790 5490 lapsi,
821 5419 891 5474 de
925 5419 1272 5489 corruptibili
1313 5429 1368 5472 et
1422 5418 1830 5488 incorruptibili
1857 5418 2047 5476 conle—

464 5521 654 5568 rentes
691 5512 957 5569 adversus
989 5513 1247 5576 invicem,
1291 5511 1423 5566 facti
1449 5520 1579 5568 sunt
1604 5518 1866 5584 tanquam
1897 5514 2044 5568 veri.

464 5607 598 5662 tatis
627 5607 900 5674 extranei,
954 5618 1009 5662 et
1043 5607 1182 5662 alter
1215 5606 1436 5676 quidem
1469 5604 1868 5671 Theodosium,
1905 5606 2039 5662 alter

2150 4704 2270 4746 rum
2306 4691 2425 4742 erat
2449 4697 2745 4740 annorum.
2781 4679 2904 4748 Quo
2930 4689 3193 4751 suscepto
3221 4679 3484 4736 abierunt
3517 4681 3572 4737 in
3597 4697 3728 4752 pro-

2148 4778 2327 4852 priam
2355 4775 2637 4845 regionem
2660 4771 2728 4827 ad
2751 4787 2935 4844 regem
2965 4787 3150 4839 suum,
3183 4779 3239 4828 et
3267 4773 3344 4829 ita
3372 4773 3733 4830 crediderunt

2147 4870 2395 4934 Christo,
2426 4879 2480 4923 et
2514 4865 2812 4922 illuminati
2845 4872 2998 4923 sunt.

2223 4959 2412 5016 Mundi
2464 4973 2612 5013 anno
2648 4957 2813 5020 6036,
2872 4956 3075 5012 divina:
3139 4957 3544 5013 incarnationis
3584 4969 3731 5012 anno

2152 5053 2278 5120 5'56,
2316 5053 2624 5122 imperante
2683 5047 3002 5106 Iustiniano
3049 5063 3194 5105 anno
3225 5049 3442 5105 decimo
3495 5049 3731 5118 septimo

2147 5145 2330 5202 factus
2361 5151 2447 5201 est
2477 5153 2643 5199 terrae
2673 5152 2859 5200 motus
2900 5157 3137 5214 magnus
3186 5141 3243 5197 in
3279 5140 3541 5197 universo
3567 5155 3731 5196 mun-

2146 5239 2239 5294 do.
2268 5237 2585 5308 Eodemque
2630 5251 2777 5291 anno
2825 5237 3081 5307 apparuit
3111 5234 3332 5304 quidam
3388 5249 3456 5289 ex
3505 5234 3731 5305 regione

2148 5329 2413 5384 Italorum
2463 5343 2562 5399 per
2597 5327 2760 5384 villas
2793 5327 3138 5390 discurrens,
3174 5325 3403 5380 nomine
3459 5325 3728 5387 Andreas,

2146 5421 2357 5477 habens
2382 5435 2570 5477 secum
2609 5435 2800 5475 canem
2842 5418 3028 5474 rufum
3055 5424 3109 5473 et
3140 5431 3373 5484 caecum,
3404 5418 3500 5488 qui
3523 5418 3718 5488 jussus

2155 5513 2226 5568 ab
2249 5528 2317 5570 eo
2348 5512 2589 5569 faciebat
2621 5511 2913 5568 miracula.
2961 5510 3099 5566 Cum
3151 5511 3298 5566 enim
3333 5518 3504 5567 staret
3533 5511 3650 5581 ipse
3673 5509 3729 5563 in

2154 5605 2300 5672 foro,
2335 5613 2390 5662 et
2419 5604 2580 5660 turba
2609 5604 2663 5658 in
2686 5604 2921 5660 circuitu
2939 5603 3175 5670 adesset,
3207 5603 3348 5658 clam
3378 5603 3569 5659 eodem
3593 5616 3732 5659 cane

2027 5717 2267 5777 NOT/E.

536 5810 1133 5884 (52)_Mansionarium.
1156 5813 1246 5867 Sic
1267 5812 1431 5866 etiam
1465 5812 1878 5884 vertitNicmtue
1913 5829 2035 5882 syn.

459 5883 499 5938 2
530 5882 584 5956 p.
624 5882 724 5938 705
762 5886 850 5941 ed.
889 5884 953 5940 Β.
992 5884 1125 5964 Vide
1179 5893 1232 5938 et
1276 5899 1399 5937 can.
1452 5887 1487 5935 '2
1543 5899 1667 5953 syn.
1704 5883 2040 5940 Chalcedon.

2149 5810 2422 5868 Zonaram
2456 5813 2522 5869 ad
2559 5813 2791 5869 concilia
2823 5828 2877 5884 p.
2907 5810 3006 5867 697
3032 5810 3227 5884 72,769§
3273 5825 3302 5864 a
3352 5819 3407 5866 et
3456 5809 3558 5864 720
3595 5809 3650 5865 b.
3675 5813 3731 5863 et

2156 5885 2356 5939 concil.
2392 5884 2590 5954 Cpolit.
2620 5886 2724 5941 sub
2753 5882 2906 5941 Mena
2941 5900 2994 5956 p.
3030 5883 3150 5938 757.
3186 5882 3350 5937 ἣκει.
