4088 6456
443 417 461 479 1
475 419 575 480 263

1511 411 1914 478 ANAS’I‘ASII
1986 409 2061 469 BI
2073 409 2296 470 ΒΜοΤ
2307 411 2622 472 ΗΕΟΑΗΙΙ

3558 420 3685 488 1264

342 598 364 604 __
439 531 831 587 deferebantur
873 529 1173 584 astantium
1223 525 1417 583 annuli
1461 527 1614 582 aurei
1667 535 1726 584 et
1776 523 2021 596 argentei
2057 522 2389 582 Atriarehae
2443 523 3070 594 Constantinopolitani,
3133 536 3188 582 et
3240 531 3578 598 pratpositum
3609 553 3684 597 eu

440 634 495 679 et
535 623 722 689 ferrei,
781 632 836 677 et
887 622 1237 692 ponebantur
1271 621 1325 675 in
1367 621 1707 691 pavimento,
1761 635 1901 689 quos
1933 618 2024 674 ille

437 715 816 788 cooperiebat,
859 722 914 770 et
956 713 1313 785 prreeipiebat
1370 711 1516 775 cani,
1575 722 1628 767 et
1688 711 1936 775 tollebat,
1970 718 2024 764 et

437 809 610 864 dabat
661 807 960 876 unicuique
1007 820 1191 860 suum.
1241 801 1525 859 Similiter
1565 815 1619 858 et
1673 803 2061 858 diversorum—

437 904 830 973 imperatorum
865 900 1193 956 nomismata
1219 898 1386 952 mixta
1414 897 1730 969 porrigebat
1783 911 1882 968 per
1927 911 2024 950 no-

438 996 606 1050 mina.
653 993 758 1048 Sed
800 1001 1000 1064 praesto
1049 992 1208 1047 turba
1250 1001 1485 1056 astante,
1521 991 1766 1045 virorum
1809 990 2024 1046 scilicet

436 1095 495 1139 et
539 1083 828 1138 mulierum
859 1120 873 1146 ,
933 1082 1307 1152 interrogatus
1372 1081 1701 1138 ostendebat
1747 1081 1802 1137 in
1863 1089 2022 1136 utero

437 1179 704 1233 habentes
755 1184 810 1232 et
862 1174 1196 1231 fornicarios
1236 1185 1292 1230 et
1326 1174 1610 1231 adulteros
1655 1185 1710 1230 et
1739 1191 1936 1230 avaros
1970 1185 2024 1231 et

437 1269 839 1342 magnanimos.
902 1269 1246 1324 Ostendebat
1311 1283 1506 1324 omnes
1580 1283 1705 1322 cum
1761 1268 2021 1323 veritate.

437 1365 593 1418 Unde
632 1363 892 1419 dicebant
923 1361 1053 1432 quia
1086 1362 1344 1433 spiritum
1379 1363 1544 1417 habet
1577 1361 1863 1432 Pythonis.

507 1457 664 1511 Anno
687 1457 904 1527 ξηανΞὶ
940 1453 1240 1510 Iustiniani
1277 1455 1493 1509 decimo
1533 1463 1727 1509 octavo
1759 1453 2021 1508 diffusum

433 1558 517 1603 est
552 1563 703 1603 mare
759 1563 858 1616 per
911 1545 1159 1602 Thracen
1220 1546 1471 1601 miliariis
1525 1554 1791 1615 quatuor,
1846 1552 2022 1600 etco-

435 1642 657 1710 operuit
689 1656 809 1696 eam
845 1640 994 1694 circa
1032 1649 1213 1710 partes
1254 1639 1483 1710 Otlyssei
1525 1647 1577 1694 et
1608 1636 2017 1709 Dionysopolis,

435 1742 490 1786 ιιι
533 1732 687 1787 multi
723 1733 899 1787 necati
949 1742 1079 1786 sunt
1121 1732 1170 1786 in
1206 1732 1389 1802 aquis,
1423 1740 1475 1784 et
1509 1733 1703 1786 iterum
1751 1730 1842 1786 Dei
1878 1745 2018 1800 prte-

433 1831 594 1893 ecpto
629 1823 940 1877 restitutum
974 1831 1058 1876 est
1091 1821 1231 1876 idem
1286 1836 1433 1876 mare
1465 1821 1518 1875 in
1557 1821 1674 1876 loca
1716 1835 1838 1876 sua.

506 1917 665 1969 Anno
709 1914 924 1985 imperii
983 1911 1282 1970 Iustiniani
1337 1912 1555 1968 decimo
1614 1927 1765 1968 nono
1820 1911 2019 1968 Petrus

432 2007 994 2079 llierosolymitanam
1035 2016 1090 2064 ct
1129 2006 1373 2063 Domnus
1423 2006 1830 2062 Antiochenam
1877 2005 2022 2076 regit

434 2101 770 2168 licelcsiam;
800 2107 854 2156 et
889 2100 1034 2154 facta
1069 2109 1154 2155 est
1199 2099 1383 2172 inopia
1419 2099 1686 2156 frumenti
1731 2108 1784 2156 et
1811 2099 1923 2154 vini
1956 2113 2022 2155 ac

432 2193 615 2263 pluvia
646 2193 840 2259 multa,
869 2193 1139 2248 etfactus
1183 2201 1270 2248 est
1303 2200 1465 2248 terra:
1499 2200 1684 2249 motus
1709 2191 2021 2250 Constanti-

429 2287 618 2357 n0poli
669 2298 924 2356 magnus,
961 2293 1017 2343 et
1051 2285 1268 2340 eversio
1324 2285 1394 2341 de
1442 2291 1638 2342 saneto
1689 2283 1926 2347 Pascha,
1966 2289 2022 2339 et

429 2380 599 2448 rmpit
630 2379 826 2449 vulgus
865 2393 894 2432 a
940 2380 1206 2433 carnibus
1236 2377 1526 2434 abstinere
1557 2391 1746 2433 mense
1772 2374 2020 2431 Februa-

430 2471 539 2537 rio,
587 2471 676 2526 die
724 2480 923 2542 quarta
963 2487 977 2523 :
1011 2471 1311 2542 imperator
1366 2480 1548 2528 autem
1602 2470 1864 2542 praecepit
1914 2473 2020 2526 alia

431 2563 775 2621 hebdomade
813 2577 1036 2620 carnem
1087 2563 1333 2634 apponi,
1399 2572 1454 2620 et
1490 2578 1702 2620 'omnes
1767 2565 2019 2620 carnium

429 2655 749 2712 venditores
786 2655 1135 2720 occiderunt,
1185 2663 1240 2710 et
1291 2665 1689 2726 apposueram,
1746 2662 1802 2710 et
1858 2669 2022 2712 nemo

428 2745 648 2800 emebat
685 2753 792 2799 .ant
842 2744 1062 2801 edebat.
1092 2742 1274 2801 Porro
1325 2743 1540 2801 Pascha
1596 2745 1804 2802 factum
1848 2753 1935 2801 est
1965 2754 2022 2801 ut

428 2838 943 2909 imperatorjussit,
988 2846 1042 2894 et
1077 2838 1339 2895 inventus
1367 2846 1456 2894 est
1487 2839 1729 2909 populus
1759 2837 2020 2909 jejunans

430 2928 776 2985 hehdomada
807 2929 1110 3000 superflua.

500 3025 660 3077 Anno
696 3021 913 3093 imperii
943 3020 1239 3076 Iustiniani
1275 3022 1541 3079 vicesimo
1590 3031 1750 3092 capta
1790 3031 1875 3079 est
1909 3022 2021 3079 Ro-

433 3128 536 3168 ma.
560 3129 600 3166 -a
631 3113 850 3178 Gothis,
887 3121 940 3167 et
988 3111 1135 3182 Papa
1174 3112 1408 3184 Vigilius
1439 3114 1591 3169 venit
1620 3113 2015 3169 Constantino-

2129 631 2329 672 nomen
2390 614 2570 687 Vigilii
2630 617 2950 688 praecellens
3027 619 3084 674 in
3139 619 3430 691 diptyeltis.
3496 627 3688 687 Interea

2129 722 2321 763 mense
2369 706 2566 764 Martio
2617 709 2826 764 exsiliit
2859 709 3084 782 elephas
3119 726 3150 767 e
3184 714 3404 770 stabulo
3433 728 3610 786 noctu,
3639 733 3690 778 et

2128 801 2337 856 occidit
2370 803 2598 867 multos,
2635 805 2772 860 alios
2803 820 2938 861 vero
2982 806 3312 862 debilitavit.
3344 807 3511 867 Porro
3540 811 3694 872 Iunio

2131 908 2320 947 mense
2353 892 2496 948 facta
2528 902 2660 949 sunt
2690 897 2934 950 encmnia
2966 906 3292 951 sanctorum
3324 898 3690 967 Apostolorum

2127 985 2272 1054 apud
2308 984 2876 1057 Constantinopolim,
2903 998 2958 1042 et
3008 988 3299 1044 recondita
3335 999 3461 1044 sunt
3493 993 3692 1062 lipsana

2128 1075 2364 1132 Andreae
2391 1075 2554 1132 Lucae
2580 1093 2643 1132 ac
2676 1077 2952 1133 TimOthei
2980 1079 3380 1148 apostolorum,
3416 1092 3466 1135 et
3489 1087 3696 1138 transiit

2128 1170 2318 1224 Menas
2348 1169 2644 1242 episcopus
2672 1185 2800 1226 cum
2869 1173 3082 1228 sanctis
3138 1173 3389 1243 lipsanis,
3431 1174 3620 1230 sedens
3645 1178 3698 1230 in

2127 1276 2395 1317 carrucca
2433 1277 2602 1317 aurea
2653 1263 3034 1331 imperatoria,
3086 1262 3367 1334 lapidibus
3417 1265 3693 1336 insignita,

2129 1361 2322 1406 tenens
2355 1360 2470 1407 tres
2494 1353 2686 1406 thecas
2710 1361 3030 1407 sanctorum
3069 1353 3442 1423 apostolorum
3472 1355 3526 1410 in
3557 1359 3700 1426 genis

2127 1444 2231 1499 bus
2260 1444 2399 1511 suis,
2427 1454 2483 1499 et
2520 1446 2592 1499 ita
2619 1447 2866 1500 encaenia
2899 1444 3215 1500 celebravit.

2199 1539 2360 1594 Anno
2402 1540 2617 1610 imperii
2645 1539 2946 1618 Iustiniani
2980 1540 3248 1608 vicesimo
3271 1551 3490 1612 quarto,
3523 1558 3700 1601 mense

2125 1631 2340 1701 Aprili,
2395 1632 2599 1687 missus
2653 1642 2739 1688 est
2795 1631 2998 1689 Narses
3043 1633 3422 1690 cubicularius
3480 1633 3698 1692 Romam

2127 1733 2481 1793 pugnaturus
2528 1723 2798 1782 adversus
2845 1725 3064 1782 Gothos
3092 1767 3107 1791 ,
3150 1727 3244 1797 qui
3287 1738 3550 1798 ceperant
3595 1729 3702 1786 Ro-

2128 1828 2297 1879 mam,
2354 1814 2616 1884 quoniam
2661 1825 2952 1887 postquam
3005 1833 3126 1872 eam
3181 1818 3486 1874 Belisarius
3531 1821 3699 1890 cepit,

2127 1903 2328 1960 iterum
2359 1905 2784 1962 insurrexerunt
2809 1915 2864 1963 et
2899 1919 3222 1978 receperunt
3247 1909 3398 1964 illam
3423 1909 3601 1964 Gothi.

2197 1996 2358 2052 Anno
2423 1996 2642 2068 imperii
2675 1997 2974 2054 Iustiniani
3025 2002 3289 2057 vicesimo
3337 2003 3535 2071 quinto
3569 2001 3700 2058 facta

2123 2099 2254 2144 sunt
2296 2091 2540 2146 cnezenia
2591 2091 2650 2146 S.
2711 2092 2925 2148 Eirente
2970 2102 3125 2151 trans
3178 2095 3701 2166 Constantinopolim

2123 2184 2180 2238 in
2214 2183 2395 2255 Sycis,
2429 2191 2484 2239 et
2520 2183 2776 2240 exierunt
2808 2194 2999 2241 sancta
3036 2187 3248 2256 lipsana
3297 2201 3365 2240 ex
3402 2185 3590 2257 Magna
3615 2202 3704 2242 ee-

2122 2278 2312 2341 clesia,
2337 2291 2448 2331 una
2483 2293 2607 2333 cum
2646 2275 2866 2332 duobus
2912 2278 3270 2348 patriarehis,
3305 2277 3462 2334 Mena
3505 2278 3706 2335 scilicet

2123 2371 2738 2440 Constantinopolitano
2767 2381 2820 2426 et
2853 2370 3197 2442 Apollinario
3233 2369 3622 2434 Alexandrino,
3655 2379 3705 2423 et

2125 2465 2390 2520 sederunt
2422 2464 2582 2520 anibo
2619 2465 2671 2518 in
2709 2464 3070 2535 imperatorio
3140 2478 3353 2528 curru,
3418 2462 3706 2517 retinentes

2125 2556 2179 2611 in
2222 2557 2455 2626 genibus
2485 2557 2601 2614 suis
2631 2564 2826 2613 sancta
2880 2557 3120 2626 lipsana,
3151 2566 3206 2611 et
3241 2565 3515 2612 venerunt
3544 2570 3706 2625 usque

2124 2647 2196 2702 ad
2225 2645 2456 2713 fretum,
2490 2654 2545 2702 et
2573 2647 3074 2703 transfretantihus
3103 2645 3326 2702 obviam
3360 2647 3444 2703 eis
3477 2645 3708 2702 occurrit

2126 2742 2450 2812 imperator,
2501 2749 2556 2797 et
2587 2747 2929 2812 aperuerunt
2959 2741 3209 2797 eamdem
3241 2740 3539 2798 ecclesiam
3590 2753 3709 2794 san-

2125 2843 2230 2890 clas
2265 2835 2525 2908 martyris
2566 2833 2800 2890 Eireme.
2845 2833 3052 2890 Eodem
3089 2849 3234 2891 anno
3265 2837 3503 2891 moritur
3527 2832 3708 2889 Menas

2124 2927 2422 2999 episcopus
2465 2929 3148 3000 Constantinopolitanus,
3182 2937 3237 2983 et
3280 2927 3466 2983 factus
3495 2935 3578 2983 est
3618 2941 3710 2998 pro

2126 3021 2248 3090 ipso
2281 3018 2581 3092 Eutycliius
2609 3019 3006 3091 apocrisiarius
3048 3018 3289 3073 Amaside
3319 3033 3388 3072 ae
3420 3017 3709 3072 monachus

2126 3113 2449 3168 monasterii
2481 3113 2625 3183 quod
2655 3120 2744 3166 est
2770 3126 2941 3182 penes
2966 3111 3269 3178 Amasiam,
3307 3123 3376 3164 ac
3407 3108 3706 3181 presbyter.

428 3205 622 3277 polim,
649 3213 704 3261 et
759 3210 1052 3272 susceptus
1119 3202 1186 3257 ab
1219 3201 1554 3273 imperatore
1618 3220 1744 3259 cum
1807 3205 2016 3276 ingenti
2045 3223 2091 3284 ο
2129 3203 2330 3259 Eadem
2371 3219 2502 3258 sane
2541 3203 2710 3259 Mena:
2735 3203 2946 3258 funeris
2989 3202 3102 3269 die,
3135 3217 3263 3257 eum
3307 3201 3494 3256 adhuc
3513 3200 3709 3271 jacere:

429 3300 642 3354 honore
698 3297 1116 3367 repromittehat
1166 3295 1349 3351 facere
1411 3297 1673 3353 unitatem
1729 3299 2018 3355 catholicae

428 3392 720 3461 Ecclesia!
750 3397 802 3446 et
853 3389 1319 3444 anathematizare
1373 3392 1474 3445 tria
1520 3392 1782 3462 capitula,
1813 3393 2017 3464 quique

428 3482 1058 3541 excommunicationem
1095 3490 1336 3553 quatuor
1368 3483 1639 3539 mensium
1674 3484 1826 3540 dedit
1848 3485 2018 3542 Mena:

427 3572 1048 3644 Constantinopolitano
1095 3574 1358 3644 episcOpo
1401 3573 1458 3627 in
1504 3573 1835 3644 epitimium.
1868 3574 2017 3631 indi-

426 3677 625 3738 gnatus
679 3675 862 3721 autem
916 3665 1219 3736 imperator
1253 3673 1450 3721 contra
1487 3665 1743 3736 Vigilium
1784 3679 2018 3738 propter

425 3753 760 3830 epitimium,
793 3768 849 3815 et
877 3759 1010 3829 quia
1050 3756 1343 3813 differebat
1397 3759 1677 3830 complere
1705 3774 1829 3831 quae
1867 3761 2018 3818 vide-

426 3852 634 3907 bantur
664 3864 832 3921 super
865 3851 1077 3905 unitate
1115 3849 1485 3906 Ecelesiarum
1510 3890 1525 3916 ,
1567 3852 1717 3908 misit
1767 3861 1830 3908 ut
1859 3868 2015 3911 com-

428 3943 892 4016 prehenderetur.
926 3942 1030 4009 Qui
1065 3951 1315 3999 metuens
1348 3943 1613 4015 impetum
1659 3946 2018 4017 imperatoris

429 4037 498 4091 ad
553 4036 728 4091 altare
767 4034 947 4107 Sergii
1000 4037 1266 4107 martyris
1324 4037 1649 4094 monasterii
1706 4039 2016 4094 Hormisdae

427 4128 696 4200 confugit.
739 4127 808 4182 Et
853 4127 978 4183 inde
1009 4135 1225 4185 tractus
1257 4129 1436 4183 tenuit
1462 4131 1754 4186 columnas
1787 4143 2014 4204 portan-

345 4289 350 4297 ‘
427 4230 512 4276 tes
536 4221 732 4284 aitare,
761 4232 815 4274 et
845 4220 948 4275 has
986 4221 1207 4288 evertit,
1245 4237 1369 4275 cum
1403 4230 1552 4277 esset
1579 4225 1765 4293 gravis
1812 4235 1864 4280 et
1893 4240 2016 4280 eor-

424 4327 561 4382 pore
592 4312 840 4384 grandis.
873 4311 1177 4382 Imperator
1223 4319 1406 4367 autem
1453 4314 1781 4383 pcenitentia
1814 4315 2014 4371 ductus

428 4405 672 4476 suscepit
697 4419 896 4476 papam
949 4402 1235 4476 Vigilium,
1297 4412 1353 4461 et
1406 4413 1635 4478 rogatus
1693 4406 1928 4480 Vigilius
1983 4425 2011 4464 a

427 4495 720 4551 Theodore
774 4495 1022 4568 Augusta
1075 4497 1323 4569 suscepit
1372 4497 1585 4554 Menam
1636 4501 2010 4570 patriarcham

2131 3299 2186 3353 itt
2235 3298 2456 3360 sacello,
2475 3311 2664 3351 mense
2685 3299 2932 3368 Augusto
2958 3303 3162 3365 tropaea
3187 3303 3462 3350 venerunt
3487 3309 3517 3349 e
3545 3291 3708 3348 Roma

2125 3390 2317 3446 Narsis
2374 3390 2696 3444 ('UlliClllal‘ll
2737 3398 2791 3443 et
2838 3389 3061 3444 exarchi
3117 3387 3518 3445 Romanorum.
3578 3385 3710 3440 inito

2131 3482 2334 3553 quippe
2354 3481 2496 3537 bello
2510 3497 2638 3536 cum
2663 3477 2844 3536 Tetila
2867 3495 2993 3551 rege
3006 3479 3311 3538 Gothorum
3336 3478 3711 3551 potentissime

2125 3577 2430 3647 superavit,
2475 3583 2529 3630 et
2571 3577 2715 3646 repit
2747 3575 2997 3639 Romam,
3039 3582 3094 3631 et
3135 3575 3333 3630 occidit
3373 3573 3629 3633 Totilam,
3658 3578 3707 3624 et

2123 3669 2447 3724 vestimenta
2488 3669 2609 3738 ejus
2649 3675 2933 3721 cruentata
2968 3681 3094 3721 cum
3135 3666 3471 3720 eamilaueio
3519 3659 3706 3732 lapidi-

2122 3761 2228 3816 bus
2271 3760 2528 3831 pretiosis
2583 3768 2784 3814 ornalo
2839 3757 2989 3813 misit
3043 3755 3608 3827 Constantinopolim,
3662 3759 3711 3805 et

2120 3852 2326 3923 jactata
2356 3859 2486 3908 sunt
2519 3851 2582 3904 ad
2623 3850 2790 3921 pedes
2831 3849 3181 3920 imperatoris
3209 3863 3398 3904 coram
3428 3859 3642 3904 senatu.

2194 3946 2358 3999 Anno
2387 3943 2603 4014 imperii
2629 3942 2928 3999 Iustiniani
2961 3942 3225 3999 vicesimo
3262 3949 3424 3996 sexto
3463 3939 3604 3994 facta
3633 3943 3710 3992 est

2123 4045 2319 4093 sancta
2385 4048 2438 4092 et
2487 4035 2821 4091 universalis
2843 4035 3036 4106 quinta
3073 4033 3318 4107 synodus
3366 4041 3562 4090 contra
3591 4027 3709 4086 Ori—

2123 4147 2315 4202 genem
2350 4144 2613 4184 vesanum
2659 4137 2714 4184 et
2749 4127 3040 4200 Didymutn
3078 4142 3288 4183 caecum
3338 4137 3394 4182 et
3426 4123 3708 4196 Evagrium

2122 4234 2288 4293 atque
2320 4222 2539 4294 gentilis
2571 4236 2770 4277 sensus
2795 4235 2988 4275 eorum
3016 4218 3472 4283 deliramentum,
3503 4225 3556 4272 et
3594 4231 3712 4270 rur-

2122 4332 2218 4372 sus
2245 4323 2437 4369 contra
2467 4310 2970 4383 capitula.Vigilius
3001 4320 3182 4366 autem
3207 4307 3492 4366 Romanus
3519 4321 3712 4365 convc-

2121 4408 2404 4465 trientibus
2423 4422 2532 4462 non
2555 4403 3113 4462 consedit.Dimissus
3138 4412 3324 4460 autem
3343 4404 3534 4459 multis
3557 4401 3711 4458 motis

2121 4503 2190 4559 ab
2210 4503 2564 4573 imperatore,
2604 4503 2657 4554 in
2688 4499 2907 4572 lllyrico
2942 4499 3178 4553 moritur
3212 4497 3430 4553 rediens
3460 4495 3707 4552 Romam.

426 4586 1103 4656 Constantinopolitanum
1144 4586 1406 4642 vicesima
1461 4603 1608 4644 nona
1637 4568 1756 4646 alie
1805 4591 2011 4647 mensis
2044 4568 2094 4627 D
2195 4568 2475 4650 Vicesimo
2518 4568 3004 4664 septimo—imperii
3027 4589 3325 4646 Iustiniani
3353 4605 3501 4646 anno
3539 4589 3709 4644 factus

424 4679 599 4744 Iunii,
631 4677 932 4734 festivitate
964 4679 1378 4750 Apostolorum.

494 4776 658 4829 Anno
712 4773 974 4829 vicesimo
1038 4776 1218 4844 primo
1284 4776 1504 4848 imperii
1543 4779 1664 4849 ejus
1709 4778 1836 4835 facti
1882 4789 2011 4836 sunt

427 4879 591 4921 terrae
616 4872 796 4918 motus
824 4865 1002 4934 magni
1031 4878 1082 4922 et
1111 4866 1331 4936 pluvire,
1362 4876 1689 4941 mortuaque
1720 4877 1806 4926 cst
1831 4869 2011 4926 Theo-

425 4960 562 5014 dora
591 4955 858 5026 Augusta.
887 4953 1154 5012 Similiter
1180 4965 1235 5013 et
1258 4958 1512 5027 sequenti
1538 4973 1688 5015 anno
1710 4959 1853 5014 facta
1879 4971 2010 5016 sunt

428 5051 649 5121 fulgura
679 5058 735 5104 et
769 5052 1034 5115 tonitrua,
1071 5050 1147 5104 ita
1181 5059 1239 5104 ut
1267 5051 1609 5107 dormientes
1641 5067 1708 5108 ex
1738 5055 2006 5110 tonitruis

427 5145 783 5210 deerentur,
809 5155 973 5214 atque
1001 5144 1257 5198 incendia
1289 5159 1460 5213 penes
1497 5143 1841 5216 Byzantium.

498 5237 686 5292 Mundi
737 5253 882 5291 anno
963 5238 1127 5302 (ΞΟ-ιθ,
1162 5238 1365 5292 divinae
1425 5238 1833 5296 incarnationis
1869 5257 2014 5298 anno

426 5331 554 5398 546,
612 5332 831 5401 imperii
863 5329 1164 5386 Iustiniani
1211 5345 1359 5384 anno
1397 5331 1658 5387 vicesimo
1707 5333 1873 5390 tertio
1925 5336 2018 5390 le-

428 5438 586 5494 gatus
613 5424 874 5480 Indorum
908 5427 1060 5480 venit
1087 5425 1627 5496 Constantinopolim
1660 5428 1872 5486 ducens
1903 5431 2016 5485 ele-

429 5517 711 5583 phantem,
746 5525 800 5571 et
840 5516 1122 5587 ingressus
1167 5527 1254 5574 est
1291 5517 1772 5590 liippodromium.
1807 5519 2014 5577 Ianua-

429 5607 515 5665 rio
549 5622 681 5663 vero
735 5623 922 5664 mense
972 5609 1326 5680 suppositum
1359 5620 1444 5667 est
1479 5626 1675 5667 nomen
1712 5612 1880 5671 Monac
1914 5632 2014 5687 pa-

2123 4695 2207 4745 est
2237 4697 2396 4743 terrae
2447 4694 2633 4742 motus
2676 4685 2945 4742 terribilis
2976 4683 3468 4755 Constantinopoli
3501 4691 3556 4739 et
3602 4680 3709 4736 cir-

2121 4797 2470 4854 cumquaque
2501 4781 2756 4848 urbibus,
2789 4783 2882 4850 qui
2922 4780 3103 4835 tenuit
3129 4779 3325 4835 diebus
3373 4778 3464 4847 40,
3495 4785 3549 4833 et
3583 4790 3709 4848 pau-

2122 4877 2277 4934 latim
2332 4876 2583 4932 homines
2634 4875 2952 4945 compuncti
3007 4883 3154 4938 sunt,
3192 4872 3455 4928 letaniam
3489 4879 3710 4944 agentes

2121 4979 2177 5026 et
2239 4968 2655 5041 frequentantes
2718 4979 2885 5038 atque
2933 4967 2990 5022 in
3045 4967 3294 5024 ecclesiis
3358 4979 3713 5025 commancn-
3795 5033 3798 5044 Ι

2124 5073 2207 5120 tes
2256 5063 2392 5136 (55).
2449 5063 2701 5132 Cumque
2765 5060 2939 5116 multa
3002 5060 3098 5116 Dei
3153 5059 3537 5117 misericordia
3573 5057 3710 5112 facta
3792 5067 3796 5083 τ

2123 5157 2341 5224 fuisset,
2386 5153 2641 5212 homines
2674 5153 2740 5209 ad
2776 5153 2965 5226 pejora
2998 5153 3194 5222 dilapsi
3229 5163 3378 5209 sunt.
3413 5151 3502 5206 Fit
3528 5160 3702 5204 autem

2127 5249 2395 5306 memoria
2426 5255 2588 5304 terrae
2616 5257 2804 5303 motus
2838 5247 3008 5318 hujus
3041 5262 3137 5317 per
3164 5246 3411 5317 singulos
3443 5255 3620 5297 annos
3657 5239 3705 5292 in

2123 5343 2357 5413 Campo,
2390 5343 2655 5398 letaniam
2699 5340 2900 5413 pepulo
2948 5340 3208 5396 faciente.

2194 5435 2385 5493 Mundi
2433 5450 2581 5491 anno
2625 5435 2803 5504 6047,
2861 5435 3061 5490 divinae
3112 5433 3518 5489 incarnationis
3567 5441 3706 5484 anno

2122 5529 2250 5596 547,
2288 5525 2554 5584 vicesimo
2581 5536 2774 5581 octavo
2804 5525 3021 5596 imperii
3051 5523 3349 5581 Iustiniani
3375 5539 3523 5579 anno
3564 5519 3704 5574 facta

2119 5630 2248 5678 sunt
2282 5622 2528 5676 tonitrua
2566 5629 2619 5675 et
2656 5618 2877 5690 fulgura
2921 5617 3222 5686 horrenda,
3254 5629 3308 5674 et
3339 5628 3533 5674 ventus
3559 5609 3702 5667 Afri-

1950 5735 2183 5796 NOTAS.

511 5815 1075 5906 (@Foimganentes.
1105 5821 1436 5880 Rnﬂinusin
1468 5823 1794 5884 Praefatione
1819 5828 1942 5885 libri
1969 5847 2006 5886 ll
2049 5831 2127 5890 De
2160 5835 2579 5890 eitis’Palrum:
2619 5855 2634 5886 ‹
2681 5833 3041 5892 Commanent
3073 5841 3253 5891 autem
3307 5848 3404 5906 per
3463 5840 3705 5887 eremum

432 5886 687 5956 dispersi.
729 5905 746 5938 ι
792 5886 956 5941 ΕΑηιιι.
