4088 6424
445 425 582 492 12ὒὸ

1269 427 1640 493 HISTORIA
1665 430 2242 493 ECCLESIASTICA
2279 431 2383 492 EX
2419 430 2901 494 THEOPHANE.

3574 424 3714 493 1266

441 562 542 602 cus
583 543 868 608 terribilis,
901 540 976 599 ita
1011 552 1069 599 ut
1093 543 1315 602 caderet
1345 561 1507 614 crux,
1547 562 1670 619 quae
1717 547 1899 604 stabat
1942 547 2026 602 in-
2050 553 2102 609 Α
2126 553 2212 602 tor
2245 545 2516 602 aediﬁcare
2542 552 2765 616 pontem
2806 543 3052 616 Agoreos
3094 538 3363 607 ﬂuminis,
3390 549 3438 596 et
3475 555 3710 596 conver-

439 649 526 696 tra
559 647 772 710 portam
801 636 991 694 Rhesii

395 734 406 744 '
517 728 801 786 Vicesimo
854 744 999 784 nono
1033 728 1249 800 imperii
1281 729 1584 789 Iustiniani
1617 749 1761 791 anno
1793 734 2024 790 seditio-

446 838 571 879 nem
613 823 1030 878 concitaverunt
1071 821 1248 878 Judaei
1304 833 1356 879 et
1420 823 1713 882 Samaritae
1763 827 2028 882 Caesarea:

405 925 412 929 ·
441 914 768 978 Palaestinae,
802 922 858 970 et
892 914 1025 970 facti
1059 917 1219 985 quasi
1271 917 1326 972 in
1393 917 1587 975 ordine
1626 919 2029 975 Prasinovenc-

441 1015 626 1061 torum
669 1007 954 1060 irruerunt
984 1005 1038 1061 in
1080 1006 1428 1064 Christianos
1474 1009 1723 1080 ejusdem
1766 1009 2027 1074 civitatis,

441 1108 499 1156 et
549 1099 755 1155 multos
809 1098 1232 1166 interfecerunt,
1275 1110 1330 1156 et
1384 1103 1654 1159 ecclesias
1706 1104 2031 1160 combusse-

443 1201 598 1257 runt,
651 1191 1103 1262 Stephannmque
1152 1193 1468 1263 praefectum
1523 1197 1700 1267 ipsius
1761 1197 1914 1253 urbis
1965 1199 2020 1253 in

443 1283 704 1352 praetorio
735 1290 1109 1351 peremerunt,
1142 1292 1196 1339 et
1251 1285 1621 1340 substantiam
1677 1285 1800 1356 ejus
1856 1287 2033 1342 surri-

445 1384 704 1446 pueruut.
764 1373 917 1431 Uxor
970 1391 1101 1432 vero
1149 1375 1300 1432 illius
1361 1379 1665 1434 ascendens
1714 1379 1780 1434 ad
1841 1381 2032 1436 urbem

444 1469 583 1523 adiit
616 1467 1024 1538 imperatorem,
1067 1469 1158 1540 qui
1212 1469 1379 1538 jussit
1407 1471 1732 1528 Adamantio
1769 1472 2034 1544 magistro

442 1561 680 1617 militum
728 1560 1064 1616 descendere
1125 1563 1180 1616 in
1216 1561 1564 1619 Palaestinam
1606 1573 1660 1620 et
1699 1565 2032 1621 occisionem

442 1653 734 1723 exquirere
762 1651 1050 1723 Stephani.
1081 1653 1184 1719 Qui
1219 1655 1446 1710 veniens
1481 1671 1672 1711 eorum
1706 1671 1848 1727 quos
1882 1672 2036 1728 repe-

446 1747 518 1800 rit
549 1747 688 1800 alios
717 1745 1028 1816 suspendit,
1063 1747 1201 1803 alios
1232 1747 1547 1813 decollavit,
1581 1748 1718 1804 alios
1765 1764 1894 1805 vero
1941 1748 2036 1804 de-

445 1839 686 1894 bilitavit
725 1849 778 1895 et
832 1839 1152 1910 publicavit.
1189 1842 1254 1895 Et
1306 1841 1482 1897 factus
1528 1851 1612 1898 est
1645 1843 1810 1899 timor
1845 1842 2038 1914 ingens

444 1932 502 1988 In
527 1933 788 1988 omnibus
817 1931 1190 1989 Orientalibus
1225 1933 1496 2004 partibus.

517 2023 827 2081 Trieesimo
859 2026 1073 2097 imperii
1104 2023 1405 2081 Iustiniani
1442 2041 1588 2083 anno
1638 2027 1890 2100 Pelagius
1927 2026 2039 2084 Ro—

450 2133 746 2174 manorum
803 2120 944 2190 gerit
990 2118 1395 2191 epISCOpatum.
1440 2119 1560 2187 Quo
1612 2136 1755 2176 anno
1789 2131 2040 2176 mortuus

444 2225 533 2270 est
572 2211 898 2269 Timotheus
934 2213 1206 2268 exarchus
1263 2213 1728 2270 monasteriorum
1769 2223 1822 2270 et
1868 2215 2042 2284 begu-

449 2323 648 2362 menus
697 2305 1019 2362 monasterii
1079 2304 1350 2372 Dalmati,
1395 2315 1450 2363 et
1508 2305 1684 2362 factus
1735 2316 1820 2362 est
1851 2323 1948 2378 pro
1977 2323 2041 2364 eo

449 2401 770 2463 Aulhimus,
810 2398 1094 2453 inclausus
1134 2398 1380 2467 ejusdem
1408 2398 1753 2454 monasterii.
1783 2397 1849 2453 Et
1874 2414 2043 2469 appa-

447 2488 563 2543 ruit
591 2487 733 2559 ignis
762 2487 818 2541 in
857 2486 1021 2550 caelo,
1057 2486 1212 2555 quasi
1252 2486 1466 2556 species
1495 2485 1717 2553 lanceae,
1758 2503 1787 2542 a
1824 2497 2045 2560 septen-

449 2581 634 2636 trione
664 2595 839 2652 usque
883 2579 950 2635 ad
981 2578 1349 2635 occidentem.

526 2673 712 2728 Mundi
763 2688 908 2728 anno
959 2672 1127 2736 6050,
1185 2671 1387 2727 divinae
1438 2673 1838 2729 incarnationis
1899 2689 2046 2732 anno

450 2765 583 2830 550,
621 2764 909 2820 tricesimo
965 2763 1143 2834 primo
1189 2763 1402 2833 imperii
1435 2762 1736 2818 Iustiniani
1765 2779 1932 2831 anno,
1965 2765 2047 2818 l'a-

448 2869 581 2916 ctus
632 2867 793 2913 term
849 2866 1030 2912 motus
1061 2855 1348 2911 horribilis
1388 2855 1569 2920 valde,
1601 2857 1820 2926 qualem
1857 2857 2042 2913 nullus

450 2949 736 3003 hominum
756 2948 1095 3004 memorabat
1110 2949 1162 3002 in
1183 2947 1538 3019 generatione
1555 2948 1644 3003 illa
1660 2963 1825 3018 super
1841 2956 2043 3004 terram

450 3039 750 3111 eﬂ‘ectumﬁ:
779 3039 1198 3096 concutiebatur
1226 3039 1373 3095 enim
1397 3047 1542 3096 terra
1557 3049 1792 3095 nocteac
1818 3040 1906 3096 die
1924 3048 2048 3110 post

451 3135 643 3189 decem
697 3132 1110 3189 misericordias
1146 3132 1262 3188 Dei.
1320 3132 1390 3186 At
1417 3146 1552 3188 vero
1594 3133 1890 3202 imperator
1933 3147 2045 3188 non

2129 650 2248 696 lens
2271 638 2522 694 eumdem
2555 653 2766 694 amnem
2793 638 2850 693 in
2884 637 3054 692 alium
3086 635 3305 690 alveum
3342 632 3514 689 volvit
3545 647 3709 687 arcus

2131 731 2413 788 mirabiles
2449 731 2728 803 quinque,
2773 738 2826 786 et
2881 729 3010 786 fecit
3055 745 3180 784 eum
3231 727 3546 794 meabilem,
3584 739 3708 779 eum

2132 837 2286 881 antea
2319 826 2530 897 ligneus
2569 824 2752 881 fuerit.

2204 918 2512 975 Tricesimo
2548 927 2746 988 quarto
2783 916 2997 988 imperii
3029 913 3329 970 Iustiniani
3376 927 3523 968 anno
3556 907 3714 965 ditia.

2135 1021 2342 1067 malum
2373 1011 2487 1082 (55)
2521 1021 2608 1066 est
2643 1009 2786 1080 apud
2821 1005 3362 1077 Constantinopolim
3396 1002 3541 1075 quod
3567 1017 3719 1057 mor-

2134 1114 2266 1161 tuus
2301 1112 2451 1161 esset
2485 1105 2784 1174 imperator
2817 1119 2830 1156 :
2864 1108 3090 1158 venerat
3123 1099 3272 1154 enim
3323 1114 3352 1152 a
3400 1097 3634 1158 Thrace,
3663 1101 3718 1148 et

2137 1198 2406 1253 neminem
2445 1196 2685 1252 videbat.
2724 1196 2870 1266 Ergo
2915 1195 3104 1265 plebes
3135 1207 3372 1263 rapuere
3410 1204 3584 1261 partes
3617 1203 3715 1244 su-

2135 1294 2253 1350 bito
2283 1309 2350 1349 ex
2392 1293 2533 1349 Iocis
2565 1293 2618 1346 in
2646 1291 2850 1362 quibus
2885 1289 3089 1346 ﬁebant
3122 1300 3176 1344 et
3209 1287 3622 1354 vendebantur;
3664 1291 3720 1340 et

2136 1388 2284 1443 circa
2314 1387 2509 1442 horam
2542 1384 2762 1440 tertiam
2795 1399 2903 1438 non
2935 1380 3312 1437 inveniebatur
3337 1377 3495 1451 panis
3519 1379 3571 1433 in
3608 1385 3722 1434 tota

2138 1481 2293 1536 urbe.
2325 1479 2526 1536 Clausa
2562 1492 2784 1550 quoque
2835 1485 2964 1532 sunt
3007 1473 3332 1547 ergasteria,
3369 1480 3423 1528 et
3461 1486 3727 1527 susurra-

2139 1576 2233 1630 bat
2273 1572 2560 1644 paiatium,
2596 1571 2726 1642 quia
2759 1585 2921 1626 nemo
2946 1585 3012 1624 ex
3053 1576 3249 1624 senatu
3293 1564 3515 1621 videbat
3553 1566 3728 1635 impe-

2140 1675 2382 1720 ratorem
2431 1679 2497 1719 eo
2542 1661 2686 1732 quod
2732 1660 2976 1717 dolorem
3011 1657 3208 1728 capitis
3247 1664 3549 1728 pateretur,
3581 1663 3634 1708 et
3662 1668 3730 1708 ex

2140 1757 2247 1814 hoc
2297 1755 2646 1812 crediderunt
2684 1753 2836 1825 quod
2874 1750 3169 1808 defunctus
3209 1758 3355 1804 esset
3393 1748 3718 1816 imperatur.

2146 1853 2357 1908 Interea
2410 1849 2560 1904 circa
2607 1847 2799 1902 horam
2853 1859 3055 1900 nonam
3094 1842 3232 1898 fecit.
3273 1837 3498 1896 senatus
3549 1837 3733 1893 consi-

2147 1945 2304 2010 lium,
2347 1951 2401 1998 et
2457 1941 2731 1996 miserunt
2763 1937 3106 2010 praefectum,
3147 1945 3202 1991 et
3238 1933 3489 1990 fecerunt
3518 1929 3732 1986 lumina

2142 2039 2196 2094 in
2232 2046 2346 2092 tota
2375 2037 2534 2103 urbe,
2564 2034 2824 2106 quoniam
2859 2047 3032 2088 sanus
3065 2029 3244 2087 factus
3287 2036 3370 2084 est
3406 2028 3731 2097 imperator,

2143 2130 2327 2188 ethoc
2374 2127 2538 2184 modo
2570 2134 2757 2196 erepta
2788 2132 2871 2180 est
2911 2123 3110 2180 civitas
3143 2138 3171 2177 a
3206 2121 3543 2179 turbatione.
3577 2120 3736 2177 Post-

2144 2232 2308 2290 quam
2363 2224 2546 2271 autem
2591 2229 2761 2269 sanus
2805 2213 3034 2270 eli'ectus
3064 2221 3150 2269 est
3185 2213 3506 2283 imperator,
3548 2209 3727 2282 Euge-

2145 2311 2293 2373 nius,
2339 2307 2432 2378 qui
2502 2307 2683 2360 fuerat
2733 2304 3072 2376 praefectus,
3111 2303 3355 2360 detraxit
3409 2303 3646 2374 Georgio
3679 2313 3735 2358 et

2146 2397 2400 2454 Etherio
2429 2396 2808 2460 curatoribus,
2843 2393 3001 2464 quasi
3039 2393 3348 2450 voluissent
3379 2391 3733 2448 Theodorum

2147 2491 2329 2548 facere
2353 2491 2768 2561 imperatorem,
2801 2488 2975 2543 ﬁlium
3007 2486 3156 2543 Petri
3193 2487 3465 2558 magistri.
3490 2485 3737 2556 Cumque

2146 2584 2344 2641 fuisset
2393 2597 2566 2639 causa
2628 2581 2924 2653 diligenter
2973 2581 3242 2651 inquisita
3306 2587 3362 2634 et
3423 2577 3738 2634 nullatenus

2147 2677 2531 2747 comprobata,
2566 2676 2619 2729 in
2653 2677 2794 2729 iram
2821 2673 3026 2730 cecidit
3051 2673 3403 2744 imperatoris
3438 2670 3736 2742 Eugenius,

2147 2780 2203 2827 et
2239 2770 2434 2825 domus
2464 2769 2586 2839 ejus
2617 2768 2839 2839 publico
2869 2774 2954 2822 est
2991 2765 3123 2821 fisco
3163 2765 3387 2822 collata.
3429 2762 3740 2818 Verumille

2150 2863 2218 2917 ad
2247 2860 2539 2918 ecclesiam
2580 2859 2798 2931 fugiens
2830 2858 3076 2914 salvatus
3106 2865 3210 2913 est.
3243 2856 3406 2912 Facta
3441 2865 3525 2911 est
3553 2865 3737 2911 autem

2151 2954 2461 3009 mortalitas
2494 2961 2650 3008 vasta
2708 2951 2764 3006 in
2805 2950 3000 3007 Cilicia
3034 2958 3083 3004 et
3117 2949 3410 3004 Anazarbo
3455 2955 3507 3004 et
3545 2949 3739 3003 Antio-

2149 3046 2274 3102 chia
2304 3059 2527 3116 magna,
2563 3058 2775 3101 necnon
2813 3050 2870 3098 et
2903 3049 3064 3097 terrae
3099 3050 3320 3104 motus;
3355 3047 3410 3096 et
3455 3041 3740 3110 congressi

2152 3144 2285 3196 sunt
2334 3136 2606 3192 adversus
2651 3136 2987 3189 alterutrum
3021 3132 3314 3188 orthodoxi
3348 3139 3402 3188 et
3433 3132 3740 3194 Severiani,

453 3225 700 3298 portavit
754 3239 1018 3281 coronam
1062 3227 1169 3295 per
1215 3223 1581 3295 quadraginta
1637 3223 1778 3289 dies,
1843 3222 1940 3281 sed
1992 3230 2046 3281 et
2073 3251 2119 3312 α
2152 3230 2406 3287 etmulta
2437 3227 2742 3285 homicidia
2788 3225 2933 3282 facta
2958 3234 3129 3289 sunt;
3164 3231 3219 3281 et
3250 3224 3746 3296 missoimperator

453 3326 648 3374 sancta
696 3317 906 3373 Christi
960 3316 1251 3372 nativitate
1299 3314 1509 3386 absque
1549 3315 1644 3370 illa
1689 3315 1965 3386 processit
1991 3315 2048 3371 in

451 3407 714 3474 ecclesia;
749 3407 824 3462 ita
863 3414 925 3460 ut
973 3406 1142 3462 etiam
1189 3406 1440 3476 prandia,
1479 3421 1602 3475 quae
1628 3421 1695 3461 ex
1728 3421 1880 3461 more
1911 3406 2051 3460 Iiunt

453 3499 516 3556 in
549 3515 745 3554 novem
779 3505 833 3554 et
865 3499 1053 3554 decem
1086 3498 1458 3562 accubitibus,
1492 3513 1712 3553 cessare
1741 3497 1964 3563 Iaceret,
1997 3509 2052 3553 et

457 3596 660 3648 horum
714 3605 989 3662 expensas
1048 3591 1238 3661 egenis
1304 3589 1590 3644 tribueret.
1636 3589 1837 3644 Eodem
1901 3605 2050 3645 anno

457 3684 712 3752 Ingressa
743 3690 828 3738 est
859 3697 993 3753 gens
1023 3681 1347 3753 Byzantium
1380 3681 1688 3752 inopinata,
1730 3695 1921 3736 eorum
1955 3680 2050 3752 qui

461 3777 727 3831 dicuntur
756 3777 1004 3840 Avares;
1038 3783 1091 3830 et
1141 3781 1253 3829 tota
1295 3773 1492 3828 civitas
1536 3774 1824 3828 concurrit
1854 3773 1924 3827 ad
1964 3773 2053 3828 vi-

459 3865 680 3920 sionem
743 3879 960 3930 eorum,
1019 3871 1286 3933 tanquam
1327 3863 1421 3934 qui
1457 3877 1740 3932 nunquam
1810 3862 2053 3919 viderint

458 3965 681 4030 gentem
713 3958 1028 4028 hujusmodi
1061 3971 1075 4008 :
1105 3957 1379 4012 habebant
1400 3956 1546 4011 enim
1576 3972 1762 4012 comas
1783 3963 2048 4024 retortas,

460 4051 709 4122 prolixas
741 4049 923 4116 valde,
979 4049 1195 4105 vinctas
1247 4048 1495 4119 prandiis
1537 4047 1652 4119 (δι)
1713 4059 1874 4118 atque
1922 4065 2050 4120 per-

462 4145 698 4215 plexas;
741 4143 992 4214 reliquus
1033 4157 1166 4205 vero
1202 4141 1433 4197 vestitus
1465 4156 1654 4196 corum
1708 4141 1902 4196 similis
1931 4147 2052 4196 erat

461 4245 792 4291 eaeterorum
821 4234 1174 4288 Hunnorum.
1203 4230 1295 4287 Isti
1331 4231 1605 4300 fugientes
1631 4246 1660 4285 a
1694 4230 1919 4300 regione
1951 4245 2052 4286 sua

464 4334 736 4382 venerunt
764 4327 816 4381 in
841 4333 1024 4396 partes
1051 4323 1290 4395 Scythia:
1318 4333 1372 4378 et
1405 4321 1612 4394 Mysiae,
1649 4330 1702 4377 et
1733 4321 2056 4378 direxerunt

462 4419 532 4474 ad
561 4419 944 4476 Iustinianum
992 4419 1202 4488 legatos
1255 4424 1503 4487 petentes
1547 4425 1606 4470 ut
1655 4419 2052 4486 reciperentur.

449 4507 458 4510 ’
537 4512 723 4568 Mundi
750 4526 894 4566 anno
933 4509 1097 4573 605i,
1129 4509 1328 4564 divinae
1363 4507 1762 4563 incarnationis
1791 4506 1916 4571 551,
1949 4507 2056 4562 tri-

2153 3323 2451 3380 Zimarcho
2483 3322 2686 3378 comite
2729 3318 2975 3375 Orientis
3014 3317 3259 3373 inhibuit
3292 3317 3657 3378 inordinatos,
3690 3323 3747 3370 et

2153 3413 2362 3470 multos
2402 3412 2460 3466 in
2510 3409 2778 3467 exsilium
2828 3406 2980 3464 misit
3038 3413 3092 3462 et
3135 3405 3439 3478 publicavit
3473 3420 3538 3460 ac
3573 3420 3750 3460 menta

2152 3505 2268 3562 bris
2301 3502 2637 3559 debilitavit.

2224 3594 2412 3652 Mundi
2443 3610 2589 3649 auno
2606 3592 2770 3656 6054,
2795 3591 2996 3646 divinae
3022 3589 3421 3645 incarnationis
3447 3605 3595 3643 anno
3615 3588 3744 3652 551.

2152 3688 2436 3744 tricesimo
2459 3687 2655 3758 quinto
2687 3683 2905 3755 imperii
2940 3681 3242 3737 Iustiniani
3292 3695 3437 3736 anno
3466 3691 3628 3750 capta
3660 3690 3748 3736 est

2135 3781 2340 3844 .Hobes
2380 3781 2577 3837 civitas
2614 3779 2682 3834 ab
2707 3775 2957 3832 Hunnis:
2992 3782 3046 3831 et
3077 3774 3228 3829 misit
3267 3773 3565 3844 imperator
3595 3771 3746 3829 Mar-

2154 3873 2355 3931 cellum
2388 3871 2715 3943 magistrum
2749 3867 2986 3923 militum
3012 3881 3138 3922 cum
3170 3868 3427 3923 exercitu
3457 3866 3651 3932 multo,
3685 3873 3748 3923 ut

2155 3966 2392 4037 eriperet
2414 3963 2718 4020 civitatem.

2228 4055 2540 4112 Tricesimo
2573 4065 2730 4112 sexto
2771 4056 2988 4126 imperii
3027 4051 3330 4111 Iustiniani
3359 4066 3505 4107 anno
3539 4061 3746 4123 tropaea

2161 4157 2432 4206 venerunt
2484 4162 2515 4202 a
2583 4148 2755 4203 Roma
2804 4147 2998 4204 Narsis
3057 4145 3312 4218 patricii,
3381 4144 3752 4213 signiﬁcantia

2163 4237 2656 4310 comprehendisse
2717 4237 2871 4290 illum
2935 4235 3101 4291 urbes
3140 4234 3382 4290 munitas
3444 4232 3752 4289 Gothorum

2163 4335 2321 4396 duas,
2348 4329 2622 4384 Veronam
2663 4328 2876 4383 scilicet
2903 4337 2958 4384 et
2991 4325 3261 4380 B‘rixlam.
3316 4324 3590 4381 Vicesima
3620 4341 3753 4381 vero

2163 4423 2358 4495 quinta
2404 4423 2492 4477 die
2533 4421 2858 4477 Novembris
2898 4420 3110 4476 mensis
3146 4433 3270 4473 sero
3314 4417 3547 4473 insidias
3577 4417 3751 4473 medi-

2166 4515 2264 4571 tati
2318 4521 2450 4598 sunt
2509 4513 2776 4585 quidam,
2842 4521 2903 4567 ut
2967 4510 3287 4568 occiderent
3339 4510 3752 4579 imperatorem.

467 4608 677 4663 cesimo
717 4603 964 4660 secundo
993 4602 1208 4672 imperii
1239 4600 1539 4658 Iustiniani
1566 4616 1712 4657 anno
1743 4600 2050 4657 aediﬁcatus
2086 4619 2131 4676 ι)
2165 4609 2336 4663 Erant
2384 4616 2567 4662 autem
2624 4605 2893 4660 Ablabius
2930 4614 2985 4660 et
3034 4601 3330 4658 Marcellus
3383 4601 3752 4672 pecuniarum

467 4697 771 4753 csttrullus
809 4695 1020 4766 Magnce
1057 4696 1308 4751 ecclesize
1359 4694 1866 4766 Constantinopoli,
1905 4695 2058 4748 exal-

466 4797 616 4846 tatus
657 4790 781 4860 plus
809 4789 1003 4859 viginti
1042 4789 1273 4858 pedibus
1329 4788 1385 4843 in
1445 4787 1834 4859 superioribus
1889 4803 2057 4859 supra

467 4883 760 4940 editicium
785 4884 930 4954 quod
952 4891 1112 4938 antea
1144 4881 1344 4937 fuerat.

545 4977 852 5046 ’I‘ricesimo
881 4978 1044 5034 tertio
1077 4978 1295 5048 imperii
1323 4977 1411 5034 sui
1438 4993 1584 5035 anno
1615 4977 1787 5049 coepit
1818 4976 2058 5048 impera-

2165 4699 2420 4756 veuditor
2467 4705 2524 4753 et
2556 4696 2804 4767 Sergius.
2854 4694 3138 4750 Meditatio
3169 4701 3353 4747 autem
3399 4707 3592 4747 eorum
3637 4703 3757 4746 erat

2168 4789 2486 4860 hujusmodi
2526 4803 2697 4846 :.cum
2738 4787 2945 4846 sederit
2984 4788 3040 4842 in
3076 4785 3323 4841 triclinio
3367 4799 3519 4850 sero,
3571 4783 3756 4855 prius—

2168 4899 2334 4956 quam
2371 4882 2690 4939 discedendi
2729 4880 2954 4937 licentia
2985 4880 3166 4945 detur,
3193 4878 3452 4934 oceidant
3478 4892 3626 4942 eum,
3660 4875 3756 4929 ha-

2169 4977 2369 5033 bentes
2412 4975 2668 5032 homines
2703 4989 2840 5030 suos
2868 4973 2982 5031 sibi.
3011 4982 3374 5044 cooperantes
3397 4967 3588 5036 ludos,
3629 4967 3758 5024 abs-

1998 5113 2230 5172 NOTAE.

547 5213 656 5287 (34)
690 5212 1140 5287 Ifrandiis._IIist.
1165 5212 1325 5287 misc.
1349 5231 1367 5263 ι
1389 5211 1676 5287 Prandeis.
1704 5230 1722 5264 ι
1758 5210 2055 5287 Promotus

470 5279 579 5340 nis.
611 5279 666 5340 in
696 5283 1066 5339 Grammatica
1103 5299 1116 5335 :
1158 5301 1176 5335 ‹
1225 5281 1536 5337 Prandeum
1562 5281 1764 5337 dicitur
1803 5279 2052 5352 quaedam

471 5372 632 5416 zona.
655 5355 800 5424 quod
829 5356 887 5410 in
910 5353 1028 5409 Vita
1058 5353 1116 5408 Β.
1137 5353 1309 5408 Alcxii
1337 5353 1598 5424 reperies.
1627 5371 1644 5403 ι
1669 5353 1796 5406 Item
1822 5348 1849 5404 ἐ
1889 5370 1908 5403 ‹
1946 5348 2053 5403 Fa-

469 5423 790 5496 eitergium,
815 5425 1021 5495 togilla,
1053 5437 1275 5496 mappa,
1313 5423 1897 5496 mappulla,_gausape,
1919 5434 2055 5476 ova-

419 5516 424 5520 ·
471 5493 642 5560 rium,
670 5493 934 5561 mensale,
973 5493 1401 5564 manutergium,
1461 5493 1789 5564 prandeum,
1832 5506 2054 5564 _mant_t-

473 5567 787 5632 mundium,
821 5561 1255 5636 manupiarium.‘
1302 5583 1320 5616 ι
1357 5561 1680 5636 Anonymus
1723 5563 1780 5636 in
1831 5561 1956 5636 Vita
1991 5561 2052 5618 S.

472 5637 728 5707 Gregorii
761 5654 777 5692 :
813 5656 832 5688 ‹
868 5632 1174 5692 Ριπῐὶουιθε
1212 5634 1452 5707 ὺηηᾶεί
1487 5632 1590 5704 (sic
1642 5632 1873 5707 legitur),
1901 5647 2058 5701 repe-

473 5705 689 5763 rerunt.
719 5708 876 5774 Quod
905 5709 1156 5763 videntes
1185 5706 1345 5774 legati
1373 5706 1729 5760 vehementer
1751 5705 1878 5758 irati
1905 5709 2056 5766 sunt,

473 5779 729 5835 dicentes
757 5779 1009 5834 dominos
1041 5793 1173 5833 suos
1220 5777 1609 5845 pulcherrimis
1663 5775 1848 5846 palliis
1879 5776 2060 5846 abun-

478 5850 638 5917 dare,
664 5865 728 5906 ac
752 5865 848 5923 per
883 5849 994 5923 hoc,
1027 5847 1405 5923 Romanorum
1435 5847 1637 5923 vilibus
1668 5845 2059 5923 p_rand_eis_r_ron

481 5913 663 5992 cgere.
707 5940 725 5974 ι
752 5913 1175 5992 'Sangallcnsis,
1210 5919 1246 5975 ι.
1284 5935 1322 5974 ιι
1361 5917 1438 5975 De
1481 5918 1638 5989 gestis
1673 5913 1866 5973 Caroli
1919 5913 1996 5970 Μ.
2040 5928 2060 5969 :

2170 5224 2191 5258 ι
2231 5205 2481 5272 Cumque
2515 5201 2875 5260 tenuissimas
2905 5201 3029 5274 illas
3056 5193 3757 5274 pelligrlasveltenuiores

2162 5262 2438 5332 brandeas
2460 5274 2754 5330 extrahere
2778 5262 3161 5341 ccepissent'._t
3200 5267 3570 5341 Flodoardus,
3607 5262 3756 5318 Hist.

2162 5347 2312 5402 Rem.
2374 5361 2428 5411 ι,
2485 5344 2556 5398 20
2595 5359 2608 5397 :
2650 5362 2668 5395 ε
2719 5336 2934 5406 Corpus
2978 5339 3229 5410 ejusdem
3301 5336 3474 5392 rubeo
3541 5343 3759 5390 constat

2164 5417 2410 5474 brandeo
2444 5415 2719 5468 indutum.
2761 5431 2782 5465 ‹
2823 5412 2991 5467 Ἐλεκ.

2235 5488 2351 5560 (35)
2379 5485 2743 5560 _Diﬁ‘omatum
2786 5492 2886 5560 est.
2928 5481 3140 5560 Glossa‘.
3182 5497 3196 5534 :
3231 5497 3258 5560 Δι
3295 5475 3619 5560 διιαςρημίὲω
3648 5473 3758 5560 ειη-

2161 5544 2622 5624 famo,'dev'ulgo,
2651 5553 2968 5622 pervulga.»
3006 5548 3191 5624 Utitur
3219 5544 3502 5624 A_puleiu's}
3639 5544 3759 5624 Αμυ-

2162 5615 2449 5701 ευειὶᾇῃις,
2487 5615 2558 5701 De
2592 5615 2704 5701 Cie.
2738 5615 2873 5690 Dei:
2890 5639 2966 5701 vr,
3014 5621 3191 5701 “1.51
3233 5615 3372 5701 τέλη]
3401 5615 3608 5701 grandi
3643 5617 3758 5701 glof

2167 5685 2246 5753 ria
2277 5685 2571 5752 dili'amari.
2613 5713 2632 5748 ι
2665 5685 2992 5749 Anastasius
3049 5690 3374 5745 Bibliothcc.
3406 5685 3470 5742 in
3512 5685 3762 5755 Epistola

2166 5773 2232 5823 ad
2267 5767 2564 5822 Martinum
2603 5765 2778 5835 episc.
2813 5763 2982 5819 Nam.
3017 5781 3084 5835 :_r
3132 5760 3374 5835 Potupi'“ei
3422 5758 3771 5835 scribere-ac-

2167 5840 2519 5966 inuotescere
2553 5829 2739 5896 omnia
2782 5852 2906 5909 quae
2948 5835 3016 5892 de
3051 5833 3176 5906 ipso
3224 5829 3688 5889 diﬂ‘amabantur.
3732 5841 3770 5879 ι

2190 5926 2245 5965 Do

2190 5926 2245 5965 ι).
