4088 6434
514 373 534 438 l
546 378 647 447 967

1622 377 2028 441 ANASTASII
2066 378 2697 449 BIBLIOTHECARII

3633 388 3755 462 1268

513 491 768 547 conditos
820 489 873 545 in
942 486 1264 545 Silentiario
1317 497 1371 549 et
1427 489 1481 544 in
1542 490 1891 562 Archangelo
1939 500 2003 561 et
2041 491 2097 553 in
2128 494 2558 569 Aiustiuianus
2613 495 2826 567 imperii
2878 495 2962 551 sui
3018 495 3304 552 tricesimo
3363 498 3587 569 septimo
3626 518 3755 562 anno

511 583 720 651 Curru,
756 592 818 639 ut
863 597 989 639 cum
1025 583 1171 643 facta
1219 582 1389 638 fuerit
1424 582 1782 649 machinatio,
1827 584 2103 642 turbatio.

514 692 638 733 nem
689 676 921 733 faciant.
966 675 1144 732 Po’rro
1188 674 1335 732 idem
1382 674 1652 733 Ablabius
1696 677 1862 734 etiam
1903 693 2100 734 aurum

512 771 728 842 accepit
759 785 789 825 a
819 768 1081 826 Marcello
1123 770 1336 841 argenti
1386 769 1697 836 venditare,
1742 770 1914 827 libras
1938 772 2103 843 quin-

511 871 727 935 gentas,
762 873 822 920 ut
846 863 952 921 sibi
988 870 1405 934 cooperarctur.
1449 860 1557 920 Sed
1588 863 1697 919 Deo
1725 864 1946 920 volente
1966 863 2101 922 tisus

511 962 596 1011 est
644 954 914 1011 Ablabius
954 953 1196 1019 Eusebio
1234 954 1551 1023 cxconsuii,
1602 956 1698 1026 qui
1742 967 1867 1015 erat
1910 972 2101 1014 comes

513 1047 932 1112 foederatorum,
986 1055 1043 1103 et
1098 1044 1297 1105 Joanni
1363 1047 1680 1119 logothctae,
1734 1049 1926 1105 dicens
1971 1049 2103 1120 quia

512 1139 674 1196 hodie
724 1139 941 1212 vesperi
984 1137 1245 1196 volumus
1290 1139 1683 1212 imperatorem
1721 1142 1969 1214 aggredi.
1995 1142 2100 1211 Qui

508 1248 634 1289 cum
659 1232 765 1288 hoc
795 1232 1157 1290 nuntiassent
1195 1232 1549 1307 imperatori,
1586 1234 1764 1290 tenuit
1788 1250 1909 1299 eos,
1931 1242 1988 1291 et
2015 1235 2101 1292 in-

508 1322 657 1379 venit
691 1321 815 1379 illos
847 1322 1086 1379 ferentes
1111 1322 1473 1379 absconditos
1499 1323 1737 1395 gladios.
1776 1323 1842 1379 Et
1871 1323 2103 1381 Marcel-

508 1415 597 1473 lus
638 1412 864 1488 quidem
914 1415 1129 1487 argenti
1185 1415 1468 1482 venditor,
1522 1432 1623 1487 spe
1677 1416 2007 1485 frustratus,
2046 1425 2102 1473 et

509 1518 768 1580 exempto
784 1508 968 1580 gladio
983 1524 1148 1580 quem
1181 1507 1465 1580 portabat,
1493 1508 1647 1565 dedit
1674 1508 1781 1565 sibi
1819 1516 1931 1564 tres
1953 1508 2099 1566 ictus

512 1606 566 1659 in
602 1603 848 1659 triclinio
883 1602 1345 1674 comprehensus,
1376 1609 1432 1659 et
1456 1604 1708 1658 moritur.
1743 1602 1968 1679 Sergius
1997 1617 2101 1658 au-

511 1706 619 1754 tem
658 1696 798 1767 fugit
834 1696 902 1751 ad
942 1694 1304 1762 Biachernas,
1346 1711 1458 1768 quo
1499 1694 1701 1751 educto
1740 1695 1810 1752 ab
1838 1696 2098 1762 ecclesia,

509 1799 564 1845 et
614 1789 990 1861 inteuogato,
1028 1796 1465 1861 pcrsuasumest
1494 1786 1547 1843 ei
1583 1787 1834 1843 conﬁteri
1871 1787 2019 1859 quod
2045 1794 2101 1844 et

2204 592 2451 661 perrexit
2501 605 2669 647 causa
2718 589 2993 644 orationis
3049 589 3117 643 ad
3174 588 3551 663 Myriaogelos,
3596 593 3645 648 id
3681 607 3757 653 est

2204 681 2479 743 Germias.
2533 682 2726 743 urbem
2761 680 3013 737 Galatiae.
3060 678 3389 736 Novembrio
3433 697 3560 737 vero
3590 700 3760 743 mense

2205 771 2457 828 introivit
2500 771 2827 844 Byzantium
2872 772 3110 841 Arethas
3147 771 3416 843 patricius
3449 775 3761 848 etprinceps

2205 866 2385 923 tribus
2428 863 2862 929 Saracenorum,
2895 865 3078 925 debita
3112 863 3328 922 deferre
3365 865 3670 937 imperatori
3704 871 3762 924 ti-

2204 959 2402 1017 iiorum
2430 975 2657 1017 suorum
2682 959 2855 1016 debiti
2892 958 3150 1030 gratiam,
3178 967 3241 1015 ut
3272 958 3482 1015 scilicet
3512 967 3630 1029 post
3653 960 3765 1018 obi-

2203 1058 2320 1106 tum
2348 1065 2510 1106 suum
2552 1059 2807 1107 tenerent
2837 1049 3205 1120 principatum
3232 1047 3413 1105 tribus
3445 1063 3579 1106 suae.

2275 1143 2586 1201 Tricesimo
2620 1152 2821 1201 octavo
2865 1140 3084 1213 imperii
3114 1138 3411 1199 Justiniani
3438 1155 3581 1198 anno
3607 1140 3763 1215 Euty-

2203 1239 2366 1296 ebius
2426 1238 2745 1311 patriarcha
2795 1234 3453 1305 Constantinopolitanns
3502 1232 3768 1304 depositus

2202 1338 2289 1388 est
2312 1334 2368 1387 et
2399 1331 2455 1386 in
2486 1329 2745 1388 exsilium
2766 1328 2973 1385 missus
2989 1341 3023 1384 a
3043 1324 3359 1393 Justiniano
3387 1322 3442 1379 in
3471 1322 3766 1390 Amasiam;

2203 1432 2258 1480 ct
2296 1422 2478 1481 factus
2520 1431 2609 1480 est
2635 1436 2737 1494 pro
2764 1436 2835 1478 eo
2876 1418 3121 1477 Joannes
3151 1432 3218 1474 ex
3260 1414 3629 1485 scholasticis,
3655 1429 3765 1471 cum

2202 1526 2350 1575 esset
2378 1517 2779 1589 apocrisiarius
2808 1514 3114 1571 Antiochiae
3151 1525 3371 1582 magna
3410 1517 3467 1567 et
3505 1508 3769 1582 presbyter

2202 1611 2447 1681 ejusdem
2469 1608 2740 1668 ecclesiis.
2778 1607 2983 1667 Eodem
3008 1621 3155 1662 anno
3182 1603 3531 1661 Justinianus
3552 1601 3766 1673 impera-

2205 1713 2290 1762 tor
2327 1704 2398 1760 de
2436 1701 2788 1774 corruptibili
2835 1708 2894 1758 et
2947 1697 3355 1770 incorruptibili
3394 1695 3589 1767 dogma
3632 1709 3766 1749 com-

2204 1812 2456 1862 movens.
2487 1796 2671 1854 edicto
2702 1794 2907 1865 ubique
2939 1793 3122 1857 alieno
3147 1806 3180 1846 a
3214 1789 3419 1863 pietate
3441 1785 3765 1851 transmisso,

508 1880 722 1941 isaeius
747 1881 979 1953 argenti
1023 1880 1280 1938 venditor
1307 1888 1363 1936 et
1413 1879 1721 1937 Bclisarius
1760 1880 2100 1953 gloriosissi-

2204 1889 2318 1955 Deo
2347 1895 2774 1959 prmoccupante
2814 1864 3112 1943 defunctus
3143 1887 3252 1948 est,
3302 1893 3428 1934 cum
3472 1877 3767 1947 imperasset

509 1990 632 2031 mus
663 1973 932 2046 patricius
963 1972 1226 2031 conscius
1264 1971 1584 2044 hujusmodi
1614 1973 1778 2028 fuerit
1814 1972 2101 2029 machina-

509 2063 701 2131 menti,
747 2071 803 2122 et
833 2062 1027 2121 Victus
1067 2063 1428 2133 pecuniarum
1479 2062 1743 2119 venditor
1786 2072 1842 2118 et
1892 2058 2101 2118 Paulus

507 2167 734 2216 curator
772 2153 1022 2226 ejusdem
1067 2153 1322 2211 Belisarii
1370 2154 1660 2210 consilium
1697 2153 1952 2210 scierint.
1995 2153 2100 2223 Qui

509 2249 895 2320 comprehensi
931 2256 989 2305 et
1031 2246 1219 2303 traditi
1260 2245 1535 2317 Procopio
1569 2245 1829 2318 prmfecto
1856 2246 2101 2303 confessi

509 2349 660 2408 sunt,
697 2349 752 2396 et
790 2339 1052 2396 dixerunt
1082 2339 1151 2395 de
1181 2337 1474 2404 Belisario,
1507 2339 1604 2409 qui
1646 2353 1773 2394 mox
1811 2337 1992 2393 factus
2017 2344 2102 2394 est

510 2433 865 2506 imperatoris
915 2431 1020 2489 sub
1056 2431 1164 2489 ira.
1205 2429 1358 2509 Multi
1407 2446 1539 2487 vero
1564 2437 1619 2486 et
1666 2428 1794 2503 fuga
1832 2430 1918 2487 usi
1948 2439 2100 2487 sunt.

508 2530 723 2585 Interea
750 2526 942 2598 quinta
974 2525 1065 2582 die
1116 2525 1326 2589 mensis
1386 2523 1697 2581 Decembrii
1748 2525 1879 2581 fecit
1918 2525 2097 2597 impe-

507 2630 662 2679 rator
712 2619 1018 2685 silentium,
1068 2617 1355 2677 adducens
1403 2624 1458 2673 et
1510 2616 1884 2689 patriarcham
1930 2615 2103 2690 Euty-

506 2714 717 2779 chium,
742 2721 799 2772 et
829 2713 1032 2780 jubens
1063 2727 1256 2768 eorum
1291 2710 1515 2775 recitari
1558 2710 2103 2778 confessiones.Quo

512 2805 704 2864 audito
750 2804 1053 2862 Belisarius
1095 2804 1302 2877 ingenti
1334 2812 1422 2860 est
1458 2818 1697 2861 maerore
1731 2811 2016 2875 gravatus,
2048 2810 2103 2858 ει

512 2899 738 2955 mittens
789 2897 1093 2969 imperator
1138 2895 1559 2967 comprehendit
1602 2911 1795 2952 omnes
1850 2896 2102 2952 homines

510 2991 654 3059 ejus,
700 2996 756 3047 et
806 2989 988 3062 ipsum
1035 2987 1186 3044 domi
1231 2986 1425 3044 sedere
1480 2987 1743 3059 praecepit
1789 2987 2104 3045 custodien-

511 3083 670 3139 dum.
711 3080 931 3137 Interea
955 3095 1148 3136 mense
1184 3078 1538 3145 Dercmbrio,
1570 3079 1836 3137 vicesima
1869 3078 1978 3146 die,
2017 3079 2102 3134 fa-

513 3184 602 3230 cta
627 3183 759 3230 sunt
787 3173 1033 3230 encaenia
1071 3170 1553 3242 Constantinopoli
1601 3169 1818 3242 Magnae
1850 3170 2103 3228 ecclesia:

514 3265 778 3324 secundo.
820 3264 992 3321 Porro
1021 3264 1229 3335 vigiiire
1265 3264 1583 3319 earumdem
1616 3261 1988 3319 cucmniorum
2023 3263 2103 3318 l‘a-

513 3369 614 3416 cta:
654 3367 783 3415 sunt
810 3359 954 3429 apud
989 3357 1048 3413 S.
1083 3356 1394 3423 Platonem,
1424 3365 1478 3412 ct
1507 3356 1677 3412 exivit
1708 3356 1835 3411 inde
1862 3356 2104 3428 patriar-

514 3455 618 3509 cha
641 3450 1196 3522 Constantinopoleos
1236 3447 1540 3522 Eutycliius
1571 3464 1697 3505 cum
1740 3448 1940 3506 letania
1963 3463 2103 3520 prae-

513 3556 669 3604 sente
689 3547 1048 3618 imperatore,
1075 3543 1277 3600 sedens
1307 3546 1360 3598 in
1392 3542 1585 3600 eodem
1613 3541 1865 3599 vehiculo
1889 3548 1945 3597 et
1974 3556 2105 3613 por-

514 3652 638 3697 tans
721 3639 1088 3710 apostolicum
1154 3636 1400 3693 habitum
1457 3646 1516 3693 et
1573 3644 1772 3693 tenens
1848 3644 2100 3691 sanctum

515 3736 894 3807 Erangeiium,
941 3726 1161 3789 ciructis
1199 3731 1608 3805 psallentibus:
1648 3730 1845 3787 Tollite
1893 3739 2098 3803 portas.

515 3827 719 3884 Eodem
749 3841 939 3881 mense
965 3830 1141 3897 captae
1169 3832 1299 3880 sunt
1330 3822 1581 3895 quaedam
1623 3831 1812 3895 partes
1839 3823 2042 3887 Africae
2070 3838 2102 3879 a

513 3918 839 3975 Mauritanis
896 3917 1313 3986 insurgentibus
1369 3916 1637 3972 adversus
1673 3915 1918 3971 Africam
1970 3917 2099 3971 ita:

511 4011 785 4067 Cutziuas
836 4009 1063 4066 nomine
1090 4008 1313 4080 quidam
1349 4023 1417 4063 ex
1461 4008 1579 4079 ipsa
1620 4019 1782 4079 gente
1824 4008 2101 4065 exarchus

512 4105 949 4161 Mauritanorum
998 4101 1239 4157 habebat
1281 4101 1742 4158 consuetudinem
1794 4100 2102 4173 accipiendi

482 4192 541 4254 ὀ
578 4198 826 4271 principe
883 4196 1105 4259 Africae,
1149 4194 1243 4266 qui
1291 4209 1392 4265 per
1440 4204 1658 4265 tempus
1699 4201 1840 4262 erat,
1889 4200 2098 4251 certam

511 4292 875 4364 quantitatem
900 4289 1045 4345 auri.
1082 4288 1218 4344 Cum
1249 4299 1430 4345 autem
1470 4288 1714 4344 venisset
1742 4295 1800 4343 ut
1827 4287 2101 4359 acciperet

510 4383 671 4451 illud,
710 4380 954 4438 Joannes
978 4380 1240 4452 princeps
1285 4378 1483 4435 Africa:
1505 4378 1709 4435 occidit
1747 4393 1894 4435 eum.
1926 4378 2101 4435 Porro

511 4479 938 4534 insurrexerunt
990 4473 1084 4527 ﬁlii
1130 4471 1378 4529 Culzina:
1428 4471 1778 4528 vindicantes
1807 4481 2096 4544 paternum

2204 1982 2429 2055 triginta
2489 1988 2619 2039 octo
2679 1978 2866 2044 annis,
2921 1975 3211 2033 mensibus
3245 1979 3460 2045 septem
3501 1977 3555 2026 et
3594 1967 3768 2024 diebus

2202 2077 2492 2145 tredecim,
2521 2085 2576 2133 et
2604 2073 2840 2133 edicitur
2880 2071 3047 2144 hujus
3089 2081 3388 2129 successor
3414 2062 3654 2121 Justinus
3678 2076 3766 2117 cu-

2203 2171 2506 2241 ropolates.
2551 2168 2758 2225 Eodem
2806 2180 2955 2223 anno
3000 2159 3384 2220 Theodosiani
3430 2165 3485 2214 et
3525 2153 3770 2228 Gajanitie

2203 2266 2350 2336 apud
2403 2260 2798 2320 Alexandriam
2851 2258 3128 2315 aediﬁcare
3187 2256 3484 2322 cmperuut
3528 2248 3771 2305 concilia-

2202 2358 2356 2422 bula,
2386 2364 2439 2411 et
2466 2352 2828 2425 praevalentes
2855 2348 3128 2421 Gajanitae
3150 2345 3479 2419 episcopum
3512 2337 3617 2397 sibi
3651 2354 3770 2395 con-

2202 2451 2563 2503 secraverunt
2588 2440 2901 2513 Helpidium
2925 2436 3385 2494 archidiaconum
3412 2446 3570 2491 suum
3589 2448 3605 2498 ;
3624 2443 3771 2501 quem

2204 2541 2509 2611 imperator
2535 2538 2784 2593 vinctum
2831 2531 3024 2590 venire
3057 2527 3343 2602 praecepit.
3374 2527 3625 2597 Cumque
3643 2522 3772 2580 veni-

2203 2642 2290 2690 ret
2338 2648 2436 2704 per
2485 2629 2710 2703 Segrin,
2749 2638 3003 2686 mortuus
3047 2633 3152 2682 est.
3206 2621 3390 2680 Porro
3432 2615 3771 2676 Thebdosiani

2206 2726 2541 2783 Dorotheum
2559 2722 2777 2780 occulte
2796 2726 2968 2778 noctu
2993 2718 3320 2791 episcopum
3364 2714 3469 2772 sibi
3503 2712 3768 2768 ordinave-

2205 2824 2359 2882 runt,
2395 2816 2527 2873 etin
2561 2829 2735 2871 unum
2765 2810 3160 2870 convenientes
3186 2815 3299 2863 tam
3327 2803 3600 2875 Gajanitat
3625 2814 3769 2871 quam

2206 2909 2576 2967 Tlicodosiani
2612 2920 2966 2964 communem
3006 2902 3335 2976 episcopum
3383 2896 3488 2955 sibi
3529 2892 3770 2953 intiironi-

2205 3009 2495 3060 laverunt.
2537 2999 2837 3072 Cujusdatn
2877 3005 3063 3057 autem
3103 2993 3320 3051 abbatis
3388 2990 3611 3049 barbam
3651 2985 3771 3057 pelle

2207 3104 2264 3152 et
2300 3110 2472 3151 carne
2518 3091 2970 3151 decorisverunt.
3014 3088 3225 3147 Taliter
3275 3085 3658 3147 haereticorum
3688 3077 3770 3134 dco

2128 3222 2172 3282 ε
2210 3188 2415 3246 mentio
2456 3203 2649 3259 gerere
2682 3183 3001 3250 consuevit,
3027 3181 3168 3241 adeo
3202 3188 3265 3238 ut
3301 3194 3374 3237 ea
3400 3192 3525 3251 qua:
3554 3186 3769 3248 pagano-

2208 3296 2330 3337 rum
2360 3288 2493 3337 sunt
2520 3279 2806 3335 multoties
2838 3283 3156 3348 operentur.

2278 3370 2465 3427 Mundi
2486 3385 2635 3427 anno
2666 3365 2837 3437 6058,
2852 3367 3053 3423 divinae
3080 3362 3490 3421 incarnationis
3507 3373 3646 3417 anno
3659 3357 3767 3419 558,

2205 3462 2450 3520 Joannes
2495 3459 2759 3515 Romanae
2798 3465 2999 3530 praeest
3026 3454 3310 3513 Ecclesiae.
3334 3453 3595 3513 Justinus
3622 3449 3767 3520 impc-

2208 3562 2316 3622 rat,
2348 3568 2519 3625 nepos
2556 3551 2883 3616 Justiniani,
2909 3556 3214 3607 coronatus
3241 3562 3272 3605 a
3307 3546 3526 3604 J'oanue
3555 3542 3767 3615 patriar-

2207 3647 2332 3704 cha.
2360 3644 2713 3709 Eratautem
2740 3643 2968 3703 natione
2988 3639 3196 3705 Thrax,
3213 3638 3606 3711 magnanimus
3628 3643 3768 3702 atque

2206 3741 2274 3797 ad
2317 3738 2504 3797 omnia
2540 3751 2793 3808 prosper.
2818 3733 3068 3792 Habebat
3096 3741 3280 3788 autem
3319 3738 3381 3787 et
3415 3742 3635 3786 uxorem
3671 3724 3765 3780 So-

2208 3833 2394 3905 phiam
2416 3833 2665 3899 nomine,
2695 3836 2955 3902 quam-et
2982 3824 3270 3885 coronavit
3302 3824 3630 3896 Augustam.
3650 3819 3766 3875 Cum

2207 3934 2392 3982 autem
2431 3933 2582 3981 esset
2607 3922 2766 3994 pius,
2802 3919 3097 3978 adornavit
3138 3917 3414 3977 ecclesias
3443 3931 3582 3987 quas
3621 3910 3768 3967 Justi-

2207 4014 2414 4070 nianus
2450 4010 2846 4074 mditicavcrat,
2877 4015 2991 4062 tam
3037 4006 3297 4062 videlicet
3332 4004 3588 4077 Magnam
3612 3999 3767 4057 cccle-

2207 4108 2347 4168 siam
2381 4115 2438 4164 et
2467 4113 2694 4165 sanctos
2727 4103 3012 4176 apostolos
3044 4118 3213 4174 quam
3249 4101 3395 4159 alias
3446 4098 3702 4157 eeciesias
3723 4099 3770 4148 rt

2206 4199 2575 4266 iuonaSteria,
2614 4198 2832 4256 donans
2864 4197 2950 4255 eis
2979 4196 3275 4253 thesauros
3301 4203 3356 4251 et
3388 4208 3609 4251 omnem
3646 4187 3767 4245 redi-

2204 4305 2319 4352 tum
2346 4313 2364 4363 ;
2393 4301 2625 4365 eratque
2650 4290 3000 4348 ortlrodoxus
3030 4288 3212 4353 valde,
3243 4287 3470 4344 etmisit
3500 4283 3766 4341 Photinum

2204 4389 2567 4458 monachum,
2611 4386 2926 4459 privignum
2966 4382 3218 4443 Belisarii
3276 4381 3527 4452 patricii,
3554 4379 3683 4435 dans
3722 4374 3765 4431 ei

2204 4489 2533 4557 potestatem
2584 4487 2783 4537 contra
2830 4493 3051 4535 omnem
3094 4490 3419 4548 personam,
3458 4483 3516 4529 et
3562 4480 3764 4527 causam

508 4581 817 4640 acceptum,
870 4577 927 4625 ct
965 4567 1136 4624 erecti
1215 4573 1411 4622 contra
1464 4564 1615 4619 illam
1672 4571 1938 4636 ceperunt
1973 4562 2097 4633 ejus
2130 4591 2176 4647 η
2204 4576 2533 4648 manendi
2580 4573 2861 4631 Ecclesia
2882 4572 3170 4629 ηηίνθηπ
3198 4568 3427 4640 Egypt;
3454 4577 3514 4624 οι
3554 4566 3763 4621 “cum.

510 4673 697 4735 partes
732 4662 947 4732 aliquas
984 4660 1382 4730 deprmdantes.
1432 4656 1738 4727 Imperator
1778 4655 1966 4728 itaque
1993 4657 2098 4711 hoc

509 4756 697 4831 agnito
736 4754 885 4810 misit
925 4753 980 4807 in
1009 4752 1273 4809 auxilium
1307 4750 1504 4806 Africae
1525 4748 1865 4805 Marcianum
1909 4750 2099 4822 magi-

509 4859 686 4908 strum
705 4847 1233 4915 militum,nepotem
1265 4857 1451 4908 suum;
1473 4857 1598 4899 cum
1630 4841 1878 4898 exercitu
1905 4841 1971 4896 ad
1999 4857 2097 4912 pa-

509 4943 813 5005 ciﬁcandos
833 4940 1056 4995 Mauros
1082 4956 1097 4999 ξ
1129 4948 1185 4994 ει
1214 4937 1603 4993 conﬂuxerunt
1625 4934 1692 4991 ad
1732 4950 1881 5001 eum,
1905 4934 2097 5006 sicque

508 5055 644 5111 pace
675 5038 846 5110 potita
889 5046 973 5091 est
997 5032 1206 5088 Africa.
1241 5031 1446 5086 Eodem
1469 5032 1938 5100 annoimperator
1968 5029 2095 5101 qui-

511 5132 740 5188 busdam
768 5126 1114 5185 turbationes
1143 5122 1627 5192 Constantinopoli
1656 5122 2095 5185 concitantibus,

510 5225 737 5296 pollices
783 5219 1022 5278 abscidit
1057 5232 1250 5289 eorum
1304 5215 1577 5270 dtmtaxat
1604 5215 1698 5285 qui
1738 5229 1862 5270 cum
1898 5212 2100 5287 gladiis

509 5325 913 5394 pugnaverunt.
958 5314 1330 5371 Nouadecima
1379 5328 1510 5368 veru
1542 5312 1631 5366 die
1663 5311 1842 5369 Martii
1887 5312 2098 5368 mensis

509 5415 789 5469 admissus
812 5418 899 5467 cst
937 5409 1251 5466 Belisarius.
1271 5407 1542 5478 patricius
1568 5407 1807 5476 receptis
1835 5405 2099 5463 omnibus

510 5505 872 5578 dignitatibus
927 5503 1068 5559 suis.
1133 5502 1337 5559 Eodem
1393 5515 1540 5556 anno
1600 5505 1871 5556 venerunt
1931 5496 2097 5568 legati

514 5596 715 5655 Asceiti
746 5597 893 5667 regis
913 5595 1435 5662 Ermechionorum,
1463 5593 1558 5664 qui
1590 5593 1805 5665 positus
1835 5598 1920 5648 est
1949 5590 2097 5647 intra

511 5690 881 5748 Barbarorum
923 5698 1143 5758 gentem
1179 5688 1336 5759 juxta
1366 5685 1673 5754 Oceanum,
1700 5684 2099 5743 Constantino-

514 5786 706 5854 polim.

586 5876 773 5932 Mundi
799 5893 942 5933 anno
960 5877 1119 5935 6036.
1147 5877 1345 5933 divinae
1374 5876 1770 5933 incarnationis
1795 5891 1938 5932 anno
1968 5874 2095 5945 556,

2202 4673 2538 4822 dl“secundo
2579 4776 2727 4818 anno
2760 4757 2982 4831 imperii
3013 4755 3216 4814 Justini
3259 4754 3550 4812 Etherius
3586 4758 3640 4806 et
3666 4750 3764 4803 Au-

2203 4859 2350 4923 dius,
2405 4872 2468 4913 ac
2500 4848 2750 4912 medicus
2805 4853 2899 4924 qui
2958 4867 3087 4907 cum
3149 4849 3287 4920 ipsis
3346 4861 3493 4913 erat,
3545 4839 3763 4901 insidiati

2204 4955 2338 5005 sunt
2359 4946 2537 5003 eidem
2568 4944 2887 5016 imperatori
2922 4940 3181 5007 Iustino;
3227 4941 3323 5012 qni
3363 4937 3570 5011 cogniti
3610 4935 3763 4990 inter-

2205 5042 2334 5097 fecti
2370 5049 2502 5096 sunt
2529 5037 2735 5110 gladio.
2768 5036 2973 5092 Eodem
3021 5049 3170 5090 anno
3211 5033 3426 5103 Agatho
3458 5027 3761 5088 monachus,

2202 5132 2380 5189 frater
2436 5130 2764 5203 Apollinarii
2826 5129 3074 5200 episcopi
3125 5123 3508 5187 Alexandrini,
3559 5120 3765 5176 veniens

2205 5222 2599 5281 Alexandriam
2641 5236 2931 5278 sermones
2974 5221 3290 5284 habiturus,
3331 5223 3390 5273 et
3430 5211 3764 5273 Eustochium

2203 5318 2562 5383 monachum,
2593 5315 2685 5387 qui
2710 5330 2947 5388 magnus
2976 5324 3096 5369 erat
3115 5322 3172 5368 et
3195 5323 3522 5369 (economus
3547 5306 3765 5361 Alexan-

2201 5412 2359 5479 driae,
2386 5410 2660 5467 custodia:
2690 5407 3048 5477 maneipavit,
3072 5405 3169 5476 qui
3213 5418 3309 5473 per
3341 5408 3547 5459 tectum
3568 5394 3762 5467 fugiens

2201 5504 2355 5559 venit
2382 5500 2735 5574 Byzantium,
2766 5500 3009 5556 Macario
3042 5507 3176 5554 tunc
3214 5496 3456 5552 factione
3501 5490 3656 5564 pulso
3679 5497 3761 5539 ec-

2203 5596 2395 5663 clesia,
2428 5604 2484 5651 et
2512 5601 2874 5675 consecratus
2903 5602 2991 5650 est
3044 5591 3377 5648 Eustochius
3406 5600 3509 5660 pro
3546 5576 3765 5640 Macario

2201 5687 2497 5760 episcopus
2518 5684 2938 5757 Hierosolymis.

2274 5779 2462 5837 Tertio
2514 5780 2733 5849 imperii
2778 5778 2980 5837 .Iustini
3040 5794 3207 5842 anno,
3265 5771 3549 5832 accersitis
3580 5762 3762 5836 Sophia

2202 5874 2451 5946 piissima
2500 5875 2741 5946 Augusta
2778 5872 3146 5948 pecuniarum
3189 5865 3566 5927 venditoribus
3591 5865 3639 5918 et
3670 5867 3760 5911 no-
