4088 6442
366 401 505 470 1Ξ69

1144 408 1510 469 HISTORIA
1551 409 2130 472 ECCLESIASTICA
2183 411 2286 473 EX
2324 410 2809 475 THEOPHANE.

3495 405 3653 471 1270‘

363 516 547 583 tariis,
571 516 742 586 jussit
769 516 971 574 deferri
994 519 1278 576 cautiones
1299 521 1611 576 debitorum
1643 533 1698 576 et
1730 521 1945 586 breves,
1977 533 2019 590 Α
2054 524 2420 596 depopulatus
2455 534 2540 582 est
2573 525 2758 581 omnia
2792 538 2915 594 qua:
2943 521 2996 577 in
3034 519 3282 592 partibus
3314 520 3423 577 illis
3452 535 3633 580 erant.

363 613 568 680 quibus
597 611 750 667 lectis
777 613 988 682 accepit
1016 613 1229 678 breves,
1259 623 1315 668 et
1349 615 1583 684 praebuit
1615 630 1710 670 eos
1739 615 1947 672 debito-

363 706 544 768 ribus,
569 713 622 759 et
649 703 1143 763 reddiditdominis
1173 707 1310 774 suis,
1339 716 1394 763 et
1417 709 1634 762 laudata
1668 715 1752 764 est
1779 725 1948 780 super

367 800 472 852 hoc
523 812 856 868 magnopere
901 800 969 854 ah
1015 799 1273 854 universa
1318 801 1562 856 civitate.
1613 802 1948 858 Eustochius

366 899 574 955 autem,
618 890 903 960 ingressus
955 888 1424 963 Hierosolymam,
1499 906 1608 947 non
1673 892 1948 949 audienda

363 989 561 1036 contra
609 981 1010 1051 Apollinarium
1061 990 1116 1037 et
1152 984 1493 1052 Agathonem
1545 993 1600 1041 et
1647 983 1945 1040 Macariqu

345 1089 526 1130 novae
572 1073 768 1130 Laura:
824 1075 1124 1132 monachos
1175 1077 1455 1142 excitavit,
1500 1079 1774 1135 mentiens
1825 1077 1948 1134 illos

363 1166 732 1236 Origenistas.
759 1166 825 1222 Et
857 1167 982 1224 ideo
1009 1168 1201 1238 pulsus
1229 1180 1331 1236 est,
1355 1178 1408 1225 ct
1444 1170 1641 1226 iterum
1657 1171 1949 1227 restitutus

365 1265 454 1314 est
493 1258 767 1315 Macarius
802 1260 856 1314 in
885 1261 1082 1316 throno
1115 1277 1239 1318 suo.

439 1351 650 1416 Quarto
707 1351 925 1424 imperii
985 1352 1194 1409 Justini
1238 1369 1383 1410 anno
1430 1370 1627 1412 rursus
1677 1353 1949 1414 Macarius

370 1439 774 1514 Hierosolymis
826 1445 1117 1515 praefertur
1150 1446 1470 1518 episcopus,
1514 1458 1567 1504 et
1609 1448 1950 1506 Alexandriae

361 1534 609 1592 Joannes
639 1537 872 1594 habetur
905 1541 1156 1598 antistes.
1183 1555 1186 1558 ’

441 1628 646 1694 Quinto
677 1631 891 1702 imperii
916 1631 1122 1689 Justini
1155 1650 1322 1701 anno,
1356 1650 1481 1690 cum
1522 1652 1756 1707 magnus
1803 1638 1950 1693 Ana-

356 1721 574 1778 stasius
620 1723 999 1781 Antiochcnus
1043 1727 1340 1796 cpiscopus
1387 1727 1836 1795 reprehendisset
1893 1729 1948 1782 in

362 1811 658 1882 rescriptis
705 1814 1094 1884 synodicorum
1127 1813 1392 1872 Joannem
1437 1815 1952 1888 Constantinopoli-

2051 614 2270 672 Tenetis
2297 627 2478 672 autem
2514 633 2606 672 rex
2633 616 2839 672 Arctha
2865 624 3032 686 caput
3068 613 3299 681 Juliani,
3331 621 3384 670 et
3419 614 3560 669 dans
3585 615 3654 670 ei,

2052 708 2204 777 pacis
2239 710 2516 777 osculum,
2549 708 2761 764 dimisit
2795 723 2920 763 cum
2959 707 3012 761 in
3042 706 3210 761 multa
3253 705 3652 762 benevolentia

2051 802 2348 873 multisque
2377 801 2720 858 muneribus.
2751 797 2924 856 Porro
2953 800 3095 855 facta
3118 809 3202 856 est
3226 809 3280 855 et
3310 799 3415 854 alia
3448 812 3634 862 causa,

2049 909 2172 962 quae
2225 895 2469 950 turbavit
2523 895 2831 950 Chosroen.
2891 892 3075 949 llunni
3119 893 3321 964 quippe
3365 907 3464 962 per
3502 889 3655 946 illud-1

2050 995 2290 1057 tempus,
2325 1002 2464 1058 quos
2494 986 2709 1044 Turcos
2738 987 2925 1044 dicere
2965 985 3377 1051 consuevimus,
3406 983 3636 1053 legatio—

2052 1093 2175 1134 nem
2203 1078 2449 1150 dirigunt
2481 1077 2547 1133 ad
2584 1076 2883 1141 Iustinum,
2914 1091 3013 1149 per
3033 1075 3332 1133 Alanorum
3356 1075 3653 1147 regionem

2052 1170 2355 1226 mittentes.
2388 1172 2506 1225 Hoc
2526 1171 2730 1227 timens
2755 1170 3032 1231 Chosroes
3052 1168 3465 1225 excusationem
3495 1181 3638 1238 pra»

2049 1261 2329 1329 tendebat,
2378 1262 2732 1318 rebellionem
2778 1262 3168 1318 Armeniorum
3226 1262 3282 1316 in
3324 1277 3384 1317 se
3436 1262 3650 1316 factam-

2051 1369 2153 1426 per
2181 1368 2489 1419 accessum,
2545 1369 2654 1426 quo
2711 1353 2929 1411 Justino
2990 1353 3357 1409 adhaeserant.
3422 1349 3531 1408 Sed
3584 1358 3640 1406 et

2052 1445 2318 1517 profugos
2353 1447 2658 1517 repetebat.
2687 1445 3048 1517 lmpendebat
3077 1445 3225 1500 enim
3266 1443 3639 1499 Romanorum

2053 1539 2359 1609 imperator
2417 1552 2516 1609 per
2578 1538 2830 1610 singulos
2872 1551 3051 1592 annos
3098 1535 3430 1608 quingentas
3470 1535 3643 1589 libras

2053 1628 2196 1695 auri,
2231 1636 2291 1683 ut
2320 1637 2522 1695 castra,
2550 1643 2672 1700 quae
2699 1627 2822 1684 loco
2852 1627 3102 1698 proxima
3131 1633 3313 1693 erant,
3340 1623 3519 1680 Persas
3544 1637 3643 1676 cu-

2053 1722 2355 1790 stodirent,
2387 1739 2454 1778 ne
2487 1723 2750 1793 ingressae
2779 1729 2971 1793 gentes
2997 1727 3289 1790 utramque
3322 1733 3436 1773 rem
3465 1717 3646 1790 publi-

2054 1833 2173 1872 cam
2212 1818 2586 1883 destruerent,
2634 1814 3136 1884 communibusque
3190 1810 3506 1881 sumptibus
3552 1825 3646 1865 ca-

365 1914 581 1969 tantum,
609 1907 702 1978 qui
737 1917 1163 1966 consecraverat
1195 1908 1461 1965 Joannem
1486 1910 1939 1977 Alexandrinum,
1979 1925 2018 1982 η
2048 1909 2207 1965 stella
2243 1907 2660 1964 muniebantur.
2692 1907 2762 1960 At
2790 1921 2923 1962 vero
2946 1903 3202 1962 Justinus
3232 1918 3424 1973 pacem
3449 1901 3646 1957 dissol-

362 2000 426 2047 et
465 1993 568 2048 hoc
620 2005 946 2052 consecrato
981 1997 1176 2068 pulsus
1220 2005 1304 2053 est
1347 1997 1416 2052 ab
1454 1997 1689 2052 ecclesia
1731 2013 1830 2052 sua
1854 2014 1952 2069 per

362 2085 804 2156 indignationem
852 2087 1081 2156 Justini,
1112 2095 1165 2144 et
1209 2089 1502 2146 ordinatus
1530 2099 1614 2146 est,
1645 2090 1949 2160 Gregorius

365 2179 672 2234 monachus
723 2188 778 2236 et
833 2180 1232 2251 apocrisiarius
1273 2182 1592 2238 monasterii
1650 2181 1949 2254 Byzantio-

363 2284 516 2324 rum.

443 2363 610 2417 Sexto
638 2363 851 2432 imperii
898 2362 1104 2420 Justini
1156 2378 1302 2420 anno
1333 2363 1536 2420 Narses
1580 2363 1956 2422 cubicularius

361 2463 424 2508 et
462 2455 939 2525 protospatharius
973 2455 1212 2513 dilectus
1260 2456 1612 2528 imperatoris
1643 2459 1955 2514 construxit

359 2548 593 2602 domum
614 2546 808 2604 Narsis
834 2556 884 2604 et
921 2549 1319 2606 inetiasterlum
1349 2549 1737 2605 Catharorum.

443 2638 692 2709 Septimo
725 2641 943 2711 imperii
984 2638 1188 2698 Justini
1234 2657 1380 2697 anno
1414 2642 1644 2696 Romani
1675 2656 1739 2697 ac
1774 2639 1956 2701 Persa:

361 2748 560 2804 pacem
589 2743 979 2806 corruperunt,
999 2743 1054 2791 et
1081 2735 1282 2791 iterum
1311 2734 1591 2790 Persicum
1629 2741 1952 2788 renovatum

363 2835 457 2880 cst
493 2826 693 2882 bellum
723 2843 790 2883 eo
819 2827 966 2899 quod
1019 2825 1314 2883 llomerita:
1361 2826 1480 2882 Indi
1525 2826 1850 2896 legationem
1887 2823 1956 2878 ad

369 2917 650 2975 Romanos
699 2921 972 2988 miserint,
1015 2928 1068 2975 et
1116 2920 1416 2990 imperator
1463 2917 1741 2974 lulianum
1777 2915 1952 2986 magi-

367 3013 644 3068 strianum
691 3029 816 3068 cum
856 3028 1011 3068 sacra
1067 3011 1432 3068 destinaverit
1468 3011 1532 3065 ad
1566 3009 1824 3063 Aretham
1868 3023 1955 3064 re-

366 3123 493 3180 gem
527 3107 851 3179 IEtltiopum
887 3122 982 3178 per
1015 3105 1201 3161 Nilu'a-
1237 3105 1463 3159 ﬂuvium
1516 3104 1583 3158 ab
1622 3102 1956 3159 Alexandria

367 3213 427 3259 et
457 3203 642 3258 Indico
683 3203 846 3268 mari,
901 3201 991 3271 qui
1043 3207 1298 3269 receptus
1345 3205 1432 3254 est
1476 3198 1544 3253 ab
1583 3197 1785 3252 Aretha
1831 3213 1957 3268 rege

369 3311 500 3350 rum
541 3295 741 3367 gaudio
785 3295 981 3361 multo,
1028 3300 1316 3363 appetente
1349 3291 1612 3346 nimirum
1656 3289 1952 3346 amicitiam
1985 3273 2030 3332 Ο

366 3385 752 3442 Romanorum
793 3387 1165 3458 imperatoris.
1211 3383 1522 3440 Enarrabat
1570 3391 1777 3447 autem,
1832 3399 1954 3437 cum

367 3479 653 3546 rcdiisset,
710 3479 852 3535 idem
905 3477 1181 3544 Julianus,
1232 3476 1382 3548 quod
1424 3475 1646 3546 quando
1686 3475 1956 3544 receperit

367 3583 498 3624 eum
534 3586 627 3626 rex
670 3570 905 3625 Arethas
947 3568 1132 3624 nudus
1161 3578 1329 3634 esset,
1361 3566 1568 3622 habens
1590 3565 1802 3638 circum
1839 3565 1958 3619 cin-

366 3671 584 3718 cturam
609 3669 664 3717 et
689 3663 746 3723 in
769 3662 976 3720 lumbis
1001 3657 1145 3717 linea
1166 3659 1491 3715 vestimenta
1519 3673 1653 3712 auro
1674 3663 1954 3719 contexta,

369 3758 522 3812 circa
550 3765 795 3812 ventrem
829 3770 961 3811 vero
987 3753 1240 3825 portabat
1274 3752 1591 3807 indumenta
1622 3749 1798 3807 scissa
1831 3763 1955 3806 cum

369 3848 691 3919 margaritis
721 3847 1005 3918 pretiosis,
1028 3854 1082 3900 ct
1115 3845 1167 3899 in
1201 3843 1444 3900 brachiis
1467 3844 1668 3913 quinos
1691 3841 1955 3905 circulos,

368 3947 430 3994 et
460 3941 706 3997 armillas
748 3953 944 3995 aureas
979 3939 1032 3992 in
1082 3936 1339 3991 manibus
1367 3935 1507 3999 suis,
1545 3934 1600 3988 in
1642 3934 1826 4004 capite
1858 3947 1959 3987 au-

372 4043 484 4088 tem
517 4047 760 4103 pannum
796 4040 1151 4103 geminatum,
1180 4028 1475 4084 habentem
1515 4041 1583 4082 ex
1615 4036 1852 4097 utroque
1887 4025 1954 4080 li-

376 4133 636 4196 gamento
687 4125 896 4196 plectas
951 4130 1214 4193 quatuor,
1249 4131 1305 4176 ct
1343 4128 1595 4190 torquem
1631 4135 1862 4175 aureum
1905 4120 1959 4175 in

375 4217 521 4272 collo
547 4231 672 4282 suo,
694 4223 748 4271 et
774 4215 956 4270 stabat
974 4228 1141 4284 super
1163 4219 1404 4283 quatuor
1430 4211 1770 4281 elephantes,
1804 4218 1960 4268 stan-

377 4319 462 4366 tes
507 4320 562 4366 et
603 4310 870 4366 habentes
897 4308 1091 4378 jugum
1131 4315 1186 4361 et
1211 4314 1362 4361 rotas
1396 4312 1654 4374 quatuor,
1696 4313 1750 4359 et
1794 4319 1958 4374 supe-

379 4403 498 4457 rius
530 4409 591 4457 ut
617 4416 839 4457 currum
875 4399 1178 4462 excelsum,
1225 4397 1468 4452 velatum
1507 4397 1705 4466 petalis
1748 4396 1960 4462 aureis,

379 4503 440 4548 ut
479 4503 610 4550 sunt
641 4493 952 4565 principum
995 4488 1404 4561 provinciarum
1438 4504 1671 4556 currus;
1716 4497 1771 4543 et
1809 4497 1962 4543 stans

377 4601 547 4655 super
571 4583 694 4642 illos
728 4583 939 4640 ferebat
963 4589 1180 4640 scutum
1213 4582 1598 4651 parvissimum
1636 4580 1962 4636 deanratmn

379 4689 436 4733 ct
463 4678 602 4736 duas
641 4677 919 4734 lanceolas
968 4694 1192 4744 aureas,
1235 4683 1292 4731 et
1349 4683 1576 4732 senatus
1626 4674 1749 4745 ejus
1782 4673 1966 4729 omnis

379 4778 652 4824 eratcum
693 4769 886 4835 armis,
927 4778 1191 4828 canentes
1238 4769 1648 4825 modulationes
1695 4767 1962 4824 musicas.

381 4864 734 4919 Introductus
767 4878 900 4934 ergo
923 4864 1136 4934 legatus
1172 4861 1545 4918 Romanorum
1577 4874 1702 4915 cum
1735 4859 1962 4915 adoras-

382 4963 487 5019 set,
509 4953 703 5022 jussus
729 4963 814 5009 est
860 4955 929 5006 ab
957 4969 1026 5009 eo
1061 4953 1198 5024 erigi
1229 4961 1286 5008 et
1313 4953 1443 5008 duci
1475 4952 1543 5006 ad
1586 4966 1666 5007 se.
1697 4949 1834 5007 Cum
1861 4965 1961 5006 au-

381 5054 494 5100 tem
523 5045 869 5115 suscepisset
895 5045 1246 5115 imperatoris
1277 5058 1517 5109 sacram,
1554 5043 1839 5100 osculatus
1880 5051 1966 5100 est

381 5136 752 5205 signaculum,
779 5150 905 5191 cum
935 5135 1170 5190 habebat
1187 5134 1568 5205 pectusculum
1590 5134 1961 5204 imperatoris.

383 5225 673 5297 Susceptis
703 5235 886 5282 autem
918 5233 974 5280 et
1010 5225 1174 5281 donis
1208 5225 1436 5296 gavisus
1477 5231 1563 5279 est
1589 5223 1768 5279 valde.
1791 5221 1964 5278 Porro

380 5335 511 5374 cum
555 5319 781 5390 legisset
817 5333 1058 5383 sacram,
1107 5317 1318 5374 invenit
1358 5325 1418 5372 ut
1446 5331 1507 5373 se
1549 5328 1742 5372 contra
1782 5330 1961 5385 regem

382 5412 675 5467 Persarum
727 5418 989 5478 armaret,
1023 5418 1093 5465 et
1152 5401 1456 5479 proximam
1509 5408 1614 5463 sibi
1669 5405 1960 5462 Persarum

381 5501 637 5572 perderet
667 5500 971 5571 regionem,
1013 5507 1070 5554 et
1098 5498 1334 5553 ulterius
1374 5512 1500 5552 cum
1532 5496 1718 5558 Persis
1757 5495 1963 5551 ltedera

383 5608 494 5648 non
546 5592 730 5649 iniret.
770 5591 1034 5649 Protinus
1089 5606 1222 5662 ergo
1269 5589 1502 5646 collecto
1563 5589 1812 5644 exercitu
1868 5603 1962 5642 rex

378 5682 616 5739 Arcthas
641 5697 826 5738 coram
868 5682 1046 5753 legato
1075 5679 1444 5736 Romanorum
1475 5678 1740 5735 adversus
1766 5676 1965 5732 Persas

379 5773 630 5846 praelium
675 5775 862 5841 movit,
911 5773 1189 5845 subjectos
1221 5773 1328 5829 sibi
1381 5772 1687 5828 Saracenos
1717 5770 1962 5842 praemit—

373 5883 524 5928 tcns.
548 5870 829 5928 Profectus
857 5879 1038 5928 autem
1059 5877 1110 5926 cl
1130 5869 1246 5940 ipse
1261 5867 1327 5925 ad
1347 5870 1624 5941 regionem
1644 5867 1960 5934 Persarum,

2053 2003 2154 2066 vit,
2189 2015 2446 2057 asserens
2471 1999 2845 2070 opprobrium
2894 2012 3020 2054 esse
3068 1997 3175 2054 sub
3215 1995 3398 2051 Persis
3435 1993 3646 2050 solvere

2053 2093 2258 2149 tributa
2307 2090 2631 2147 Romanos:
2666 2099 2956 2161 propterea
3013 2089 3193 2144 locum
3241 2103 3498 2158 magnum
3539 2085 3646 2140 hoc

2056 2185 2352 2240 Persarum
2408 2183 2900 2253 Romanorumque
2954 2181 3163 2252 reperit
3214 2180 3438 2236 bellum.
3473 2177 3648 2233 Porro

2053 2275 2308 2333 Justinus
2333 2275 2676 2331 Marcianum
2715 2273 3034 2346 patricium,
3065 2281 3120 2328 et
3141 2278 3442 2343 cognatum
3482 2279 3649 2326 ‘suum

2057 2376 2346 2438 praetorem
2381 2381 2579 2422 creans
2608 2365 2855 2422 Orientis
2885 2370 3084 2420 contra
3119 2363 3322 2420 Persas
3349 2363 3576 2429 direxit.

2128 2497 2316 2555 Mundi
2347 2514 2496 2556 anno
2521 2496 2685 2566 6065,
2702 2496 2904 2554 divinas
2927 2496 3334 2552 incarnationis
3349 2509 3496 2551 anno
3517 2494 3648 2558 565.Ι

2055 2600 2252 2646 octavo
2277 2589 2498 2662 imperii
2526 2589 2611 2645 sui
2648 2603 2796 2644 anno
2826 2587 3084 2644 Justinus
3135 2586 3450 2643 inﬁrmatus
3482 2594 3568 2642 est
3595 2594 3656 2642 et

2057 2681 2312 2737 tristatus
2370 2678 2638 2737 adversus
2688 2677 3022 2733 Baduarium
3083 2675 3308 2732 fratrem
3363 2691 3548 2741 suum,
3593 2683 3652 2729 ct

2058 2771 2206 2828 hunc
2247 2771 2470 2842 injuriis
2519 2769 2802 2826 laceravit.
2848 2767 3163 2825 Novissime
3218 2783 3351 2823 vero
3394 2765 3660 2838 praecepit.

2057 2863 2422 2921 cubiculariis
2463 2863 2668 2934 pugnis
2703 2878 2914 2921 caesum
2944 2863 3183 2920 educere
3233 2862 3388 2916 illum
3430 2861 3486 2914 in
3516 2874 3652 2915 con-

2055 2966 2306 3026 spectum
2335 2955 2560 3012 concilii
2590 2964 2918 3014 senatorum
2946 2972 2960 3011 :
2991 2962 3114 3011 erat
3140 2953 3294 3010 enim
3331 2969 3522 3012 comes.
3549 2953 3654 3008 im-

2058 3047 2352 3119 perialium
2366 3046 2732 3105 stabulorum.
2753 3048 2876 3115 Quo
2897 3055 3184 3118 comperto
3209 3046 3414 3118 Sophia
3431 3045 3658 3102 tristata

2059 3146 2142 3194 est
2182 3146 2240 3193 et
2281 3143 2588 3214 conquesta
2630 3138 2994 3210 imperatori‘,
3031 3139 3128 3210 qui
3175 3153 3235 3194 se
3279 3138 3561 3208 paenituit,
3600 3147 3656 3194 et

2059 3232 2403 3289 descendens
2453 3233 2523 3288 ad
2558 3249 2684 3288 eum
2749 3233 2810 3288 in
2847 3233 3128 3289 stabulum
3172 3233 3430 3290 introivit
3468 3232 3653 3288 subito

2061 3341 2188 3380 cum
2226 3326 2528 3397 praeposito
2569 3326 3063 3383 cubiculariorum.
3115 3326 3422 3382 Baduarius
3469 3333 3653 3386 autem

2061 3419 2179 3474 viso
2214 3420 2549 3490 imperatore
2595 3419 2735 3490 fugit
2765 3435 2796 3474 a
2844 3421 2968 3477 loco
3002 3420 3057 3478 in
3095 3421 3304 3486 locum,
3349 3433 3452 3490 per
3488 3434 3656 3489 supe-

2060 3511 2206 3566 riora
2243 3513 2527 3582 praasepis,
2559 3511 2902 3582 praetimere
2945 3511 3320 3580 imperatoris.
3355 3511 3457 3566 Ast
3486 3510 3656 3579 impe-

2063 3611 2215 3657 rator
2259 3603 2534 3660 clamabat
2569 3622 2582 3658 :
2615 3602 2821 3672 Adjuro
2871 3613 2921 3657 te
2960 3618 3054 3673 per
3105 3601 3296 3668 Deum,
3349 3600 3520 3671 frater
3557 3602 3653 3669 mi,

2059 3703 2308 3766 exspecta
2353 3711 2457 3750 nte.
2505 3695 2573 3749 Et
2607 3710 2735 3751 cum
2772 3695 3143 3762 cucurrisset,
3183 3695 3362 3751 tenuit
3414 3709 3566 3759 eum,
3599 3683 3680 3748 et.

2062 3785 2406 3858 amplexatus
2432 3786 2792 3844 deosculatus
2819 3796 2907 3842 est
2933 3787 3115 3852 illum,
3153 3786 3346 3842 dicens
3377 3802 3391 3840 :
3436 3783 3655 3839 Peccavi

2064 3879 2182 3946 tibi,
2213 3878 2384 3938 frater
2420 3879 2518 3944 nti,
2549 3878 2642 3934 sed
2679 3878 2887 3948 suscipe
2914 3895 2995 3934 me
3021 3887 3080 3932 ut
3115 3877 3342 3948 fratrem
3368 3885 3517 3930 tuum
3543 3875 3656 3944 pri-

2063 3991 2205 4028 mum
2237 3986 2287 4030 et
2325 3976 2736 4044 imperatorem:
2771 3989 2838 4030 ea:
2871 3974 3143 4030 diabolica
3178 3973 3322 4029 enim
3352 3961 3658 4042 operatione

2064 4069 2184 4124 novi
2217 4069 2356 4137 quod
2387 4069 2592 4136 factum
2619 4070 2685 4123 ait
2711 4068 2832 4124 hoc.
2860 4067 2965 4134 Qui
2997 4065 3202 4123 cecidit
3228 4066 3296 4120 ad
3318 4064 3487 4134 pedes
3513 4065 3655 4132 ejus.

2064 4172 2118 4218 et
2156 4163 2296 4219 llens
2330 4165 2406 4219 ait
2443 4180 2457 4218 :
2502 4161 2792 4230 Veraeiter,
2838 4163 3070 4230 domine,
3106 4170 3421 4232 potestatem
3473 4160 3652 4215 trabes.

2076 4253 2445 4310 Verumtamen
2469 4255 2520 4310 in
2546 4256 2830 4323 prwsentia
2863 4262 3078 4310 senatus
3108 4251 3662 4324 deformastiservum

2067 4358 2234 4402 tuum.
2307 4348 2487 4413 Modo,
2558 4347 2791 4412 (tantine,
2855 4347 2936 4400 his
3014 4347 3275 4402 rationem
3337 4344 3516 4401 redde.
3591 4345 3658 4399 Et

2065 4441 2392 4498 ostendebat
2425 4441 2474 4496 ei
2505 4455 2696 4509 equos.
2722 4440 2790 4493 At
2811 4454 2942 4494 vero
2975 4440 3277 4508 imperator
3299 4436 3654 4508 rogaviteu-m

2067 4547 2256 4589 secum
2302 4530 2660 4592 manducare,
2691 4539 2748 4584 et
2789 4529 3065 4600 paciﬁcati
3099 4536 3254 4584 sunt.
3296 4527 3504 4584 Eodem
3528 4541 3664 4581 vero

1997 4619 2044 4675 D
2069 4641 2217 4682 anno
2251 4625 2572 4682 factum'est
2598 4623 2801 4680 bellum
2833 4624 2984 4678 circa
3026 4621 3343 4692 Sargathon
3383 4621 3661 4675 Romano-

2071 4734 2192 4775 rum
2243 4726 2410 4790 atque
2462 4716 2756 4773 Persarum
2802 4729 3089 4785 mgnum,
3139 4721 3198 4770 et
3246 4714 3500 4770 vicerunt
3547 4708 3660 4768 Ro-

2072 4812 2244 4890 mani.
2677 4817 2681 4821 “

2141 4925 2302 4981 Nono
2336 4940 2484 4980 anno
2513 4923 2726 4994 imperii
2759 4921 2968 4979 Justini
3002 4921 3298 4978 llormisda
3326 4933 3421 4976 rex
3462 4918 3662 4973 Persa—

2068 5031 2191 5071 rum
2225 5017 2596 5071 Ardamenum
2627 5014 2826 5070 ducem
2859 5011 3158 5069 Persarum
3192 5011 3464 5068 ordinans
3509 5009 3664 5064 misit

2068 5110 2445 5166 Romanorum
2467 5109 2750 5180 regionem
2784 5106 3107 5179 depopulari
3133 5123 3149 5173 ;
3179 5102 3472 5176 quipmda
3491 5099 3667 5155 multa

2067 5211 2229 5276 capta
2277 5219 2536 5261 reversus
2566 5213 2674 5260 est.
2725 5203 2848 5271 Quo
2880 5209 3166 5274 com-perte
3204 5197 3481 5261 Justinus,
3529 5207 3666 5250 con-

2071 5304 2356 5353 Sternatus
2375 5296 2523 5351 mole
2562 5294 2924 5359 calamitatis,
2966 5293 3114 5364 capti
3177 5304 3380 5347 sensus
3428 5288 3662 5357 languo-

2071 5404 2184 5445 rem
2233 5389 2490 5454 inenrrit,
2538 5397 2596 5444 et
2649 5394 2870 5459 pactum
2916 5384 3099 5441 facere
3147 5382 3287 5454 petit
3332 5378 3663 5443 Hormisda,

2068 5485 2159 5554 qui
2190 5483 2244 5539 id
2275 5481 2393 5538 ﬁeri
2422 5495 2570 5536 anno
2602 5479 2910 5536 consensit.

2141 5593 2329 5650 Mundi
2363 5607 2510 5649 anno
2538 5591 2702 5658 6067,
2725 5589 2927 5647 divina:
2945 5586 3347 5645 incarnationis
3369 5599 3514 5640 anno
3533 5582 3660 5650 567,

2069 5686 2319 5742 Justinus
2351 5685 2651 5755 imperator
2677 5681 2956 5738 Tiberium
2993 5680 3250 5736 comitem
3276 5676 3664 5734 excubitorum

2073 5783 2177 5836 sibi
2208 5780 2379 5836 tilium
2436 5780 2645 5834 faciens
2678 5777 2950 5833 Cassarem
2999 5774 3315 5844 appellavit,
3349 5780 3404 5829 ct
3438 5784 3666 5827 conses-

2073 5888 2254 5929 sorem
2281 5885 2440 5928 suum
2475 5870 2764 5927 constituit
2816 5877 2926 5924 tam
2964 5868 3019 5924 in
3049 5864 3461 5939 [lippodromiis
3497 5875 3660 5932 quam
