4088 6466
520 357 648 423 1271

1606 359 2008 420 ANASTASII
2073 361 2704 425 BIBLIOTHECARU

3643 372 3785 435 1272

515 474 572 528 in
605 471 804 528 diebus
833 469 1170 543 insignibus.
1205 471 1337 525 Erat
1383 480 1566 525 autem
1609 472 1907 540 imperator
1944 471 2097 541 pedi-
2125 482 2174 536 Α
2204 472 2460 530 Tiberius
2479 477 2701 532 mittens
2721 476 2877 534 duxit
2902 479 3252 537 Anastasiam
3273 480 3562 553 coniugem
3589 497 3778 546 suam,

515 565 621 621 bus
647 570 861 634 captus,
893 578 957 618 ac
986 577 1083 634 per
1115 563 1217 617 hoc
1249 563 1422 634 magis
1457 565 1512 618 in
1551 563 1752 618 lectulo
1772 563 1986 634 jacens.

591 655 897 714 Undecimo
929 657 1146 727 imperii
1190 657 1277 711 sui
1307 674 1451 713 anno
1492 659 1802 714 construxit
1842 657 2095 716 Justinus

519 765 774 821 magnum
795 750 1176 822 aqttaeductum
1202 749 1478 817 Valentis,
1510 761 1564 807 et
1596 753 1830 824 largitus
1858 763 1945 808 est
1971 753 2095 809 urbi

515 842 882 913 dapsilitatem
922 858 1216 914 aquarum.

589 935 926 994 Duodecimo
951 937 1164 1007 imperii
1199 938 1286 995 sui
1330 954 1478 996 anno
1515 939 1772 998 Justinus
1795 939 2096 1011 imperator

517 1042 850 1098 synagogam
888 1027 1264 1094 Hebraeorum,
1319 1046 1441 1101 quae
1470 1040 1592 1086 erat
1621 1030 2095 1102 Constantinopoli

517 1117 575 1174 in
609 1117 1034 1191 Chalcopratiis,
1094 1120 1333 1174 ablatam
1389 1120 1458 1177 ab
1500 1121 1582 1176 eis
1628 1119 1758 1177 fecit
1808 1120 2098 1182 ecclesiam

516 1207 762 1266 Domina:
777 1220 982 1268 sanctae
1013 1220 1216 1268 nostra:
1244 1211 1338 1270 Dei
1364 1212 1699 1278 Genitricis;
1726 1229 1850 1286 qua:
1887 1211 2099 1285 Magna!

515 1301 765 1373 proxima
790 1311 877 1358 est
903 1302 1173 1360 ecclesiae.

588 1391 998 1451 Tertiodecimo
1023 1394 1239 1466 imperii
1267 1394 1471 1452 Justini
1501 1411 1669 1465 anno,
1709 1395 1921 1453 Joanne
1949 1397 2098 1452 Con-

515 1485 1014 1558 stantinopolitano
1044 1487 1305 1544 defuncto
1340 1488 1623 1560 episcopo,
1673 1489 1974 1561 Eutychius
2009 1504 2098 1544 re-

516 1581 664 1649 cepit
701 1580 902 1638 iterato
936 1581 1192 1636 thronum
1223 1581 1480 1637 eundem.
1526 1582 1598 1635 At
1632 1597 1761 1638 vero
1801 1583 2102 1653 imperator

516 1671 917 1741 inflrmatus,et
938 1673 1239 1742 pauxillum
1271 1689 1302 1728 a
1327 1675 1589 1745 languore
1612 1673 1904 1738 demissus,
1932 1673 2102 1730 advo-

517 1764 662 1818 cavit
699 1771 812 1820 tam
855 1767 1170 1836 pontiﬁcem
1200 1773 1256 1820 et
1288 1776 1540 1820 senatum
1577 1781 1744 1836 quam
1778 1779 1972 1819 omnes
2006 1779 2099 1820 sa-

515 1854 770 1912 cerdotes
800 1864 854 1911 et
883 1856 1055 1922 cives,
1103 1867 1155 1911 et
1191 1856 1430 1911 adducto
1488 1856 1708 1912 Caesare
1753 1855 1977 1912 Tiberio
2007 1871 2102 1926 pa-

515 1945 622 2002 lam
679 1947 940 2006 omnibus
992 1947 1289 2018 appellavit
1343 1963 1470 2004 eum
1534 1947 1926 2018 imperatorem
1957 1987 1972 2013 ,
2015 1948 2104 2004 his

513 2039 867 2096 sermonibus
917 2056 1052 2096 usus
1093 2059 1108 2096 :
1154 2039 1288 2096 Ecce
1331 2039 1492 2106 Deus,
1547 2041 1638 2110 qui
1694 2040 1945 2107 benefecit
1985 2039 2100 2094 tibi.

519 2129 675 2187 Hunc
694 2132 933 2188 habitum
964 2132 1104 2189 Deus
1138 2133 1237 2188 tibi
1272 2134 1438 2201 dedit,
1479 2149 1584 2188 non
1629 2150 1722 2202 ego
1746 2147 1765 2185 :
1804 2133 2008 2189 honora
2037 2132 2104 2187 il-

514 2224 650 2292 lum,
682 2235 738 2281 ut
759 2234 812 2281 tu
845 2243 1047 2299 quoque
1068 2226 1340 2281 hortareris
1373 2226 1437 2281 ab
1463 2227 1597 2295 ipso.
1629 2225 1851 2282 Honora
1879 2235 2105 2280 matrem

517 2328 690 2386 tuam,
728 2335 847 2390 quw
895 2321 1185 2390 aliquando
1229 2329 1323 2375 tua
1359 2321 1578 2374 domina
1609 2319 1736 2390 fuit.
1770 2318 1932 2375 Nosti
1964 2319 2102 2390 quod

514 2415 743 2482 primum
775 2415 890 2482 ejus
934 2431 1112 2470 servus
1158 2415 1350 2485 fueris,
1402 2431 1539 2468 nunc
1585 2425 1762 2469 autem
1813 2414 1981 2482 ﬁlius.
2023 2411 2104 2467 Nc

512 2507 803 2575 gratuleris
831 2507 885 2561 in
909 2508 1256 2578 sanguinibus
1273 2526 1293 2576 ;
1327 2524 1390 2562 ne
1414 2508 1770 2562 communices
1801 2507 1858 2560 iu
1883 2507 2108 2560 homici-

512 2598 639 2666 dio;
676 2615 740 2653 ne
767 2599 968 2654 malum
987 2616 1082 2668 pro
1115 2600 1257 2655 malo
1283 2599 1506 2664 reddas;
1544 2617 1607 2654 ne
1649 2600 1702 2653 in
1745 2598 1890 2653 malo
1921 2597 2107 2652 inimi-

512 2693 656 2748 cilia:
692 2691 892 2749 similis
933 2693 1065 2749 mihi
1115 2693 1395 2764 efﬁciaris.
1448 2693 1560 2763 Ego
1593 2693 1757 2757 enim,
1814 2700 1871 2746 nt
1925 2692 2101 2755 homo,

513 2784 728 2854 culpari
757 2801 777 2840 :
807 2787 998 2842 etenim
1032 2788 1099 2841 'et
1133 2786 1416 2855 culpabilis
1465 2785 1641 2855 factus
1683 2800 1823 2850 sum,
1847 2795 1896 2839 et
1935 2783 2107 2848 recepi

513 2881 802 2934 secundum
827 2887 1044 2948 peccata
1070 2894 1228 2946 mea;
1269 2878 1360 2934 sed
1391 2895 1612 2932 causam
1647 2875 1848 2932 habebo
1873 2893 1991 2930 cum
2021 2875 2104 2932 his

513 2969 607 3041 qui
634 2969 732 3024 hoc
773 2969 908 3026 mihi
955 2971 1219 3041 fecerunt,
1261 2979 1385 3026 ante
1418 2970 1659 3025 tribunal
1705 2967 1928 3027 Christi.
1979 2967 2106 3025 Non

512 3060 675 3117 elevet
701 3070 751 3118 te
770 3062 855 3118 hic
883 3063 1096 3119 habitus
1135 3061 1582 3133 quemadmodum
1621 3077 1724 3117 me.
1773 3059 1864 3118 Sic
1895 3060 2106 3116 attende

514 3153 763 3210 omnibus
791 3155 930 3210 sicut
964 3155 1084 3209 tibi.
1128 3153 1276 3209 Scito
1306 3153 1436 3226 quid
1473 3153 1661 3223 fueris,
1705 3163 1755 3210 et
1790 3155 1911 3224 quis
1949 3153 2104 3208 modo

514 3249 768 3303 “sistas.
804 3245 890 3302 Ne
913 3245 1214 3319 superbiae,
1250 3255 1302 3302 et
1335 3262 1439 3302 non
1477 3246 1740 3315 peccabis.
1797 3243 1962 3300 Nosti
1988 3245 2106 3315 quis

516 3340 714 3410 fuerim
737 3341 932 3412 etquis
965 3339 1142 3412 factus
1183 3339 1481 3396 exstiterim
1513 3349 1564 3394 et
1593 3339 1871 3394 exsistam.
1911 3337 2107 3395 Omnes

517 3431 612 3486 isti
635 3430 739 3503 ﬁlii
767 3432 847 3486 tui
873 3441 998 3487 sunt
1017 3440 1066 3486 et
1093 3430 1252 3508 servi.
1268 3428 1384 3485 Scis
1399 3429 1538 3500 quod
1551 3445 1664 3499 prce
1679 3428 1961 3483 visceribus
1978 3429 2106 3483 meis

517 3525 888 3580 houorauerim
919 3534 986 3579 te.
1011 3523 1125 3578 Hos
1157 3539 1280 3578 cum
1305 3522 1505 3587 uideas,
1555 3537 1732 3576 omnes
1755 3522 1845 3591 qui
1872 3530 1997 3576 sunt
2031 3521 2108 3574 rei

515 3617 742 3686 publica:
769 3617 933 3674 uides.
979 3613 1205 3671 Intende
1234 3614 1400 3669 militi
1443 3622 1557 3668 tuo.
1593 3611 1674 3668 Ne
1707 3613 1905 3668 milites
1936 3612 2108 3667 susci-

517 3712 659 3779 pias,
693 3726 754 3765 ne
781 3709 967 3764 dicant
1001 3708 1097 3763 tibi
1125 3707 1342 3779 quidam
1369 3709 1497 3778 quia
1533 3706 1778 3761 decessor
1827 3716 1948 3759 tuus
1980 3705 2108 3758 tali-

520 3814 602 3858 ter
633 3810 973 3858 conversatus
1005 3811 1105 3857 est.
1147 3800 1276 3856 Hau:
1293 3800 1432 3854 enim
1468 3799 1610 3863 dico,
1643 3816 1675 3852 a
1697 3798 1884 3868 quibus
1915 3812 2106 3865 passus

521 3915 660 3953 sum.
690 3899 797 3964 Qui
821 3898 1014 3952 habent
1049 3897 1405 3961 substantias,
1431 3895 1686 3964 fruantur
1721 3895 1797 3948 eis
1825 3909 1842 3947 :
1883 3892 1966 3947 his
1989 3907 2106 3946 vero

521 3993 616 4058 qui
649 4008 752 4046 non
798 3992 1100 4056 habuerint,
1150 3990 1313 4046 dona.
1364 3989 1431 4042 Et
1473 3988 1620 4044 facta
1656 3987 1908 4043 oratione
1948 3999 1976 4038 a
2010 4001 2106 4054 pa-

523 4084 790 4149 triarcha,
827 4099 953 4138 cum
993 4081 1266 4138 dixissent
1298 4095 1514 4144 omnes,
1535 4080 1732 4144 Amen,
1761 4077 1962 4133 cecidit
1991 4076 2107 4130 Cae-

525 4193 619 4232 sar
648 4176 716 4232 ad
748 4174 915 4246 pedes
957 4173 1333 4245 imperatoris,
1373 4181 1428 4228 et
1459 4171 1601 4226 dixit
1623 4170 1671 4226 ei
1699 4187 1715 4224 :
1745 4168 1806 4224 Si
1835 4170 1931 4232 vis,
1968 4185 2107 4234 sum,

523 4273 572 4326 si
615 4287 720 4324 non
749 4270 844 4335 vis,
879 4283 986 4322 nou
1030 4283 1170 4322 sum.
1211 4265 1279 4322 Et
1315 4266 1619 4336 imperator
1664 4264 1739 4317 ait
1775 4281 1789 4317 :
1821 4261 1986 4323 Deus,
2020 4263 2110 4331 qui

525 4363 650 4430 fecit
677 4360 866 4416 calum
895 4369 946 4414 et
977 4372 1198 4425 terram,
1219 4359 1330 4427 ipse
1356 4359 1536 4412 omnia
1570 4373 1688 4419 qua:
1711 4355 1884 4410 dicere
1913 4352 2108 4408 oblitus

523 4469 661 4518 sum,
687 4453 739 4506 in
774 4468 865 4505 cor
889 4461 1036 4504 tuum
1085 4451 1364 4504 immittat.
1399 4447 1571 4502 Porro
1602 4461 1728 4501 cnm
1769 4446 1884 4500 tunc
1917 4459 2112 4515 prose-

2198 574 2254 620 et
2303 566 2592 622 coronavit
2643 583 2767 622 eam
2821 577 3147 642 Augustam,
3202 582 3258 628 et
3304 572 3536 643 iactavit
3585 587 3780 644 rogatu

2199 655 2452 714 multam.

2271 747 2526 805 Secundo
2559 749 2774 820 imperii
2804 749 3012 808 Tiberii
3050 766 3200 808 anno
3245 752 3594 810 Alexandria}
3631 753 3784 809 anti-

2201 849 2314 896 stes
2343 841 2578 896 ltabetur
2604 841 2853 898 ecclesiae
2881 842 3164 914 Eulogius.
3193 843 3340 900 Misit
3371 845 3582 901 interea
3605 845 3785 914 impe-

2200 938 2354 986 rator
2405 930 2659 988 Tiberius
2723 933 2791 988 ad
2861 949 3044 1004 regem
3111 933 3404 991 Persarum
3469 935 3783 992 secundum

2201 1039 2438 1090 morem,
2475 1027 2740 1082 nuntians
2777 1026 3181 1097 promotiOuem
3221 1043 3413 1094 suam;
3445 1043 3557 1098 quo
3585 1041 3780 1098 pacem

2202 1134 2311 1175 non
2352 1119 2678 1177 admittente
2708 1120 2969 1178 Tiberius
3005 1138 3234 1194 magnas
3267 1122 3500 1178 virtutes
3540 1137 3784 1193 congre-

2201 1213 2371 1283 gavit,
2405 1222 2459 1270 et
2501 1215 2877 1270 disseminatis
2906 1217 3074 1287 regiis
3105 1215 3382 1272 thesauris
3415 1215 3619 1273 multos
3650 1216 3786 1272 fecit

2201 1305 2516 1372 exercitus,
2591 1321 2788 1363 creans
2857 1309 3180 1381 magistrum
3245 1308 3483 1363 militum
3537 1305 3784 1365 Orientis

2203 1395 2497 1466 quemdam
2532 1396 2934 1454 Justiniantnn.

2276 1489 2463 1544 Tertio
2494 1490 2710 1558 imperii
2737 1488 2946 1546 Tiberii
2983 1506 3129 1546 anno
3168 1506 3263 1547 rex
3298 1491 3590 1548 Persarum
3626 1506 3784 1547 sum-

2205 1581 2313 1654 ptis
2337 1582 2633 1638 virtutibus
2659 1582 2776 1638 suis
2802 1585 2856 1636 in
2889 1582 3205 1636 Armeniam
3231 1591 3504 1652 properat.
3535 1581 3786 1637 Audiens

2205 1685 2387 1731 autem
2428 1673 2808 1730 Romanorum
2860 1675 2972 1730 dux
3019 1691 3200 1747 regem
3231 1674 3524 1730 Persarum
3559 1689 3657 1746 per
3699 1688 3790 1729 se-

2206 1769 2499 1837 metipsum
2560 1769 2806 1838 praelium
2862 1769 3152 1831 initurum,
3209 1767 3499 1839 expeditus
3551 1767 3788 1823 elfecttts

2204 1868 2308 1917 est.
2347 1861 2536 1914 Timor
2565 1860 2710 1916 enim
2747 1860 3034 1930 ingressus
3069 1867 3154 1916 est
3196 1860 3248 1912 in
3285 1859 3546 1930 populum
3581 1857 3788 1912 Roma-

2205 1968 2426 2016 norum,
2462 1959 2517 2008 et
2551 1951 2758 2008 idcirco
2797 1952 3151 2008 Justinianus
3197 1951 3264 2005 ad
3302 1955 3536 2007 virtutes
3579 1965 3789 2006 sermo-

2207 2044 2370 2100 nibus
2412 2060 2548 2100 usus
2597 2045 2943 2114 compescuit
2998 2043 3315 2100 formidinis
3349 2057 3613 2112 pugnam.
3649 2039 3788 2094 Cum

2207 2145 2388 2192 autem
2437 2137 2638 2192 bellum
2686 2137 2842 2191 ﬁeret
2883 2141 2937 2190 ct
2987 2136 3268 2204 sagittatio
3315 2134 3607 2190 Persarum
3644 2132 3790 2187 facta

2210 2229 2382 2283 multa
2412 2228 2630 2294 fuisset,
2660 2230 2731 2283 ita
2759 2238 2817 2283 ut
2841 2229 3008 2284 etiam
3043 2217 3253 2282 solares
3287 2225 3426 2282 radii
3451 2227 3791 2289 celarentur,

2206 2322 2336 2378 dum
2360 2323 2617 2378 videlicet
2645 2321 2878 2378 Romani
2913 2322 3104 2390 clipeis
3128 2320 3336 2390 jacnla,
3369 2334 3492 2390 qua:
3530 2333 3597 2373 ex
3623 2331 3793 2371 arcu-

2209 2414 2314 2468 bus
2347 2413 2735 2477 mittebantur,
2769 2412 3112 2468 continuatis
3151 2412 3423 2484 projicere
3457 2409 3792 2466 niterentur.

2205 2506 2342 2561 Cum
2421 2515 2602 2560 autem
2662 2503 2937 2576 profunda
3003 2506 3338 2561 consisteret
3413 2503 3790 2558 Romanorum

2207 2599 2378 2662 acies.
2430 2597 2614 2654 Persas
2658 2598 2803 2654 ferre
2863 2613 2971 2654 non
3019 2605 3299 2671 poterant,
3352 2597 3447 2654 sed
3497 2597 3552 2650 in
3609 2595 3792 2665 fugam

2207 2689 2444 2746 vertitur
2480 2689 2914 2761 Babyloniorum
2963 2699 3208 2756 caterva,
3243 2697 3298 2744 et
3331 2689 3609 2744 intereunt
3650 2687 3793 2740 mul-

2209 2783 2478 2840 titudines
2521 2784 2784 2854 copiosas.
2819 2784 3119 2856 Accipiunt
3155 2783 3372 2838 interea.
3401 2789 3458 2836 et
3499 2779 3790 2838 Persarum

2205 2875 2601 2947 supellectilem
2645 2884 2700 2932 et
2741 2875 2955 2947 regium
3050 2875 3472 2932 tabernaculum
3505 2882 3793 2943 totumque

2207 2967 2582 3024 clarissimum
2617 2978 2965 3040 apparatum.
2999 2967 3215 3026 Tenent
3243 2974 3506 3023 autemet
3529 2965 3793 3036 elephan-

2211 3069 2294 3118 tes
2332 3060 2592 3128 Romani,
2645 3072 2700 3116 et
2749 3060 2816 3116 ad
2852 3059 3136 3118 Tiberium
3181 3059 3411 3116 mittunt
3442 3058 3690 3131 insignes
3737 3063 3795 3112 et

2209 3155 2397 3226 regias
2433 3155 2558 3210 illas
2602 3155 2854 3211 exuvias.
2890 3155 3081 3227 Itaque
3113 3154 3288 3225 legem
3320 3154 3476 3225 ponit
3499 3150 3790 3208 Persarum

2210 3263 2345 3315 rex,
2413 3246 2802 3305 confusionem
2875 3263 2986 3303 non
3058 3247 3286 3315 ferens,
3345 3260 3625 3316 nunquam
3676 3241 3793 3315 jam

2209 3338 2504 3396 Persarum
2544 3355 2728 3412 regem
2773 3339 2828 3395 in
2863 3340 3112 3411 praslium
3141 3353 3525 3411 egressurum.
3561 3335 3634 3392 At
3663 3348 3792 3389 vero

2209 3433 2496 3488 Romanus
2519 3433 2798 3490 exercitus
2827 3432 3070 3489 Persicis
3105 3431 3305 3502 adjecit
3329 3429 3614 3495 aerumnis,
3638 3435 3695 3482 et
3724 3423 3792 3479 ad

2211 3525 2406 3581 intima
2446 3524 2691 3581 Persidis
2722 3525 3060 3597 properavit,
3111 3531 3166 3579 et
3211 3523 3446 3578 multum
3490 3520 3603 3576 illic
3644 3521 3793 3576 esci-

2211 3623 2364 3680 dium
2399 3635 2455 3678 ct
2479 3623 2855 3692 captivitatem
2887 3619 3147 3690 patravit,
3183 3617 3511 3692 perveniens
3537 3615 3706 3671 etiam
3735 3615 3790 3670 in

2211 3715 2451 3772 medium
2488 3716 2750 3788 Hyrcanii
2786 3715 2978 3770 maris.
3012 3714 3150 3768 Cum
3193 3719 3374 3766 autem
3406 3710 3597 3781 hyctns
3634 3709 3794 3764 ades-

2215 3817 2322 3873 set,
2354 3824 2459 3862 non
2504 3813 2894 3864 renteaverunt
2926 3803 3170 3872 Quirites
3219 3803 3285 3859 ad
3317 3801 3566 3873 propria,
3601 3800 3696 3855 sed
3738 3799 3791 3852 in

2213 3901 2440 3957 Perside
2469 3901 2718 3972 hyemem
2751 3906 3163 3969 transegcrunt.
3209 3898 3382 3952 Porro
3405 3894 3600 3950 eodem
3648 3908 3796 3945 anno

2212 3993 2383 4063 coepit
2417 3992 2692 4047 aedificare
2729 3989 2983 4045 Tiberius
3017 3989 3298 4058 publicum
3337 3986 3790 4046 Blachernarum,

2211 4092 2268 4142 et
2311 4082 2596 4138 renovavit
2651 4082 2858 4138 multas
2908 4081 3175 4137 ecclesias
3236 4088 3292 4134 et
3344 4077 3686 4133 xenodochia
3744 4084 3795 4129 ct

2211 4175 2662 4246 gerontocomia,
2712 4174 2996 4244 iussitque
3043 4189 3104 4229 se
3151 4172 3321 4228 scribi
3377 4172 3432 4225 in
3489 4168 3797 4238 plttBttiCcis

2213 4271 2413 4328 litteris
2444 4269 2728 4327 Tiberium
2759 4250 3211 4324 Constantinum.

2281 4363 2490 4430 Quarto
2522 4361 2739 4432 imperii
2771 4359 2978 4416 Tiberii
3018 4374 3164 4414 anno
3213 4366 3466 4416 mortuus
3507 4363 3592 4420 est
3633 4354 3797 4422 Euty-

2212 4455 2372 4510 ehius
2420 4453 2758 4523 patriarcha,
2805 4461 2854 4508 et
2903 4461 3188 4520 promotus
3237 4459 3324 4504 est
3374 4456 3500 4518 post
3528 4446 3648 4501 dies
3699 4459 3793 4499 sex

525 4554 792 4616 queretur
823 4545 1144 4615 imperator,
1171 4542 1415 4612 replebat
1442 4541 1704 4610 Iacrymis
1741 4548 1918 4595 totum
1945 4539 2111 4594 colle-
2134 4539 2189 4598 D
2223 4547 2463 4603 Joannes
2519 4545 2808 4615 Jejunator
2831 4586 2846 4608 ,
2915 4545 3128 4614 Magna
3181 4541 3428 4596 ecclesia;
3503 4537 3793 4592 diaconus,

525 4639 698 4708 ginm.
725 4635 882 4704 Quod
933 4650 1058 4690 cum
1094 4636 1335 4692 solutum
1390 4633 1609 4697 fuisset,
1667 4631 1920 4687 Tiberius
1963 4631 2106 4686 dona

529 4729 770 4787 subditis
799 4729 1110 4800 impertitus
1139 4736 1246 4789 est,
1265 4735 1320 4784 et
1343 4741 1686 4798 quaecunque
1716 4726 1770 4780 in
1812 4725 2112 4796 imperato-

531 4826 608 4879 ris
636 4821 1099 4894 appellationibus
1136 4807 1316 4876 mdrisv
1335 4818 1632 4873 exsistunt.

602 4911 790 4970 Mundi
815 4927 962 4967 anno
983 4911 1144 4977 607i,
1171 4911 1369 4966 divinas
1390 4907 1787 4966 incarnationis
1811 4922 1956 4963 anno
1980 4908 2110 4968 571.

531 5009 810 5077 imperare
865 5004 1032 5074 carpit
1076 5001 1335 5059 Tiberius
1383 5000 1673 5057 redimitus
1723 4999 1792 5054 ab
1841 4998 2115 5071 Eutychio

533 5099 885 5173 patriarcha,
942 5113 1068 5152 cum
1119 5105 1271 5154 esset
1325 5105 1379 5151 et
1451 5093 1569 5165 ipse
1654 5108 1854 5164 genere
1906 5092 2114 5147 Thrax.

530 5195 782 5264 Cumque
826 5193 1156 5262 imperaret,
1183 5188 1499 5244 clamabant
1545 5194 1730 5257 partes
1768 5204 1782 5242 :
1820 5186 2117 5242 Anastasio

535 5288 802 5357 Augusta,
851 5293 909 5338 tu
941 5283 1144 5338 vincas.
1175 5279 1362 5345 Salva,
1405 5279 1644 5346 domine,
1679 5296 1812 5349 quos
1856 5281 2118 5348 imperare

525 5375 769 5446 jussisti.
838 5365 1119 5430 Audiens'
1153 5379 1336 5427 autem
1391 5370 1596 5440 SOphia
1650 5368 1858 5426 Justini
1910 5371 2115 5441 conjux

535 5482 804 5537 percussa
844 5477 932 5522 est
966 5465 1150 5520 animo
1183 5481 1196 5518 :
1225 5463 1442 5519 volebat
1488 5479 1726 5534 namque
1771 5463 1979 5519 nubere
2020 5461 2116 5517 Ti-

536 5560 690 5616 berio
714 5568 769 5615 et
795 5571 1120 5630 permanere
1150 5555 1400 5627 Augusta
1431 5575 1444 5611 :
1473 5555 1758 5612 nesciebat
1796 5555 1942 5610 cnim
1970 5554 2116 5624 quod

535 5651 765 5708 haberet
797 5665 1048 5707 uxorem.
1098 5647 1336 5716 Quidam
1373 5657 1554 5705 autem
1589 5648 1845 5704 dicebant
1872 5647 2017 5720 quod
2061 5655 2117 5703 et

540 5737 595 5792 in
626 5737 736 5793 vita
765 5735 967 5793 Justini
1001 5737 1310 5794 adamicata
1350 5737 1515 5794 fuerit
1543 5738 1614 5802 ei,
1650 5746 1704 5794 et
1734 5738 1850 5809 ipsa
1889 5755 2116 5810 persua-

541 5827 677 5886 serit
728 5829 948 5885 Justino
1001 5839 1060 5886 ut
1118 5847 1242 5888 eum
1300 5831 1567 5888 Caesarem
1629 5833 1850 5889 faceret.
1913 5832 2112 5891 Verum

2212 4638 2520 4708 imperator
2553 4644 2738 4690 autem
2764 4634 3023 4690 Tiberius
3058 4633 3265 4704 emptis
3297 4631 3628 4704 corporibus
3663 4644 3798 4700 gen-

2215 4730 2395 4784 tilium
2456 4728 2746 4783 constituit
2801 4726 3056 4781 militiam
3110 4725 3164 4778 in
3223 4739 3422 4780 nomen
3474 4719 3797 4793 proprium,

2217 4822 2485 4877 amiciens
2519 4828 2571 4876 et
2605 4835 2825 4875 artnans
2861 4834 2958 4875 eos
2987 4818 3042 4872 in
3083 4816 3257 4872 millia
3283 4814 3619 4886 quindecim,
3660 4812 3800 4869 dans

2217 4917 2298 4976 eis
2343 4915 2542 4970 ducem
2590 4913 2917 4968 Mauricium
2973 4912 3230 4968 comitem
3278 4910 3694 4970 foederatorum,
3742 4914 3799 4960 et

2219 5009 2525 5066 sobducem
2573 5006 2810 5073 Narsen,
2857 5013 2914 5062 et
2965 5004 3117 5060 misit
3166 5019 3263 5059 eos
3325 5009 3522 5058 contra
3577 4997 3795 5071 Persas.

2219 5100 2374 5158 Bello
2421 5107 2606 5156 autem
2657 5099 2804 5154 facto
2839 5111 3038 5168 magno
3075 5096 3256 5152 valide
3288 5095 3520 5149 Romani
3561 5093 3799 5148 victores

2219 5194 2570 5262 efﬁciuntur,
2621 5202 2676 5250 et
2723 5195 3076 5251 abstulerunt
3125 5206 3156 5246 a
3197 5189 3386 5244 Persis
3438 5186 3697 5242 civitates
3745 5195 3800 5241 et

2222 5290 2503 5360 regiones,
2533 5301 2673 5356 quas
2698 5285 2802 5340 sub
2829 5283 3151 5364 'Justiniano
3175 5285 3438 5350 ceperant
3476 5285 3530 5330 et
3555 5274 3799 5330 Justino.

2221 5381 2428 5438 Abiens
2468 5388 2654 5436 autem
2693 5377 2995 5433 Mauricius
3025 5370 3560 5440 ConstantinOpolim
3603 5381 3801 5424 susce-

2221 5481 2347 5538 ptus
2391 5481 2478 5527 est
2524 5473 2592 5526 ab
2642 5471 2978 5540 imperatore
3026 5480 3153 5521 cum
3202 5462 3412 5532 ingenti
3467 5461 3700 5524 honore,
3745 5466 3801 5512 et

2221 5560 2522 5632 publicavit
2553 5558 2811 5612 Tiberius
2846 5554 3109 5610 victorias
3141 5549 3413 5615 Mauricii,
3442 5555 3493 5602 et
3531 5561 3796 5618 generum

2223 5653 2369 5708 hunc
2403 5650 2626 5705 admisit
2659 5649 2727 5704 ad
2760 5645 3180 5704 Constantinam
3214 5640 3380 5695 ﬁliam
3417 5653 3596 5695 suam.
3633 5638 3800 5692 Simi-

2223 5743 2348 5799 liter
2385 5753 2440 5797 ct
2468 5743 2746 5798 Germano
2777 5739 3000 5812 pra-tori
3033 5735 3218 5805 iunxit
3253 5731 3422 5787 tiliam
3455 5744 3612 5786 suam
3649 5727 3794 5784 Cha-

2224 5834 2372 5895 rito.
2435 5842 2730 5901 utrumque.
2789 5832 3060 5888 Caesarem
3131 5840 3346 5882 creans.
3405 5821 3590 5878 Mense
3664 5833 3793 5875 vero
