4088 6464
348 375 489 442 1273

1138 391 1497 455 HISTORIA
1538 396 2113 458 ECCLESIASTICA
2154 401 2254 461 EX
2281 402 2766 469 Tl-IEOPIIANE.

3466 408 3603 474 1274

339 498 589 566 Augusto
617 512 765 597 mora
802 502 1100 559 comedens
1131 508 1420 571 matutina,
1466 512 1586 567 visu
1614 512 1781 582 digna
1818 512 1913 568 scd
1945 516 1995 576 Δ
2022 515 2265 583 ducenti,
2294 529 2347 576 et
2381 523 2435 577 in
2470 522 2618 578 hunc
2655 523 2871 581 irruens
2907 530 2961 579 et
2994 526 3364 596 captivitatem
3399 529 3601 597 eripuit

339 599 623 674 corrupta,
650 591 857 659 pthisin
882 594 1137 651 incurrit.
1172 599 1238 653 Et
1262 617 1386 655 cum
1415 614 1562 657 esset
1590 606 1919 673 meriturus,

339 679 521 734 accito
560 682 877 751 patriarcha
910 686 1124 747 Joanne
1174 699 1340 761 atque
1380 706 1574 750 senatu
1636 714 1744 751 una
1795 713 1920 753 cum

339 773 580 836 militiis.
627 776 681 831 in
716 778 1076 837 tribunalium
1115 784 1311 839 lectica
1358 796 1446 841 est
1482 767 1837 859 deportatus;
1866 798 1923 845 et

338 866 472 934 quia
509 868 659 940 loqui
694 886 806 926 non
848 882 1086 943 poterat,
1133 892 1229 945 per
1274 882 1767 951 epauagnostieon,
1801 898 1925 952 qua:

341 958 511 1016 rebus
551 960 925 1021 Romanorum
974 976 1133 1022 erant
1168 970 1348 1036 utilia,
1401 974 1691 1030 manifesta
1722 976 1924 1046 papula

340 1051 509 1119 fecit,
581 1061 635 1108 et
700 1055 1024 1113 Mauricium
1088 1076 1352 1129 generum
1414 1082 1578 1123 suum
1650 1068 1924 1122 nuntiavit

338 1145 755 1214 imperatorem.
797 1147 987 1217 Itaque
1017 1167 1142 1208 cum
1185 1170 1378 1212 omnes
1412 1157 1766 1229 imperatoris
1801 1159 1923 1213 lau-

333 1237 565 1293 dassent
592 1241 887 1296 consilium
923 1252 1090 1314 atque
1120 1245 1451 1304 Mauricium
1497 1250 1917 1321 imperatorem,

333 1343 641 1388 conversus
673 1331 932 1389 Tiberius
978 1337 1034 1391 in
1081 1339 1225 1394 lecto
1269 1356 1372 1396 suo
1406 1341 1553 1397 diem
1588 1344 1749 1408 obiit,
1794 1359 1920 1400 cum

335 1434 624 1493 regnasset
665 1427 828 1484 annis
876 1429 1078 1495 tribus,
1134 1433 1421 1489 mensibus
1464 1435 1678 1500 decem,
1727 1436 1923 1492 diebus

332 1525 483 1571 octo.

411 1609 596 1666 hlttndi
622 1624 766 1666 anno
784 1610 945 1677 6075,
968 1612 1173 1670 divinae
1197 1616 1600 1674 incarnationis
1620 1634 1770 1675 anno
1788 1622 1919 1689 575,

332 1707 635 1762 Mauricius
669 1708 933 1777 imperat;
966 1710 1272 1781 eodemque
1314 1729 1461 1770 anno
1494 1715 1771 1787 legatione
1802 1717 1921 1772 l'un-

330 1809 541 1868 gttntur
589 1802 799 1857 Avares
852 1801 917 1856 ad
974 1803 1365 1873 imperatorem
1410 1807 1765 1875 Mauricium,
1819 1812 1915 1882 qni

2021 618 2075 665 et
2104 611 2332 666 victoria
2362 628 2557 683 magna
2583 615 2809 670 indutus
2840 625 2944 672 est.

2093 698 2282 756 Tertio
2308 703 2521 773 imperii
2548 704 2798 759 Mauricii
2825 721 2971 762 anno
2996 704 3339 779 Pltilippicus
3371 714 3609 781 sumptis

2021 794 2360 850 exercitibus
2405 796 2472 850 ad
2524 796 2803 853 Persicam
2854 799 3136 870 regionem
3172 802 3455 871 profectus
3501 814 3608 867 cst,

2020 894 2075 941 et
2092 895 2251 957 capta
2275 887 2561 946 Arxenene
2587 906 2837 962 magnam
2864 893 3101 961 praedam
3121 895 3385 960 obtinuit,
3421 906 3475 953 et
3503 897 3613 953 for-

2023 980 2286 1037 midinem
2321 994 2584 1053 operatus
2614 996 2697 1040 est
2722 985 2961 1041 Persicis
3002 989 3356 1043 exercitibus.
3397 988 3608 1045 interea

2021 1072 2565 1145 Constantinopolim
2595 1077 2863 1147 languens
2891 1087 3122 1148 remeat,
3143 1081 3455 1151 militesque
3485 1085 3608 1139 sine

2022 1165 2246 1223 laesione
2276 1171 2342 1223 ad
2375 1171 2600 1240 propria
2625 1172 2983 1241 repedarunt.

2093 1258 2305 1325 Quarto
2337 1260 2556 1330 imperii
2591 1261 2840 1319 Mauricii
2874 1279 3021 1319 anno
3055 1265 3393 1337 Philippicas
3417 1285 3607 1338 egres-

2022 1367 2121 1407 sus
2166 1369 2196 1405 a
2247 1353 2397 1423 regia
2447 1354 2605 1418 urbe,
2660 1354 2902 1410 hostium
2960 1369 3178 1428 sumpto
3225 1369 3490 1429 apparatu
3541 1362 3610 1415 ad

2022 1444 2304 1501 civitatem
2358 1445 2629 1500 Amidam~
2661 1457 2944 1518 properat,
2999 1457 3055 1504 et
3097 1451 3349 1507 collectis
3386 1454 3615 1507 armatis

2022 1537 2494 1607 percunctabatur
2539 1553 2635 1595 eos
2674 1539 2723 1594 si
2770 1541 2824 1594 in
2861 1549 3119 1611 promptu
3168 1542 3431 1597 haberent
3481 1558 3613 1613 pro-

2021 1628 2248 1697 perandi
2280 1630 2347 1684 ad
2381 1630 2605 1685 bellum.
2640 1632 2739 1685 Ast
2768 1631 3032 1686 Romanis
3053 1633 3387 1702 iuramentis
3410 1636 3612 1690 credu-

2022 1722 2134 1776 lum
2165 1738 2290 1776 eum
2322 1722 2682 1778 reddentibus
2712 1739 2772 1779 se
2800 1726 3069 1780 alacriter
3099 1726 3424 1790 bellaturos,
3460 1728 3612 1782 venit

2026 1816 2093 1871 ad
2145 1816 2471 1871 Anazarbon
2500 1836 2514 1872 :
2543 1828 2598 1872 at
2644 1833 2778 1872 vero
2815 1818 3147 1889 Cardarigas
3182 1820 3285 1875 hoc
3324 1829 3616 1889 comperto

333 1902 466 1947 ante
500 1892 663 1948 breve
695 1900 913 1963 tempus
944 1893 1206 1951 Sirmium
1254 1898 1607 1970 subeget‘ant,
1650 1902 1919 1973 insignem
1955 1876 1999 1930 Β
2028 1908 2166 1964 risui
2219 1908 2558 1964 auditionem
2610 1910 2930 1976 mandabat,
2972 1912 3246 1965 somnium
3296 1926 3421 1965 esse
3462 1911 3613 1980 quod

332 1983 614 2039 civitatem
648 1984 901 2055 Europw,
943 1990 1289 2057 postulantes
1322 1994 1639 2061 octttaginta
1678 1997 1922 2052 millibus

329 2078 481 2143 auri,
530 2094 652 2148 quae
697 2080 1043 2149 accipiebant
1079 2098 1174 2152 per
1210 2100 1409 2150 annos,
1443 2102 1472 2139 a
1505 2085 1769 2144 Romanis
1816 2090 1921 2144 alia

327 2171 630 2240 superaddi
681 2172 875 2242 viginti
905 2193 920 2230 :
954 2175 1255 2244 imperator
1302 2187 1484 2233 autem
1546 2196 1736 2248 pacem
1792 2183 1926 2238 aﬂ'e-

326 2273 492 2318 ctans
522 2265 626 2320 hoc
657 2265 905 2322 admisit.
938 2267 1138 2322 Petivit
1165 2276 1346 2323 autem
1380 2271 1448 2324 ad
1480 2272 1774 2326 videndum
1814 2274 1922 2329 sibi

325 2364 386 2408 et
430 2356 802 2426 elephantem,
838 2359 1044 2413 animal
1074 2359 1342 2426 Indicum,
1382 2363 1564 2429 mitti;
1609 2364 1700 2418 cui
1749 2366 1923 2434 impe-

324 2455 488 2501 rator
535 2449 800 2519 majorem
849 2452 1111 2507 omnibus
1160 2452 1351 2518 misit;
1396 2469 1560 2523 quem
1610 2455 1701 2509 ille
1740 2457 1923 2512 visum

325 2540 550 2595 remisit
597 2544 665 2595 ad
711 2542 1127 2613 imperatorem.
1178 2543 1449 2600 Similiter
1490 2554 1545 2601 et
1577 2547 1780 2603 lectum
1820 2563 1921 2603 au-

329 2645 493 2685 reum
531 2630 637 2686 sibi
667 2631 813 2687 mitti
842 2634 1039 2703 petiit;
1080 2633 1176 2689 sed
1204 2643 1259 2689 et
1297 2635 1401 2690 hoc
1441 2636 1742 2706 imperator
1773 2639 1923 2696 misit

326 2722 403 2776 ad
434 2736 560 2778 eum
594 2738 610 2775 :
641 2721 759 2793 ipse
794 2738 925 2779 vero
956 2732 1009 2779 et
1060 2724 1205 2781 hunc
1248 2734 1630 2798 contemptum
1683 2731 1920 2788 remisit.

328 2813 654 2870 Postulabat
677 2822 857 2870 autem
897 2815 1096 2872 iterum
1124 2818 1229 2872 alia
1261 2819 1454 2890 viginti
1491 2822 1663 2876 millia
1694 2831 1920 2882 centum

328 2909 487 2965 addi.
523 2909 682 2977 Quod
730 2911 1065 2981 imperatore
1099 2929 1210 2969 non
1243 2915 1592 2982 admittente,
1634 2920 1922 2990 cltagantts

327 3003 691 3075 Siggidonem
746 3004 1026 3062 civitatem
1084 3007 1360 3064 subvertit
1418 3017 1475 3066 ct
1523 3012 1731 3069 multas
1781 3013 1922 3070 alias

328 3097 501 3154 urbes
535 3098 708 3167 cepit,
736 3098 955 3170 Illyrico
992 3100 1377 3171 subiacentes.
1414 3103 1486 3158 At
1519 3120 1651 3161 vero
1684 3107 1920 3176 impera-

328 3200 422 3286 tor
442 3188 755 3260 Helpidium
777 3192 1072 3286 patricium
1097 3208 1225 3248 cum
1248 3193 1593 3252 Comentiolo
1616 3198 1826 3269 legatos
1851 3199 1919 3256 ad
1947 3227 1992 3286 α

327 3282 644 3353 cltaganum
676 3285 1013 3341 transmisit.
1063 3286 1135 3341 At
1174 3302 1308 3343 vero
1336 3288 1616 3347 Barbarus
1655 3293 1713 3347 in
1751 3309 1922 3365 spon-

328 3374 590 3431 sionibus
630 3386 916 3446 pactorum
964 3393 1130 3448 agere
1167 3394 1228 3435 se
1257 3395 1449 3449 pacem
1486 3383 1777 3454 professus
1813 3395 1917 3442 est.

331 3467 394 3520 In
430 3467 660 3522 Oriente
708 3484 841 3524 vero
882 3469 1152 3527 Joannem
1205 3472 1577 3544 Mystaconem
1631 3486 1919 3547 praetorem

329 3561 611 3617 Armeniae
636 3561 789 3628 fecit,
816 3564 908 3631 qui
946 3563 1177 3619 veniens
1208 3568 1276 3621 ad
1319 3566 1649 3637 Nytupltium
1678 3585 1916 3634 amnem,

333 3655 433 3711 ubi
470 3653 622 3727 Tigri
672 3658 895 3711 misceri
941 3658 1329 3729 dignoscitur,
1370 3662 1513 3717 bello
1563 3664 1923 3733 congreditur

330 3763 465 3802 cum
519 3748 822 3817 Cardariga
862 3748 1157 3806 Persarum
1211 3760 1470 3821 praetore,
1517 3763 1574 3809 et
1622 3758 1922 3825 praevalent

334 3839 575 3893 Romani
605 3839 872 3896 adversus
913 3840 1212 3897 Barbaros.
1255 3842 1590 3915 Cardarigas
1634 3861 1765 3900 vero
1811 3861 1920 3901 neu

328 3941 422 3987 est
464 3932 747 4001 pr0pt-ium
798 3947 1023 3999 nomen,
1061 3933 1156 3989 sed
1202 3934 1448 4007 dignitas
1493 3937 1732 3993 maxima
1778 3938 1922 4007 apud

329 4022 557 4079 Persas.

336 4126 339 4127 '
411 4114 664 4171 Secundo
717 4116 935 4187 imperii
996 4119 1083 4174 sui
1156 4133 1305 4175 anno
1367 4120 1563 4175 consul
1626 4121 1924 4176 Mauricius

335 4207 676 4277 appellatur,
707 4219 758 4263 et
797 4209 1004 4265 multos
1034 4210 1332 4267 thesauros
1360 4212 1481 4268 urbi
1511 4213 1767 4280 donavit;
1797 4229 1927 4282 pro-

330 4298 486 4352 vehit
518 4308 699 4354 autem
727 4299 1094 4370 Philippicum
1121 4310 1417 4368 praetorem
1456 4301 1723 4370 Orientis,
1753 4304 1843 4359 cui
1874 4312 1927 4365 et

329 4388 595 4444 Cordiam
630 4406 877 4446 sororem
919 4407 1077 4447 suam
1114 4392 1529 4463 in-conjugium
1568 4395 1818 4450 tradidit.
1856 4397 1928 4450 At

335 4499 465 4538 vero
499 4483 841 4554 Pltilippicus
886 4483 1143 4541 Persicas
1180 4487 1458 4555 arripiens
1498 4496 1684 4556 partes
1723 4502 1926 4557 appro-

2025 2000 2313 2055 dicebatttr
2335 2002 2595 2068 epinans,
2619 2002 3018 2072 acccrsitisque
3037 2004 3212 2071 magis
3231 2000 3611 2069 interrogabat

2025 2094 2152 2163 quis
2187 2092 2291 2145 erit
2325 2092 2571 2147 victoria:
2613 2094 2895 2148 dominus.
2942 2094 3041 2149 Ast
3068 2094 3377 2148 daemonum
3423 2094 3618 2162 placa-

2026 2190 2176 2238 tores
2202 2182 2402 2239 Persas
2436 2185 2761 2239 astruebant
2790 2200 2818 2249 a
2854 2184 2964 2239 diis
3003 2185 3292 2239 victoriam
3320 2186 3611 2240 allaturos.

2026 2276 2319 2334 Exsultant
2366 2268 2538 2347 igitur
2585 2294 2752 2348 super
2798 2280 2887 2335 his
2940 2279 3116 2334 Persze
3167 2295 3451 2348 magorum
3501 2277 3613 2333 laeti

2024 2369 2493 2440 protnissionibtts
2526 2370 2680 2435 l‘acti,
2728 2379 2782 2426 et
2831 2379 3057 2441 patt‘ant
3087 2372 3362 2426 continuo
3399 2371 3615 2441 ligneos

2025 2462 2319 2532 compedes
2350 2480 2415 2519 ex
2444 2464 2592 2533 ligno
2626 2474 2680 2518 et
2708 2463 2877 2530 ferro,
2913 2465 3116 2535 quibus
3152 2465 3431 2520 Romanos
3454 2478 3615 2518 com-

2025 2552 2240 2622 peditos
2288 2553 2558 2608 vinciant.
2592 2554 2799 2610 Praetor
2829 2564 3013 2610 autem
3047 2564 3358 2611 commovet
3402 2553 3611 2608 Roma-

2026 2661 2153 2709 nos,
2195 2662 2264 2701 ne
2294 2662 2550 2717 agrorum
2600 2649 2820 2704 labores
2860 2650 3249 2714 exterminent,
3301 2665 3369 2703 ne
3393 2648 3615 2720 iustitia

2027 2737 2147 2799 Dei.
2174 2754 2296 2808 quae
2330 2741 2533 2793 malum
2560 2740 2699 2805 odit,
2724 2740 3013 2795 victoriam
3045 2740 3111 2793 ad
3133 2739 3403 2794 Barbaros
3431 2748 3617 2794 trans-

2028 2827 2189 2883 ferat.
2220 2829 2452 2883 Postera
2489 2845 2623 2900 ergo
2647 2830 2737 2884 die
2771 2837 2977 2899 praetor
3006 2828 3193 2899 dirigit
3222 2827 3363 2882 duos
3388 2825 3616 2897 phylar-

2027 2922 2165 2980 cbos
2220 2921 2650 2988 Saracenorum,
2702 2930 2758 2977 et
2818 2922 3046 2990 capiunt
3090 2919 3289 2975 Persas
3334 2918 3611 2982 viventes,

2026 3030 2125 3086 per
2177 3031 2319 3085 quos
2363 3024 2546 3070 motus
2591 3014 3040 3070 adversariorum
3096 3012 3433 3073 didicerunt,
3481 3010 3616 3080 quia

2026 3114 2385 3160 asseruerunt
2416 3103 2705 3160 Dominico
2735 3104 2824 3159 die
2846 3104 2984 3159 velle
3018 3102 3295 3157 Barbaros
3322 3102 3379 3155 in
3406 3100 3615 3155 Roma-

2026 3212 2131 3253 nos
2160 3198 2396 3253 irruere.
2428 3196 2603 3252 Porro
2629 3195 2977 3267 Philippicas
3004 3195 3251 3252 diluculo
3273 3195 3397 3249 vale
3419 3193 3617 3248 dicens

2024 3289 2315 3357 Romanis,
2349 3289 2533 3344 tribus
2567 3289 2934 3359 phalangibus
2963 3286 3210 3343 occurrit
3238 3287 3304 3342 ad
3339 3285 3617 3356 prndium,

2039 3384 2270 3453 ipseque
2302 3392 2591 3453 assumpta
2631 3381 2715 3437 dei
2754 3381 2899 3437 virili
2939 3380 3139 3443 forma,
3169 3394 3331 3449 quam
3400 3375 3616 3431 acbiro—

2026 3478 2255 3545 poieton
2303 3475 2541 3530 Romani
2591 3476 2916 3545 pra’dicant,
2952 3473 3273 3528 discurrens
3322 3485 3418 3540 per
3462 3470 3615 3523 acies

2026 3568 2255 3622 armatis
2299 3567 2543 3621 divinam
2584 3566 3008 3635 impartiebatur
3042 3563 3325 3621 virtutem,
3359 3569 3414 3613 ct
3455 3567 3618 3614 stans

2025 3670 2149 3729 post
2192 3659 2393 3722 aciem,
2442 3656 2560 3712 haec
2608 3656 2860 3710 retinens
2901 3668 3077 3717 arma,
3129 3650 3380 3706 lacrimis
3423 3649 3616 3703 multis

2026 3752 2188 3807 deum
2223 3750 2503 3822 placabat,
2552 3750 2649 3820 qui
2682 3746 2991 3804 cmlcstium
3028 3744 3287 3800 ordinum
3332 3741 3617 3813 principes

2029 3843 2391 3897 auxiliatores
2422 3839 2748 3911 assumpsit.
2785 3838 2922 3893 Cum
2958 3846 3141 3892 autem
3176 3833 3381 3889 bellum
3420 3847 3616 3902 agere-

2029 3944 2140 3999 tur,
2190 3932 2503 3988 Vitalianus
2543 3931 2803 4001 princeps
2854 3928 2993 3983 aciei
3038 3927 3303 3982 omnibus
3349 3925 3618 3981 audacius

2028 4034 2216 4081 motus
2255 4025 2583 4096 phalangem
2630 4023 2926 4079 Persarum
2958 4021 3199 4092 disrupit
3232 4030 3288 4075 et
3330 4020 3614 4074 sarcinam

2031 4120 2178 4174 tulit.
2217 4117 2452 4174 Romani
2484 4124 2667 4172 autem
2697 4117 2847 4171 circa
2873 4115 3051 4185 spolia
3083 4119 3372 4182 coeperunt
3397 4123 3617 4175 vacare,

2029 4228 2171 4283 quos
2216 4211 2502 4282 accipiens
2548 4209 2911 4279 Philippicas,
2968 4222 3037 4262 ne
3068 4206 3136 4260 ad
3183 4204 3412 4260 exuvias
3446 4201 3615 4256 etiam

2030 4303 2229 4373 reliqui
2270 4301 2478 4357 reversi
2526 4299 2705 4371 praelii
2754 4297 3219 4353 obliviscerentur
3249 4292 3617 4362 conversique

2045 4398 2275 4452 Barbari
2305 4397 2594 4467 perderent
2625 4408 2742 4458 eos,
2763 4389 3054 4445 Theodoro
3089 4389 3290 4443 llihino
3319 4386 3471 4458 galea
3512 4400 3616 4439 sua

2036 4488 2313 4559 imposita,
2348 4485 2500 4541 misit
2530 4484 2714 4557 gladio
2754 4489 3046 4553 percutere
3089 4495 3183 4534 eos
3221 4478 3315 4547 qui
3344 4476 3618 4532 vacabant

333 4585 623 4655 pinquavit
654 4582 855 4644 Nisibi,
886 4592 939 4639 et
968 4591 1196 4654 repente
1229 4584 1283 4638 in
1315 4582 1599 4641 Persidem
1636 4585 1922 4656 ingressus

2030 4582 2180 4637 circa
2207 4581 2472 4646 exuvias;
2502 4593 2663 4649 quem
2702 4577 2951 4631 videntes
2997 4581 3051 4629 et
3079 4572 3463 4627 existimantes
3492 4582 3621 4622 esse

331 4676 563 4731 multam
594 4676 837 4745 praedam
891 4676 1156 4745 sumpsit,
1205 4690 1371 4745 quam
1404 4690 1503 4744 per
1546 4685 1763 4730 montes
1806 4676 1920 4731 sal-

331 4784 458 4822 vatn
496 4769 709 4823 ducens
753 4768 809 4821 in
860 4764 1147 4822 Medorum
1194 4767 1473 4839 regionem
1524 4767 1828 4832 transtulit,
1868 4775 1924 4821 et

333 4861 524 4916 multis
576 4861 690 4914 illic
729 4860 881 4914 villis
933 4860 1319 4916 exterminatis
1368 4861 1436 4915 ad
1486 4859 1736 4915 Romana
1789 4875 1919 4915 rura

332 4968 593 5008 reversus
616 4960 721 5007 est.
767 4950 942 5007 Porro
969 4953 1253 5022 chaganus
1289 4952 1532 5007 Avarum
1558 4966 1747 5020 pacem
1776 4936 1913 5006 'sol-

333 5060 464 5099 \u-re
515 5044 820 5100 festinabat
849 5060 864 5098 :
892 5060 1019 5099 nam
1071 5042 1460 5100 Sclaviuorum
1499 5055 1689 5113 gentes
1723 5050 1918 5098 contra

335 5137 610 5193 Thracem
673 5138 951 5204 armavit,
1008 5151 1131 5208 qua:
1186 5145 1560 5207 pervenerunt
1617 5152 1790 5207 usque
1851 5136 1919 5192 ad

334 5228 532 5298 longos
593 5242 811 5290 muros,
867 5228 1103 5282 multum
1160 5226 1426 5283 facientes
1475 5228 1773 5283 excidium.
1819 5229 1920 5283 Ast

333 5320 640 5388 imperator
694 5319 886 5390 palatii
936 5320 1167 5377 eductis-
1212 5320 1428 5375 militiis
1474 5328 1529 5375 et
1585 5320 1839 5391 plebibus
1889 5337 1919 5377 e

333 5412 562 5468 civitate
629 5413 825 5485 longos
894 5428 1086 5468 muros
1142 5412 1409 5468 custodiri
1488 5413 1791 5484 praecepit,
1859 5422 1914 5468 et

334 5502 741 5559 Cotnetttiolum
788 5505 979 5560 ducem
1029 5505 1295 5560 ordinans
1343 5513 1398 5559 et
1450 5520 1673 5561 artuans
1724 5514 1916 5561 contra

334 5595 613 5651 Barbaros
654 5596 829 5661 misit,
873 5596 970 5667 qui
1017 5596 1293 5667 insperate
1338 5596 1396 5651 in
1435 5596 1709 5652 Barbaros
1749 5613 1916 5654 ruens

333 5689 591 5755 copiosas
639 5687 1026 5743 multitudines
1080 5686 1380 5752 interfecit,
1422 5690 1635 5759 hosque
1686 5690 1914 5759 pepulit.

334 5782 472 5834 Cum
522 5787 701 5835 autettt
732 5782 1074 5851 pervenisset
1116 5780 1566 5854 Hadrianopolim
1597 5820 1612 5843 ,
1671 5782 1915 5838 occurrit

341 5870 679 5939 Andragasto
729 5871 1107 5927 multitudines
1150 5870 1527 5949 Sclaviuorum
1573 5888 1695 5928 cum
1732 5872 1912 5943 praeda

2031 4674 2424 4743 Philippicum,
2452 4654 2705 4727 dimissis
2748 4668 2941 4740 spoliis
2989 4676 3358 4736 properarunt
3390 4662 3457 4715 ad
3501 4660 3619 4715 bel-

2030 4769 2168 4823 lum.
2195 4768 2331 4823 Cum
2376 4774 2559 4821 autem
2595 4764 2800 4820 bellum
2851 4762 3050 4815 multas
3087 4775 3182 4829 per
3211 4759 3377 4813 horas
3422 4770 3616 4824 agere-

2033 4871 2141 4921 tur,
2180 4875 2283 4925 vox
2322 4860 2379 4913 lit
2428 4873 2456 4911 a
2503 4865 2734 4927 prmtore
2780 4855 3073 4908 Persarum
3124 4866 3296 4922 equos
3328 4856 3619 4919 percutere
3672 4864 3675 4867 ·

2028 4952 2277 5018 lanceis;
2306 4962 2419 5021 quo
2456 4949 2600 5003 facto
2639 4948 2692 5002 in
2732 4947 2916 5018 lugatn
2956 4960 3152 5000 versus
3186 4954 3267 4997 est
3318 4939 3613 4994 Persztrutu

2030 5043 2336 5105 exercitus,
2368 5050 2422 5095 et
2455 5040 2736 5110 triumpho
2776 5039 2979 5109 ingenti
3020 5035 3250 5090 Romani
3286 5031 3438 5101 potiti
3473 5030 3615 5081 mul-

2030 5143 2120 5190 tos
2166 5150 2231 5188 ex
2284 5134 2369 5189 cis
2422 5140 2775 5202 peremerunt
2829 5137 2883 5184 et
2935 5129 3333 5197 spoliaverunt.
3390 5122 3615 5175 Postera

2029 5240 2159 5279 vero
2185 5224 2274 5278 die
2303 5233 2543 5292 sumptis
2583 5221 2885 5275 virtutibus
2918 5219 3036 5273 suis
3064 5214 3390 5281 Cardarigas
3419 5225 3614 5264 rursus

2029 5318 2095 5373 ad
2128 5318 2329 5371 bellttut
2364 5326 2634 5378 armatur,
2664 5324 2717 5369 et
2756 5311 3002 5369 secundo
3034 5308 3222 5378 prmlio
3250 5312 3405 5375 gesto
3432 5303 3614 5358 denuo

2026 5413 2257 5465 vincunt
2279 5407 2534 5467 Romani.
2566 5418 2617 5460 et
2649 5405 2979 5461 occiduntur
3009 5401 3191 5454 Persae
3234 5395 3414 5450 multi.
3446 5394 3611 5448 Com-

2028 5503 2444 5575 prehentluntur
2478 5502 2644 5555 etiam
2682 5498 2788 5553 vivi
2820 5496 2930 5549 duo
2959 5493 3152 5554 millia,
3184 5489 3614 5559 Byzantiumque

2027 5598 2368 5661 mittuntur;
2444 5590 2658 5661 aufugit
2725 5602 2947 5659 quoque
3012 5583 3386 5649 Cardarigas,
3443 5593 3609 5649 quem

2026 5689 2209 5743 Persa:
2253 5703 2377 5743 cum
2433 5685 2654 5755 injuriis
2700 5688 2995 5752 rcSpuunt.
3050 5680 3223 5734 Porro
3263 5673 3609 5744 Philippicus

2026 5782 2360 5845 llcraclium,
2395 5776 2630 5835 lleraclii
2667 5773 3015 5845 imperatoris
3068 5778 3317 5840 patrem,
3359 5765 3608 5834 subprte-

2025 5886 2197 5933 torcnt
2250 5875 2315 5931 ad
2361 5870 2798 5944 explorationem
2840 5865 3209 5921 Barbarorum
3263 5854 3597 5921 transmisit,
