4088 6452
502 367 638 430 12ῗ5

1577 364 1975 427 ANASTASII
2039 362 2674 425 BIBLIOTHECARII

3637 365 3656 430 i
3669 370 3782 432 276

501 481 850 551 sumptisque
898 480 1111 538 militiis
1147 480 1501 552 Babyloniam
1538 479 1696 545 adiit,
1737 487 1792 534 et
1827 477 2089 533 Chloma-
2115 473 2600 546 AComentiolus,
2670 476 2765 549 qui
2825 478 2878 532 in
2921 477 3078 535 silvis
3123 477 3267 534 Emi
3319 479 3587 548 latitabat,
3645 497 3776 537 cum

503 589 691 627 rorum
759 572 1048 627 castellum
1115 572 1354 628 obsidet.
1429 571 1498 624 At
1559 585 1694 625 vero
1757 568 2090 638 Cardarigas

501 665 655 736 eligit
699 665 906 720 milites
959 665 1164 720 idiotas
1217 680 1345 720 cum
1413 663 1799 734 subjugaiibus
1849 661 1986 733 (56),
2034 669 2090 716 et

505 760 666 812 turba
711 759 941 813 collecta
990 759 1296 814 exercitum
1349 772 1410 812 se
1453 771 1675 812 morere
1716 755 1990 826 jactabat,
2036 762 2090 809 et

507 867 602 919 per
636 851 848 905 munita
881 851 1005 905 loca
1036 851 1277 907 obscura
1323 857 1487 906 nocte
1517 849 1574 905 in
1603 848 1771 906 dorsa
1812 847 2082 904 liomano-

504 958 624 997 rmn
653 942 990 1008 eﬂiciuntur,
1025 957 1377 1014 nequaquam
1419 941 1653 998 fidentes
1683 958 1744 998 se
1787 957 1987 998 manus
2035 940 2090 995 in

502 1051 602 1090 eos
645 1036 942 1092 missuros.
991 1034 1218 1092 Timore
1262 1043 1454 1092 autem
1493 1035 1814 1105 importuno
1857 1034 2093 1091 cadente

506 1131 560 1182 in
611 1129 984 1202 Philippicum
1011 1131 1136 1203 fuga
1193 1130 1562 1188 irrationabili
1617 1147 1752 1189 usus
1807 1139 1915 1187 est.
1969 1131 2094 1198 Quo

505 1235 790 1294 comperto
838 1227 1075 1282 Romani
1133 1226 1190 1281 in
1246 1227 1430 1297 fugam
1475 1226 1947 1282 convertebautur
1997 1239 2095 1295 per

504 1318 626 1372 loca
668 1318 732 1373 ad
768 1319 1066 1376 meandum
1111 1318 1374 1384 diilieilia,
1409 1321 1582 1374 multa
1620 1320 1969 1376 incurrentes
1999 1335 2098 1389 pe-

507 1409 708 1464 ricula.
764 1410 1016 1480 Cumque
1067 1411 1148 1466 sol
1205 1419 1366 1469 ortus
1420 1412 1640 1477 fuisset,
1699 1427 1729 1466 a
1781 1412 2094 1468 calamitate

509 1502 912 1570 liberabantur,
941 1505 1164 1561 nemine
1195 1516 1588 1577 persequente,
1623 1516 1677 1561 et
1713 1507 2096 1577 pervenientes

509 1595 576 1646 ad
623 1603 914 1662 praetorem
965 1594 1112 1649 hunc
1169 1597 1390 1666 injuriis
1429 1598 1688 1670 pessimis
1737 1599 2097 1670 blasphema-

510 1685 668 1742 haut.
721 1684 926 1742 Verum
991 1687 1172 1744 Persae
1229 1689 1410 1744 fictam
1474 1691 1860 1746 existimantes
1909 1691 2094 1762 fugam

513 1779 769 1848 persequi
812 1780 933 1836 ausi
991 1797 1101 1836 non
1145 1790 1296 1838 sunt.
1344 1782 1517 1837 Porro
1570 1780 1865 1839 ileraclius
1912 1791 2098 1839 trans-

512 1885 705 1926 means
765 1872 997 1944 Tigrim,
1029 1890 1374 1945 quaecunque
1406 1875 1629 1931 Medica:
1663 1877 1908 1947 regionis
1939 1889 2100 1933 erant

512 1963 754 2036 insignia
787 1967 1017 2037 praedia,
1056 1970 1169 2038 igni
1203 1969 1481 2036 tradebat,
1509 1980 1566 2026 et
1600 1972 1681 2028 sic
1715 1973 1781 2028 ad
1827 1974 2098 2046 Philippi-

509 2072 635 2112 cum
669 2057 835 2115 rediit
857 2075 986 2116 cum
1019 2062 1217 2133 spoliis
1246 2061 1463 2119 multis.

584 2151 774 2208 Mundi
798 2169 948 2210 anno
975 2153 1138 2223 6079,
1158 2158 1358 2216 divinas
1381 2159 1784 2216 incarnationis
1802 2176 1950 2217 anno
1973 2162 2098 2228 579,

513 2245 714 2314 quinto
766 2246 987 2318 imperii
1044 2248 1298 2306 Mauricii
1348 2267 1498 2307 anno
1535 2253 1777 2308 Avarum
1820 2255 2101 2326 ehaganus

513 2334 720 2392 foedere
749 2338 1026 2396 dissoluto
1057 2340 1287 2413 Mysiam
1323 2351 1379 2399 et
1400 2343 1686 2416 Scythiam
1716 2349 1980 2406 atrociter
2007 2365 2103 2406 ex-

512 2431 818 2501 pugnabat,
865 2433 1200 2490 subvertens
1232 2435 1552 2492 Batiarnam
1586 2449 1642 2494 ct
1699 2437 2003 2497 Bononiam
2048 2451 2102 2498 et

510 2523 689 2594 Aquis
709 2536 763 2580 et
790 2525 1142 2583 Dorostolum
1166 2537 1224 2584 et
1253 2529 1513 2601 Zandapa
1540 2542 1597 2589 et
1627 2533 2099 2608 Marcianopolim.

509 2617 894 2674 Comentiolus
925 2635 1059 2676 vero
1105 2621 1172 2677 ad
1214 2623 1496 2679 maritima
1533 2626 1711 2693 venit,
1740 2635 1798 2684 et
1849 2637 2104 2700 separato

510 2708 759 2763 exercitu
791 2709 1188 2780 improbabiles
1214 2712 1480 2770 discrevit
1507 2717 1578 2772 ab
1615 2719 1864 2788 optimis,
1895 2729 1948 2776 et
1976 2721 2104 2776 inu-

513 2800 630 2855 tilis
672 2803 898 2873 quidem
949 2805 1178 2864 virtutis
1213 2810 1580 2882 quadraginta
1614 2813 1791 2868 millia
1823 2816 2104 2872 custodire

513 2894 718 2950 vallum
756 2897 936 2967 jubet,
967 2899 1272 2957 electorum
1301 2910 1486 2959 autem
1511 2919 1606 2960 sex
1640 2906 1813 2962 millia
1851 2924 2102 2976 sumens,

510 2987 624 3042 «luo
661 2990 835 3046 millia
874 3007 937 3046 ex
973 2991 1062 3050 his
1100 2995 1272 3051 tradit
1301 2995 1469 3054 Casto
1509 3007 1567 3054 et
1609 2999 1724 3055 duo
1759 3001 2021 3068 Martino,
2049 3011 2107 3060 et

512 3079 634 3147 ipse
689 3078 910 3138 duobus
961 3085 1208 3155 sumptis
1260 3096 1458 3143 contra
1507 3089 1779 3148 barbaros
1823 3103 2102 3165 properat.

2194 567 2434 626 Martino
2465 571 2657 638 exivit,
2694 579 2750 627 et
2785 571 3116 642 perveniens
3145 571 3214 626 ad
3255 572 3564 642 chaganum
3598 575 3782 644 impa-

2195 673 2375 718 ratum
2427 666 2638 720 invenit
2665 681 2734 722 co
2782 666 2928 736 quod
2964 667 3205 721 Avarum
3243 667 3536 723 multitudo
3571 667 3782 726 diffusa

2193 766 2344 814 esset
2395 774 2493 828 per
2537 757 2842 825 Thracem;
2873 766 2925 813 et
2980 759 3160 828 prima
3198 759 3385 829 vigilia
3433 763 3612 818 noctis
3645 777 3784 832 pro-

2197 860 2355 918 perat
2383 853 2656 908 adversus
2696 853 2873 919 illum,
2915 863 3174 924 essetque
3209 854 3458 924 profecto
3484 871 3513 909 a
3544 871 3604 911 se
3639 872 3786 925 opus

2195 944 2390 1015 ingens
2418 953 2719 1016 patratum,
2752 945 2857 1001 nisi
2898 952 3137 1002 eventus
3167 947 3390 1016 quidam
3418 946 3633 1003 falleret
3659 949 3787 1018 ejus

2195 1045 2480 1093 conatum.
2519 1037 2640 1094 Uno
2674 1039 2879 1110 quippe
2913 1040 3196 1096 animante
3227 1055 3368 1094 onus
3401 1040 3784 1104 subvertente,

2197 1132 2420 1202 quidam
2452 1133 2682 1189 domino
2714 1133 3017 1190 animantis
3057 1133 3330 1189 acclamat
3359 1149 3502 1189 onus
3539 1133 3787 1203 erigere,

2199 1231 2373 1298 patria
2399 1229 2771 1296 voce,dicens
2798 1227 2998 1292 Torna,
3019 1237 3193 1294 torua,
3223 1227 3407 1296 frater.
3433 1227 3500 1282 Et
3522 1226 3794 1282 dominus

2198 1321 2420 1390 quidem
2446 1321 2610 1376 inulte
2629 1334 2817 1375 vocem
2854 1320 3082 1374 minime
3111 1319 3390 1374 sentiebat
3420 1336 3435 1373 :
3467 1318 3562 1374 sed
3593 1317 3789 1388 populi

2199 1413 2307 1468 hoc
2357 1413 2548 1468 audito
2584 1412 2774 1468 hostes
2829 1412 3124 1468 imminere
3151 1411 3258 1467 sibi
3308 1411 3689 1468 existimantes
3731 1412 3791 1465 in

2201 1501 2382 1574 fugam
2419 1504 2671 1558 conversi
2701 1510 2852 1569 sunt,
2879 1513 3054 1567 torua,
3085 1510 3259 1570 torua,
3277 1502 3534 1559 maximis
3557 1503 3796 1558 vocibus

2199 1594 2597 1651 exclamantes.
2645 1593 2943 1665 Chaganus
2993 1605 3177 1651 autem
3214 1595 3488 1667 ingentem
3530 1595 3791 1650 formidi-

2203 1703 2326 1744 nem
2359 1687 2587 1744 indutus
2608 1687 2830 1757 penitus
2859 1687 3122 1759 fugiebat,
3139 1697 3194 1745 et
3214 1688 3539 1744 videbantur
3560 1687 3735 1742 Barba
3745 1687 3795 1740 ri

2206 1788 2261 1834 et
2304 1779 2538 1834 ltomani
2587 1780 2822 1837 invicem
2879 1781 3090 1851 fugere,
3145 1783 3364 1839 nemine
3400 1789 3791 1853 persequente.

2208 1871 2478 1928 Praeterea
2511 1871 2794 1944 chaganus
2823 1874 3064 1946 sumptis
3097 1875 3398 1931 virtutibus
3431 1875 3673 1946 Apiriam
3705 1874 3790 1929 ci-

2203 1969 2428 2024 vitatem
2469 1967 2709 2032 obsedit,
2757 1968 3154 2040 inventumque
3204 1967 3389 2024 Busan
3443 1969 3595 2024 urbis
3631 1983 3796 2023 mau-

2203 2063 2493 2136 ganarium
2531 2063 2849 2120 interficere
2875 2063 3181 2130 nitebatur,
3214 2064 3310 2134 qui
3338 2063 3601 2133 pecunias
3634 2076 3800 2132 roga-

2205 2157 2301 2212 bat
2331 2157 2382 2214 ei
2422 2159 2627 2213 multas
2655 2157 2926 2229 praebere,
2954 2158 3002 2213 si
3036 2158 3205 2213 vitam
3239 2156 3345 2214 sibi
3395 2157 3648 2212 donaret.
3697 2155 3799 2210 ille

2205 2264 2336 2306 vero
2376 2249 2527 2305 hunc
2557 2249 2788 2320 ligatum
2825 2249 2947 2304 urbi
2976 2247 3354 2320 praesentavit.
3380 2246 3448 2302 At
3492 2247 3610 2318 ipse
3638 2261 3797 2316 quaa-

2205 2344 2365 2399 rebat
2392 2342 2710 2398 habitantes
2736 2342 2930 2398 urbem
2963 2349 3341 2407 utemeretur,
3361 2353 3596 2404 narrans
3625 2354 3801 2410 quam

2207 2451 2353 2508 saepe
2385 2451 2485 2506 pro
2522 2434 2751 2490 civitate
2779 2434 3097 2491 certaverit.
3139 2433 3292 2490 Civis
3335 2433 3559 2503 quidam
3603 2432 3799 2487 multi-

2208 2530 2499 2586 tudinibus
2527 2529 2807 2601 persuasit
2850 2528 2958 2584 hoc
3007 2528 3240 2584 minime
3281 2527 3620 2584 faciendum.
3649 2525 3800 2594 Quia

2213 2637 2344 2695 ergo
2374 2622 2531 2695 parvi
2561 2636 2771 2693 pensus
2793 2628 2879 2679 est
2900 2620 3068 2690 Busa,
3093 2622 3429 2693 repromittit
3456 2625 3705 2691 chagano
3735 2635 3800 2676 se

2209 2715 2432 2773 tradere
2462 2715 2771 2782 civitatem,
2809 2722 2866 2772 et
2917 2713 3378 2772 exterminatorio
3426 2713 3802 2770 instrumento

2209 2810 2378 2876 facto,
2417 2808 2571 2882 quod
2627 2809 2858 2865 arietem
2897 2809 3214 2877 nominant,
3250 2807 3532 2864 civitatem
3564 2807 3798 2878 adeptus

2208 2909 2329 2969 est;
2371 2902 2643 2959 ducentes
2671 2901 2820 2972 quod
2868 2899 3101 2956 barbari
3153 2905 3605 2972 argumentosum
3643 2899 3798 2970 inge-

2212 3001 2364 3054 nium
2407 2997 2542 3070 (‘57),
2579 3005 2635 3054 et
2668 2997 2808 3051 alias
2831 2995 3024 3066 plures
3049 2993 3219 3050 urbes
3253 2993 3310 3048 in
3339 2991 3661 3048 servitutem
3703 3003 3800 3046 re-

2211 3094 2500 3164 dcgerunt,
2545 3098 2604 3147 et
2653 3103 2780 3146 eum
2816 3088 2994 3143 multa
3034 3085 3357 3158 captivitate
3393 3083 3603 3142 reversi
3641 3089 3797 3139 sunt.

510 3170 716 3228 Castus
746 3185 932 3230 autem
972 3177 1206 3234 veniens
1241 3177 1500 3252 Zandapa
1541 3189 1596 3238 et
1635 3183 1836 3255 Emon,
1868 3190 2106 3258 repertis
2129 3182 2178 3246 C.
2211 3185 2518 3241 Audientes
2543 3190 2727 3238 autem
2758 3181 3007 3254 Byzantii
3039 3179 3188 3252 quod
3226 3179 3431 3235 Castus
3460 3192 3491 3232 a
3537 3175 3804 3232 Barharis

516 3262 774 3320 barbaris
803 3266 857 3319 in
891 3266 1102 3323 desidia
1137 3270 1480 3339 constitutis,
1533 3275 1738 3334 multos
1778 3293 1844 3334 ex
1876 3279 1958 3336 eis
1994 3281 2106 3337 dis-

515 3359 716 3427 prrdit,
759 3362 1114 3432 praedamque
1159 3364 1386 3420 multam
1432 3367 1694 3426 obtinens
1725 3373 2002 3444 armigero
2038 3376 2104 3432 ad

515 3451 839 3507 salvandum
892 3455 1166 3510 tradebat.
1218 3457 1494 3516 Martinus
1527 3471 1711 3518 autem
1754 3466 1904 3521 circa
1950 3466 2105 3524 Mean

516 3544 794 3601 civitatem
846 3547 1096 3616 effectus,
1139 3557 1194 3604 et
1241 3551 1296 3604 in
1357 3553 1671 3624 chaganum
1709 3572 1775 3612 ex
1827 3559 2109 3630 insperato

516 3638 828 3706 incurrens,
851 3642 1057 3698 multos
1090 3644 1308 3703 virtutis
1339 3647 1462 3716 ejus
1496 3649 1788 3720 exstinxit,
1817 3654 1892 3708 ita
1920 3664 1980 3710 ut
2016 3657 2110 3713 ille

515 3732 752 3788 salutem
805 3749 972 3790 suam
1007 3735 1135 3808 fuga
1189 3747 1471 3797 mercatus
1511 3741 1604 3797 sit.
1657 3743 1930 3805 Martinus
1979 3763 2110 3805 vero

515 3825 749 3882 victoria
786 3828 1029 3898 gloriosa
1057 3841 1319 3902 percepta
1349 3834 1416 3889 ad
1464 3843 1755 3904 praetorem
1788 3844 2109 3899 reverteba-

516 3927 630 3985 tur,
661 3919 752 3976 ubi
786 3936 848 3976 se
876 3925 1210 3993 promiserat
1236 3941 1334 3982 eos
1364 3941 1838 3999 exspectaturum.
1871 3935 2111 3994 Comen-

519 4013 688 4068 tiolus
722 4023 909 4070 autem
943 4016 1242 4075 formidine
1273 4035 1502 4091 pressus
1533 4023 1985 4098 Marcianopolim
2021 4047 2112 4086 re-

517 4107 663 4175 diit;
701 4110 795 4181 qui
839 4125 958 4166 non.
1003 4112 1353 4172 invenientes
1387 4131 1514 4171 eum
1565 4117 1910 4190 collegerunt
1953 4139 2114 4180 exer-

517 4200 666 4258 citus
691 4219 846 4270 suos,
869 4213 925 4260 et
949 4221 1046 4276 per
1068 4215 1248 4262 artqu
1278 4207 1457 4264 locum
1483 4209 1632 4266 Emi
1663 4221 1846 4269 castra
1867 4227 2109 4274 movent.

522 4298 589 4350 At
625 4311 756 4354 vero
812 4297 1084 4356 Martinus
1125 4301 1316 4357 videns
1362 4303 1679 4375 chaganum
1728 4315 2110 4367 transeuntem

519 4390 746 4444 liuvitnn
778 4392 844 4445 ad
874 4401 1168 4463 praatorem
1207 4393 1391 4453 rediit.
1424 4394 1627 4454 Castus
1661 4410 1842 4455 autem
1877 4405 2114 4473 transito

521 4481 747 4539 flumine
775 4487 1232 4558 appropinquans
1263 4487 1352 4544 his
1375 4489 1470 4559 qui
1510 4503 1939 4564 prazcurrerant,
1966 4498 2110 4553 Ava-

521 4591 643 4629 rum
669 4577 881 4634 obtinet
900 4595 1163 4650 pngnam.
1181 4579 1357 4638 Porro
1380 4583 1505 4638 vani
1530 4584 1820 4655 cujusdam
1846 4590 2114 4649 damonis

525 4671 1054 4738 repromissionibus
1076 4673 1343 4744 deceptus
1365 4683 1475 4731 non
1508 4677 1674 4732 rediit
1697 4679 1765 4734 ad
1799 4689 2111 4752 prmtorem.

526 4759 866 4833 Posteraque
893 4767 981 4820 die
1012 4775 1204 4823 tenens
1233 4768 1501 4825 transitus
1528 4771 1812 4841 chaganus
1842 4777 2118 4833 conclusit

523 4867 676 4907 cum.
703 4851 988 4910 Scinditur
1015 4859 1185 4927 igitur
1223 4861 1487 4930 p0pulus,
1522 4871 1580 4918 et
1612 4866 2023 4936 unusquisque,
2055 4879 2115 4923 ut

523 4947 676 5000 vires
730 4947 990 5016 habebat,
1043 4967 1140 5020 per
1178 4967 1408 5007 nemora
1468 4953 1738 5026 fugiebat.
1804 4957 2117 5030 Capiuntur

525 5039 712 5110 itaque
741 5041 966 5111 quidam
1000 5057 1030 5096 a
1065 5043 1341 5112 barbaris,
1371 5054 1428 5100 et
1460 5045 1709 5102 indicant
1738 5049 1832 5105 ubi
1862 5051 2116 5109 latitabat

523 5130 759 5198 Castus;
793 5142 850 5188 et
913 5133 1018 5190 hoc
1062 5144 1227 5206 capto
1277 5137 1634 5194 exsultabant
1663 5150 1719 5196 et
1760 5141 2113 5201 laetabantur.

522 5222 822 5296 Chaganus
875 5243 1008 5283 sane
1069 5243 1168 5298 per
1205 5227 1492 5282 meridiem
1541 5229 1648 5286 iter
1699 5247 1871 5303 agens
1925 5246 2119 5292 contra

527 5312 797 5372 Thracem
853 5329 1133 5390 properat,
1181 5319 1513 5392 Longosque
1563 5338 1752 5379 muros
1789 5327 2022 5397 accepit.
2054 5329 2121 5383 At

2211 3279 2463 3349 captivus
2493 3275 2723 3333 eﬂeetus
2746 3271 2842 3339 sit,
2871 3273 3089 3344 magnis
3131 3271 3402 3328 conviciis
3425 3277 3616 3327 contra
3648 3268 3802 3324 Blau-

2215 3368 2414 3422 rieium
2446 3366 2772 3433 utebantur,
2796 3367 3017 3421 ethunc
3045 3364 3101 3420 in
3117 3362 3413 3420 manifesto
3441 3360 3805 3433 blasphemiis

2214 3459 2566 3532 appetebant.

2285 3555 2389 3611 Per
2430 3555 2571 3610 idem
2604 3567 2827 3625 quoque
2863 3559 3084 3622 tempus
3111 3550 3406 3608 Heraclius
3433 3550 3671 3606 lleraciii
3697 3565 3804 3619 pa.

2215 3655 2301 3704 ter
2328 3647 2610 3704 Persicum
2646 3659 2944 3717 aggressus
2969 3653 3057 3701 est
3085 3651 3355 3711 castrum,
3379 3643 3529 3713 quod
3558 3650 3612 3697 et
3634 3643 3801 3723 cepit.

2218 3741 2491 3797 Similiter
2521 3749 2577 3796 et
2625 3737 2950 3795 Theodorus
2993 3745 3239 3793 castrum
3286 3735 3652 3800 Mazarorum,
3683 3751 3805 3790 am-

2217 3838 2401 3907 boque
2437 3833 2672 3890 Bavides
2707 3831 2959 3886 veniunt.
3013 3830 3081 3885 Et
3112 3844 3236 3885 cum
3275 3839 3519 3885 castrum
3551 3829 3808 3888 munitis-

2218 3931 2420 3988 simum
2451 3937 2624 3992 esset,
2664 3926 2823 3982 miles
2857 3924 3083 3996 quidam
3125 3922 3391 3994 Saphires
3429 3923 3673 3990 nomine,
3705 3922 3810 3978 sti-

2219 4025 2401 4080 mulos
2428 4028 2516 4078 est
2545 4026 2828 4092 operatus,
2862 4026 2918 4073 et
2956 4024 3153 4073 contra
3176 4016 3533 4089 compagines
3563 4016 3807 4086 lapidum

2221 4120 2323 4173 hos
2351 4115 2526 4185 ﬁgens
2558 4129 2654 4184 per
2695 4126 2792 4168 eos
2821 4109 3034 4166 aditum
3081 4108 3232 4166 fecit.
3267 4109 3404 4164 Cum
3435 4117 3614 4165 autem
3650 4109 3809 4166 fortis

2221 4211 2315 4267 ille
2365 4207 2713 4265 ascendisset
2754 4204 2901 4260 muri
2961 4215 3250 4266 coronam,
3297 4203 3385 4257 vir
3437 4201 3601 4258 Persa
3659 4202 3812 4256 hunc

2220 4305 2452 4376 expulit.
2501 4299 2667 4358 Cadit
2732 4311 2868 4371 ergo
2915 4295 3181 4368 Saphires
3207 4294 3492 4360 deorsum,
3534 4304 3588 4349 et
3623 4294 3812 4362 susci-

2219 4399 2380 4470 piunt
2411 4412 2536 4452 eum
2576 4396 2632 4450 in
2670 4392 2847 4450 scutis
2877 4391 2997 4447 suis
3038 4387 3302 4444 Romani.
3331 4385 3397 4441 Et
3439 4400 3634 4441 rursus
3667 4399 3810 4455 Opus

2223 4495 2490 4547 audenter
2535 4485 2754 4557 arripit,
2790 4493 2847 4542 et
2900 4483 3084 4539 denuo
3132 4496 3162 4535 a
3209 4479 3471 4536 firmitate
3502 4478 3810 4549 repellitur.

2221 4590 2539 4654 iterumque
2571 4579 2807 4636 Romani
2841 4578 2992 4633 hunc
3015 4575 3188 4631 scutis
3210 4573 3540 4644 suscipiunt,
3561 4579 3615 4627 et
3644 4571 3812 4626 tertio

2221 4681 2288 4736 ad
2317 4676 2822 4733 machinamentum
2853 4679 3092 4727 conatus
3133 4675 3238 4725 est.
3264 4667 3517 4737 Cumque
3561 4664 3626 4719 ad
3667 4665 3812 4718 muri

2221 4778 2388 4844 caput
2440 4767 2808 4841 pervenisset,
2856 4765 3086 4819 Persam
3141 4760 3369 4826 excidit,
3407 4760 3608 4816 deinde
3644 4765 3815 4827 caput

2218 4868 2342 4940 ejus
2375 4862 2642 4919 Romanis
2670 4860 2923 4930 praebens
2950 4856 3053 4911 hos
3085 4854 3286 4910 fiducia
3317 4866 3515 4924 magna
3543 4850 3811 4921 replevit;

2221 4961 2522 5031 multisque
2575 4953 2929 5011 imitantibus
2961 4951 3142 5006 virum
3167 4949 3395 5013 fortem,
3421 4957 3478 5002 et
3518 4961 3617 5017 per
3663 4945 3816 5016 palos

2221 5051 2651 5112 ascendentibus
2687 5062 2931 5113 murum,
2971 5045 3237 5102 Romanis
3268 5041 3510 5097 traditur
3541 5048 3814 5095 castrum.

2221 5149 2288 5202 Et
2328 5147 2468 5201 alios
2497 5143 2719 5216 quidem
2772 5140 3069 5196 Persarum
3111 5134 3458 5201 occiderunt,
3491 5131 3632 5188 alios
3683 5144 3817 5186 vero

2223 5239 2470 5310 captivos
2501 5235 2781 5289 duxerunt
2812 5246 2920 5287 una
2959 5243 3087 5285 cum
3131 5225 3490 5297 supellectili,
3539 5223 3650 5294 igni
3689 5238 3817 5293 pro-

2223 5331 2338 5387 dito
2372 5336 2577 5384 castro.
2611 5325 2825 5382 Interea
2869 5322 3210 5394 Philippicus
3247 5335 3446 5376 rursus
3487 5317 3816 5388 Byzantium

2044 5489 2280 5549 NOTIE.

603 5591 716 5661 (56)
751 5593 1182 5670 βαίψιςαζίὺιιδ.
1223 5596 1447 5670 _Glo_ss:e
1501 5617 1511 5652 ε
1567 5598 1865 5668 ὑποζύγιον
1927 5603 2117 5670 subju-

533 5664 718 5742 giutn._
741 5664 1136 5742 Onptng'sticon
1164 5685 1179 5742 _:
1211 5667 1523 5742 Sttbjttgalis
1547 5664 1882 5742 prroctivtog.
1919 5664 2116 5742 Sttbjn-

535 5735 884 5810 gali_5_bes_tia
914 5735 1216 5810 Prudentio
1253 5735 1518 5810 in‘agonc
1546 5735 1805 5796 Romani.
1841 5740 2010 5798 FABR.

609 5805 722 5880 (Si)
768 5805 1080 5880 Ingenium.
1123 5809 1295 5864 Gallis
1353 5805 1539 5880 eitgin,
1592 5813 1847 5866 machina
1903 5815 2116 5868 bellica.

543 5872 737 5930 Matth.
768 5873 975 5931 Parim
1002 5876 1072 5932 Ut
1093 5881 1374 5945 ingenium
1393 5872 1745 5938 adhiberetur”
1769 5885 1835 5938 ad
1857 5887 2072 5941 turrim.
2097 5903 2114 5936 ›

2233 5608 2325 5663 Sic
2354 5607 2555 5676 Papias
2589 5604 2644 5658 in
2691 5597 3079 5676 Vocalutlarid
3103 5589 3813 5676 argumentum‘ingcnittm

2231 5658 2828 5749 interpretatur:‘Vide
2868 5658 3340 5749 Elmenhorstium
3373 5661 3441 5716 ad
3491 5658 3812 5749 Apul.7M_ct.

2233 5751 2266 5804 Ι.
2298 5766 2352 5813 v,
2468 5748 2595 5801 207.
2627 5745 2839 5820 Clossm
2885 5739 3127 5796 Dosithci
3159 5757 3168 5791 :
3215 5755 3232 5789 ι
3276 5737 3696 5807 Argumentum,
3729 5745 3814 5783 ar—

2233 5832 2359 5894 gute
2387 5816 2691 5876 inventum.
2727 5816 2801 5871 In.
