2044 3219
124 197 195 231 12ῑῖ

122 253 179 281 iter
195 253 260 288 egit,
290 252 416 280 lleraclio
429 250 618 279 Romanorum
642 251 713 278 duce
737 251 843 278 relicto.
865 250 916 279 Vc-
931 252 955 281 Δ

123 300 208 327 iniens
235 302 326 326 autem
354 297 484 329 Tarsum,
506 300 533 324 et
554 296 651 325 dicens
673 296 746 332 quod
771 296 921 331 imperator

123 345 254 373 Priscum
287 344 410 372 Orientis
439 347 583 378 praetorem
617 347 742 371 creatum
772 342 919 375 direxerit,

122 391 224 419 scribit
242 389 370 419 Heraclio
381 390 496 418 dimisso
513 389 635 417 exercitu
650 389 679 417 in
700 387 858 417 Armeniam
873 397 920 417 ve-

121 437 187 464 nire
202 436 236 463 ad
258 436 365 464 Narsen
386 441 414 464 et.
436 436 525 464 Prisci
546 436 607 471 ejus
632 436 807 471 pne-sentiam
830 435 921 463 facere

123 482 314 510 manifestam.
341 482 494 518 Imperator
520 482 593 510 enim
616 482 772 518 Philippica
795 482 921 517 jusserat

124 534 226 564 quarta
252 536 324 563 roga:
343 532 421 563 parte
448 528 559 564 privare
584 528 723 555 militiam.
748 528 921 564 Philippicus

124 580 221 603 autem
244 575 346 602 timens
362 582 397 603 ne
419 574 531 602 occasio
555 574 710 610 tyrannidis
730 574 819 607 ﬁeret,
839 581 922 609 super

123 621 179 648 hoc
196 621 356 656 imperatori
373 628 427 648 non
450 620 553 655 paruit,
575 619 692 655 ideoque
703 627 719 647 a
738 623 858 654 praalura
873 619 921 647 de-

123 668 248 703 ponitur.
283 667 397 695 Priscus
433 671 524 694 autem
554 667 720 702 perveniens
746 666 920 694 Antiochiam

126 713 259 748 praecepit
273 712 378 740 milites
387 713 459 748 apud
474 711 666 740 Monocartum
679 712 782 748 colligi.
798 711 922 739 Advocat

125 764 220 787 autem
236 765 263 787 et
273 759 455 792 Germanum,
466 758 510 786 eui
524 758 743 786 Hedesscnorum
753 758 922 794 principatus

123 806 248 834 creditus
271 810 342 837 erat,
361 812 415 832 una
433 812 496 833 cum
516 805 661 840 episcopo,
679 809 706 832 et
726 813 780 832 una
799 812 862 832 cum
882 805 922 832 eis

124 853 161 881 ad
180 853 332 881 exercitum
352 853 422 885 ibat,
433 852 639 880 solemnitatem
656 852 770 881 Pascha:
786 860 848 880 cum
866 853 921 880 illis

125 899 265 927 facturus.
282 900 317 926 At
331 907 396 927 vero
412 899 498 927 duces
513 899 652 926 exercitus
667 898 775 926 obviam
788 902 922 927 venerunt

126 947 152 973 ci
166 954 229 973 cum
252 945 364 978 bandis,
384 946 493 973 duobus
514 946 603 981 signis
620 946 715 981 procul
731 946 766 974 ab
784 946 919 974 exercitu.

126 994 178 1020 Ast
200 992 314 1021 Priscus
338 992 491 1020 secundum
509 999 614 1020 morem
645 1000 700 1020 non
725 991 870 1020 descendit
885 992 921 1020 ab

125 1046 211 1074 equo,
229 1045 281 1066 nec
297 1038 443 1066 consuetis
467 1038 683 1066 salutationibus
699 1046 768 1066 usus
784 1043 835 1066 est.
851 1038 921 1066 Hinc

123 1093 193 1121 ergo
204 1089 231 1113 et
244 1085 300 1114 odii
315 1085 460 1113 exordium
483 1084 590 1113 factum
602 1090 645 1113 est
658 1093 665 1112 :
682 1085 711 1112 in
726 1085 922 1114 communibus

124 1140 247 1167 namque
272 1131 382 1167 injuriis
401 1131 594 1159 multitudines
620 1131 747 1160 severius
764 1132 919 1167 patiuntur.

125 1178 194 1206 Post
208 1177 309 1205 festum
327 1181 419 1205 autem
439 1177 513 1205 diem
537 1177 802 1206 demonstrabantur
824 1179 921 1208 tetrico

124 1223 302 1257 imperatoris
318 1222 426 1249 litterae.
444 1222 594 1250 Conﬁuunt
614 1223 707 1257 itaque
727 1223 920 1252 multitudines

123 1268 158 1295 ad
176 1269 304 1303 praetoris
320 1268 436 1296 ﬁxuram
457 1269 641 1303 tabernaculi,
659 1270 722 1298 aliis
736 1271 847 1305 quidem
862 1271 921 1306 gla-

126 1315 190 1343 dios
201 1315 390 1350 portantibus,
401 1316 464 1344 aliis
478 1323 543 1343 vero
559 1316 663 1352 lapides
677 1317 719 1344 vel
733 1317 806 1353 ligna
815 1318 920 1353 jactan-

127 1362 213 1389 tibus.
242 1361 285 1388 Fit
312 1361 395 1397 igitur
425 1362 543 1397 pavidus
569 1363 691 1396 Priscus,
714 1367 742 1391 et
769 1364 921 1393 ascendens

125 1414 229 1442 equum
246 1407 311 1443 fuga
325 1408 416 1437 evasit
429 1408 596 1443 periculum.
616 1409 660 1436 llli
683 1417 749 1438 vero
763 1409 922 1439 scindente:

127 1453 214 1481 ﬁxum
228 1454 312 1489 hujus
327 1454 548 1487 tabernaculum,
563 1455 656 1482 omnia
668 1463 730 1490 qua:
741 1456 829 1491 ipsius
843 1461 923 1485 crant

126 1499 315 1535 diripuerunt.
332 1499 381 1527 Ast
394 1499 439 1527 ille
453 1499 645 1528 Constantiam
659 1501 823 1536 perveniens
835 1509 850 1529 a
861 1500 922 1530 tne-

126 1546 200 1573 dicis
206 1545 240 1573 de
248 1544 473 1581 percussionibus
480 1544 600 1581 lapidum
606 1549 633 1574 et
639 1547 799 1576 vulneribus
806 1548 923 1576 curaba-

127 1598 186 1625 tur,
195 1596 223 1619 et
233 1592 317 1619 mittit
323 1592 485 1627 episcopum
495 1592 616 1621 civitatis
631 1593 768 1622 rationem
778 1593 883 1623 faciens
891 1602 924 1623 ac

130 1639 266 1674 pollicens
277 1638 450 1667 exercituise
467 1646 617 1667 suasurum
634 1639 806 1675 imperatori,
817 1648 851 1669 ne
860 1642 922 1671 illos

130 1686 220 1720 privet
236 1685 328 1720 aliqua
339 1685 574 1713 conferendarum
600 1687 836 1715 consuetudinum
855 1688 925 1723 (58).

128 1732 325 1760 Astexcreitus
332 1731 493 1767 episcopum
507 1739 571 1759 eum
584 1731 695 1767 injuriis
712 1734 927 1769 respueruttt,|et

127 1779 301 1806 Germanum
318 1778 436 1806 invitutn
450 1781 595 1813 praetorem
610 1779 866 1814 pronuntiaverunt
880 1788 927 1808 su-

128 1832 179 1859 per
195 1827 306 1851 scutum
322 1823 437 1856 elatum,
449 1823 715 1859 imperetoriamque
730 1828 849 1852 statuam
863 1826 927 1854 sub-

128 1874 284 1904 verterunt,
302 1875 330 1899 et
352 1870 436 1906 hujus
459 1870 594 1906 imagines
611 1870 736 1899 demoliti
758 1875 835 1899 sunt.
850 1872 883 1899 Et
898 1873 926 1900 in

129 1916 305 1952 tyrannidem
329 1920 544 1951 prorumperent
567 1920 594 1943 et
620 1916 706 1945 urbes
733 1917 926 1953 dispoliarent,

129 1963 184 1991 nisi
206 1963 362 1991 Germanus
383 1962 410 1990 id
435 1970 518 1997 agere
539 1962 625 1990 multa
654 1964 873 1993 commonitione
901 1970 928 1993 et

127 2009 322 2038 exhortatione
354 2009 498 2037 vetuisset.
517 2008 630 2037 Priscus
655 2014 747 2038 autem
784 2011 842 2039 btet:
873 2012 926 2039 im-

128 2056 253 2091 peratori
271 2055 417 2083 manifesta
433 2054 510 2089 fecit,
528 2059 555 2083 et
572 2056 723 2090 imperator
740 2056 926 2093 Philippicum

130 2105 224 2131 denuo
241 2106 386 2138 prtetorem
408 2101 529 2130 Orientis
554 2102 709 2129 consuluit.
725 2101 842 2130 Priscus
862 2110 928 2130 vero

129 2149 294 2186 Bytantium
323 2148 418 2176 rediit.
436 2147 524 2176 Porro
545 2149 687 2176 exercitus
710 2148 877 2183 juramentis
897 2157 928 2177 se

132 2196 289 2224 allirmabat
302 2203 318 2223 a
332 2195 466 2223 Mauricio
479 2195 638 2223 nullatenus
654 2195 797 2230 imperari.
813 2196 925 2224 Barbari

129 2251 199 2271 sane
217 2242 351 2270 Romanis
365 2242 575 2270 calamitatibus
590 2241 808 2269 delectabantur.
825 2241 925 2270 Verum

130 2291 282 2324 imperator
310 2288 524 2321 Aristobolum,
549 2291 708 2315 curatorem
738 2288 923 2323 impcrialium
942 2282 964 2310 1)

129 2337 288 2368 domormn,
308 2336 342 2363 ad
357 2334 510 2362 exercitqu
528 2334 614 2367 misit,
630 2339 769 2369 quatenus
781 2335 925 2370 juramen-

131 2384 169 2411 tis
186 2387 213 2410 ct
230 2382 313 2411 donis
337 2381 512 2417 tyrannidem
539 2381 678 2414 solveret;
700 2381 774 2416 quod
795 2386 825 2409 et
849 2381 923 2410 fecit.

131 2429 293 2466 Tyrannide
310 2435 375 2455 vero
392 2427 534 2455 destructa
553 2427 582 2454 lit
601 2427 749 2455 Persarum
767 2432 850 2463 atque
866 2428 923 2456 llo-

129 2484 277 2504 manorum
299 2475 373 2503 circa
401 2474 607 2510 Martyropolim
635 2475 787 2502 Inaximum
814 2475 926 2503 bellum.

131 2522 268 2549 ltotnanis
293 2529 359 2550 vero
386 2522 508 2556 potentia
531 2525 559 2548 et
584 2520 687 2548 ducum
712 2521 815 2549 virtute
843 2530 928 2557 expu-

131 2569 284 2604 gnantlhus
304 2568 414 2600 Persas,
442 2568 606 2595 interﬁcitur
629 2566 756 2595 Maruzas
778 2568 927 2597 Persarum

132 2621 246 2651 printer.
265 2614 544 2649 Comprehenduntur
560 2614 642 2640 etiam
659 2613 810 2641 viventium
828 2621 861 2641 ex
886 2614 928 2641 Itis

133 2663 188 2690 tria
204 2662 303 2695 millia,
315 2667 343 2690 et
358 2661 532 2689 Persicorum
547 2660 688 2695 principes
698 2660 839 2695 agminum
853 2661 927 2689 mille

133 2713 243 2735 tantum
264 2707 366 2735 reversi
384 2710 449 2734 sunt
476 2706 503 2733 in
525 2705 677 2733 Persidem.
704 2704 792 2732 Porro
809 2706 926 2733 Romani

131 2756 327 2784 transmittunt
350 2754 383 2781 ad
408 2754 601 2788 imperatorem
619 2760 651 2780 ex
674 2751 794 2780 Persicis
817 2753 926 2781 exuviis

133 2801 223 2830 multa
237 2803 265 2828 ct
280 2804 377 2836 captos
392 2804 418 2826 et
434 2799 578 2826 universos
593 2805 647 2826 una
665 2806 727 2826 cum
743 2798 854 2826 bandis.

936 927 960 957 B

937 1608 962 1641 C

517 195 1004 229 IIISTOBIAECCLESIASTICA
1025 196 1075 227 EX
1093 196 1337 227 THEOPIIANE.

1006 250 1099 280 Mundi
1113 257 1185 278 anno
1196 249 1279 282 6080,
1292 250 1394 277 divinae
1403 248 1604 278 incarnationis
1618 257 1691 278 anno
1699 251 1765 281 580,

973 305 1071 326 mense
1094 297 1281 333 Septembrio,
1306 296 1457 324 indictione
1480 301 1570 330 sexta,
1591 297 1765 333 Langobardi

973 345 1074 373 bellum
1098 344 1234 390 adveqsus
1260 343 1402 370 Romanos
1424 343 1590 376 intulerunt,
1608 346 1637 370 et
1655 343 1767 371 Mauru-

973 391 1080 419 siorum
1107 388 1204 425 gentes
1219 389 1354 417 adversus
1378 388 1507 423 Africam,
1525 398 1640 425 magnas
1661 396 1767 426 pertur-

973 438 1101 466 bationes
1115 441 1356 472 perpetraverunt.
1377 436 1406 464 In
1422 436 1540 465 Perside
1563 442 1655 465 autem
1671 445 1768 465 carcer

973 488 1016 513 est
1032 484 1080 519 qui
1094 484 1198 512 dicitur
1218 483 1315 517 Lethe,
1342 487 1372 511 et
1394 483 1499 511 multos
1516 484 1660 511 Persarum
1689 491 1735 510 rex
1752 491 1767 509 a

973 531 1093 559 diversis
1110 531 1240 565 gentibus
1255 530 1283 558 in
1299 530 1352 557 hoc
1368 530 1484 558 inclusit
1505 538 1560 558 una
1575 538 1637 558 cum
1651 530 1769 564 captivis

973 578 1097 606 civitatis
1108 577 1198 605 Darsa.
1211 576 1259 605 lsti
1275 583 1342 611 ergo
1357 575 1496 612 desperati
1511 576 1658 611 insurgunt
1671 581 1768 603 contra

972 632 1021 653 eos
1038 624 1085 659 qui
1110 631 1141 652 se
1159 623 1368 656 custodiebant,
1388 626 1417 651 et
1431 623 1527 651 occiso
1552 622 1661 650 Marusa
1685 626 1769 657 caput

973 672 1034 707 ejus
1060 670 1225 707 Byzantium
1251 671 1416 699 attulerunt.
1446 669 1496 697 Ast
1523 669 1676 704 imperator
1705 676 1768 695 cum

973 717 1076 752 gaudio
1093 724 1193 752 magno
1221 717 1284 745 illos
1309 715 1443 750 suscepit.
1465 714 1650 750 Philippicum
1678 719 1769 741 autem

974 764 1017 790 vix
1034 767 1180 798 praetorem
1203 763 1307 797 recepit
1323 761 1474 790 exercitus.
1491 760 1560 787 Cum
1586 763 1677 787 autem
1702 759 1769 785 Pur~

974 817 1067 837 sarum
1087 808 1334 844 Romanorumque
1350 808 1455 836 bellum
1478 806 1657 843 Martyropoli
1683 806 1770 837 ﬁeret,

975 862 1145 890 superantur
1168 855 1298 883 Romani.
1322 856 1474 890 Imperator
1490 858 1582 882 autem
1604 860 1620 879 a
1647 855 1768 887 praetura

977 902 1131 937 Philippico
1146 909 1244 930 rursus
1259 905 1361 934 amoto.
1375 900 1607 929 Commentiolum
1623 902 1770 933 praetorem

974 948 1099 977 Orientis
1125 947 1238 976 direxit.
1263 947 1410 975 Heraclius
1432 951 1524 974 autem
1543 948 1724 980 prosperatus
1744 944 1770 969 in

972 995 1045 1023 bello
1061 994 1180 1029 peremit
1192 994 1339 1022 Persarum
1357 997 1518 1029 praetorem.
1534 991 1695 1026 Aphrahalo
1707 996 1773 1017 vero

973 1043 1139 1076 interetupto
1154 1041 1264 1076 fugiunt
1282 1039 1374 1068 Persa:
1394 1044 1421 1068 et
1437 1040 1625 1074 insequuntur
1641 1036 1772 1064 Romani.

972 1087 1041 1116 Cum
1073 1090 1164 1114 autem
1188 1086 1307 1114 multum
1328 1085 1428 1114 fuisset
1452 1087 1480 1114 in
1508 1086 1550 1113 eis
1569 1083 1707 1112 excidium
1730 1081 1773 1109 fa—

973 1138 1060 1167 ctum,
1082 1133 1327 1169 comprehendunt
1346 1134 1431 1160 etiam
1454 1132 1610 1161 custodiam
1626 1134 1653 1158 et
1667 1129 1772 1156 multas

972 1180 1088 1209 exuvias
1121 1180 1285 1216 Byzantium
1317 1180 1442 1208 mittunt.
1471 1178 1597 1212 Denique
1623 1177 1775 1210 imperator

972 1226 1149 1262 equestribus
1170 1226 1410 1262 speculationibus
1433 1230 1457 1253 et
1477 1222 1654 1252 commerciis
1678 1221 1774 1249 urbem

972 1273 1149 1308 splendidam
1168 1272 1301 1300 reddidit.
1316 1270 1465 1298 Hormisda
1479 1270 1627 1298 Persarum
1641 1274 1688 1295 rex
1705 1274 1775 1302 pra:-

974 1323 1063 1346 torem
1091 1318 1193 1346 Barant
1223 1322 1384 1353 promotum
1409 1324 1464 1344 una
1489 1323 1553 1344 cum
1584 1314 1775 1350 potentatibus

974 1365 1072 1392 multis
1090 1369 1188 1392 contra
1206 1364 1340 1392 Snaniam
1357 1363 1454 1391 mittit.
1472 1362 1510 1389 Ex
1527 1361 1669 1396 insperato
1683 1363 1775 1386 autem

974 1411 1039 1438 huic
1060 1411 1170 1439 instans
1192 1410 1226 1438 ad
1242 1411 1364 1438 Araxem
1381 1409 1484 1436 ﬁumen
1499 1411 1592 1435 castra
1607 1409 1773 1436 commovet,

975 1457 1111 1493 siquidem
1126 1456 1297 1493 expugnatis
1306 1455 1407 1484 Turcis
1420 1463 1436 1483 a
1446 1454 1538 1482 Persis
1550 1453 1618 1481 adeo
1628 1451 1775 1479 Ilormisda

974 1503 1061 1531 crevit
1077 1507 1107 1530 ut
1121 1502 1208 1530 etiam
1231 1502 1339 1530 tributa
1353 1500 1538 1536 quadraginta
1562 1498 1648 1527 millia
1673 1496 1733 1523 auri
1759 1503 1775 1522 a

974 1548 1074 1577 Turcis
1101 1548 1251 1583 acciperet,
1274 1554 1339 1575 cum
1359 1547 1438 1582 prius
1463 1546 1523 1580 ipse
1543 1543 1660 1579 :equalia
1676 1541 1777 1568 Turcis

978 1594 1158 1630 persolveret.
1184 1593 1286 1621 Verum
1314 1593 1467 1619 Mauricius
1489 1592 1542 1618 hoc
1560 1593 1700 1624 comperto
1718 1590 1775 1615 lto-

980 1647 1093 1668 manum
1116 1639 1245 1675 provehit
1269 1642 1426 1673 praetorem,
1444 1642 1471 1665 ct
1501 1638 1528 1664 in
1554 1636 1687 1663 Suaniam
1713 1641 1775 1660 cum

979 1690 1124 1722 potentatu
1149 1686 1322 1714 transmittit.
1338 1685 1464 1719 Cumque
1486 1683 1654 1717 pervenisset
1677 1682 1777 1707 Roma-

979 1741 1033 1761 nus
1050 1733 1180 1761 Lazicam
1195 1736 1223 1760 et
1238 1731 1272 1760 ad
1292 1731 1403 1759 Phasim
1422 1731 1534 1757 ﬂuvium
1551 1728 1728 1757 accessisset,
1747 1727 1774 1753 in

978 1779 1125 1807 Albaniam
1140 1778 1295 1806 exercitum
1312 1777 1408 1805 movit.
1425 1776 1522 1802 Baram
1547 1779 1637 1801 autem
1656 1773 1777 1798 audiens

978 1826 1133 1854 Romanum
1146 1824 1300 1860 profectum
1308 1831 1366 1852 rem
1376 1822 1530 1851 deridebat.
1543 1820 1679 1854 Cupiebat
1690 1819 1775 1845 etiam

980 1873 1168 1901 Romanorum
1182 1872 1269 1899 aciem
1287 1878 1369 1898 manu
1388 1876 1510 1904 capere:
1528 1876 1582 1895 non
1597 1866 1671 1894 enim
1688 1866 1777 1891 adhuc

979 1919 1112 1947 adversus
1137 1918 1279 1945 Romanos
1292 1915 1394 1943 bellum
1412 1914 1522 1941 inierat.
1537 1912 1572 1939 At
1593 1918 1657 1937 vero
1676 1910 1777 1936 Itoma-

979 1973 1033 1993 nus
1058 1964 1210 1992 Romanam
1238 1961 1445 1990 multitudinem
1462 1958 1614 1994 separavit,
1641 1964 1695 1983 non
1713 1962 1779 1990 pro-

983 2012 1054 2041 batis
1071 2018 1157 2047 penes
1173 2009 1298 2038 sarcinas
1310 2006 1463 2036 derelictis.
1475 2005 1574 2032 Decem
1594 2003 1678 2030 millia
1693 2001 1778 2029 etiam

981 2066 1075 2087 secum
1094 2057 1237 2092 accipiens
1251 2055 1387 2083 adversus
1401 2052 1537 2081 barbaros
1554 2048 1735 2085 properabat,
1751 2051 1779 2073 et

979 2106 1036 2133 duo
1065 2103 1152 2131 millia
1182 2102 1339 2137 praecedere
1361 2100 1441 2136 jubet
1461 2097 1625 2126 exercitum.
1652 2095 1705 2128 Qui
1728 2102 1777 2121 ve-

979 2151 1089 2179 nientes
1102 2149 1211 2178 obviam
1238 2148 1283 2176 bis
1307 2147 1355 2182 qui
1375 2147 1589 2182 princesserant,
1605 2141 1704 2169 Persas
1726 2141 1778 2168 hos

980 2198 1007 2224 in
1020 2201 1097 2232 terga
1109 2199 1231 2227 vertunt,
1242 2198 1270 2222 et
1281 2201 1378 2222 omnes
1392 2191 1575 2220 interimunt:
1588 2188 1661 2216 facta
1674 2186 1778 2222 quippe

980 2243 1046 2278 fuga
1073 2246 1101 2268 et
1121 2240 1276 2276 praecipitio
1303 2238 1355 2266 sibi
1382 2238 1514 2266 obstante
1528 2233 1654 2264 conclusi
1680 2239 1779 2260 omnes

978 2289 1157 2317 interierunt.
1189 2287 1238 2315 Ast
1267 2285 1384 2314 Romani
1414 2291 1503 2318 usque
1531 2282 1565 2310 ad
1595 2280 1779 2308 barbarorum

979 2335 1083 2363 vallum
1096 2337 1244 2365 venerunt,
1259 2333 1297 2360 ita
1311 2336 1340 2359 ut
1364 2331 1462 2357 Baram
1478 2335 1561 2364 super
1581 2327 1634 2354 hoc
1646 2325 1778 2359 obstupe-

980 2385 1081 2410 sceret.
1092 2380 1170 2413 Quod
1183 2379 1298 2407 audiens
1310 2378 1453 2406 Romanus
1465 2375 1591 2402 animare
1601 2372 1687 2407 cmpit
1698 2379 1777 2398 excr-

978 2429 1078 2460 citum,
1108 2432 1136 2454 et
1154 2425 1303 2461 prazliaturi
1317 2425 1452 2459 parantur
1473 2421 1500 2448 in
1527 2426 1627 2453 campo
1646 2417 1777 2445 Albaniae.

981 2474 1080 2502 Baram
1106 2478 1197 2501 autem
1212 2472 1353 2500 nitebatur
1377 2469 1478 2498 bellqu
1505 2467 1605 2498 furari,
1630 2465 1780 2492 frustratus

981 2524 1072 2548 tamen
1102 2519 1223 2548 consilio
1236 2523 1279 2547 est
1298 2527 1305 2546 ε
1335 2515 1459 2545 surrexit
1479 2514 1553 2543 enim
1579 2512 1730 2541 Romanus,
1749 2513 1778 2536 et

982 2567 1172 2602 comptissime
1187 2566 1348 2601 parabatur.
1370 2564 1439 2591 Cum
1458 2566 1551 2589 autem
1574 2559 1690 2586 invicem
1711 2563 1779 2584 eon-

983 2613 1074 2641 llictus
1098 2613 1252 2649 agitaretur
1266 2616 1294 2639 et
1313 2610 1392 2639 multi
1410 2609 1597 2637 Barbarorum
1611 2602 1697 2632 occisi
1711 2602 1779 2629 luis-

982 2665 1055 2694 sent,
1078 2661 1108 2688 ﬁt
1131 2661 1251 2688 maxima
1279 2659 1412 2688 Romanis
1430 2655 1559 2685 victoria.
1588 2651 1778 2687 Dispoliantur

981 2709 1064 2744 igitur
1080 2707 1207 2738 Barbari.
1232 2711 1261 2735 et
1289 2706 1433 2741 sepultura
1458 2705 1587 2730 carentes
1617 2697 1777 2726 elﬁciuntur

980 2756 1078 2784 bestiis
1093 2763 1167 2784 esca.
1184 2754 1243 2782 lloc
1258 2753 1355 2781 audito
1373 2749 1536 2778 Hormisdas
1550 2748 1698 2776 Persarum
1714 2751 1775 2774 rex.

982 2801 1174 2830 confusionem
1194 2808 1249 2829 non
1263 2799 1366 2832 ferens,
1382 2795 1547 2824 muliebrem
1558 2796 1662 2822 vestem
1676 2790 1774 2818 Baram

901 2859 1018 2890 NOT/E.

171 2907 229 2970 (ξε)
246 2908 482 2935 Consuetudinum.
494 2907 673 2936 Consuetudo
703 2909 852 2944 pmstatlo,
868 2917 932 2944 παρα

196 2965 202 2970 .
216 2950 242 2970 et
257 2944 276 2970 Ι.
293 2951 340 2970 vn.
359 2952 383 2970 ς.
400 2944 425 2970 3.
440 2943 521 2970 FABR.

984 2930 988 2935 .
1004 2909 1127 2937 Glossae:
1146 2906 1276 2935 salarium
1296 2903 1437 2940 συνήθεια,
1451 2910 1475 2929 v.
1488 2899 1560 2927 Hist.
1594 2898 1666 2933 Trip.
1690 2897 1708 2924 l.
1731 2904 1769 2931 vr,

130 2953 159 2972 (ἒ.

194 2965 202 2977 ,
216 2950 242 2971 ct
257 2944 276 2971 Ι.
293 2951 340 2977 vu,
359 2952 383 2972 ς.
400 2944 425 2972 3.
440 2943 521 2971 FABR.
