4088 6474
567 378 707 447 12Ἶ9

1675 379 2073 442 ANASTASII
2113 383 2756 450 BIBLIOTHECARII

3706 394 3848 467 1280

567 497 900 562 transmisit,
927 503 982 552 et
1024 497 1170 553 hunc
1205 506 1440 564 praetura
1485 496 1741 566 privavit.
1783 499 2155 557 Parate.con-
2185 511 2228 569 Α
2263 505 2522 560 misdam.
2575 505 2643 562 Et
2692 505 2905 562 ducunt
2948 489 3002 562 in
3053 507 3291 564 medium
3319 509 3562 567 'uxorem
3620 513 3746 584 ejus
3796 525 3856 572 et

565 605 650 648 tra
677 593 1036 649 rebellionem
1065 592 1283 660 Baram,
1317 592 1672 664 progreditur
1696 595 1751 648 in
1785 596 2156 666 tyrannidem,

563 697 620 744 et
649 686 950 758 reciprocis
1008 685 1226 756 injuriis
1276 701 1374 755 per
1417 686 1627 741 litteras
1677 685 2023 758 li‘prmisdam
2082 691 2160 746 la-

566 743 784 846 cessit;
806 743 1228 850 superscribens
1273 743 1519 850 epistola:
1551 780 1626 834 ita
1657 743 2002 838 :flormisdw
2029 743 2160 852 ﬁliae

565 875 822 930 Chaerea:
863 871 1068 928 Baram
1100 871 1212 926 Iure
1260 872 1451 926 mittit.
1484 872 1748 932 Collectis
1785 889 1914 930 vero
1946 876 2159 932 militiis

565 969 852 1026 asserebat
901 967 1254 1024 Hormisdam
1297 967 1643 1040 indignatum
1703 971 1973 1028 adversus
2011 973 2161 1028 mili-

566 1063 694 1128 tias,
736 1067 931 1132 utpote
998 1075 1122 1130 quae
1175 1074 1207 1114 a
1267 1059 1534 1117 Romanis
1588 1062 1807 1120 fuerant
1862 1063 2158 1135 superatas.

565 1153 909 1211 Ostendebat
953 1163 1136 1210 autem
1167 1161 1225 1210 et
1267 1154 1422 1210 ﬁctas
1467 1157 1682 1213 litteras
1717 1159 1874 1228 quasi
1910 1159 1980 1214 ab
2023 1157 2162 1215 Hor.

563 1247 743 1303 misda
790 1246 992 1302 missas
1037 1245 1106 1300 ad
1163 1244 1498 1302 minuendas
1556 1247 1791 1300 militum
1848 1262 2032 1318 rogas,
2089 1248 2158 1302 ad

568 1343 894 1400 memoriam
925 1342 1011 1398 eis
1039 1340 1314 1397 reducens
1337 1342 1684 1396 atrocitatem
1708 1341 2035 1406 Hormisdae,
2061 1358 2159 1398 seu

567 1437 981 1504 crudelitatem,
1025 1436 1314 1491 avaritiam
1371 1443 1428 1490 et
1461 1435 1805 1500 violentiam,
1846 1443 1901 1490 et
1926 1436 2161 1506 qualiter

569 1531 888 1587 homicidiis
924 1529 1232 1586 delectatus
1259 1540 1314 1584 et
1335 1543 1366 1582 a
1405 1543 1541 1600 pace
1584 1529 1796 1585 alienus
1827 1539 1990 1595 esset,
2019 1546 2161 1601 qua-

566 1626 806 1694 literque
825 1623 1124 1693 optimates
1158 1622 1397 1678 vinculis
1423 1622 1718 1686 dediderit,
1751 1639 1989 1693 quorum
2021 1625 2161 1684 alios

562 1715 789 1785 quidem
840 1713 1025 1786 gladio
1075 1712 1381 1778 reciderit,
1439 1715 1580 1768 alios
1627 1725 1811 1771 autem
1879 1717 2162 1772 necaverit

564 1805 831 1877 Tigride,
889 1814 947 1861 et
997 1805 1238 1875 qualiter
1293 1805 1526 1876 cogebat
1583 1807 1782 1865 Persas
1833 1809 1890 1865 in
1947 1812 2161 1881 magnis

2265 598 2544 667 ﬁlium,et
2585 614 2752 656 serrae
2801 601 3048 657 sectione
3102 604 3202 659 bos
3249 606 3437 675 partiti
3490 614 3620 661 sunt
3661 623 3854 663 coram

2264 689 2572 746 llormisdaa
2609 693 2847 759 visibus,
2872 692 3334 769 Hormisdamque
3365 701 3540 755 oculls
3573 702 3856 770 privantes

2265 783 2320 838 in
2366 798 2644 841 carcerem
2699 797 3023 858 posuerunt.
3061 791 3127 845 Et
3161 791 3435 848 Cbosroes
3485 795 3705 864 quidem
3753 797 3855 849 ali-

2262 877 2512 946 quandiu
2554 887 2764 949 patrem
2804 881 3042 953 benigne
3074 885 3366 953 tractabat,
3396 887 3448 941 in
3481 889 3739 943 custodia
3777 889 3857 944 illi

2263 965 2484 1023 omnem
2515 969 2768 1025 tribuens
2803 986 3008 1027 escam.
3040 974 3138 1030 Ast
3171 973 3495 1033 Ilorniisdas
3526 977 3671 1032 hunc
3707 978 3856 1048 inju-

2263 1059 2364 1114 riis
2391 1075 2422 1114 e
2455 1061 2678 1117 diverso
2723 1062 3026 1129 lacerabat,
3065 1067 3402 1122 conculcans
3427 1083 3487 1122 ea
3519 1083 3644 1138 qua:
3670 1068 3855 1124 mitte-

2265 1152 2468 1208 bantur
2499 1169 2529 1209 a
2558 1170 2707 1226 rege.
2742 1154 2899 1212 Unde
2921 1155 3199 1213 Cbosroes
3226 1159 3400 1214 iratus
3437 1160 3680 1217 fustibus
3705 1161 3852 1217 hunc

2265 1247 2621 1304 silvestribus
2652 1249 2823 1319 jussit
2863 1264 2960 1319 per
2997 1249 3089 1305 ilia
3123 1266 3324 1306 etesuni
3365 1251 3541 1307 obire.
3569 1251 3734 1319 Quod
3777 1255 3846 1308 fa-

2265 1347 2414 1393 ctum
2455 1348 2509 1395 et
2543 1341 2741 1398 Persas
2778 1343 2966 1398 tristes
2999 1342 3233 1398 reddidit
3259 1353 3311 1398 et
3340 1355 3532 1400 contra
3565 1345 3849 1404 Cbosroes

2263 1431 2452 1486 odium
2481 1435 2657 1488 auxit.
2688 1433 2963 1490 Cbosroes
3001 1451 3134 1491 vero
3178 1438 3526 1508 congregatis
3555 1440 3854 1496 virtutibus

2263 1540 2563 1596 regnorum
2605 1542 2863 1597 egressus
2889 1539 3083 1584 contra
3105 1531 3302 1584 Baram
3340 1532 3590 1600 pervenit
3623 1531 3677 1585 in
3707 1547 3856 1586 cam-

2263 1631 2394 1686 pum
2449 1615 2597 1670 Zaba
2641 1616 2907 1682 ﬂuminis,
2968 1619 3060 1674 ubi
3097 1619 3293 1673 Baram
3350 1619 3549 1674 vallum
3595 1620 3858 1676 habebat.

2264 1708 2595 1778 Suspicatus
2629 1719 2809 1765 autem
2852 1710 3131 1765 Cbosroes
3153 1709 3299 1780 quod
3337 1711 3504 1780 aliqui
3540 1711 3858 1779 principum

2267 1801 2588 1871 adjacerent
2635 1801 2858 1867 Baram,
2898 1802 3000 1858 bos
3034 1801 3257 1858 occidit.
3292 1801 3427 1856 Cum
3463 1817 3593 1857 vero
3620 1803 3861 1873 populus

562 1899 777 1971 prgliig
806 1899 1083 1970 separari,
1119 1915 1233 1970 quo
1257 1899 1716 1970 disperderenu"
1739 1913 1791 1959 et
1824 1919 1932 1959 non
1967 1913 2160 1960 contra
2190 1884 2237 1944 Β
2269 1893 2612 1960 turbaretur,
2646 1892 2828 1963 fugam
2886 1894 3012 1948 illi“.
3043 1893 3322 1950 CIIOSTOBS
3355 1910 3478 1949 cum
3512 1897 3706 1964 paucis
3739 1895 3864 1966 qui-

564 1993 723 2048 illttm
759 1995 1261 2050 tumultuarentur.
1313 1992 1542 2049 Talibus
1578 2009 1712 2066 ergo
1745 1997 1929 2052 verbis
1964 1997 2157 2054 Baram

563 2086 823 2142 militiam
883 2087 1083 2144 affatus
1127 2086 1474 2158 tyrannidem
1536 2089 1831 2146 maximam
1892 2093 2159 2150 adversus

566 2177 922 2238 Hormisdam
967 2179 1280 2247 succendit,
1333 2194 1389 2238 et
1419 2181 1758 2252 iuramentis
1793 2186 1986 2242 Baram
2037 2205 2160 2243 mu-

565 2275 788 2331 nientes
835 2275 1215 2346 dogmatizant
1256 2290 1452 2332 omnes
1503 2292 1564 2333 se
1609 2277 1962 2348 deposituros
2016 2280 2158 2337 Ilur-

567 2366 826 2422 misdam.
863 2367 1188 2425 Hormisdas
1222 2375 1406 2424 autem
1446 2367 1800 2425 Ferochanen
1835 2373 2159 2444 magistrum

567 2476 732 2516 suum
768 2469 1044 2516 armatum
1072 2477 1199 2517 cum
1246 2461 1450 2518 virtute
1487 2462 1736 2518 destinat
1766 2464 2030 2523 adversus
2062 2465 2163 2520 Ba-

565 2566 711 2608 ram.
758 2551 958 2608 Baram
995 2568 1127 2609 vero
1173 2554 1505 2626 signiﬁcavit
1545 2555 1849 2613 Ferochani
1880 2574 1976 2614 seu
2019 2559 2163 2614 mili-

564 2645 664 2702 tiis
720 2649 850 2718 quia
912 2662 1026 2703 non
1093 2649 1354 2706 convenit
1419 2663 1572 2704 arma
1635 2649 1840 2708 Persas
1894 2654 2160 2712 adversus

562 2734 767 2793 Persas
829 2736 1069 2805 efferre,
1116 2747 1172 2795 et
1236 2739 1305 2795 ad
1363 2741 1686 2798 memoriam
1731 2743 1815 2800 eis
1859 2745 2162 2802 reducebat

569 2828 887 2886 ﬂerrnisdaz
921 2831 1301 2901 asperitatem,
1324 2831 1684 2904 injutitiam,
1716 2835 2162 2909 in'sangninibus

565 2923 831 2993 gaudium
860 2963 876 2988 ,
919 2925 974 2979 in
1033 2924 1354 2983 homicidiis
1409 2941 1656 2984 amorem
1676 2939 1716 2996 ,"
1742 2928 2160 2998 inﬁdelitatem,

565 3015 897 3087 iactantiam
925 3025 981 3072 et
1021 3017 1363 3074 violentiam.
1395 3017 1522 3077 Haec
1556 3021 1864 3079 sentientes
1894 3025 2164 3080 veraciter

570 3107 645 3164 ab
695 3123 762 3164 eo
799 3107 948 3164 dicta
1005 3109 1182 3166 fuisse
1222 3111 1410 3183 populi
1456 3114 1550 3183 qui
1601 3114 1752 3172 circa
1805 3115 2162 3176 Ferocbanen

568 3205 732 3254 erant
785 3198 853 3252 ad
914 3198 1110 3255 Baram
1160 3213 1283 3257 sese
1336 3201 1656 3273 conferunt,
1699 3212 1756 3261 et
1807 3203 2162 3264 Feroebanen

568 3289 890 3346 occidentes
912 3306 971 3347 se
997 3291 1195 3347 Baram
1220 3292 1438 3364 uniunt,
1457 3304 1719 3352 eteontra
1743 3297 2164 3372 Ctesiphontem

575 3380 786 3451 impetu
825 3383 1049 3439 abeunt.
1095 3383 1422 3442 Hormisdas
1455 3397 1638 3443 autem
1687 3389 1926 3446 habebat
1959 3389 2167 3450 Bindo—

571 3473 702 3534 ben.
753 3489 966 3546 magnae
1002 3475 1290 3545 dignitatis
1330 3479 1534 3545 virum,
1571 3480 1628 3536 in
1652 3481 1890 3538 vinculis
1927 3500 1941 3540 :
1979 3484 2167 3554 itaque

569 3582 699 3622 cum
735 3569 789 3624 in
829 3585 1024 3642 magna
1076 3569 1439 3629 ﬂuctuatione
1494 3575 1714 3646 negotia
1745 3575 2031 3648 degerent,
2063 3577 2168 3634 Bec

571 3670 698 3718 stan
735 3662 969 3718 Bindobi
1005 3663 1197 3731 frater,
1236 3665 1291 3721 in
1325 3667 1638 3724 custodiam
1675 3669 1945 3737 insiliens,
1977 3671 2170 3727 eduxit

571 3749 859 3807 Bindohen
887 3753 1113 3810 fratrem
1145 3771 1329 3822 suum,
1355 3765 1411 3811 et
1440 3767 1778 3828 congregata
1811 3759 2168 3816 multitudine

572 3842 786 3896 rustica
831 3857 930 3898 seu
971 3843 1148 3911 civili,
1182 3845 1344 3901 tertia
1377 3846 1511 3901 hora
1541 3847 1651 3904 diei
1692 3849 1896 3919 regalia
1933 3849 2165 3918 intrant,

573 3943 630 3989 et
669 3934 897 3989 invento
930 3934 1223 3992 Hormisda
1257 3953 1424 4007 super
1458 3940 1659 3994 solium
1699 3943 1854 4012 regio
1891 3957 2045 3998 more
2080 3958 2168 3999 se-

573 4027 742 4083 dente
773 4027 962 4084 multis
993 4029 1142 4084 hunc
1175 4029 1399 4100 injuriis
1428 4032 1694 4088 subdunt.
1742 4033 1940 4090 lndues
1985 4046 2166 4091 autem

572 4127 773 4176 tenens
811 4118 1166 4177 Hormisdam
1194 4121 1425 4178 abstulit
1461 4123 1716 4178 diadema
1755 4139 1784 4178 a
1817 4124 1998 4194 capite
2023 4125 2165 4194 ejus,

571 4218 629 4269 et
656 4212 803 4271 hunc
834 4212 888 4268 in
910 4228 1190 4269 carcerem
1215 4213 1577 4282 tradiderunt,
1611 4217 1951 4287 rogabatque
1977 4217 2161 4273 Cbos-

573 4322 711 4362 roen
783 4307 967 4376 patrio
1019 4306 1160 4361 solio
1200 4307 1394 4362 tribui.
1447 4308 1721 4364 Praeterea
1775 4309 2100 4366 iiormisdas
2139 4325 2169 4366 e

571 4399 829 4455 custodia
865 4400 1124 4454 nuntium
1162 4401 1336 4463 misit,
1371 4401 1556 4458 Persis
1594 4411 1786 4472 petens
1827 4403 2000 4474 loqui,
2036 4403 2171 4459 Per-

572 4491 682 4545 sidi
717 4506 840 4562 quae
877 4493 1220 4562 expedirent.
1261 4493 1321 4548 In
1362 4493 1668 4548 crastinum
1703 4495 1874 4566 igitur
1901 4497 2168 4552 collectus

2265 1985 2522 2049 busdam,
2545 2001 2598 2041 et
2617 2001 2811 2041 omnes
2834 1987 2928 2055 qui
2960 1996 3117 2042 erant
3144 2001 3269 2046 cum
3298 1985 3541 2042 Chosroe
3561 1987 3627 2040 ad
3657 1987 3862 2043 Baram

2270 2087 2657 2133 accesserunt.
2691 2079 2758 2130 At
2794 2091 2926 2132 vero
2960 2077 3242 2133 Cbosroes
3271 2078 3560 2133 haesitabat
3589 2079 3863 2147 quidnam

2265 2185 2429 2242 agere
2457 2171 2762 2228 debuisset.
2791 2171 3088 2226 Nonnullis
3116 2185 3250 2227 sane
3277 2171 3568 2226 consilium
3589 2169 3864 2224 dantibus

2265 2265 2373 2322 sibi
2416 2265 2481 2320 ad
2533 2265 2747 2321 Tureos
2796 2266 3074 2332 secedere,
3116 2265 3398 2321 nonnullis
3420 2272 3598 2319 autem
3638 2264 3706 2318 ad
3751 2262 3864 2318 lto-

2265 2373 2487 2423 manos,
2532 2357 2810 2414 Cbosroes
2849 2373 3052 2428 equum
3102 2357 3410 2413 ascendens
3465 2357 3620 2412 freno
3671 2357 3860 2412 laxato

2265 2454 2394 2524 equi
2427 2461 2610 2508 motus
2633 2453 2790 2523 sequi
2821 2452 3277 2522 omnibusjubet.
3313 2451 3381 2505 At
3415 2465 3545 2506 vero
3579 2466 3763 2521 equus
3790 2451 3865 2504 ad

2268 2545 2548 2602 Romanas
2579 2557 2763 2617 partes
2803 2557 2986 2602 motus
3017 2560 3151 2602 suos
3190 2545 3414 2613 direxit,
3455 2555 3509 2600 et
3551 2545 3694 2615 apud
3723 2543 3865 2600 Cer-

2268 2639 2508 2696 tenslum
2531 2641 2827 2706 invenitur,
2856 2648 2911 2695 et
2931 2639 3143 2710 legatos
3162 2639 3348 2704 mittit,
3378 2637 3673 2693 adventum
3692 2651 3863 2693 suum

2268 2733 2536 2790 Romanis
2594 2733 2805 2791 faciens
2853 2735 3231 2790 manifestum.
3262 2731 3503 2803 Contigit
3554 2740 3738 2785 autem
3796 2738 3868 2786 ut

2268 2824 2486 2881 Probus
2515 2826 2809 2896 patricius,
2835 2827 2930 2896 qui
2956 2827 3072 2883 illic
3095 2835 3234 2891 erat,
3265 2824 3412 2879 hunc
3448 2823 3779 2892 susciperet,
3802 2831 3868 2877 et

2266 2920 2337 2976 de
2387 2934 2454 2974 eo
2508 2919 2832 2991 imperatori
2883 2935 2981 2991 per
3042 2917 3258 2976 litteras
3312 2917 3603 2973 indicaret.
3653 2915 3866 2970 Baram

2269 3018 2454 3066 autem
2478 3011 2632 3066 misit
2663 3010 2874 3083 legatos
2901 3012 2970 3065 ad
3005 3006 3331 3064 Mauricium
3364 3018 3557 3078 petens
3585 3023 3655 3064 ne
3692 3009 3866 3063 auxi-

2268 3103 2504 3158 liaretur
2529 3100 2788 3159 Chosroi.
2819 3101 2994 3158 Porro
3016 3099 3175 3171 jubet
3216 3101 3516 3172 imperator
3553 3099 3867 3155 Mauricius

2269 3195 2676 3254 Commentiolo
2717 3194 2944 3267 praetori
2985 3193 3132 3265 apud
3181 3192 3520 3264 Hierapolim
3567 3192 3864 3248 Chosroen

2269 3288 2564 3358 suscipere
2596 3295 2650 3345 et
2677 3287 3065 3359 imperialibus
3089 3286 3376 3357 obsequiis
3400 3287 3695 3342 honorare.

2342 3379 2546 3438 Eodem
2579 3395 2710 3435 vero
2741 3395 2890 3434 anno
2927 3378 3335 3435 demonstravit
3366 3379 3670 3449 imperator
3700 3377 3864 3434 Hau-

2268 3473 2443 3530 ricius
2473 3475 2528 3528 in
2567 3475 2890 3528 memoriam
2920 3473 3006 3529 dei
3034 3471 3337 3526 Genitrlcis
3370 3472 3598 3528 letanias
3633 3473 3688 3526 in
3733 3471 3866 3528 Bla-

2267 3565 2496 3620 elternis
2524 3565 2640 3620 ﬁeri
2677 3574 2733 3620 et
2778 3565 2970 3621 laudes
3011 3564 3197 3620 dicere
3219 3563 3466 3620 Domina:
3501 3574 3726 3630 nostrae,
3756 3581 3865 3620 no-

2267 3658 2492 3714 minans
2523 3673 2644 3714 eam
2676 3659 3022 3730 panegyrim.

2338 3750 2526 3807 Mundi
2552 3767 2700 3807 anno
2721 3753 2852 3808 6081
2869 3793 2883 3816 ,
2904 3751 3105 3807 divinae
3125 3750 3531 3807 incarnationis
3559 3745 3707 3805 anno
3733 3752 3827 3806 58!
3847 3793 3859 3814 ,

2269 3843 2576 3900 Mauricius
2611 3845 2783 3899 lilium
2833 3845 2938 3900 sibi
2983 3845 3268 3902 Chosroen
3320 3860 3500 3912 regem
3559 3845 3857 3900 Persarum

2269 3937 2503 4002 faciens,
2542 3937 2928 3993 Dometianum
2976 3939 3300 4010 episcopum
3343 3937 3760 3992 Melitenensem
3796 3937 3856 3992 ad

2268 4045 2395 4087 eum
2431 4029 2657 4093 direxit,
2691 4040 2988 4101 cognatum
3021 4045 3210 4095 suum,
3245 4043 3354 4084 una
3387 4043 3508 4082 eum
3541 4029 3747 4093 Narse,
3775 4026 3846 4082 cui

2269 4123 2536 4180 ducatum
2599 4122 2730 4179 belli
2779 4123 3092 4190 commisit;
3155 4121 3248 4193 qui
3335 4120 3728 4192 pervenientes
3797 4119 3854 4172 ad

2268 4217 2560 4273 Chosroen
2591 4231 2786 4272 omnes
2822 4215 3104 4270 Romanos
3135 4221 3458 4286 potentatus
3494 4213 3549 4266 in
3577 4210 3861 4267 Persidem

2271 4311 2665 4367 introducunt.
2717 4312 2914 4366 Baram
2959 4320 3142 4364 autem
3187 4307 3292 4364 hoc
3352 4305 3571 4378 agnito,
3624 4305 3862 4376 sump1is

2272 4409 2574 4463 virtutibus
2620 4407 2759 4472 suis,
2797 4406 2854 4460 in
2893 4404 3018 4460 loco
3047 4405 3141 4473 qui
3177 4401 3571 4457 Alexandrines
3609 4399 3865 4455 nomina-

2271 4503 2438 4559 batur
2471 4511 2653 4557 castra
2700 4508 2941 4555 metatus
2971 4507 3075 4564 est,
3112 4497 3413 4568 prohibere
3437 4502 3590 4550 ratus
3631 4494 3863 4547 militias

572 4593 800 4640 senatus
844 4583 1136 4640 Persarum
1183 4586 1240 4640 in
1277 4587 1558 4659 regalibus
1601 4605 1710 4642 una
1748 4605 1874 4644 cum
1920 4590 2170 4644 multitu-
2199 4585 2245 4642 D
2279 4594 2348 4649 ab
2373 4592 2634 4648 Armenia
2660 4591 2964 4654 venientes,
2986 4606 3053 4644 ne
3075 4588 3235 4643 Narsi
3264 4589 3554 4643 unirentur
3578 4603 3590 4640 :
3618 4584 3866 4654 jusserat

574 4678 704 4732 dine
745 4679 994 4732 vinctum
1028 4677 1380 4734 Hormisdam
1431 4679 1664 4735 ducunt.
1708 4682 1811 4738 Ast
1841 4681 2168 4737 Hormisdas

576 4771 963 4825 commonebat
982 4769 1182 4827 Persas
1205 4772 1352 4842 quod
1377 4787 1486 4827 non
1506 4779 1758 4843 Oporteat
1783 4775 2168 4845 hujuscemodi

578 4863 636 4918 in
681 4876 839 4932 reges
881 4865 1250 4930 committere,
1281 4873 1337 4919 et
1363 4871 1570 4933 quanta
1600 4881 1670 4919 ex
1719 4881 1831 4936 quo
1857 4865 2170 4936 regnaverit

576 4963 783 5024 tropaea
814 4953 1032 5020 fecerit,
1072 4963 1129 5011 et
1163 4955 1218 5010 in
1251 4956 1458 5026 quibus
1492 4971 1624 5025 erga
1661 4955 1862 5015 Persas
1899 4959 2047 5014 bona
2079 4973 2173 5028 pa-

575 5047 825 5110 traverit,
854 5055 910 5103 et
941 5047 1179 5118 qualiter
1209 5047 1428 5104 Tureos
1462 5047 1677 5104 Persidi
1710 5051 1918 5104 tributa
1955 5051 2171 5106 solvere

577 5139 973 5212 Romanosque
1021 5156 1211 5212 pacem
1261 5156 1449 5196 amare
1499 5144 1765 5213 coegerit,
1817 5143 2172 5216 qualiterque

561 5234 995 5307 ‘Hartyropolim
1049 5234 1295 5306 ceperit;
1351 5235 1488 5306 quin
1522 5244 1579 5290 et
1620 5244 1847 5306 paterna
1902 5237 2170 5293 beneﬁcia

577 5329 884 5383 enarravit.
944 5327 1197 5400 Rogabat
1253 5336 1438 5384 autem
1478 5336 1534 5383 et
1575 5329 1863 5386 Chosroen
1915 5347 1946 5386 a
2000 5347 2173 5402 regno

581 5423 784 5492 deponi
815 5430 876 5476 ut
907 5424 1021 5478 litis
1057 5423 1297 5489 amicum
1329 5432 1387 5480 et
1414 5422 1772 5479 ambitiosum
1798 5434 1852 5481 et
1883 5426 2171 5496 sanguinis

581 5523 890 5571 amatorem
931 5515 1343 5586 superbumque
1391 5529 1456 5570 ac
1510 5515 1839 5586 injuriosum
1879 5525 1934 5571 et
1969 5515 2172 5586 praeliis

582 5608 940 5664 inhiantem:
976 5623 1104 5665 esse
1143 5615 1328 5664 autem
1360 5609 1465 5665 sibi
1503 5609 1738 5664 alterum
1770 5609 1942 5664 lilium
1990 5610 2174 5680 perbi-

584 5699 773 5764 bebat,
797 5716 959 5770 quem
1000 5702 1056 5757 in
1090 5718 1273 5774 regem
1306 5703 1531 5774 provehi
1568 5701 1865 5774 ﬂagitabat.
1895 5701 2172 5758 Bindobes

587 5808 722 5848 vero
746 5792 812 5848 ad
842 5793 1196 5851 Hormisdam
1221 5796 1611 5867 respondebat,
1633 5804 1689 5852 et
1715 5796 1880 5867 hujus
1909 5813 2171 5853 excessus

593 5887 650 5942 in
703 5886 947 5942 medium
995 5905 1310 5960 proponens
1349 5907 1542 5947 utnncs
1579 5893 1754 5948 erexit
1809 5902 1998 5950 contra
2032 5893 2171 5950 lior-

2272 4687 2421 4742 enint
2454 4683 2772 4754 Mauricius
2804 4680 3007 4737 Joanni
3047 4680 3380 4745 Mustaconi,
3412 4679 3680 4748 magistro
3715 4676 3864 4729 mili—

2273 4788 2389 4834 tum
2441 4777 2738 4838 Armeniae,
2768 4775 3026 4845 accipere
3075 4773 3300 4828 militias
3327 4779 3382 4829 et
3422 4787 3483 4827 se
3514 4769 3671 4825 Narsi
3706 4769 3865 4824 unire

2272 4869 2480 4942 pariter
2539 4875 2739 4923 contra
2795 4852 2991 4920 Baram
3048 4864 3256 4919 bellum
3314 4861 3711 4918 constituendi.
3765 4859 3865 4913 Per

2272 4967 2491 5016 noctem
2542 4969 2723 5015 autem
2754 4970 2808 5015 et
2851 4959 3022 5014 unitas
3068 4964 3200 5013 sunt
3247 4957 3508 5012 Romanae
3545 4955 3787 5010 virtutes
3814 4965 3864 5009 et

2273 5064 2468 5110 contra
2509 5054 2704 5108 Baram
2739 5056 2914 5108 aciem
2967 5052 3314 5108 direxerunt.
3366 5047 3538 5105 Porro
3573 5047 3777 5102 Baram
3813 5051 3862 5102 in

2273 5159 2461 5203 monte
2480 5155 2665 5203 castra
2690 5152 2932 5201 metatus
2954 5154 3059 5208 est,
3089 5159 3295 5213 pavore
3319 5143 3596 5198 detentus.
3615 5141 3865 5210 Cumque

2274 5242 2478 5298 bellum
2526 5255 2811 5310 gereretur
2843 5239 3133 5304 horribile,
3177 5237 3385 5292 Narses
3436 5234 3641 5289 Indicis
3675 5235 3865 5289 bestiis

2273 5335 2624 5405 parvipensis
2690 5334 2928 5388 mediam
3001 5332 3368 5388 barbarorum
3421 5328 3676 5385 dissolvit
3731 5327 3868 5397 pha-

2234 5498 2240 5503 .
2274 5429 2523 5500 langem;
2557 5435 2611 5482 et
2643 5429 2747 5482 hoc
2779 5428 2922 5482 facto
2957 5432 3171 5480 caetera:
3212 5437 3436 5496 quoque
3476 5420 3672 5474 Baram
3707 5421 3868 5474 inﬁr-

2273 5529 2436 5577 mata:
2469 5528 2598 5576 sunt
2643 5519 2970 5590 phalanges,
3001 5527 3057 5574 et
3105 5519 3164 5573 lit
3197 5532 3396 5589 magna
3443 5515 3568 5586 fuga
3619 5513 3865 5586 tyranni.

2273 5614 2481 5671 Narses
2507 5629 2642 5670 vero
2669 5615 2790 5668 sine
2825 5613 2939 5667 ulla
2969 5611 3281 5667 retentione
3308 5616 3648 5680 persequens
3668 5604 3866 5660 Persas

2275 5708 2427 5766 caede
2457 5709 2762 5772 sternebat,
2811 5713 2864 5760 et
2903 5721 2997 5760 sex
3047 5704 3218 5759 millia
3253 5720 3319 5759 ex
3366 5702 3452 5756 his
3483 5707 3642 5768 capta
3678 5697 3862 5754 vincta

2275 5799 2343 5857 ad
2381 5799 2669 5856 Cbosroen
2723 5796 2979 5852 adduxit.
3033 5795 3134 5850 Ast
3178 5793 3454 5850 Cbosroes
3499 5804 3690 5846 omnes
3737 5804 3859 5842 mu-

2279 5911 2446 5952 crone
2489 5893 2744 5966 peremit.
2785 5892 3065 5963 Quotquot
3102 5899 3284 5946 autem
3331 5886 3499 5944 Turci
3537 5894 3716 5952 erant,
3765 5883 3863 5938 hos
