4088 6420
224 372 355 439 1281

997 370 1365 431 HISTORIA
1422 364 1996 428 ECCLESIASTICA
2034 364 2139 424 EX
2161 365 2570 426 ἸἮΕΟΡΗΑΝ
2583 366 2648 425 Ε.

3346 372 3486 441 1282

218 492 287 544 azl
322 491 709 559 imperatorem
740 487 1065 558 Byzantium
1099 489 1269 543 misit.
1307 485 1451 539 Sane
1481 499 1606 538 cum
1634 481 1801 536 'l'urci
1833 483 1882 540 Α
1909 478 2280 535 occideretur.
2333 479 2446 534 llac
2495 480 2733 550 denique
2776 477 2865 533 die
2910 477 3257 549 imperatoris
3284 502 3485 557 equus,

221 596 421 636 enters
452 580 717 633 haberent
749 578 805 632 in
841 578 1052 634 frontes
1077 585 1355 640 exaratos,
1388 573 1806 643 interrogaban-

220 687 313 729 tur
359 675 429 729 ab
469 674 807 743 imperatore
840 687 1081 742 quonam
1126 670 1291 725 modo
1339 669 1556 738 signum
1602 667 1707 720 hoc
1753 666 1805 718 in

220 767 406 822 fronte
459 774 764 836 portarent.
804 765 874 819 At
925 780 1057 820 vero
1107 763 1271 819 Turci
1308 763 1631 819 asserebant
1682 770 1811 815 ante

222 860 428 916 multos
481 872 657 912 annos
706 859 1079 927 pestilentiam
1135 856 1190 911 in
1244 855 1445 911 Turcia
1494 857 1717 916 factam,
1756 861 1810 906 et

221 953 493 1022 quosdam
520 952 972 1007 Christianorum
1023 952 1131 1005 hoc
1180 949 1557 1013 adinvenisse,
1590 955 1644 1003 et
1678 948 1811 1001 hinc

222 1046 380 1100 salus
411 1046 466 1098 in
504 1046 683 1114 patria
717 1045 859 1100 facta
900 1052 1007 1100 est.
1060 1043 1232 1099 Porro
1277 1044 1556 1099 exercitus
1607 1041 1814 1095 Roma-

223 1155 425 1194 norum
454 1140 874 1194 tabernaculum
904 1140 1101 1193 Baram
1133 1146 1187 1193 et
1244 1137 1644 1208 supellectilem
1668 1136 1814 1189 acci-

224 1232 445 1300 pientes
466 1247 593 1286 cum
612 1232 1002 1301 elcphantibus
1024 1230 1597 1285 attuleruntChosroi.
1618 1228 1813 1281 Baram

225 1333 410 1379 autem
446 1323 515 1378 ad
546 1324 844 1379 interiores
871 1334 1057 1395 partes
1079 1324 1325 1380 Persidis
1352 1322 1537 1393 fugam
1571 1320 1725 1385 fecit,
1763 1328 1816 1375 ct

230 1418 307 1471 sic
336 1432 533 1471 eorum
558 1416 885 1471 dissolvitur
920 1417 1144 1471 bellum.
1181 1417 1371 1486 Itaque
1396 1415 1675 1470 Chosroes
1698 1429 1815 1466 ma-

229 1524 332 1579 gna
384 1509 619 1563 victoria
672 1510 1057 1564 circumdatus
1107 1510 1308 1564 solium
1363 1526 1523 1564 suum
1585 1509 1815 1578 recepit.

235 1599 438 1656 Verum
459 1602 662 1659 Narses
682 1604 967 1658 rediturus
988 1604 1052 1659 ad
1074 1606 1294 1673 propria
1313 1602 1546 1659 Chosroi
1567 1602 1814 1657 dicebat:

229 1692 441 1748 Memor
467 1695 561 1760 sis,
609 1694 893 1763 Cltosroes,
925 1698 1201 1765 praesentis
1244 1697 1395 1751 diei:
1438 1696 1668 1750 Romani
1719 1696 1817 1749 tibi

231 1802 451 1856 regnum
484 1788 706 1842 donant.
749 1789 819 1841 At
876 1790 967 1844 ille
1015 1789 1425 1844 fraudulentam
1474 1789 1817 1845 occisionem

234 1886 509 1943 metuens,
546 1879 702 1948 petiit
732 1895 763 1933 a
806 1879 1071 1935 Mauricio
1112 1863 1263 1935 miile
1310 1882 1588 1936 Romanos
1620 1881 1675 1935 in
1717 1896 1817 1935 cu-
1849 1846 1895 1905 Β

237 1969 471 2024 stodiam
506 1971 591 2025 sui
632 1972 935 2027 habendos.
967 1971 1141 2029 Porro
1175 1973 1478 2030 Mauricius
1509 1990 1635 2029 cum
1677 1975 1818 2029 dile-

232 2062 476 2115 ctionem
519 2064 746 2119 haberet
785 2080 917 2136 erga
953 2066 1253 2122 barbarum
1287 2069 1536 2133 multam,
1571 2069 1820 2139 postula-

234 2152 444 2205 tionem
500 2151 621 2220 cjus
668 2157 986 2222 complevit,
1041 2157 1232 2225 sicque
1269 2156 1554 2213 Persicum
1613 2159 1820 2213 Itoma-

232 2259 548 2314 uornmque
580 2246 781 2301 bellum
822 2249 1087 2305 cessavit.

303 2334 497 2389 Mundi
522 2350 667 2390 anno
696 2337 857 2404 6082,
883 2340 1081 2395 divinae
1104 2341 1502 2398 incarnationis
1525 2358 1670 2398 anno
1692 2344 1817 2405 582.

231 2438 543 2484 coronatus
578 2441 662 2484 est
698 2431 1050 2488 solemnitate
1094 2435 1338 2503 paschali
1375 2433 1720 2492 Theodosius
1760 2437 1822 2490 li-

230 2522 343 2577 lius
390 2519 643 2576 Mauricii
686 2538 717 2576 a
749 2520 961 2580 Joatme
998 2527 1314 2596 patriarcha
1349 2527 1823 2600 Constantinopo-

232 2614 429 2668 litano.

302 2706 515 2762 Eodem
546 2723 771 2780 quoque
800 2723 947 2765 anno
979 2711 1282 2783 imperator
1311 2712 1609 2770 Mauricius
1637 2716 1822 2771 eccle-

232 2800 377 2853 siam
396 2811 714 2855 sanctorum
732 2801 1098 2874 quadraginta
1126 2815 1453 2876 martyrum,
1473 2821 1636 2876 quam
1654 2807 1822 2878 erupit

230 2889 511 2947 aediﬁcare
534 2890 815 2959 Tiberius,
842 2899 1272 2954 consummavit.
1300 2898 1515 2953 Interea
1539 2915 1665 2954 cum
1698 2914 1824 2969 pro-

232 2984 407 3039 funda
436 2984 718 3043 Orientem
755 3003 860 3058 pax
902 3001 1250 3061 occupasset,
1290 2992 1491 3047 bellum
1525 2996 1671 3049 circa
1708 2994 1822 3049 Eu-

235 3089 431 3146 ropam
463 3078 759 3133 Avaricum
804 3080 1181 3149 incumbebat,
1237 3083 1468 3155 ideoque
1521 3086 1825 3157 imperator

234 3176 561 3238 potentatus
586 3172 656 3224 ab
677 3168 906 3228 Oriente
938 3174 995 3228 in
1026 3172 1299 3232 Thracem
1334 3179 1598 3234 traduxit.

307 3261 473 3317 Anno
522 3263 735 3331 imperii
800 3265 885 3321 sui
930 3282 1099 3333 nono,
1136 3284 1259 3323 cum
1318 3285 1411 3325 ver
1455 3272 1724 3342 inciperet
1772 3282 1827 3328 et

234 3356 459 3424 agmina
492 3358 883 3426 pervenissent
926 3360 995 3415 ad
1027 3360 1319 3430 Thracem,
1369 3365 1541 3421 exivit
1588 3381 1713 3421 cum
1745 3368 1855 3423 eis’

233 3446 545 3503 Mauricius
581 3449 769 3505 videre
815 3467 937 3522 quae
983 3467 1010 3505 a
1062 3455 1316 3510 barbaris
1363 3466 1552 3512 essent
1606 3473 1824 3515 eversa.

231 3541 490 3610 Angusta
535 3558 664 3598 vero
718 3552 773 3598 et
822 3546 1140 3616 patriarcha
1179 3555 1233 3602 et
1288 3559 1513 3605 senatus
1561 3552 1829 3621 rogabant

235 3637 633 3703 imperatorem
682 3651 750 3691 ne
790 3653 888 3707 per
940 3649 1114 3694 semet
1154 3640 1331 3710 ipsum
1383 3643 1585 3696 bellum
1640 3643 1823 3708 iniret,

236 3726 338 3779 sed
372 3727 559 3796 potius
591 3726 645 3781 id
689 3730 910 3797 praetori
951 3732 1351 3787 committeret.
1389 3734 1491 3789 Ast
1524 3735 1829 3805 imperator

237 3834 352 3872 non
406 3820 700 3887 acquievit.
763 3821 1010 3877 Exeunte
1055 3832 1237 3879 autem
1290 3841 1357 3880 eo
1394 3827 1460 3879 ad
1516 3828 1825 3897 Septimum

237 3913 380 3967 solis
414 3914 831 3995 eclipsis'facta
877 3922 997 3981 est;
1039 3932 1274 3987 cumque
1320 3918 1464 3988 apud
1512 3920 1825 3991 Rheginnm

236 4013 417 4070 esset,
464 3999 765 4075 pauperum
810 4008 1198 4064 multitudines
1250 4012 1503 4081 pecuniis
1541 4013 1826 4070 animavit.

236 4099 380 4152 Cum
405 4106 587 4153 autem
624 4107 883 4153 venatum
921 4110 1195 4171 pergeret,
1234 4118 1331 4158 sus
1369 4104 1645 4161 silvestris
1670 4106 1832 4163 valde

238 4188 474 4259 grandis
499 4188 766 4260 impetum
790 4198 985 4246 contra
1009 4191 1280 4249 Ctesarem
1310 4193 1463 4249 fecit.
1488 4194 1678 4266 Equus
1701 4212 1832 4253 vero

238 4286 316 4339 oh
356 4292 627 4339 terrorem
681 4284 938 4338 miraculi
976 4284 1178 4355 ejicere
1211 4285 1485 4344 Caesarem
1522 4289 1830 4345 nitebatur.

242 4374 468 4429 Diutius
499 4388 632 4444 ergo
668 4374 1044 4430 tumultuatus
1072 4375 1348 4433 Czcsarem
1385 4378 1604 4448 jactare
1631 4379 1831 4450 nequi-

240 4470 344 4522 vit.
382 4465 573 4536 Itaque
606 4483 702 4524 sus
726 4483 756 4523 a
782 4468 1003 4524 nemine
1025 4469 1307 4541 accipiens
1341 4471 1509 4525 letum
1538 4472 1827 4529 abscessit.

1911 574 2004 642 qui
2034 588 2202 627 aureo
2224 572 2604 628 circumdatus
2625 578 2743 627 erat
2771 580 2993 633 ornatu,
3026 578 3250 640 repente
3279 580 3485 636 είλδευε

1911 672 1996 721 cst
2027 666 2254 720 cadens.
2290 666 2361 719 At
2391 680 2531 721 vero
2562 666 2866 733 imperator
2900 665 2987 719 his
3015 663 3275 719 omnibus
3315 676 3489 733 augt».

1911 766 2067 814 ratus
2101 757 2212 830 ('59)
2241 759 2419 815 tristis
2445 768 2584 814 erat.
2620 758 2843 814 Postera
2886 773 3106 828 quoque
3140 757 3228 811 die
3251 757 3352 811 viri
3384 767 3499 811 tres

1916 852 2159 906 Sclavini
2194 868 2419 923 genere,
2456 852 2532 907 nil
2573 850 3060 922 aliquidferreum
3098 850 3432 921 bajulantes,
3464 864 3497 902 a

1914 943 2180 1000 Romanis
2229 944 2435 1000 detenti
2494 945 2937 1010 sunt,'citharas
2983 955 3193 999 tantum
3227 943 3490 999 ferentes.

1914 1035 2217 1107 lm‘pcrator
2263 1044 2448 1091 autem
2504 1037 2886 1106 interrogabat
2947 1046 3052 1091 tam
3112 1036 3260 1091 unde
3311 1040 3499 1089 essent

1915 1146 2079 1200 quam
2127 1129 2351 1184 ubinam
2394 1129 2658 1183 habitatio
2693 1145 2883 1185 eorum
2917 1130 3227 1185 exsisteret.
3258 1127 3361 1193 Qui
3401 1142 3498 1197 ge-

1917 1238 2048 1280 nere
2078 1223 2302 1293 quidem
2346 1222 2505 1277 aiunt
2549 1237 2608 1276 se
2634 1237 2759 1277 esse
2789 1222 3099 1283 Sclaviuos,
3138 1222 3289 1276 circa
3334 1221 3497 1275 ﬁnem

1918 1333 2049 1373 vero
2083 1316 2460 1372 Occidentalis
2498 1315 2750 1370 habitare
2783 1314 3007 1371 Oceani.
3041 1315 3358 1383 Chagannm
3402 1328 3503 1367 au-

1920 1418 2027 1465 tem
2060 1409 2128 1463 ad
2158 1425 2219 1465 se
2272 1409 2606 1478 legationem
2661 1406 2881 1462 misisse
2921 1415 2976 1461 et
3008 1420 3237 1460 munera
3292 1404 3501 1473 princi-

1920 1503 2081 1572 pibus
2113 1503 2296 1573 gentis
2334 1516 2450 1557 sure
2496 1500 2800 1555 auxiliandi
2833 1499 2941 1554 sibi
2972 1507 3165 1554 contra
3199 1496 3503 1551 Romanos.

1921 1595 2261 1650 Taxiarchas
2296 1608 2480 1649 autem
2533 1609 2667 1650 suos
2703 1593 2978 1649 direxisse
3019 1591 3287 1647 rationem
3322 1589 3507 1645 reddi-

1920 1695 2078 1742 turos
2112 1688 2386 1757 chagano,
2419 1685 2549 1754 quia
2585 1700 2693 1739 non
2732 1691 2967 1755 possunt
2998 1692 3221 1753 prepter
3261 1681 3508 1750 longitu-

1921 1778 2105 1834 dinem
2149 1776 2366 1833 itineris
2404 1778 2626 1833 mittere
2662 1777 2745 1833 illi
2789 1778 3061 1832 aurilium
3094 1796 3108 1831 :
3140 1777 3330 1830 decem
3357 1775 3506 1829 enim

1926 1881 1977 1929 et
2016 1885 2144 1929 octo
2170 1888 2387 1928 menses
2421 1872 2817 1928 asseverabant
2852 1872 2907 1927 in
2956 1872 3155 1927 itinere
3185 1887 3245 1927 se
3286 1870 3507 1936 fecisse,

1927 1980 1982 2028 ct
2012 1971 2089 2026 ita
2126 1970 2408 2025 Romanos
2452 1968 2678 2025 adiisse.
2730 1967 2904 2023 Porro
2930 1968 3179 2025 citharas
3212 1965 3356 2021 ferre
3383 1974 3509 2019 tan-

1929 2080 2092 2137 quam
2146 2079 2257 2119 non
2314 2063 2567 2119 videntes
2624 2078 2959 2133 quemquam
3042 2076 3266 2117 suorum
3339 2060 3511 2115 armis

1929 2158 2226 2227 indutum,
2279 2158 2506 2229 regione
2560 2172 2659 2213 sua
2731 2156 2864 2227 quid
2955 2154 3163 2210 ferrum
3224 2153 3296 2208 sit
3354 2152 3513 2221 igno-

1930 2262 2108 2309 rante.
2170 2251 2475 2322 Imperator
2540 2259 2723 2305 autem
2785 2258 2893 2303 tam
2952 2255 3166 2301 aetatem
3228 2244 3513 2299 admirans

1930 2362 2097 2418 quam
2135 2346 2308 2401 moles
2334 2343 2586 2415 corporis
2616 2358 2809 2399 eorum
2840 2341 3183 2404 collaudans,
3214 2338 3314 2393 hos
3341 2334 3515 2391 Hera-

1931 2439 2092 2495 cliam
2136 2439 2309 2492 misit.
2341 2436 2484 2491 Cum
2521 2442 2706 2489 autem
2731 2433 2977 2488 venisset
3017 2432 3081 2485 ad
3124 2431 3425 2493 maritima,
3457 2437 3514 2482 et

1930 2531 2220 2587 didicisset
2245 2529 2393 2600 quod
2441 2528 2602 2599 legati
2650 2527 2946 2584 Persarum
2991 2524 3316 2597 Byzantium
3351 2533 3518 2592 atque

1932 2625 2274 2681 Francorum
2311 2623 2618 2690 venissent,
2651 2622 2719 2677 ad
2743 2621 2950 2693 regalia
2982 2618 3273 2674 remeavit.

1961 2736 1977 2752 ο
2002 2718 2230 2776 Decimo
2250 2717 2467 2788 imperii
2492 2714 2741 2770 Mauricii
2768 2728 2915 2769 anno
2935 2711 3214 2783 cbaganus
3236 2708 3516 2781 quaerebat

1932 2819 2227 2885 augmenta
2268 2817 2555 2882 pactorum
2589 2807 2864 2878 accipere.
2896 2807 3200 2874 imperator
3235 2818 3363 2859 vero
3400 2816 3518 2857 ser-

1933 2921 2123 2962 mones
2169 2902 2393 2962 barbari
2441 2916 2550 2957 non
2602 2900 2836 2971 recepit,
2878 2906 2934 2953 et
2979 2896 3189 2953 idcirco
3235 2895 3520 2966 cbaganus

1934 3001 2135 3056 iterum
2192 2998 2399 3053 bellum
2454 2995 2589 3068 agit,
2637 3003 2693 3050 et
2738 2991 2993 3049 devastat
3037 2988 3419 3058 Singidonem,
3462 2994 3519 3043 ct

1933 3104 2115 3148 castra
2162 3099 2358 3146 contra
2409 3088 2678 3145 Sirmium
2729 3093 2930 3142 movet.
2981 3085 3287 3154 Imperator
3334 3089 3518 3136 autem

1854 3211 1902 3275 ο
1934 3192 2227 3254 praetorem
2264 3181 2498 3252 Europae
2536 3178 2792 3236 Priscum
2826 3185 2997 3233 creat.
3035 3175 3105 3229 At
3136 3189 3267 3231 vero
3292 3171 3519 3275 Priscus

1936 3276 2258 3333 Salvianum
2288 3274 2691 3347 subprtetorem
2716 3271 2923 3327 factum
2953 3282 3293 3345 prmcurrere
3310 3264 3475 3337 jussit
3499 3280 3519 3331 ;

1930 3379 1986 3425 et
2022 3380 2215 3426 contra
2258 3367 2534 3422 Barbaros
2574 3367 2942 3436 procedentes
2976 3362 3179 3419 bellum
3222 3360 3436 3424 ineunt,
3462 3368 3519 3413 et

1934 3464 2163 3518 vincunt
2192 3459 2450 3515 Romani.
2471 3459 2593 3526 Quo
2620 3458 2810 3513 audito
2835 3457 3118 3527 chaganns
3144 3452 3519 3525 potentatihns

1933 3556 2171 3627 sumptis
2202 3553 2536 3626 properabat
2583 3550 2650 3606 ad
2692 3550 2920 3606 bellum.
2956 3548 3027 3601 At
3062 3558 3192 3601 vero
3223 3544 3520 3599 Salvianus

1932 3650 2069 3706 visis
2118 3646 2577 3704 multitudiuibus
2634 3644 2979 3713 stupefactus
3030 3640 3096 3695 ad
3152 3638 3402 3693 Priscum
3459 3652 3521 3689 se

1932 3742 2189 3798 contulit.
2222 3739 2584 3811 Comperiens
2614 3746 2796 3792 autem
2820 3736 3108 3805 chaganus
3137 3731 3518 3785 Romanorum

1932 3850 2214 3892 recessum
2284 3833 2351 3886 ad
2411 3830 2690 3886 maritima
2745 3826 3067 3898 egreditur,
3129 3823 3391 3892 deinceps
3453 3820 3522 3874 ad

1934 3936 2190 3983 sanctum
2239 3923 2650 3988 Alexandrum,
2706 3930 2761 3977 et
2809 3921 2960 3975 hunc
3010 3918 3198 3973 omnia
3230 3914 3521 3971 devoranti

1934 4020 2164 4078 tradidit
2200 4019 2335 4089 igni.
2372 4016 2677 4072 Transiens
2716 4022 2899 4068 autem
2938 4013 2992 4066 in
3032 4009 3319 4080 Drizipera
3358 4022 3525 4064 cona-

1936 4122 2025 4167 tur
2055 4111 2432 4169 exterminare
2473 4124 2587 4163 rem
2634 4107 2939 4179 publicam,
2978 4102 3348 4159 devastatoria
3389 4116 3521 4169 ope-

1936 4214 2091 4260 ratus
2128 4205 2520 4259 instrumenta.
2549 4201 2616 4255 Hi
2650 4215 2781 4255 vero
2804 4200 2897 4269 qui
2932 4196 3215 4267 Driripera
3247 4194 3518 4254 habitant,

1936 4298 2149 4354 diutius
2180 4312 2210 4352 c
2236 4298 2458 4352 diverso
2478 4294 2651 4347 aciem
2680 4291 3007 4345 direxerant
3035 4307 3047 4342 :
3089 4302 3212 4342 nam
3246 4294 3302 4340 et
3332 4292 3521 4355 portas

1937 4390 2250 4459 aperientes
2300 4384 2662 4441 minabantur
2712 4380 2989 4436 Barbaros
3037 4376 3355 4440 debellare,
3394 4389 3519 4429 cum

1939 4491 2126 4537 essent
2178 4482 2233 4533 in
2286 4477 2581 4533 formidine
2643 4473 2881 4544 ingenti.
2938 4471 3095 4525 Tunc
3140 4483 3273 4539 ergo
3337 4467 3521 4522 divina

239 4563 301 4618 In
336 4560 664 4618 Perinthum
697 4570 963 4632 praeterea
1004 4563 1221 4633 navigio
1248 4564 1351 4619 iter
1381 4563 1613 4632 faciens,
1654 4566 1830 4621 ventis
1857 4557 1913 4618 D
1939 4571 2190 4643 quadam
2233 4570 2316 4626 eis
2351 4567 2634 4625 consuluit
2659 4564 2880 4620 virtus:
2932 4561 3113 4615 media
3158 4574 3400 4629 namque
3432 4556 3522 4614 die

242 4654 666 4711 vehementibus
700 4662 755 4711 et
792 4654 975 4726 pluvia
1018 4655 1162 4710 facta
1194 4656 1489 4727 nautisque
1528 4658 1831 4729 desperan-

242 4749 401 4803 tibus
432 4748 634 4818 scapha
672 4747 1025 4817 imperatoris
1068 4750 1478 4818 asportahatur,
1512 4749 1586 4804 ita
1612 4758 1672 4805 ut
1710 4752 1831 4806 ino~

241 4842 438 4913 pinate
462 4842 648 4897 salvus
690 4840 760 4896 ad
792 4840 998 4907 locum,
1036 4843 1131 4913 qui
1168 4842 1373 4899 dicitur
1410 4842 1704 4911 Daonium,
1742 4845 1831 4900 vix

242 4935 484 4990 veniret.
509 4932 679 4990 Nocte
700 4949 833 4990 vero
856 4935 949 4990 illa
975 4937 1299 4993 muliercula
1321 4937 1569 5008 pariebat
1596 4949 1649 4994 et
1672 4954 1836 4993 voces

247 5029 598 5085 miserabiles
637 5028 963 5097 emittebat;
997 5030 1236 5101 cumque
1268 5046 1432 5087 mane
1455 5032 1661 5087 factum
1696 5032 1835 5086 fuis-

249 5133 358 5189 set,
389 5124 543 5179 misit
586 5123 891 5193 imperator
930 5124 1119 5179 videre
1150 5124 1284 5195 quid
1316 5132 1464 5181 esset
1492 5125 1640 5197 quod
1688 5126 1838 5179 acci-

247 5219 434 5273 derat.
470 5216 532 5271 Et
564 5217 896 5271 invenerunt
930 5230 1159 5287 puerum
1213 5223 1427 5283 natum,
1465 5217 1754 5272 oculorum
1783 5224 1836 5270 ct

249 5310 645 5381 palpebrarum
691 5316 997 5377 exsortem,
1029 5324 1338 5379 manusque
1370 5324 1433 5364 ac
1466 5309 1690 5364 brachia
1724 5324 1833 5363 non

249 5403 588 5469 habentem;
624 5419 654 5456 a
694 5401 884 5456 lumbo
914 5409 1096 5456 autem
1127 5408 1247 5456 erat
1281 5400 1329 5456 ei
1371 5408 1429 5454 nt
1461 5400 1637 5455 cauda
1666 5400 1835 5471 piscis

246 5494 586 5552 naturaliter
608 5494 845 5551 haerens.
876 5492 996 5560 Quo
1019 5493 1139 5550 viso
1167 5492 1467 5565 imperator
1492 5493 1750 5564 praecepit
1777 5499 1837 5546 ut

1938 4664 2125 4718 videre
2150 4667 2482 4734 putaverunt
2504 4656 2747 4722 barbari,
2765 4653 3029 4710 Romanis
3052 4651 3352 4707 virtutibus
3369 4664 3526 4720 egre-

1939 4754 2217 4813 dientibus
2250 4752 2319 4808 ab
2362 4751 2522 4816 urbe,
2577 4748 2822 4804 futurum
2866 4745 2970 4802 sibi
3018 4745 3138 4801 fore
3180 4751 3239 4799 ut
3271 4758 3395 4799 cum
3441 4742 3524 4798 eis

1942 4846 2266 4905 conﬂictum
2299 4852 2679 4900 consererent.
2715 4838 2782 4895 Et
2816 4837 3158 4895 consternati
3204 4838 3333 4909 fuga
3378 4836 3525 4891 infa-

1945 4937 2155 5011 tigabili
2209 4935 2450 5009 fugiunt,
2504 4943 2559 4991 et
2613 4932 2756 5004 apud
2809 4930 3131 4987 Perinthum
3188 4928 3521 4985 efﬁciuntur.

1939 5032 2167 5088 Priscus
2184 5038 2390 5094 autem,
2420 5042 2521 5083 nec
2551 5026 2671 5081 visu
2702 5023 2926 5096 quidem
2956 5022 3103 5079 ferre
3137 5017 3524 5075 multitudines

1941 5125 2301 5181 barbarorum
2338 5122 2549 5185 valens,
2595 5119 2895 5176 Tzuruium
2946 5120 3232 5191 ingressus
3271 5121 3519 5170 castrum

1940 5215 2312 5271 muniebatur.
2338 5213 2440 5268 Ast
2475 5210 2748 5266 barbarus
2781 5207 3032 5265 Priscum
3074 5205 3330 5261 obsidere
3351 5215 3520 5257 cona-

1941 5308 2121 5363 batur.
2156 5304 2253 5361 His
2300 5304 2504 5361 auditis
2553 5302 2852 5359 Mauricius
2885 5299 3171 5357 haesitabat
3201 5295 3331 5370 quid
3379 5294 3521 5349 foret

1938 5397 2231 5470 agendum.
2295 5395 2450 5450 Tunc
2501 5394 2712 5465 optimo
2770 5392 2909 5446 inito
2975 5387 3214 5445 consilio
3276 5393 3524 5442 armatur

1939 5499 2133 5547 contra
2187 5490 2457 5547 infinitam
2493 5488 2859 5544 barbarorum
2891 5484 3177 5554 virtutem,
3209 5492 3263 5540 et
3299 5481 3396 5539 uni
3423 5494 3524 5539 ex-

1775 5648 2007 5705 NUT/E.

322 5817 442 5891 (39}
477 5819 818 5891 Auguriatns
843 5818 964 5876 cod.
996 5817 1232 5873 Gruteri.

2547 5764 2570 5792 Α
