4088 6446
659 388 681 453 1
693 389 800 453 283

1739 369 2146 433 ANAS’I‘ASII
2205 367 2837 434 BIBIJOTHECARII

3735 385 3841 455 128I

661 503 967 558 cubitorum
1023 489 1236 560 magnis
1309 488 1470 542 donis
1541 493 1706 554 atque
1778 483 2313 575 promissionibusA
2350 485 2676 557 imperatori
2734 485 2956 540 direxit.
3022 483 3319 554 Imperator
3372 498 3556 552 autem,
3605 495 3747 554 misso
3789 510 3840 558 ad

664 594 853 652 suadet
902 593 961 639 ut
994 591 1188 653 sponte
1222 583 1276 636 in
1317 581 1581 636 barbaros
1620 582 1816 645 irruat,
1843 579 2007 648 eique
2043 578 2138 631 dat
2168 576 2238 630 ad

654 681 905 735 Priscum
954 677 1164 732 litteras
1218 675 1569 730 continentes
1613 674 1730 728 haec
1771 689 1784 726 :
1835 670 2236 726 Gloriosissimo

650 773 868 843 μητίονί
920 769 1132 823 Prisco.
1185 768 1427 824 Nouium
1473 767 1828 822 barbarorum
1871 774 2123 820 conatum
2174 779 2238 817 ne

651 863 907 932 for-mides
937 876 958 915 :
994 861 1063 914 ad
1121 861 1472 929 perditionem
1505 860 1645 915 enim
1687 873 1872 913 eorum
1909 858 2112 927 factum
2157 863 2238 910 est

647 947 745 1010 hoc
771 970 790 1008 :
817 955 948 1008 scito
973 953 1116 1008 enim
1141 955 1265 1023 quia
1283 969 1401 1006 cum
1420 954 1590 1006 multa
1615 952 1928 1020 confusione
1950 957 2239 1004 revertetur

648 1051 919 1120 chaganus
952 1049 1007 1102 in
1041 1048 1309 1118 regionem
1340 1063 1456 1116 qua!
1483 1046 1588 1100 sibi
1617 1063 1649 1098 a
1679 1044 1936 1098 Romanis
1964 1051 2042 1097 est
2073 1040 2238 1110 depu-

646 1152 782 1196 tata.
824 1141 1115 1208 Propterea
1162 1147 1455 1207 perseveret
1490 1138 1663 1208 gloria
1695 1146 1789 1191 tua
1828 1150 1982 1204 penes
2021 1133 2238 1187 Taura-

645 1235 779 1300 lum,
807 1235 1199 1302 circumvagari
1230 1231 1432 1301 faciens
1472 1231 1596 1284 illos
1621 1243 1639 1282 :
1681 1229 1944 1282 mittimus
1971 1226 2112 1280 enim
2141 1239 2232 1293 per

647 1340 797 1377 mare
823 1340 1002 1388 rtaoes,
1026 1333 1077 1377 et
1105 1322 1490 1392 captioabimus
1517 1319 1755 1388 familias
1779 1333 1985 1382 eorum,
2007 1326 2052 1369 et
2083 1329 2233 1384 coge.

651 1425 739 1469 tur
763 1415 833 1468 ad
862 1418 1085 1485 propria
1120 1415 1434 1485 confusione
1464 1413 1694 1482 refertus
1729 1422 1888 1481 atque
1898 1411 2120 1479 jactura
2152 1425 2235 1462 re-

648 1510 804 1564 uerti.
826 1510 897 1564 At
913 1524 1043 1564 vero
1061 1509 1344 1578 cbaganus
1357 1507 1554 1562 litteris
1579 1505 2057 1576 comprehensiset
2081 1503 2236 1559 lectis

649 1609 855 1664 pavens
889 1594 1146 1660 etllcitnr,
1177 1605 1233 1650 et
1261 1595 1659 1666 sponsionibus
1723 1593 1969 1663 pacificis
2011 1592 2077 1646 ad
2121 1591 2236 1647 Pri.-

649 1705 804 1742 scum
837 1688 1126 1759 dispositis
1170 1689 1225 1742 in
1270 1687 1598 1742 muneribus
1635 1687 1832 1757 paucis
1865 1694 2032 1755 atque
2085 1685 2230 1739 indi-

643 1783 790 1851 guis,
833 1781 886 1834 in
935 1795 1092 1836 suam
1141 1788 1230 1835 est
1279 1787 1486 1836 terram
1525 1794 1652 1834 cum
1703 1777 1832 1849 fuga
1885 1778 2098 1848 potenti
2149 1791 2236 1832 re-

645 1884 897 1941 gressus.
1197 1917 1200 1920 .

717 1966 1024 2022 Undecimo
1071 1963 1288 2033 imperii
1310 1977 1460 2018 anno
1494 1962 1748 2018 Mauricii
1779 1961 2234 2033 llierosolymita-

643 2073 754 2114 nus
803 2059 968 2114 Amos
1013 2057 1248 2112 habetur
1307 2057 1622 2128 episcopus.
1681 2056 1988 2126 Imperator
2043 2061 2226 2110 autem

643 2151 894 2207 Priscum
946 2166 1073 2205 cum
1129 2149 1388 2205 omnibus
1422 2147 1688 2204 Romanis
1731 2147 2102 2218 potentatibus
2161 2146 2228 2201 ad

645 2243 848 2297 Istrum
909 2241 1136 2296 fluvium
1188 2239 1365 2302 misit,
1423 2248 1480 2292 ut
1525 2237 1912 2294 Selavinorum
1977 2238 2232 2294 nationes

645 2333 886 2389 transire
935 2331 1275 2403 prohiberet.
1316 2328 1440 2394 Quo
1487 2327 1632 2399 apud
1675 2327 2004 2384 Dorostolon
2049 2329 2233 2384 habito

642 2428 934 2496 cbaganus
957 2423 1064 2479 hoc
1093 2422 1369 2491 comperit
1391 2422 1520 2491 ;qui
1555 2421 1746 2490 legatis
1767 2419 1834 2474 ad
1852 2436 1976 2475 eum
2005 2419 2232 2476 directis

643 2517 987 2573 calumniam
1022 2514 1296 2570 inferebat
1325 2514 1596 2568 Romanis
1633 2513 1921 2570 exordium
1967 2513 2231 2568 dantibus

643 2610 798 2664 belli.
825 2608 1049 2666 Priscus
1073 2614 1257 2660 autem
1277 2605 1584 2662 excusabat
1609 2619 1692 2667 se,
1713 2605 1861 2674 quod
1891 2619 2000 2658 non
2021 2604 2231 2658 venerit

644 2703 918 2758 adversus
948 2700 1214 2756 barbaros
1236 2698 1644 2768 belligeratum,
1679 2695 1776 2754 sed
1805 2696 1953 2766 quod
1983 2695 2050 2750 ad
2080 2695 2232 2751 Scia-

641 2795 900 2852 vinorum
925 2792 1182 2848 nationes
1227 2806 1262 2844 a
1293 2789 1541 2862 principe
1564 2787 1733 2845 fuerit
1756 2787 2086 2844 destinatus.
2121 2788 2232 2842 Au-

641 2885 807 2942 diens
837 2892 1020 2940 autem
1042 2882 1274 2940 Priscus
1302 2880 1451 2953 quod
1468 2879 1816 2951 Ardngastus
1846 2879 2232 2936 multitudines

642 2977 1035 3034 Sclavinorum
1067 2976 1135 3032 ad
1165 2974 1525 3047 praedandum
1555 2972 1908 3043 disperserit,
1947 2973 2230 3028 transiens

641 3069 846 3126 Istrum
873 3069 1056 3124 media
1082 3076 1246 3140 nocte
1265 3067 1547 3137 inopinate
1565 3065 1872 3137 Ardagasto
1889 3067 2230 3137 conjunctus

641 3167 750 3219 est.
803 3161 875 3217 At
913 3173 1045 3215 vero
1096 3159 1440 3229 Ardagastus
1465 3157 1789 3212 discrimine
1813 3172 1981 3213 sense
2019 3158 2229 3214 nudum

645 3248 954 3305 ascendens
983 3263 1212 3319 equum,
1271 3247 1362 3302 vix
1409 3247 1598 3303 salvus
1636 3246 1837 3311 erasit,
1885 3247 2231 3319 Romanique

645 3339 1098 3397 multitudinibus
1142 3338 1524 3396 Sclavinorum
1571 3339 1774 3395 occisis
1798 3379 1814 3406 ,
1852 3351 1906 3396 et
1934 3339 2229 3412 Ardagasti

643 3431 871 3502 regione
918 3444 1202 3500 perversa,
1243 3429 1485 3501 praedam
1525 3431 1812 3500 copiosam
1857 3441 2076 3501 captam
2120 3431 2228 3501 By-

645 3525 889 3581 zantium
937 3539 1034 3596 per
1079 3523 1424 3580 'I‘atemercm
1481 3523 1827 3578 direxerant.
1885 3522 2060 3580 Porro
2099 3539 2227 3580 cum

643 3617 900 3673 'I‘atemer
929 3616 1223 3689 expeditus
1255 3617 1360 3672 iter
1389 3614 1605 3672 faciens
1627 3613 1885 3671 ebrietati
1915 3631 2039 3672 sese
2063 3625 2230 3688 atque

640 3711 858 3766 deliciis
889 3710 1154 3776 traderet,
1189 3709 1576 3764 Sclavinorum
1606 3711 1810 3764 incum
1843 3711 2228 3766 multitudines

642 3806 901 3871 irruunt;
929 3803 1022 3873 qui
1051 3803 1344 3858 formidine
1371 3818 1599 3874 pressus
1621 3802 1882 3872 fugiendo
1903 3801 2226 3874 Byzantium

643 3895 819 3950 venit.
852 3895 954 3949 Ast
1006 3894 1266 3958 Romani,
1323 3894 1568 3964 quicum
1623 3895 1746 3964 ipso
1777 3894 2020 3959 fuerant,
2048 3895 2228 3950 valide

643 3986 924 4041 Sclavinis
963 3984 1166 4042 infensi
1207 3985 1463 4041 obtinent
1498 3986 1907 4057 gloriosissime
1935 3986 2226 4051 barbaros,

641 4088 694 4132 et
722 4077 1101 4148 captivitatem
1129 4079 1340 4133 salvam
1372 4078 1697 4148 imperatori
1732 4087 2093 4147 praesentant.
2121 4077 2227 4145 Qui

645 4171 859 4224 laetatus
905 4169 1183 4240 gratificos
1227 4167 1340 4224 Deo
1374 4169 1610 4241 hymnos
1651 4185 1757 4224 una
1803 4185 1928 4225 cum
1979 4178 2089 4226 tota
2131 4170 2229 4225 ob-

646 4262 770 4315 tulit
806 4261 963 4316 urbe.
992 4261 1218 4317 Priscus
1247 4277 1377 4316 vcro
1399 4261 1600 4316 ﬁducia
1633 4260 1810 4317 fretus
1837 4262 1904 4317 ad
1931 4250 2228 4320 interiores

644 4349 1028 4407 Sclavinornm
1084 4362 1272 4422 partes
1333 4351 1594 4409 accessit.
1665 4351 1833 4425 Gipes
1881 4363 2088 4423 autem,
2145 4355 2228 4411 vir

639 4443 967 4500 Christianae
1001 4444 1310 4514 religionis,
1338 4442 1718 4514 transfugiens
1749 4441 1818 4497 ad
1850 4441 2133 4500 Romanos
2172 4450 2228 4499 et

2342 579 2589 634 Priscum
2619 576 2928 646 'I‘atemere,
2950 577 3107 646 jubet
3145 575 3256 630 illic
3277 586 3386 633 toto
3419 579 3620 637 hiemali
3645 594 3846 661 tempore

2339 669 2670 726 commorari
2700 669 3004 725 Romanos.
3033 668 3156 735 Quo
3184 677 3459 740 comperto
3504 674 3710 734 Romani
3731 697 3837 739 con.

2341 765 3114 829 tradicebant,asseverantes
3141 761 3194 816 id
3223 776 3330 816 non
3358 778 3515 834 posse
3533 767 3640 824 fieri
3666 787 3842 845 propter

2340 857 2531 927 copias
2559 856 2946 919 Barbarormn,
2977 863 3034 910 et
3067 869 3165 925 pro
3192 870 3257 910 co
3279 857 3422 926 quod
3453 861 3594 931 regio
3621 876 3747 920 esset
3763 870 3842 926 sibi

2341 951 2480 1006 satis
2543 950 2795 1006 adversa.
2859 947 3089 1005 Priscus
3132 964 3263 1005 vero
3310 951 3487 1008 verbis
3537 963 3845 1024 persuasoriis

2341 1042 2490 1097 ﬂexit
2539 1058 2635 1099 eos
2667 1042 2870 1099 ibidem
2920 1043 3169 1098 hiemare
3195 1043 3597 1116 jussionemquc
3631 1051 3844 1124 principis

2339 1149 2749 1190 consummare.

2410 1225 2599 1280 Tertio
2632 1224 2850 1280 decimo
2875 1224 3092 1295 imperii
3144 1223 3390 1280 Mauricii
3421 1240 3580 1292 anno,
3615 1244 3713 1298 qus
3734 1234 3844 1289 ride-

2340 1317 2471 1370 licet
2516 1323 2844 1386 tempestate
2871 1316 3176 1387 Gregorius
3211 1317 3533 1383 Romanam,
3581 1319 3842 1379 Constanti-

2341 1408 2714 1478 nopolitanam
2765 1407 3036 1479 Cyriacus
3064 1420 3120 1465 et
3167 1409 3412 1464 secundo
3434 1411 3737 1468 Anastasius
3766 1414 3842 1469 Διι-

2342 1501 2652 1555 tiocbenam
2683 1502 2912 1570 regebat
2955 1499 3284 1564 Ecclesiam,
3338 1512 3628 1556 nascuntur
3655 1506 3845 1576 prodigia

2340 1593 2395 1646 in
2432 1590 2773 1647 suburbanis
2803 1590 3075 1662 Byzantii,
3119 1606 3257 1662 puer
3307 1592 3550 1647 videlicet
3575 1594 3843 1665 quadrupes,

2337 1691 2393 1740 et
2413 1685 2555 1740 alter
2599 1684 2740 1741 duos
2768 1687 3006 1740 vertices
3042 1685 3274 1740 habens.
3306 1684 3469 1739 Aiunt
3507 1695 3676 1741 autem
3703 1686 3749 1740 bi
3780 1690 3846 1758 qui

2341 1779 2600 1834 historias
2643 1776 2900 1848 diligenti
2943 1776 3130 1831 studio
3171 1775 3446 1842 scribunt,
3479 1792 3580 1831 non
3607 1778 3847 1847 significari

2262 1876 2307 1932 Β
2339 1871 2480 1926 bona
2507 1870 2836 1926 civitatibus
2889 1869 2943 1924 in
2973 1870 3178 1940 quibus
3229 1877 3527 1924 nascuntur
3573 1871 3847 1938 huiusmodi.

2336 1962 2406 2016 At
2423 1977 2556 2018 vero
2582 1963 2882 2033 imperator
2921 1961 3171 2018 Priscum
3207 1970 3441 2032 prattura
3472 1962 3659 2032 privat,
3696 1971 3742 2018 et
3766 1964 3840 2018 Pe-

2336 2045 2734 2107 trum'fratrem
2780 2067 2942 2108 suum
2976 2061 3268 2123 praetorem
3301 2053 3556 2108 Romanae
3583 2051 3698 2107 fecit
3725 2053 3850 2107 virtu-

2337 2147 2430 2201 tis.
2486 2143 2676 2215 ltaque
2731 2145 2958 2200 Priscus
3019 2145 3244 2216 quidem
3309 2143 3600 2200 virtutibus
3643 2146 3848 2214 stnnptis,

2335 2239 2656 2308 priusquam
2689 2236 2884 2294 Petrus
2929 2239 3265 2308 pervenisset
3297 2278 3315 2305 ,
3347 2245 3638 2294 transmeat
3664 2253 3848 2292 amnem.

2333 2329 2629 2400 Cbaganus
2656 2339 2840 2384 autem
2883 2331 3118 2384 transitur
3144 2329 3378 2384 Romani
3419 2331 3599 2384 audito
3629 2330 3850 2384 exercitus

2335 2421 2493 2476 valde
2543 2421 2774 2475 miratus
2828 2429 2937 2486 cst,
2986 2430 3041 2477 et
3089 2421 3155 2476 ad
3184 2421 3434 2477 Priscum
3486 2421 3647 2482 misit,
3686 2420 3852 2475 discere

2335 2527 2562 2567 causam
2597 2528 2875 2582 quaerens,
2911 2521 2964 2568 et
2989 2513 3185 2582 praeda:
3209 2528 3432 2568 sumere
3465 2521 3680 2582 partem,
3708 2511 3854 2580 sicque

2335 2613 2548 2659 munem
2579 2606 2814 2660 transire
2843 2622 2856 2657 :
2891 2607 3054 2661 nimis
3083 2607 3230 2660 enim
3261 2606 3520 2661 szeviebat
3545 2619 3696 2674 super
3720 2603 3850 2657 felici-

2335 2695 2539 2749 tatibus
2566 2695 2966 2751 Romanorum.
2997 2697 3170 2751 Mittit
3196 2712 3332 2766 ergo
3356 2697 3574 2752 Priscus
3608 2711 3753 2765 super
3777 2695 3852 2747 hoc

2337 2788 2404 2842 ad
2429 2789 2740 2859 chaganum
2779 2789 3018 2860 legatum
3053 2789 3441 2854 Theodorum,
3471 2790 3705 2845 videlicet
3728 2789 3854 2842 medi-

2334 2896 2458 2935 cum
2511 2881 2815 2952 sagacitate
2859 2897 2925 2936 ac
2975 2882 3340 2954 intelligentia
3389 2892 3740 2954 perornatum.
3775 2881 3855 2934 Iste

2333 2973 2528 3030 videns
2557 2973 2869 3044 ehaganum
2899 2989 3094 3046 magna
3129 2975 3441 3046 sapientem
3471 2975 3854 3046 responsionem-

2333 3083 2441 3138 que
2468 3067 2773 3136 iactantius
2795 3067 3088 3124 facientem
3111 3068 3317 3139 (minas
3345 3070 3490 3125 enim
3521 3065 3852 3138 praetendebat,

2334 3174 2395 3214 se
2437 3167 2764 3214 cunctarum
2829 3175 2955 3216 esse
2998 3161 3243 3231 gentium
3324 3159 3605 3216 dominum
3656 3156 3855 3226 jactans)

2334 3252 2658 3307 narratione
2707 3254 2876 3309 veteri
2937 3253 3210 3324 mitigavit
3263 3251 3612 3309 barbaricum
3656 3250 3852 3322 typhum.

2308 3343 2422 3397 oAit
2449 3341 2594 3396 enim
2624 3358 2637 3396 :
2677 3341 2842 3409 Audi,
2901 3343 3158 3415 cltagane,
3201 3344 3499 3414 proﬁcuum
3529 3345 3854 3398 narrationem.

2333 3434 2588 3490 Sesostris
2623 3434 3004 3506 Afgyptiorum
3048 3452 3142 3490 rex
3175 3437 3413 3492 illustris
3448 3448 3498 3492 et
3547 3435 3719 3506 oppido
3742 3431 3854 3503 felix,

2333 3529 2522 3597 opibus
2557 3529 2740 3582 clarus
2787 3537 2838 3583 et
2869 3529 3272 3599 inexpugnabili
3303 3537 3600 3597 potentatu,
3647 3525 3855 3596 plurimas

2330 3629 2380 3674 et
2437 3620 2670 3692 ingentes
2723 3622 2965 3676 servituti
3010 3622 3254 3677 nationes
3289 3623 3516 3693 redegit.
3575 3619 3710 3673 Unde
3749 3615 3856 3670 etin

2332 3715 2702 3783 arrogantiam
2761 3730 2939 3780 ruens,
2994 3730 3158 3768 curru
3197 3714 3504 3770 adhaerente
3549 3712 3648 3768 sibi
3685 3725 3792 3764 auro
3819 3717 3854 3758 et

2333 3804 2602 3871 lapidibus
2657 3805 2904 3874 pretiosis
2950 3814 3278 3871 constructo,
3323 3805 3471 3860 sedet
3502 3820 3653 3873 super
3677 3817 3793 3862 eum,
3819 3807 3853 3850 et

2331 3892 2528 3966 subigit
2572 3895 2708 3967 jugo
2756 3912 2821 3952 ea:
2882 3898 3146 3967 superatis
3191 3898 3402 3968 regibus
3447 3907 3671 3968 quatuor
3697 3891 3851 3946 trahere

2330 4003 2574 4044 currum.
2625 3987 2864 4059 Curaque
2913 3989 3012 4044 hoc
3049 3991 3200 4060 ﬁeret
3253 3992 3310 4045 in
3369 3990 3568 4060 insigni
3607 3986 3847 4058 festit'itult,

2331 4095 2467 4134 unus
2489 4095 2555 4134 ex
2581 4089 2814 4151 quatuor
2847 4081 3059 4152 regibus
3092 4082 3398 4153 frequenter
3449 4082 3652 4137 oculum
3681 4075 3844 4133 berlebt!

2331 4183 2644 4238 retrorsum,
2667 4183 2716 4229 et
2743 4174 3206 4245 contemplabatur
3236 4186 3434 4243 rotam,
3456 4192 3574 4230 cum
3601 4173 3850 4228 miseretur.

2331 4265 2501 4330 Quem
2531 4263 2792 4321 Sesostris
2814 4277 3192 4338 percunctatus
3217 4268 3295 4323 ait
3321 4285 3342 4323 :
3374 4287 3396 4324 ι
3435 4269 3547 4325 Cur
3571 4273 3682 4338 post
3704 4275 3854 4332 tergm

2331 4359 2562 4424 oﬂirmas
2589 4360 2768 4416 oculos
2788 4363 2814 4416 7
2851 4378 2872 4413 ι
2898 4360 2968 4416 At
3001 4361 3094 4416 ille
3126 4379 3145 4418 :
3179 4381 3198 4415 t
3235 4360 3414 4424 lianc,
3447 4381 3468 4415 ι
3492 4361 3672 4432 inquit,
3693 4377 3710 4410 t
3730 4363 3855 4410 rotam

2331 4452 2500 4507 miror
2533 4453 2859 4518 instabilem,
2891 4462 2941 4512 et
2974 4454 3116 4509 alias
3149 4463 3306 4524 atque
3336 4455 3500 4509 aliter
3523 4469 3577 4507 se
3603 4456 3855 4506 moventem.

641 4539 947 4610 ingressum
1003 4539 1271 4595 Romanis
1297 4537 1550 4622 ostendit
1606 4545 1661 4594 et
1713 4537 1984 4594 barbaros
2025 4539 2223 4594 tenuit.
2253 4552 2380 4624 Det
2403 4545 2558 4599 modo
2587 4545 2797 4600 excelsa
2843 4546 3237 4612 ltumiliantem,
3280 4563 3470 4601 rursus
3513 4543 3724 4600 humilia
3745 4535 3859 4594 exal-

643 4634 830 4703 ltaque
893 4630 1120 4704 Gipedis
1177 4619 1493 4703 proditione
1545 4630 1906 4686 transfretato
1965 4630 2226 4700 ﬂumine,

641 4724 869 4782 PriScus
891 4724 1070 4781 media
1099 4733 1261 4780 nocte
1276 4725 1483 4795 reperit
1509 4723 1817 4778 Musacium
1855 4723 2228 4780 Barbarorutn

643 4831 854 4884 regem,
913 4815 1179 4872 ebrietate
1234 4827 1560 4887 corruptum
1605 4833 1622 4870 :
1675 4814 1962 4870 funebrem
2025 4817 2230 4886 quippe

643 4906 851 4978 preprii
886 4904 1074 4961 fratris
1117 4905 1435 4962 celebrabat
1475 4905 1870 4973 festivitatem;
1921 4921 2033 4976 quo
2073 4921 2230 4962 com-

645 4998 919 5076 prehenso
969 4996 1094 5051 vivo
1126 4994 1329 5051 caedem
1378 4996 1434 5050 in
1500 4995 1759 5051 Barbaris
1800 5003 2067 5066 operatus
2118 5005 2230 5061 est,

646 5092 926 5162 turritaque
955 5090 1182 5162 copiosa
1211 5090 1396 5162 praeda
1437 5099 1601 5161 capta
1656 5089 1910 5144 ebrietati
1945 5105 2067 5145 sese
2102 5105 2231 5160 pro-

647 5185 786 5236 dunt
816 5191 870 5237 et
895 5183 1154 5253 crapulae.
1187 5181 1393 5236 Attum
1447 5181 1668 5236 barbari
1707 5179 2020 5235 coacervati
2051 5179 2228 5234 victu-

650 5275 802 5330 ribus
855 5275 1181 5340 imminent,
1261 5273 1514 5342 ioretque
1565 5272 1888 5328 vicissitudo
1945 5273 2229 5341 reciproca

647 5367 980 5438 praecedenti
1015 5368 1277 5423 virilitate
1312 5365 1530 5431 saevior,
1591 5365 1697 5420 nisi
1749 5364 1932 5419 Genzo
1988 5362 2227 5433 pedestri

646 5461 852 5516 virtute
881 5459 1256 5516 Romanorum
1330 5460 1596 5516 insistens
1625 5473 1809 5530 pugna
1856 5457 1982 5512 forti
2039 5456 2228 5528 probi.

648 5553 860 5608 buissct
889 5554 1126 5625 impetus
1156 5553 1553 5610 Barbarorum.

716 5644 1050 5701 Duodecimo
1085 5646 1299 5716 imperii
1338 5646 1587 5701 Mauricii
1620 5663 1783 5712 anno,
1831 5646 1956 5701 cuin
1997 5644 2225 5701 Priscus

643 5735 840 5790 iterum
872 5738 938 5790 ad
965 5737 1162 5793 Istrum
1227 5738 1570 5808 pervenisset
1607 5748 1908 5810 gentesque
1933 5738 2226 5794 Sclavino-

648 5842 770 5881 rum
820 5828 1164 5898 depraedatus
1219 5829 1434 5894 fuisset,
1490 5831 1634 5887 haud
1688 5833 1964 5888 modicam
2012 5840 2224 5903 partem

2336 4647 2557 4694 tantent.
2583 4657 2602 4689 ι
2642 4637 2712 4692 At
2744 4654 2862 4692 vero
2894 4636 3158 4694 Sesostris
3196 4636 3517 4705 parabolam
3563 4632 3859 4701 intelligente

2334 4730 2798 4797 animadvertetis,
2829 4731 2993 4801 legem
3027 4732 3204 4799 posuit
3238 4746 3302 4786 ne
3325 4745 3542 4784 currum
3590 4740 3722 4797 reges
3755 4719 3858 4774 ulte-

2335 4822 2448 4876 rius
2481 4822 2773 4876 traherent.
2834 4820 2935 4877 His
2973 4822 3258 4893 chaganus
3300 4820 3508 4877 auditis
3557 4815 3786 4875 subrisit,
3822 4817 3861 4862 ει

2334 4915 2411 4968 ait
2449 4928 2509 4970 se
2536 4929 2724 4985 pacem
2758 4913 2986 4969 sectari.
3019 4913 3244 4971 Priscus
3266 4923 3449 4971 autem
3496 4902 3733 4983 cbagano
3767 4902 3858 4959 red-

2332 5003 2472 5060 didit
2513 5019 2614 5076 pro
2665 5005 2906 5062 transitu
2957 5006 3224 5076 praedam,
3276 5015 3330 5062 et
3379 5004 3598 5063 exuviis
3652 4995 3860 5056 omnibus

2332 5099 2569 5170 sumptis
2625 5099 2748 5155 sine
2792 5099 3085 5170 dispendio
3140 5113 3358 5154 amnem
3410 5096 3680 5153 transivit.
3731 5090 3860 5145 Porro

2331 5191 2614 5262 chaganus
2659 5183 2746 5246 his
2775 5191 3054 5262 susceptis
3107 5191 3400 5264 magniﬁce
3444 5188 3740 5244 lmtabatur.
3772 5177 3858 5232 Pii-

2331 5296 2461 5338 scus
2511 5279 2839 5353 Byzantium
2873 5281 3054 5350 venit,
3109 5290 3165 5339 et
3217 5279 3413 5339 Petrus
3452 5288 3740 5352 przeturam
3769 5286 3864 5327 sus-

2329 5373 2496 5443 cepit.

2401 5461 2613 5526 Quarto
2635 5460 2851 5518 decimo
2879 5463 3096 5534 imperii
3124 5463 3210 5518 sui
3249 5462 3580 5533 annojussit
3611 5451 3866 5514 Mauricius

2330 5550 2495 5606 Petro
2522 5552 2739 5621 przetori
2775 5561 2837 5607 ut
2869 5554 3091 5608 tertiam
3125 5554 3432 5623 portionem
3457 5565 3602 5621 roga:
3631 5549 3682 5604 in
3704 5558 3820 5598 auro
3843 5553 3866 5592 a

2331 5645 2596 5700 Romanis
2640 5647 2937 5715 acciperet,
2976 5654 3030 5702 et
3068 5647 3286 5701 tertiam
3331 5647 3384 5701 in
3430 5645 3622 5708 armis,
3660 5650 3710 5696 ct
3735 5637 3864 5691 aliam

2331 5737 2550 5793 tertiam
2577 5738 2630 5792 in
2658 5739 3006 5794 vestimentis
3034 5739 3294 5794 diversis.
3329 5738 3518 5808 Itaque
3540 5733 3754 5793 Romani
3788 5730 3865 5781 hoc

2329 5831 2518 5887 audito
2563 5834 2627 5887 ad
2670 5833 3014 5903 tyrannidem
3045 5833 3423 5891 vertebantur.
3451 5830 3657 5886 Praetor
3678 5817 3865 5881 rerotio
