4088 6428
306 359 445 428 1285

1096 363 1464 425 HISTORIA
1493 361 2069 424 ECCLESIASTICA
2105 363 2206 422 Ex
2247 351 2731 428 THEOPHANE‘.

3436 371 3570 438 1586

302 493 462 532 meus
517 475 898 532 satisfaciebat
941 477 1054 548 (40)
1096 479 1366 534 militibus
1397 479 1498 534 hoc
1528 493 1716 534 verum
1768 492 1878 532 non
1916 481 1960 538 Α
1990 481 2058 531 At
2085 490 2214 532 vero
2239 475 2436 532 Petrus
2459 477 2644 548 verbis
2666 478 2999 537 scduetoriis
3021 496 3282 537 ususnon
3307 498 3366 538 se
3395 487 3570 542 scisse

295 585 446 635 esse.
477 580 530 625 et
560 570 858 626 exhibebat
883 571 1224 628 exercitibus
1252 573 1391 626 alias
1416 573 1657 636 litteras,
1684 571 1882 642 juben-

297 672 385 720 tes
415 663 520 718 sibi
553 671 827 734 quatenus
857 665 914 719 bi
943 666 1036 735 qui
1078 665 1244 721 fortia
1283 674 1572 738 gesserant
1605 676 1661 722 et
1687 667 1754 722 de
1787 681 1882 736 pe—

299 754 493 810 riculis
525 755 940 826 triumpharunt
969 757 1026 811 in
1057 758 1289 813 urbibus
1312 773 1529 813 stunma
1557 757 1748 828 requie
1783 773 1883 828 po-

300 848 565 915 tirentur,
600 848 671 904 de
695 849 934 920 publicis
959 851 1274 920 sumptibus
1301 853 1444 905 inter
1473 865 1635 906 senes
1674 850 1880 916 alendi,

298 941 457 1010 pueri
485 955 618 996 vero
657 941 895 996 militum
926 943 980 997 in
1025 942 1164 998 locis
1207 945 1556 1013 propriorum
1592 949 1882 1013 parentum

299 1033 778 1101 inscriberentur;
803 1035 1009 1105 talique
1035 1037 1262 1092 suadela
1295 1037 1556 1108 pupulum
1589 1035 1881 1106 mitigavit,

296 1132 357 1176 et
403 1123 680 1180 Caesarem
739 1127 896 1180 bona:
939 1125 1098 1181 fama:
1148 1129 1426 1197 praeconio
1477 1127 1881 1206 laudaret-unt.

297 1213 427 1274 [hac
459 1226 641 1272 autem
675 1216 870 1274 Petrus
899 1217 1222 1289 imperatori
1249 1218 1884 1289 denuntiavit.Cumque

298 1307 543 1362 venisset
565 1308 1038 1381 Marcianopolim,
1075 1312 1266 1381 dirigit
1296 1313 1443 1367 mille
1489 1327 1876 1383 prmcessuros.

299 1396 366 1451 lii
395 1403 630 1469 repertis
653 1399 924 1456 Sclavinis
960 1403 1192 1456 multam
1217 1403 1552 1459 ducentibus
1579 1404 1880 1458 Romanam

294 1490 565 1560 praedam,
623 1491 722 1546 hos
779 1492 1140 1562 insequentes
1192 1493 1538 1558 occiderunt,
1601 1494 1882 1563 multaque

295 1580 483 1652 praeda
525 1592 745 1652 recepta
777 1583 1040 1638 Romaica
1071 1585 1359 1639 redierunt
1379 1583 1444 1638 ad
1477 1599 1629 1640 rura.

369 1671 574 1728 Eodem
601 1689 731 1729 vero
761 1689 909 1731 anno
939 1676 1254 1731 construxit
1284 1677 1589 1747 imperator
1611 1677 1877 1732 solarium

294 1763 612 1834 Magnaurac
641 1767 963 1835 rotundum,
982 1775 1038 1822 et
1065 1767 1122 1822 in
1157 1768 1338 1824 medio
1370 1769 1517 1826 atrio
1537 1770 1658 1840 ejus
1682 1770 1879 1828 statuit

292 1864 534 1912 statuam
565 1872 746 1923 suam,
788 1866 844 1914 et
875 1860 991 1914 illic
1019 1861 1652 1931 posuitarmamentum.

368 1949 574 2016 Quinto
604 1951 820 2006 decimo
857 1952 1076 2023 imperii
1105 1952 1360 2009 Mauricii
1413 1969 1562 2010 anno
1587 1950 1755 2010 Petro
1788 1971 1882 2010 ve-

294 2043 578 2097 nationem
613 2048 896 2100 excrcenti
944 2061 1042 2102 sus
1074 2047 1314 2116 agrestis
1355 2047 1574 2102 obviam
1609 2049 1879 2113 occurrit,

291 2134 604 2206 pedemque
627 2136 806 2208 ipsius
836 2138 904 2193 ad
937 2138 1193 2194 arborem
1229 2139 1648 2211 conquassavit,
1690 2152 1745 2195 et
1775 2141 1882 2194 im-

290 2227 664 2296 portabilibus
697 2228 810 2301 (41)
841 2229 1130 2286 doloribus
1151 2231 1326 2286 multo
1365 2239 1614 2302 tempore
1647 2233 1877 2302 languit.

287 2317 399 2372 Ast
427 2305 726 2388 imperator
752 2322 957 2377 litteris
983 2305 1248 2391 pessimis
1280 2333 1336 2378 et
1368 2321 1729 2393 imprOperiis
1756 2339 1882 2394 gra-

290 2410 457 2466 vibus
477 2411 527 2467 ei
555 2411 820 2478 detraxit,
870 2414 1060 2469 audito
1093 2415 1239 2484 quod
1274 2415 1463 2470 multa:
1495 2413 1880 2470 Sclavinorum

286 2513 486 2572 gentes
521 2502 728 2558 fuerint
759 2513 957 2560 contra
989 2504 1318 2576 Byzantium
1342 2517 1524 2562 motae.
1551 2507 1754 2563 Petrus
1779 2524 1880 2562 au-

290 2606 405 2650 tem
444 2605 675 2654 coactus
710 2595 893 2653 Novas
921 2601 1192 2669 pervenit.
1229 2599 1292 2652 lli
1325 2615 1455 2654 vero
1483 2601 1578 2670 qui
1618 2609 1777 2656 erant
1813 2602 1882 2656 de

287 2687 538 2754 civitate,
576 2705 681 2746 una
713 2705 842 2746 cum
871 2691 1212 2762 ignobilibus
1240 2692 1511 2749 militibus
1533 2699 1588 2747 et
1617 2693 1880 2762 episcopo

291 2783 516 2850 prtetori
558 2784 774 2838 obviam
797 2787 1062 2853 veniunt;
1105 2800 1247 2856 quos
1299 2792 1505 2853 praeter
1537 2785 1797 2851 intuitus,
1825 2798 1882 2840 ct

290 2888 450 2928 arma
476 2889 669 2930 eorum
695 2890 762 2930 ac
787 2874 1172 2932 fortitudinem
1201 2875 1533 2941 admiratus,
1556 2875 1717 2945 jubet
1743 2877 1882 2932 urbe

288 2965 526 3021 dimissa
556 2967 818 3032 Romanae
843 2967 1064 3026 misceri
1085 2975 1346 3023 catervae.
1372 2966 1580 3024 Milites
1599 2975 1786 3022 autem
1811 2965 1882 3022 ad

289 3059 540 3116 civitatis
596 3061 908 3116 custodiam
936 3060 1179 3117 ordinati
1213 3060 1318 3116 hoc
1357 3073 1524 3131 agere
1554 3067 1876 3115 renuerunt.

289 3149 437 3204 Tum
461 3163 672 3222 .prmtor
704 3153 761 3208 in
794 3151 1039 3209 furorem
1092 3167 1285 3209 versus
1339 3151 1638 3208 destinavit
1666 3151 1880 3207 Genzo—
1907 3174 1954 3240 α

293 3258 422 3299 nem
459 3259 565 3299 una
595 3260 722 3300 cum
758 3245 1113 3301 multitudine
1145 3246 1406 3300 militum.
1436 3244 1538 3312 Qui
1569 3245 1672 3298 hoc
1704 3258 1876 3314 agno-

289 3342 514 3390 scentes
563 3335 935 3408 confugerunt
965 3338 1019 3391 in
1048 3337 1368 3403 ecclesiam,
1417 3342 1475 3392 et
1507 3337 1706 3391 clauso
1729 3335 1882 3393 ostio

292 3426 486 3496 templi
536 3429 984 3498 perseverabant.
1045 3425 1232 3485 Genzo
1261 3442 1392 3484 vero
1436 3442 1537 3499 pro
1568 3428 1880 3484 reverentia

289 3520 485 3590 templi
527 3519 779 3576 ineﬂicax
822 3522 1012 3578 rediit.
1051 3521 1248 3578 Petrus
1297 3531 1485 3577 autem
1519 3522 1692 3592 iratus
1730 3520 1879 3578 Gen-

289 3625 490 3664 zonem
517 3626 546 3666 a
569 3619 816 3682 praetura
839 3613 1090 3684 deponit,
1123 3622 1180 3671 et
1213 3615 1387 3670 misso
1417 3613 1694 3670 Scribone
1718 3615 1878 3685 igno-

290 3703 534 3759 miniose
572 3705 641 3760 ad
664 3721 726 3762 se
748 3707 1072 3779 episcopum
1099 3708 1259 3778 jubet
1280 3707 1503 3764 adduci.
1533 3707 1707 3764 Porro
1729 3709 1880 3764 cives

287 3795 512 3850 collecti
544 3795 872 3855 Scribonem
927 3813 1054 3855 cum
1103 3799 1375 3856 dedecore
1406 3799 1544 3855 urbe
1573 3798 1876 3869 depellunt,

286 3891 458 3960 cujus
489 3891 763 3947 obseratis
803 3894 978 3964 portis
1015 3893 1341 3949 Mauricium
1373 3891 1599 3964 quidem
1636 3889 1877 3960 impera-

290 3990 468 4034 torem
502 3981 760 4038 laudibus
791 3982 1051 4050 ell'erunt,
1074 3992 1365 4051 praetorem
1395 3992 1580 4039 autem
1608 3979 1880 4037 conviciis

287 4074 607 4141 cumulant;
639 4075 832 4146 sicque
883 4091 1010 4130 cum
1048 4076 1350 4146 opprobrio
1376 4075 1574 4132 Petrus
1617 4075 1747 4130 inde
1788 4089 1879 4129 re-

290 4165 486 4218 cessit.
517 4164 811 4222 Prazmittit
845 4175 1113 4238 prazterea
1147 4169 1296 4224 mille
1346 4167 1418 4223 ad
1457 4169 1878 4238 explorandum,

289 4245 391 4326 Qui
433 4255 698 4328 Vulgares
736 4269 1160 4331 consequuntur
1207 4275 1438 4315 numero
1469 4261 1640 4314 inille.
1675 4259 1876 4315 Verum

296 4348 564 4418 Vulgares
595 4351 678 4407 fisi
711 4368 878 4423 super
910 4367 1045 4424 pace
1078 4353 1313 4423 chagani
1346 4353 1528 4408 securi
1557 4353 1875 4423 pergebant.

295 4439 539 4509 [tertiani
596 4453 781 4501 autem
834 4445 890 4499 in
922 4445 1195 4515 Vulgares
1259 4433 1522 4516 impetum
1565 4445 1876 4512 faciebant;

1990 567 2290 622 motionem
2345 567 2598 638 afﬁrmat,
2661 571 2904 642 duplicia
2953 579 3138 628 tamen
3193 575 3328 631 dare
3395 579 3569 647 spolia

1989 662 2244 718 universa
2293 673 2588 733 procurat;
2621 665 2814 735 sicque
2848 665 3078 721 Barbari
3111 667 3338 722 amissis
3373 669 3570 738 spoliis

1986 755 2156 827 dupla
2191 769 2350 812 sorte
2381 758 2624 828 receptis
2663 757 2780 828 paci
2803 760 3122 814 consulunt.
3152 759 3352 816 Petrus
3377 771 3572 817 contra

1984 848 2341 920 Peregastum
2393 851 2783 906 Sclavinorum
2830 853 3128 908 exat-chum
3185 865 3479 924 properat;
3516 867 3572 909 et

1985 937 2213 994 Barbari
2244 942 2404 998 circa.
2427 941 2602 1012 ripam
2633 940 2880 998 fluminis
2911 943 3040 998 huic
3071 943 3218 999 obvii
3273 944 3400 1000 facti
3439 960 3569 1016 pro-

1986 1032 2250 1088 bibebant
2275 1034 2531 1090 transire.
2565 1035 2804 1090 Romani
2836 1051 2966 1092 vero
2987 1051 3017 1090 a
3043 1036 3206 1093 fretis
3235 1039 3568 1109 sagittantes

1985 1121 2089 1178 hos
2119 1132 2480 1192 averterunt;
2511 1126 2717 1195 quibus
2741 1126 2799 1181 in
2835 1126 3018 1198 fugam
3049 1129 3230 1185 versis
3261 1131 3569 1198 percutitur

1986 1214 2084 1270 ilio
2121 1215 2480 1287 Peregastus,
2537 1225 2592 1272 et
2639 1217 2899 1273 moritur.
2957 1218 3336 1275 Transeuntes
3383 1231 3568 1274 autem

1986 1308 2220 1364 Romani
2254 1308 2496 1379 praedam
2521 1309 2753 1365 multam
2789 1319 3140 1380 receperunt,
3168 1321 3224 1366 et
3251 1312 3318 1366 ad
3343 1313 3566 1382 propria

1986 1406 2324 1454 remearunt.
2361 1397 2692 1456 Errantibus
2732 1400 3062 1456 ductoribus
3098 1409 3155 1456 et
3195 1401 3251 1456 in
3297 1403 3569 1472 inaquosa

1986 1490 2360 1548 incidentibus
2410 1491 2532 1547 loca
2572 1493 2996 1562 periclitabatur
3045 1493 3349 1550 exercitus.
3391 1495 3572 1549 Porro

1984 1599 2109 1638 eum
2150 1583 2257 1640 iter
2293 1593 2522 1655 agerent
2560 1591 2754 1650 noctu,
2793 1587 3026 1641 veniunt
3066 1586 3133 1640 ad
3171 1599 3391 1641 amnem
3422 1585 3572 1640 Heli-

1984 1677 2125 1730 ciam
2152 1675 2396 1730 dictum:
2421 1691 2546 1731 cum
2575 1691 2709 1732 vero
2737 1676 2890 1732 dumi
2917 1687 3072 1734 trans
3099 1677 3298 1734 fretum
3325 1680 3571 1735 ﬂuminis

1985 1775 2197 1832 essent,
2237 1767 2466 1822 Barbari
2504 1769 2558 1822 in
2593 1768 2682 1823 his
2716 1768 3031 1824 absconditi
3071 1785 3170 1825 eos
3205 1769 3301 1839 qui
3347 1770 3568 1824 haurie-

1985 1862 2117 1915 bant
2173 1875 2375 1932 aquam
2401 1861 2818 1930 jaculabantur.
2852 1861 3048 1932 Magna
3099 1863 3272 1934 igitur
3315 1863 3570 1918 molestia

1985 1953 2253 2010 Romanis
2303 1953 2495 2010 eﬂ‘ecta
2555 1954 2795 2021 militiis,
2848 1956 2903 2009 in
2959 1955 3146 2025 fugam
3191 1963 3487 2012 vertuntur
3537 1971 3567 2010 a

1985 2046 2244 2104 Barbaris
2292 2047 2575 2103 debellati.
2623 2047 2826 2104 Verum
2887 2047 3194 2105 Mauricius
3240 2048 3328 2104 bis
3363 2049 3572 2105 auditis

1985 2139 2206 2194 Petrum
2261 2149 2504 2210 praetura
2556 2141 2831 2210 privavit,
2861 2150 2918 2198 et
2968 2140 3222 2198 Priscum
3277 2151 3567 2213 praetorem

1984 2229 2211 2286 Thracae
2249 2231 2434 2288 denuo
2460 2232 2638 2288 misit.

2059 2321 2248 2377 Mundi
2298 2338 2447 2378 anno
2503 2323 2684 2390 6090,
2729 2325 2932 2381 divina
2986 2326 3387 2384 incarnationis
3440 2330 3565 2396 590,

1983 2412 2356 2468 Romanorum
2393 2416 2691 2484 imperator
2731 2418 3060 2483 Mauricius,
3123 2435 3217 2474 rex
3266 2419 3564 2476 Persarum

1981 2502 2282 2569 Chosroes,
2312 2505 2598 2562 Romanus
2631 2507 2950 2578 Gregorius,
2988 2509 3564 2581 Constantinopolita-

1983 2609 2087 2649 nus
2113 2594 2408 2664 Cyriacus,
2446 2594 2988 2668 llierosolymitanus
3017 2600 3212 2668 Amos,
3237 2604 3563 2658 Alexandriv

1982 2699 2088 2739 nus
2123 2683 2387 2754 Eulogius
2420 2695 2476 2742 et
2504 2687 2884 2745 Antiochenus
2926 2689 3258 2748 Anastasius
3289 2693 3566 2748 habentur

1981 2778 2278 2834 antistites.
2340 2779 2456 2834 Hoc
2502 2794 2674 2845 anno,
2729 2781 2943 2851 imperii
2991 2784 3254 2840 videlicet
3312 2785 3563 2840 Mauricii

1982 2879 2139 2926 sexto
2169 2870 2412 2938 decimo,
2441 2871 2664 2929 Pniscus
2685 2889 2949 2944 egressus
2975 2886 3175 2946 praetor
3213 2877 3268 2931 in
3299 2876 3563 2933 Thracem

1983 2966 2217 3021 virtutes
2245 2969 2560 3022 numeravit
2584 2969 2886 3036 exercitus,
2911 2979 2968 3025 et
2990 2971 3201 3026 invenit
3224 2972 3372 3042 quod
3393 2989 3458 3028 ex
3483 2974 3565 3028 eis

1983 3057 2151 3112 fuerit
2182 3059 2478 3114 multitudo
2501 3071 2829 3130 consumpta
2858 3078 2969 3118 non
3005 3077 3197 3133 parva.
3241 3063 3339 3120 llis
3380 3073 3551 3120 auten

1984 3148 2223 3218 sumptis
2254 3149 2406 3204 venit
2441 3151 2508 3205 ad
2552 3149 2756 3206 flumen
2788 3151 2987 3208 Istrum
3020 3163 3074 3208 et
3099 3153 3302 3211 Novas.
3325 3155 3445 3221 Quo
3470 3160 3550 3200 ιο·

1982 3239 2138 3310 gnito
2175 3239 2459 3310 chaganus
2483 3241 2692 3310 legatos
2716 3244 2887 3309 misit,
2916 3258 3144 3302 causam
3177 3247 3351 3315 ipsius
3371 3237 3555 3302 suscr-

1981 3339 2132 3387 tatus
2164 3331 2459 3390 adventus.
2487 3332 2713 3389 Priscus
2747 3344 2931 3390 autem
2991 3338 3301 3392 venationis
3341 3345 3403 3384 de
3457 3344 3551 3382 ve-

1980 3422 2135 3478 nisse
2161 3437 2329 3478 causa
2353 3423 2649 3480 fatebatur.
2689 3425 2790 3480 Ast
2829 3425 3170 3497 Chaganus:
3209 3429 3324 3483 Nm
3342 3422 3553 3490 justum

1979 3521 2080 3581 est,
2113 3514 2314 3586 inquit,
2345 3517 2399 3570 in
2429 3517 2605 3571 alieno
2629 3517 2745 3573 loco
2779 3521 2981 3578 venari.
3016 3520 3058 3574 E
3100 3532 3286 3576 contra
3329 3513 3556 3568 Priscus

1981 3623 2144 3664 suum
2178 3609 2397 3665 dicebat
2424 3625 2550 3666 esse
2577 3612 2781 3675 locum,
2828 3623 2884 3667 et
2924 3615 2973 3669 ei
3019 3613 3202 3685 fugam
3226 3623 3293 3663 ex
3329 3605 3554 3662 Orienle

1981 3701 2394 3772 imprOperabat
2435 3704 2638 3774 egisse.
2689 3704 2970 3762 Barbarus
3018 3716 3193 3761 autem
3236 3697 3556 3769 Singidonis

1980 3807 2140 3847 muro
2181 3795 2467 3848 destructo
2509 3794 2575 3849 ad
2611 3796 2991 3850 Romanorum
3028 3806 3230 3850 terram
3273 3788 3554 3860 proiectus

1979 3892 2084 3939 est.
2113 3884 2230 3950 Quo
2255 3887 2474 3958 cognito
2505 3887 2731 3944 Priscus
2761 3889 2908 3944 venit
2939 3889 3004 3942 ad
3043 3885 3278 3940 insulam
3310 3881 3458 3946 lstri,
3491 3889 3547 3935 et

1981 3974 2341 4033 dromonibus
2369 3979 2603 4049 sumptis
2641 3979 2706 4033 ad
2737 3979 3054 4048 Chagannm
3093 3975 3237 4046 apud
3280 3973 3558 4031 Constan-

1983 4069 2171 4124 tiolam
2197 4070 2370 4137 venit,
2401 4072 2592 4127 volens
2615 4086 2740 4125 cum
2777 4087 2843 4127 eo
2872 4071 3038 4141 loqui.
3067 4070 3314 4137 Cumque
3355 4067 3557 4134 chaga-

1984 4179 2096 4220 nus
2127 4164 2194 4218 ad
2228 4179 2381 4219 oram
2412 4165 2656 4222 fluminis
2690 4165 2951 4228 venisset,
2987 4164 3209 4217 Priscus
3241 4161 3415 4214 tristis
3444 4157 3558 4227 (42)

1981 4273 2107 4312 cum
2134 4257 2454 4328 alloquitur.
2504 4258 2796 4327 Chagauus
2842 4264 3022 4309 autem
3070 4254 3212 4308 dixit
3263 4253 3331 4306 ad
3380 4265 3553 4305 eum:

1983 4348 2126 4414 Quid
2158 4349 2274 4415 tibi,
2311 4347 2514 4412 Prisce,
2539 4364 2602 4400 ac
2625 4358 2781 4402 terra:
2813 4363 2940 4400 mea:
2961 4349 2986 4400 .9
3011 4363 3082 4399 an
3112 4354 3162 4397 et
3195 4344 3331 4397 hanc
3366 4343 3442 4396 ris
3465 4357 3558 4394 ae-

1982 4438 2150 4506 cipere
2194 4453 2287 4506 per
2328 4439 2664 4493 mendacium
2715 4454 2784 4492 ea:
2832 4437 3080 4491 manibus
3127 4435 3298 4490 meis?
3350 4433 3557 4504 judieet

294 4533 395 4603 qui
454 4536 684 4590 ιιιίιιυηι
736 4537 889 4592 νῖκος
939 4544 1152 4608 septem
1206 4515 1630 4594 εοωξηοηεηιεε
1686 4553 1874 4608 pacem
1901 4515 1956 4574 Ῑ)
1989 4528 2127 4585 Deus
2157 4531 2294 4584 inter
2317 4546 2396 4584 me
2421 4538 2472 4584 et
2505 4529 2836 4584 Mauricium
2859 4530 3255 4596 imperatorem,
3288 4525 3558 4593 requirat-

296 4624 528 4681 minime
561 4625 997 4684 dissolvendam.
1033 4625 1146 4684 llos
1174 4627 1465 4684 audientes
1496 4629 1551 4684 hi
1600 4629 1696 4700 qui
1738 4643 1881 4700 prte-

293 4728 617 4783 currerunt,
649 4719 965 4791 significant
991 4720 1107 4776 haec
1130 4721 1388 4792 praetori;
1415 4721 1514 4790 qui
1553 4721 1696 4777 dixit
1725 4740 1740 4777 :
1769 4719 1881 4774 Nec

293 4809 345 4863 si
377 4809 668 4878 imperator
715 4814 940 4880 venerit,
991 4814 1118 4866 huic
1170 4828 1416 4882 parcam.
1473 4813 1882 4884 Congressione

291 4915 427 4956 vero
452 4902 583 4957 belli
630 4902 826 4960 eﬂecta
885 4905 1119 4960 Romani
1157 4913 1468 4962 vertuntur.
1515 4903 1623 4960 Sed
1659 4904 1880 4960 barbari

289 5007 406 5047 non
448 4998 729 5065 persecuti
781 5006 914 5053 sunt
947 5014 1064 5064 eos,
1119 5013 1191 5055 ne
1235 4999 1518 5054 vincentes
1565 4998 1873 5054 discrimen

292 5089 668 5146 incurrerent.
711 5091 880 5146 Porro
916 5102 1120 5163 praetor
1149 5091 1500 5162 taxiarchum
1532 5104 1875 5161 praecurren-

293 5184 433 5235 tiutu
457 5181 774 5252 flagellat-it.
804 5184 870 5239 Et
899 5185 1004 5240 hoc
1032 5194 1319 5255 comperto
1357 5184 1637 5254 cltaganus
1664 5183 1874 5256 legatos

291 5274 366 5328 ad
427 5273 651 5331 Petrum
708 5277 970 5342 destinat,
1026 5275 1397 5347 inceptionem
1456 5289 1754 5342 accusans,
1817 5283 1873 5329 et

291 5370 440 5440 quod
477 5369 710 5424 Romani
735 5371 858 5427 sine
881 5370 1032 5441 justa
1066 5384 1233 5426 causa
1261 5383 1452 5440 pacem
1481 5367 1874 5424 dissolverent.

1979 4639 2079 4692 que
2131 4623 2440 4692 sanguinem
2487 4622 2751 4676 exercitus
2799 4619 3162 4676 Romanorum
3200 4628 3250 4674 et
3288 4619 3557 4672 exercitus

1981 4717 2084 4771 mei
2107 4716 2171 4770 de
2194 4718 2438 4770 ntanibus
2471 4716 2608 4786 ejus.
2655 4716 2699 4771 E
2749 4726 2941 4770 contra
3003 4713 3229 4768 Priscus
3259 4729 3274 4766 :
3304 4712 3561 4782 Singido-

1980 4825 2121 4876 nem,
2157 4809 2358 4879 inquit,
2390 4810 2657 4863 civitatem
2692 4807 2852 4862 redde
2883 4805 3160 4860 Romanis.
3193 4804 3297 4872 Qui
3325 4806 3402 4858 ait
3427 4820 3442 4855 :
3463 4802 3559 4855 ‘Tu

1979 4920 2146 4958 unum
2166 4903 2432 4958 civitatem
2453 4920 2484 4956 α
2501 4903 2649 4956 nobis
2671 4902 2884 4956 conaris
2908 4902 3146 4971 accipere
3177 4917 3195 4954 :
3221 4898 3416 4954 videbis
3439 4908 3560 4967 post

1980 4995 2262 5066 paululum
2291 4996 2676 5066 quinquaginta
2715 4995 2961 5048 ciuitates
2990 4992 3260 5047 Romanas
3291 4990 3555 5044 Aturribus

1981 5089 2232 5143 seruitute
2258 5087 2527 5141 redactas.
2557 5087 2781 5143 Priscus
2809 5094 2993 5142 autem
3018 5086 3252 5140 navibus
3272 5081 3557 5154 Singidoni

1984 5195 2083 5250 per
2124 5195 2340 5234 amnem
2373 5179 2637 5236 exhibitis
2671 5180 2814 5235 hanc
2861 5179 3225 5250 depopulatus
3253 5186 3374 5238 est,
3406 5185 3463 5229 et
3489 5187 3558 5228 ex

1982 5286 2048 5326 ea
2079 5268 2346 5340 Vulgares
2383 5272 2614 5341 pepulit.

2057 5361 2302 5434 Septimo
2331 5362 2548 5418 decimo
2583 5361 2800 5432 imperii
2824 5358 3066 5414 Μεδυιίυῆ
3095 5371 3243 5412 anno
3264 5367 3556 5411 coacervap

1803 5458 2042 5526 NOTAE.

369 5564 483 5632 (40)
513 5563 919 5633 Satisfaciebat.
951 5561 1158 5633 Glossa:
1184 5578 1198 5615 :
1225 5559 1512 5630 ἀπολογία,
1569 5560 1867 5633 excusatio,

290 5631 568 5708 purgatio,
617 5631 1138 5708 satis[actio._ﬂinc
1198 5631 1647 5708 satisfactionalis
1708 5631 1868 5698 liber,

287 5696 719 5773 ἆποδςογητικός.
754 5696 894 5758 Hist.
941 5701 1089 5770 Trip.
1130 5719 1208 5765 Ix,
1235 5696 1326 5757 Q3.
1357 5703 1448 5756 Sic
1473 5696 1866 5771 Hieronymum

289 5778 498 5832 alicubi
557 5777 808 5844 posuisse
869 5773 1259 5842 satisfacientes
1298 5787 1398 5844 pro
1442 5783 1755 5844 excusantes
1786 5787 1870 5844 _se

288 5855 454 5905 notat
499 5842 568 5902 ﬂ.
603 5845 828 5902 Grotius
879 5846 934 5900 in
973 5842 1327 5901 Discussione
1361 5843 1634 5900 Rivetiani
1666 5842 1870 5913 Apolo-

1977 5557 2162 5628 getici,
2191 5572 2246 5628 p7.
2273 5555 2364 5610 83.
2393 5552 2560 5628 FABlI.

2051 5614 2165 5699 (41)
2192 5614 2671 5701 'lmportalgitibus.
2715 5621 2837 5692 ipse
2868 5619 2922 5675 in
2953 5617 3230 5701 iij'potnn.
3262 5615 3330 5701 de
3354 5614 3552 5701 A9381.

1978 5684 2170 5769 apocr'.
2196 5713 2216 5769 :7
2251 5717 2270 5748 ι
2295 5684 2432 5769 Cum
2467 5693 2634 5769 illatis
2686 5684 2907 5769 quoque
2953 5684 3060 5747 illis
3113 5684 3558 5760 importahil'tbus

1978 5762 2429 5824 tribulationibus
2467 5766 2678 5820 retulit.
2707 5762 2732 5814 3
2779 5762 2852 5820 In.

2049 5838 2160 5910 (42)
2190 5840 2397 5894 Tristis.
2437 5836 2484 5891 E
2513 5847 2646 5892 rate.
2669 5836 2744 5896 In.
