2044 3218
292 182 358 215 i287

839 179 1039 211 ANASTASII
1067 178 1384 210 BIBLIOTHECARII

1840 182 1898 216 1288

290 244 327 269 tis
353 240 494 276 chaganus
510 238 698 275 polentatibus
714 238 773 265 suis
797 238 823 264 in
838 236 1002 264 Dalmatiam
1020 244 1083 272 pro-
1098 241 1120 269 Α
1135 237 1321 271 imperatorem
1349 235 1511 263 Mauricium
1527 244 1536 263 :
1551 236 1606 270 ipse
1625 237 1726 271 quidem
1751 243 1834 272 pacem
1849 242 1898 270 αἱ..

291 292 379 323 perat,
396 290 423 313 et
439 293 502 313 cum
521 286 642 313 venisset
663 284 784 316 Baleam,
810 284 993 319 quadraginta
1010 292 1082 319 quo-

290 340 344 369 que
354 333 491 364 civitates,
508 339 570 366 quae
580 332 654 359 circa
673 338 734 358 eam
751 334 827 363 sunt,
843 338 942 358 omnes
960 331 1083 366 depopu-

290 380 365 406 latus
396 383 450 406 est.
478 377 585 410 Quibus
619 377 733 404 Priscus
761 376 861 412 agnitis
891 376 1019 404 Gudoltiu
1048 376 1082 404 ad

290 425 506 460 explorationem
537 424 575 450 rei
587 423 699 450 direxit.
714 423 766 456 Qui
797 423 824 450 in
843 423 914 450 valle
927 423 1084 450 occultatur

293 471 405 506 pusilla,
421 473 449 497 rt
461 470 584 497 diluculo
609 471 636 497 in
657 470 740 497 dorsa
756 476 854 497 eorum
875 469 991 497 eh‘ectus
1010 469 1084 496 illico

292 521 408 553 cunctos
431 517 560 551 peremit,
591 521 618 543 et
636 521 776 551 acceptam
799 516 920 551 praedam
947 517 1024 544 duxit
1050 517 1084 545 ad

292 562 428 590 Priscum.
458 561 545 590 Porro
563 563 705 597 chaganus
727 563 882 590 infortunio
896 566 1038 597 comperto
1056 564 1084 590 in

289 609 428 643 regionem
444 616 523 636 suam
539 617 671 637 reversus
687 613 741 642 est,
753 612 782 636 et
793 608 906 636 Priscus
917 611 950 637 ad
963 610 1084 645 propria.

327 654 423 682 Mundi
436 662 510 682 anno
517 655 599 687 6092,
610 655 711 682 divina:
725 655 925 682 incarnationis
939 663 1012 683 attno
1022 656 1084 687 592,

291 700 446 735 imperante
467 700 601 728 Mauricio
621 700 656 727 18
676 708 759 734 anno,
796 701 914 736 sumptis
935 702 1085 730 virtutibus

289 745 404 774 Priscus
427 745 607 781 Singidonem
636 747 735 774 venit:
765 747 906 782 chaganus
929 755 994 774 vero
1019 755 1087 775 con-

290 798 404 828 gregato
429 793 542 828 proprio
567 798 710 828 potentatu
726 793 821 821 subito
842 793 935 829 Mysiae
955 795 1044 827 adest,
1059 800 1087 822 et

290 839 420 867 Tomeam
437 840 534 868 urbem
553 847 654 875 capere
683 840 793 867 nititur.
810 840 958 876 Propterea
974 841 1086 869 Priscus

292 885 443 921 Singidone
467 887 566 913 relicta
592 886 658 913 huic
685 886 804 914 eﬂicitur
832 887 988 921 proximus.
1016 888 1084 915 Cum

289 936 379 959 autetn
400 932 542 966 paschalis
570 932 708 960 festivitas
736 932 885 960 haberetur
914 938 942 961 et
965 933 1084 960 Romani

290 976 362 1004 fame
376 978 560 1011 tabescerent,
572 977 691 1006 audiens
713 977 855 1014 chaganus
867 977 963 1007 Prisco
980 980 1087 1014 signiﬁ-

289 1024 370 1051 cabat
388 1028 419 1050 ut
434 1024 487 1051 sibi
504 1024 630 1059 plaustra
651 1024 773 1052 mitteret
794 1024 827 1052 ad
842 1024 1012 1060 deportanda
1031 1026 1086 1053 illis

290 1070 432 1103 alimenta,
448 1075 589 1105 quatenus
603 1078 666 1098 cum
680 1070 819 1098 hilaritate
833 1071 1008 1099 festivitatem
1023 1079 1088 1108 pro-

291 1116 379 1151 priam
401 1118 585 1145 celebrarent.
610 1118 644 1145 40
672 1118 765 1153 itaque
791 1118 914 1154 plaustra
936 1120 1017 1155 plena
1043 1120 1086 1148 his

291 1162 384 1190 mittit.
397 1162 459 1190 Pari
476 1163 559 1191 modo
581 1168 609 1191 ct
633 1163 745 1192 Priscus
764 1165 875 1199 species
894 1165 1004 1193 Indicas
1023 1165 1088 1193 bar-

291 1209 361 1237 baro
387 1210 521 1244 quasdam
540 1210 657 1243 remisit,
683 1210 762 1245 piper
782 1211 911 1239 videlicet
932 1216 960 1240 et
988 1211 1086 1239 folium

291 1256 413 1283 Indicum
440 1261 467 1283 et
484 1261 592 1284 costum
620 1262 647 1284 ct
671 1258 790 1284 cassiam
823 1262 906 1293 atque
929 1258 980 1285 alia
997 1266 1029 1285 ex
1046 1259 1087 1287 his

289 1310 351 1337 qum
368 1307 540 1337 quaeruntur,
554 1310 616 1329 cum
650 1303 796 1338 Cbaganus
812 1304 882 1339 apud
897 1304 1028 1331 Sirmium
1043 1313 1088 1332 re-

289 1348 407 1375 sideret.
421 1348 475 1381 Qui
490 1349 609 1383 receptis
626 1348 667 1376 bis
701 1351 814 1384 gavisus
825 1354 867 1377 cst
882 1358 967 1385 super
982 1352 1041 1383 eis;
1055 1352 1089 1383 :et

289 1395 377 1420 donec
394 1393 579 1427 cotnplcretur
593 1393 653 1421 dies
667 1393 763 1428 festus,
784 1394 901 1422 Romani
917 1402 949 1422 ac
966 1395 1083 1423 Barbari

292 1439 397 1474 pariter
413 1439 572 1467 habitabant
583 1458 591 1471 ,
607 1443 634 1466 et
648 1447 702 1466 non
720 1443 781 1467 erat
795 1440 822 1467 in
839 1441 984 1475 utriusque
1000 1441 1087 1468 virtu-

292 1485 368 1513 tibus
385 1485 477 1512 timor.
490 1486 615 1521 Cumque
630 1486 729 1514 fuisset
744 1486 803 1514 dics
819 1487 907 1514 festus
919 1488 1085 1522 completus,

296 1531 405 1559 'larbari
423 1532 544 1567 separati
562 1537 627 1560 sunt
643 1540 657 1559 a
674 1532 819 1566 Romanis,
836 1538 864 1560 et
880 1533 1022 1568 Drizipera
1041 1542 1086 1561 ve-

1134 284 1225 314 solm‘l,
1242 290 1288 318 ego
1306 290 1365 309 vero
1378 283 1496 317 captivos
1508 283 1533 309 ei
1542 282 1635 314 reddo,
1646 289 1691 316 per
1704 291 1783 310 unam
1796 287 1898 314 animum

1134 337 1217 356 unum
1236 330 1370 357 ηιηιίεηια
1384 334 1554 364 percepturus
1568 329 1603 355 ab
1612 337 1653 357 eo.
1666 329 1807 359 Mauricius
1821 337 1900 361 autem

1135 377 1162 404 id
1177 376 1244 404 dare
1257 377 1371 403 minime
1385 383 1483 411 passus
1500 380 1551 404 est.
1565 375 1666 403 lterum
1689 377 1823 412 cbaganus
1835 381 1901 414 petiit

1135 430 1184 457 per
1198 423 1320 457 singulas
1337 423 1445 450 animas
1462 422 1607 449 dimidiutn
1628 423 1749 458 accipere
1763 431 1900 455 nummutn.

1134 468 1186 495 Ast
1201 469 1352 502 imperator
1369 474 1420 495 nec
1435 468 1477 495 sic
1495 467 1562 495 dare
1584 469 1732 501 consensit,
1757 470 1802 498 sed
1818 479 1863 499 nec
1879 473 1902 500 in

1136 517 1256 547 quatuor
1284 513 1412 548 accipere
1427 513 1547 549 siliquis.
1565 514 1645 542 Tunc
1670 515 1807 551 chaganus
1823 517 1904 547 furore

1136 564 1294 587 commotus
1309 567 1407 587 omnes
1418 560 1530 592 occidit,
1546 564 1574 588 et
1586 561 1618 588 ad
1639 562 1748 596 propria
1761 563 1838 590 rediit
1852 572 1903 591 cum

1136 606 1336 641 quinquaginta
1353 607 1439 634 millia
1458 613 1607 635 aureorum
1622 608 1708 642 pactis
1723 607 1847 636 Romanis
1862 610 1905 636 im-

1136 652 1286 686 posuisset.
1303 652 1374 685 Quin
1392 657 1419 680 et
1437 653 1537 680 Istrum
1555 653 1656 680 llumcn
1673 661 1728 681 non
1747 661 1776 682 se
1791 657 1905 684 transitu-

1139 705 1199 724 rutn
1215 697 1358 732 professus
1382 704 1435 725 est.
1451 697 1488 725 Ex
1507 699 1559 726 hoc
1577 699 1670 734 itaque
1693 699 1805 727 multum
1824 706 1905 730 contra

1138 743 1333 778 imperatorem
1351 743 1513 771 Mauricium
1529 749 1699 772 commotum
1723 750 1763 772 est
1779 746 1873 780 odium,
1885 752 1906 775 et

1137 792 1284 822 coeperunt
1309 789 1383 816 hunc
1407 789 1545 824 subjicere
1560 790 1724 818 maledictis.
1746 790 1868 820 Similiter
1885 798 1906 821 et

1138 834 1256 869 populus
1286 835 1357 870 apud
1376 835 1512 864 Thracem
1542 837 1576 864 ad
1602 837 1726 865 convicia
1751 838 1906 873 imperatoris

1139 886 1296 910 commotus
1313 887 1366 910 est.
1383 882 1529 911 Exercitus
1544 888 1635 911 autem
1655 890 1843 919 procuratores
1860 888 1906 922 (43)

1140 927 1174 955 ad
1190 927 1385 963 imperatorem
1398 933 1496 956 contra
1511 929 1715 957 Contentiolum
1731 930 1836 965 direxit,
1846 934 1906 967 quod

1138 974 1324 1010 proditionem
1339 975 1366 1002 in
1380 975 1475 1010 prtelio
1491 975 1597 1007 iecerit.
1610 976 1683 1004 inter
1695 984 1763 1012 quos
1774 981 1829 1005 erat
1838 978 1907 1006 etiam

1138 1021 1256 1053 Phoeas.
1274 1022 1320 1057 qui
1342 1022 1539 1057 imperatorem
1561 1023 1701 1051 allocutus
1723 1025 1842 1052 severius
1856 1025 1907 1053 huic

1139 1067 1166 1094 in
1181 1067 1299 1095 concilio
1315 1068 1536 1102 contradicebat,
1556 1069 1595 1096 ita
1609 1073 1641 1097 ut
1664 1068 1775 1104 quidam
1789 1077 1821 1097 ex
1836 1070 1909 1105 patri-

1138 1113 1191 1142 ciis
1211 1115 1286 1149 hunc
1301 1115 1380 1153 alapa
1400 1119 1557 1150 percuteret
1573 1119 1600 1144 et
1614 1115 1731 1144 barbam
1748 1116 1831 1151 ipsius
1846 1117 1909 1144 evel-

1139 1160 1224 1188 leret.
1232 1160 1331 1188 Verum
1347 1161 1499 1196 imperator
1511 1169 1565 1190 non
1588 1162 1714 1198 suscepit
1726 1162 1850 1191 adversus
1864 1162 1909 1190 Co-

1139 1207 1300 1234 mentiolutn
1317 1208 1411 1242 populi
1422 1208 1637 1243 querimoniam,
1647 1209 1697 1237 sed
1710 1209 1760 1237 hos
1774 1209 1909 1237 ineliicaces

1139 1253 1278 1286 deseruit;
1301 1259 1412 1288 propter
1430 1255 1503 1290 quod
1517 1259 1544 1283 et
1556 1255 1721 1284 insidiarum
1736 1256 1763 1283 in
1777 1255 1908 1292 principem

1139 1300 1283 1326 exordium
1300 1301 1429 1327 sumitur.
1443 1302 1578 1329 Pristerea
1591 1309 1639 1337 per
1653 1302 1727 1330 idem
1739 1306 1840 1338 tempus
1850 1303 1908 1339 apud

1140 1343 1289 1379 Egyptum
1307 1345 1333 1371 in
1347 1345 1409 1372 Nilo
1426 1345 1549 1379 ﬂumine,
1565 1342 1643 1374 Mena
1659 1347 1788 1382 prafecto
1798 1355 1848 1376 una
1858 1355 1908 1376 cum

1139 1391 1242 1425 popqu
1258 1391 1454 1420 deambulante
1466 1392 1493 1420 in
1509 1393 1569 1420 loco
1583 1394 1630 1429 qui
1645 1394 1725 1422 Delta
1745 1398 1909 1430 nuncupatur.

1140 1438 1198 1464 sole
1209 1442 1271 1465 orto
1288 1438 1417 1465 animalia
1439 1439 1567 1467 humana:
1587 1440 1686 1468 forma!
1700 1445 1873 1477 apparuerunt
1886 1440 1909 1468 in

1140 1481 1262 1515 nomine,
1282 1483 1324 1510 vir
1338 1483 1446 1512 scilicet
1460 1488 1488 1512 et
1500 1484 1611 1513 mulier.
1630 1485 1664 1512 Et
1686 1485 1729 1514 vir
1745 1486 1846 1522 quidem
1861 1489 1910 1514 erat

1141 1532 1302 1563 pectorosus
1316 1529 1447 1565 vultuque
1466 1530 1610 1564 terribilis,
1631 1531 1694 1558 rufa
1706 1538 1783 1559 coma
1798 1531 1911 1567 canisque

300 1573 400 1618 nime;
409 1577 550 1605 οίνίηιειη
566 1578 726 1613 depopulati
741 1584 814 1611 sum,
831 1583 858 1605 ει
870 1580 958 1606 sancti
967 1579 1088 1606 Αιθηη-
1100 1587 1123 1618 C
1142 1575 1292 1609 permistis,
1304 1579 1331 1603 et
1347 1584 1434 1611 usque
1445 1576 1479 1604 ad
1496 1577 1604 1605 lumbos
1617 1577 1776 1605 denudahat
1789 1581 1908 1610 naturam,

297 1615 342 1643 dl‘i
368 1623 510 1650 ecclesiam
541 1623 734 1656 incenderunt,
758 1624 970 1659 sepulcrumque
994 1624 1082 1658 ipsius

299 1667 403 1690 ῐθθιυηι
416 1674 531 1704 argento
544 1675 684 1705 repertum
700 1670 869 1705 despoliant,
880 1670 926 1698 sed
939 1675 964 1697 et
977 1671 1087 1705 injuriis

295 1717 406 1744 quoque
425 1719 522 1750 Carpus
543 1716 674 1750 martyris
689 1716 849 1747 allicientes,
868 1716 1039 1751 multamque
1060 1718 1087 1744 in

296 1754 401 1783 Thrace
427 1762 542 1791 praedam
556 1767 711 1797 captantes,
729 1764 914 1798 epulabantur
931 1765 1087 1799 splendide,

297 1807 393 1829 00mm
420 1802 558 1836 Romanos
583 1809 659 1836 elati.
685 1810 811 1844 Cumque
830 1810 1021 1838 Comcnliolus
1042 1819 1088 1838 vc-

295 1848 383 1876 nisset
397 1850 569 1888 Byzantium,
602 1856 720 1883 maxima
737 1857 797 1883 urbi
817 1858 938 1884 turbatio
958 1863 981 1885 et
1002 1861 1087 1885 aestus

295 1893 434 1938 incubuit,
452 1896 488 1923 ita
504 1902 533 1924 ut
550 1901 646 1928 timore
663 1902 768 1929 detenti
788 1903 936 1929 consilium
957 1908 1088 1938 caperent

296 1937 434 1974 Europam
465 1943 609 1972 deserendi
636 1951 663 1973 et
678 1947 705 1973 in
720 1948 814 1974 Asiam
837 1953 864 1975 et
888 1949 1089 1977 Chalcedonem

296 1984 443 2019 migrandi.
460 1988 532 2021 Quin
551 1995 578 2016 ct
597 1991 744 2025 imperator
770 1994 982 2021 excubitoribus
1000 2002 1090 2021 arma-

295 2034 378 2065 loque
393 2038 420 2059 et
439 2034 527 2062 electo
552 2044 641 2064 cuneo
660 2043 769 2073 sumpto
788 2048 882 2067 muros
899 2040 1009 2075 Longos
1029 2048 1090 2067 mll-

295 2077 374 2106 nivit.
387 2079 490 2115 Vulgus
510 2086 602 2110 autem
620 2085 714 2111 urbem
729 2086 914 2119 custodiebat,
931 2091 958 2114 et
973 2091 1088 2114 senatus

293 2128 487 2155 commonebat
499 2129 694 2164 imperatorem
706 2132 868 2166 legationem
881 2132 914 2159 ad
935 2133 1089 2167 cbaganum

294 2173 434 2200 mittendi.
447 2174 519 2202 Deus
530 2182 621 2203 autent
635 2178 782 2204 vindictam
796 2180 926 2215 martyris
941 2180 1088 2208 Alexandri

295 2219 400 2247 faciens
418 2223 593 2255 pestilentem
613 2224 773 2258 languorem
789 2225 920 2254 Barbaris
937 2227 1040 2260 intulit,
1063 2233 1090 2254 et

1140 1627 1167 1649 et
1190 1623 1300 1649 cunctis
1325 1623 1571 1651 demonstrabatur
1586 1623 1693 1653 nudus.
1717 1626 1817 1660 reliqua
1834 1628 1910 1653 autem

1142 1669 1266 1704 corporis
1296 1670 1418 1696 membra
1453 1671 1627 1705 cooperiebat
1651 1678 1734 1707 aqua.
1762 1672 1837 1699 Hunc
1854 1678 1911 1707 pr:-

1142 1716 1229 1743 fortus
1241 1716 1442 1750 adjuramcntis
1455 1718 1624 1745 constrinxit
1635 1726 1669 1746 ne
1685 1718 1835 1746 destrueret
1845 1724 1911 1753 aspe-

1141 1767 1214 1789 ctum
1242 1763 1400 1797 priusquam
1421 1771 1518 1791 omnes
1545 1763 1631 1791 saturi
1649 1764 1748 1793 ﬁerent
1764 1765 1813 1792 ltoc
1837 1762 1911 1797 inopi-

1143 1813 1206 1836 nato
1222 1810 1391 1843 spectaculo.
1408 1809 1494 1837 Porro
1511 1811 1610 1838 mulier
1629 1815 1656 1838 et
1689 1812 1820 1838 mainillas
1847 1809 1911 1837 habe-

1149 1854 1195 1881 bat
1210 1860 1235 1882 et
1256 1855 1403 1882 femineum
1426 1856 1531 1882 vultum
1552 1856 1735 1891 caesariesque
1754 1857 1872 1892 prolixas.
1886 1852 1910 1880 Et

1142 1902 1176 1928 ad
1196 1902 1290 1928 horam
1310 1910 1410 1929 nouant
1424 1903 1515 1930 omnis
1529 1903 1648 1938 populus
1665 1904 1825 1935 mirabatur,
1833 1901 1911 1928 videas

1142 1948 1200 1974 lucc
1225 1948 1389 1980 animantia,
1412 1956 1527 1983 qumque
1543 1949 1610 1977 hora
1629 1956 1702 1976 uena
1722 1950 1748 1977 in
1769 1949 1861 1976 ﬂumen
1876 1946 1911 1974 dt-

1142 2001 1233 2021 mersa
1248 1998 1324 2021 sunt.
1339 1993 1412 2022 Sane
1426 1994 1520 2023 Menas
1542 1996 1705 2031 imperatori
1729 1997 1785 2023 lizcc
1801 1993 1909 2033 Mauricio

1143 2041 1249 2068 scribit.

1179 2088 1270 2116 Mundi
1285 2096 1357 2116 anno
1371 2088 1559 2122 6095,divinze
1573 2088 1774 2117 incarnationis
1787 2095 1853 2116 anno
1862 2081 1910 2115 595.

1142 2135 1250 2170 imperii
1261 2143 1324 2163 vero
1335 2135 1458 2163 Mauricii
1472 2136 1504 2162 l9
1516 2143 1587 2163 anno
1598 2134 1726 2163 ilisacius
1739 2132 1913 2169 Hierosolymis

1144 2182 1261 2208 habetur
1281 2182 1407 2209 antistes.
1432 2181 1480 2210 Die
1505 2187 1595 2209 autem
1620 2181 1744 2210 Paschac
1764 2181 1858 2217 Sophia
1871 2178 1913 2207 Διι-

1143 2232 1231 2262 gusta,
1252 2236 1321 2255 uxor
1335 2227 1447 2261 Justini,
1465 2236 1519 2255 una
1534 2237 1596 2256 cum
1613 2228 1794 2257 Constantina
1810 2224 1913 2255 Mauricii

294 2265 322 2292 in
339 2273 393 2293 uno
411 2266 456 2294 die
472 2273 574 2302 septem
599 2270 669 2297 tilios
693 2271 808 2306 chagani
825 2279 872 2305 per
887 2271 985 2298 febrim
1007 2277 1032 2299 et
1047 2273 1090 2299 in-
1106 2258 1130 2287 D
1144 2274 1264 2309 conjuge
1283 2279 1399 2301 stemma
1426 2279 1619 2302 constructum
1643 2275 1796 2302 attulerunt
1816 2275 1914 2309 impera‘

294 2312 449 2346 guinariam
468 2315 624 2349 passionem
638 2317 750 2350 occidit,
769 2325 822 2344 una
840 2326 902 2345 cum
920 2319 982 2346 aliis
1000 2320 1090 2346 turbis

296 2357 401 2390 multis,
420 2358 458 2385 ita
484 2365 513 2385 ιιι
534 2368 584 2394 pro
604 2360 762 2397 triumphali
787 2363 900 2398 gaudio,
920 2364 1089 2393 carminibus

295 2411 328 2430 ac
339 2404 456 2432 canticis
472 2404 685 2436 lamentationes
696 2414 724 2436 et
736 2409 872 2445 lacrymas
886 2418 919 2438 ac
928 2412 1019 2440 luctus
1029 2413 1090 2440 sine

295 2450 487 2479 consolatione
504 2451 644 2481 Barbarus
659 2455 827 2490 possideret.
844 2457 879 2483 At
894 2465 959 2485 vero
976 2462 1089 2486 senatus

295 2497 408 2531 rogabat
432 2497 569 2527 Caesarem
598 2500 764 2536 legationem
789 2503 824 2531 ad
853 2504 1005 2540 cbaganum
1024 2505 1089 2533 mit-

294 2543 382 2571 tendi.
396 2544 547 2580 lmperator
561 2551 654 2574 autem
669 2548 864 2578 Armatznnem
882 2550 958 2579 misit
973 2551 1006 2578 ad
1022 2551 1089 2579 cha—

295 2596 395 2623 ganum
411 2597 474 2617 cum
493 2592 656 2620 muneribus
667 2593 762 2622 multis
772 2594 925 2631 Drizipera,
937 2597 983 2632 qui
997 2596 1089 2624 verbis

296 2635 410 2663 mitibus
425 2637 568 2665 blanditur
581 2639 746 2667 Barbarum.
764 2641 799 2668 At
821 2642 866 2670 ille
887 2643 999 2671 nolebat
1015 2643 1088 2671 dona

296 2681 449 2717 suscipere,
465 2684 586 2712 [amento
601 2685 770 2714 intolerabili
799 2687 916 2716 ﬁliorum
936 2689 1063 2717 detentus
1079 2697 1085 2716 :

296 2727 405 2757 dicebat
417 2730 491 2758 enim
506 2731 539 2759 ad
558 2732 678 2768 legatum
697 2743 703 2760 :
718 2733 826 2762 ludite:
843 2735 911 2763 Deus
927 2736 997 2763 inter
1009 2745 1049 2764 me
1058 2743 1085 2765 et

1141 2320 1205 2346 tori.
1226 2320 1278 2353 Qui
1297 2320 1347 2347 hoc
1361 2320 1548 2355 contemplato
1564 2328 1680 2356 pergens
1703 2321 1731 2348 in
1745 2319 1880 2348 ecclesiam
1893 2315 1914 2343 id

1140 2364 1239 2391 obtulit
1256 2365 1320 2397 Deo,
1335 2372 1418 2400 supra
1435 2370 1559 2392 sanctam
1577 2373 1700 2394 mensam
1716 2361 1909 2401 suspendens!"

1142 2411 1298 2446 triplicibus
1314 2411 1450 2439 catenulis
1465 2411 1602 2447 lapidibus
1616 2415 1644 2440 et
1659 2419 1727 2439 auro
1741 2409 1880 2439 contextis.
1889 2407 1915 2434 At

1142 2464 1208 2483 vero
1221 2457 1353 2491 Augustae
1368 2457 1422 2485 hoc
1434 2461 1576 2493 comperto
1596 2458 1712 2486 tristatte
1726 2461 1791 2485 sunt
1804 2454 1883 2486 valde.
1894 2457 1915 2480 εί

1143 2504 1170 2532 in
1182 2503 1274 2538 jurgio
1287 2503 1418 2532 adversus
1429 2505 1623 2540 imperatorem
1640 2503 1819 2533 Constantina
1835 2501 1915 2530 totum

1143 2553 1215 2579 diem
1241 2551 1305 2578 fecit
1328 2551 1463 2587 Augusta.
1490 2551 1556 2579 Cum
1583 2555 1675 2579 autem
1703 2557 1758 2578 non
1783 2545 1916 2576 attende!“

1144 2598 1297 2633 imperator
1308 2596 1439 2631 querelas
1445 2596 1606 2624 militiarum
1616 2597 1642 2623 in
1652 2595 1759 2623 Thrace
1772 2593 1915 2630 positarum.

1143 2644 1245 2671 iterum
1272 2643 1462 2671 Comentiolus
1489 2643 1640 2677 assumptis
1665 2642 1777 2670 armatis
1798 2637 1867 2668 venit
1890 2637 1917 2662 id

1141 2691 1254 2723 Istrum,
1270 2694 1298 2718 et
1322 2690 1415 2718 unitur
1429 2690 1525 2717 Prisco
1541 2688 1613 2725 apud
1634 2688 1822 2724 Singldonem,
1833 2688 1859 2712 et
1870 2681 1918 2711 sol-

1141 2738 1215 2764 vitur
1232 2744 1284 2772 pax
1301 2744 1362 2772 quae
1385 2736 1418 2764 ad
1445 2736 1548 2764 Avares
1568 2741 1639 2763 erat.
1661 2735 1719 2769 Qua
1739 2732 1865 2762 dissoluta
1880 2735 1920 2755 νο-

1067 2805 1184 2833 NOTAE.

334 2867 392 2902 μδ)
411 2867 611 2907 Procuratores.
636 2871 864 2907 Ἔντολικαρίους.
893 2873 969 2901 lianc
999 2882 1092 2902 vocem

299 2901 443 2930 observavi
461 2904 488 2931 in
503 2905 618 2934 cpistola
637 2908 755 2938 quadam
772 2901 833 2937 dum
844 2901 936 2937 instat
951 2909 977 2936 in
994 2901 1089 2937 conci-

1150 2876 1187 2902 lio
1206 2874 1357 2909 Ephcsino.
1373 2873 1442 2902 liine
1453 2873 1578 2900 ὶντολικά
1592 2874 1718 2902 mandata
1729 2879 1776 2900 seu
1799 2870 1917 2906 trascripta

1145 2917 1204 2938 uuae
1221 2909 1359 2945 principes
1377 2910 1444 2937 dant
1458 2909 1554 2944 legatis
1566 2910 1637 2937 suis.
1657 2909 1739 2936 Fin.
