4088 6418
347 352 487 415 1239

1135 360 1505 421 HISTORIA
1549 363 2129 425 ECCIESIASTICA
2170 368 2271 427 EX
2306 370 2786 439 TIIEOPHANE.

3469 384 3492 446 1
3508 385 3616 451 290

345 465 509 566 aiunt
544 480 597 519 in
630 464 1019 566 Biniiiiaeium,
1057 472 1204 540 quod
1232 484 1316 528 est
1350 476 1529 530 insula
1564 490 1760 545 magna
1781 475 1928 530 Istri.
1960 482 2009 536 Δ
2030 480 2317 540 redimens
2350 500 2494 550 eam,
2524 489 2782 558 expedire
2827 488 3097 557 judicavit
3130 492 3185 546 lu
3220 493 3321 547 hac
3352 495 3461 548 vita
3496 512 3613 566 pa:-

341 554 555 620 Quibus
610 556 812 613 auditis
867 558 1187 629 chaganus,
1242 564 1489 621 collectis
1552 566 1929 633 potentatibus

340 649 488 715 suis,
535 649 607 703 ad
660 648 909 706 Romana
964 669 1096 708 rura
1142 659 1411 726 procedit,
1459 669 1696 728 quatuor
1744 669 1929 715 autem

340 742 485 797 tilios
515 757 670 809 suos,
702 746 921 800 traditis
963 747 1085 800 aliis
1118 750 1438 813 virtutibus,
1468 751 1534 804 ad
1565 752 1926 806 custodienda

338 832 464 888 lstri
494 834 634 889 vada
664 838 976 892 constituit.
1001 838 1071 892 At
1097 855 1226 893 vero
1254 840 1492 895 Romani
1523 842 1736 896 ratibus
1770 842 1928 896 lactis

336 924 568 980 ﬂuvium
602 933 1046 993 transmearunt,
1099 940 1155 984 et
1202 930 1405 984 bellum
1460 942 1689 999 praetore
1732 930 1926 985 Prisco

334 1036 462 1073 cum
494 1019 723 1089 chagani
744 1020 869 1075 liliis
899 1021 1142 1075 inierunt
1188 1039 1201 1073 :
1257 1022 1636 1078 Comentiolus
1669 1025 1814 1077 enim
1842 1024 1929 1076 in-

338 1114 589 1166 lirmatus
619 1112 673 1164 in
704 1110 1013 1167 Biniinacio
1053 1114 1233 1168 insula
1275 1116 1518 1170 sedebat.
1548 1115 1797 1185 Cumque
1832 1132 1929 1183 per

336 1203 545 1256 multas
588 1202 754 1257 horas
782 1204 985 1257 bellum
1027 1206 1297 1259 tenuisset
1331 1214 1384 1258 et
1417 1209 1498 1261 sol
1532 1207 1792 1262 trecentis
1817 1206 1926 1261 lto-

331 1309 623 1349 manorum
658 1296 1003 1365 interemptis
1037 1298 1410 1361 occubuisset,
1452 1308 1694 1368 quatuor
1723 1300 1929 1356 Barba-

332 1399 522 1440 torum
554 1385 723 1439 millia
740 1388 1406 1455 perierunt.lntrinsecus
1435 1409 1564 1447 vero
1594 1394 1800 1449 militia:
1831 1410 1925 1449 or-

329 1477 541 1532 dinatae
587 1478 786 1532 iterum
830 1480 1033 1535 bellum
1081 1484 1387 1553 incipiunt,
1437 1496 1492 1539 et
1552 1487 1750 1542 iterum
1800 1497 1925 1543 octo

330 1570 505 1623 millia
525 1568 896 1625 Barbaroruni
927 1573 1273 1629 interimunt.
1295 1576 1559 1630 Similiter
1582 1588 1634 1632 et
1653 1577 1813 1630 tertia
1836 1578 1925 1632 die

330 1662 651 1730 prazliantcs
698 1664 768 1717 ab
804 1666 1201 1722 excelsioribus
1242 1665 1480 1722 Romani
1533 1670 1599 1723 ad
1654 1670 1924 1728 Barbaros

329 1764 726 1820 accesserunt,
776 1758 987 1827 hosque
1028 1768 1306 1816 vertentes
1352 1763 1420 1816 ad
1454 1774 1712 1833 stagnum
1758 1777 1923 1835 atque

326 1846 617 1916 pellentes,
649 1848 859 1906 Avares
887 1852 1093 1907 multos
1121 1864 1457 1909 necaverunt
1497 1872 1564 1910 ex
1596 1858 1735 1922 illis,
1773 1859 1920 1914 inter

325 1955 471 2010 quos
497 1950 547 1996 et
577 1942 813 2013 chagaui
847 1946 1028 2000 necati
1058 1955 1186 2001 sunt
1222 1948 1316 2002 lilii
1344 1990 1357 2014 ,
1409 1946 1751 2021 Romanique
1794 1952 1918 2006 illit-

326 2044 500 2089 strem
532 2036 815 2089 victoriam
857 2036 1181 2094 induerunt.
1214 2040 1506 2111 Chaganus
1536 2058 1667 2098 vero
1696 2058 1919 2099 coacer-

324 2128 471 2181 vatis
495 2128 708 2184 viribus
732 2130 977 2199 copiosis
999 2141 1196 2186 contra
1227 2132 1507 2190 Boinanos
1530 2136 1914 2207 progreditur:

321 2220 471 2275 bello
502 2230 686 2277 autem
718 2232 976 2279 manente
1006 2232 1230 2280 vertunt
1258 2224 1493 2280 Romani
1529 2225 1827 2291 Barbaros,
1860 2234 1917 2282 et

324 2311 591 2367 omnibus
643 2313 1002 2385 insigniorem
1051 2316 1195 2369 hanc
1246 2318 1555 2370 retulerunt
1603 2318 1913 2373 victoriam.

323 2404 542 2460 Interea
589 2404 818 2463 Priscus
870 2418 1113 2477 quatuor
1157 2408 1404 2464 millibus
1450 2409 1748 2479 praemissis
1793 2408 1917 2465 Tis-

317 2513 424 2553 son
457 2498 569 2571 (Η)
601 2515 819 2554 amnem
855 2510 1195 2557 transmeare
1233 2512 1287 2557 et
1320 2502 1608 2572 explorare
1642 2501 1915 2558 Barbaro-

317 2608 446 2647 rum
476 2595 736 2665 praecepit
764 2603 969 2652 motus.
1014 2596 1083 2649 At
1116 2610 1243 2650 vero
1285 2595 1510 2651 Barbari
1553 2596 1692 2650 nihil
1720 2610 1911 2651 eorum

312 2700 443 2757 quae
477 2686 622 2740 facta
652 2687 871 2743 fuerant
898 2698 1319 2760 cognoscentes,
1352 2689 1552 2745 festum
1584 2690 1730 2745 diem
1770 2692 1913 2746 cete.

313 2780 557 2834 brabaut
591 2789 645 2833 et
678 2781 885 2848 pariter
917 2783 1377 2838 convivabantur.
1430 2781 1488 2836 lu
1531 2784 1634 2839 hos
1678 2782 1910 2839 Romani

312 2873 575 2929 clanculo
603 2873 909 2929 incidentes
937 2876 1235 2929 maximum
1258 2877 1472 2945 operati
1506 2886 1635 2933 sunt
1665 2885 1907 2934 metum:

312 2967 547 3036 triginta
585 2966 793 3037 quippe
827 2967 1000 3021 millia
1050 2966 1385 3036 Gipedorum
1436 2969 1913 3041 barbarorumque

310 3058 554 3113 aliorum
583 3059 931 3124 occiderunt,
962 3066 1016 3113 et
1046 3060 1273 3129 copiosa
1307 3061 1492 3131 praeda
1514 3062 1911 3133 comprehensa

311 3162 671 3210 revertuntur
712 3153 781 3208 ad
813 3155 1088 3209 Priscum.
1138 3155 1437 3224 Chaganus
1482 3165 1666 3211 autem
1714 3172 1982 3243 rursusc
2017 3179 2287 3241 abiisse“
2349 3178 2567 3231 vocavi;
2626 3193 2749 3231 eum

309 3250 691 3319 potentatibus
735 3250 1032 3305 cumulatis
1084 3250 1231 3305 venit
1273 3249 1342 3304 ad
1390 3248 1615 3314 lstruin,
1665 3263 1719 3305 et
1772 3252 1909 3307 inito

312 3342 465 3397 bello
503 3342 723 3397 barbari
759 3354 1097 3412 superantur
1122 3353 1178 3396 et
1222 3343 1278 3395 in
1319 3343 1499 3397 amnis
1550 3341 1774 3397 ﬂuentis
1812 3360 1908 3398 nc—

310 3445 535 3503 cantur,
568 3445 911 3507 pereuntque
951 3437 1117 3492 simul
1150 3452 1278 3491 cum
1320 3437 1407 3492 bis
1440 3438 1659 3508 plurimi
1688 3453 1908 3507 quoque

312 3527 595 3585 Sclavini:
627 3532 780 3585 vivos
806 3540 988 3585 autem
1023 3531 1383 3586 obtinuerunt
1413 3531 1653 3584 Avarum
1686 3531 1904 3600 quidem

312 3624 431 3680 tria'
455 3626 651 3693 millia,
692 3627 1077 3681 Si-lavinorum
1112 3641 1241 3681 vero
1270 3625 1622 3695 octingentos
1662 3634 1716 3679 et
1738 3626 1905 3696 Cipe-

306 3717 446 3774 dum
480 3721 586 3773 tria
618 3720 811 3785 millia,
834 3735 933 3773 nec
961 3734 1069 3773 non
1101 3728 1156 3773 et
1177 3719 1710 3793 duobarbarorum.
1732 3716 1904 3772 Porro

306 3811 601 3881 cbaganus
628 3812 695 3865 ad
720 3812 1045 3867 Mauriciqu
1072 3814 1458 3881 imperatorem
1494 3812 1704 3879 legatos
1730 3810 1900 3876 misit,

304 3915 507 3975 captos
538 3909 783 3978 recipere
812 3908 991 3961 nisus.
1023 3907 1093 3959 At
1124 3906 1215 3961 ille
1240 3906 1484 3960 nondum
1514 3914 1793 3974 comperta
1818 3905 1903 3958 in-

303 4002 458 4071 clyta
522 4000 901 4056 Romanorum
956 4001 1186 4055 victoria
1251 4000 1447 4055 scribit
1502 3998 1693 4056 Prisco
1755 4000 1903 4072 quod

303 4096 520 4150 Avares
549 4095 797 4165 chagano
824 4095 1078 4150 redderet
1110 4102 1347 4148 tantum.

276 4184 279 4187 ⁷
382 4188 587 4243 Eodem
619 4205 839 4260 quoque
869 4203 1016 4243 anno
1048 4190 1133 4242 vir
1160 4189 1386 4259 quidam
1431 4188 1758 4243 monachico
1785 4188 1899 4242 cir-

301 4286 676 4339 cumamictus
714 4285 902 4339 habitu
939 4293 992 4338 et
1024 4284 1077 4337 in
1119 4283 1386 4352 religione
1432 4284 1653 4347 clarus,
1701 4282 1897 4352 spatha

301 4377 585 4432 denudata
640 4395 670 4431 a
704 4377 823 4431 foro
865 4392 1044 4446 usque
1084 4378 1149 4430 ad
1183 4391 1388 4430 teneam
1420 4376 1745 4445 gladiatoris
1782 4386 1897 4430 staa

300 4477 457 4524 tuam
502 4468 848 4534 discurrens,
906 4470 1291 4539 imperatorem
1348 4469 1608 4522 omnibus
1656 4469 1709 4521 in
1743 4467 1893 4521 occi-

300 4562 463 4617 sione
500 4561 667 4630 gladii
705 4563 1037 4616 moriturum
1082 4562 1480 4630 pronuntiavit.
1531 4560 1798 4614 Similiter
1840 4569 1895 4613 et

299 4653 653 4709 Herodianus
684 4654 951 4708 Mauricio
996 4656 1306 4719 manifeste,
1357 4668 1478 4724 qum
1519 4652 1626 4708 sibi
1675 4652 1895 4708 fuerant

297 4754 557 4811 ventura,
606 4745 878 4815 prtedixit.
921 4746 1256 4815 liuperatore
1301 4759 1433 4799 vero
1479 4752 1643 4799 noctu
1684 4745 1893 4799 discal-

296 4846 459 4893 ceato
482 4838 740 4893 letaniain
774 4846 1033 4907 cum‘tota
1070 4840 1205 4893 urbe
1233 4847 1448 4908 agente,
1480 4847 1534 4891 et
1570 4850 1893 4895 transeunte

298 4931 370 4984 ad
418 4931 692 5001 Carpiana
745 4934 899 4994 loosi,
955 4933 1361 4985 tumultuantur
1410 4948 1476 4985 ex
1538 4932 1893 4989 multitudine

298 5025 551 5095 quidam.
583 5033 638 5079 et
660 5034 860 5077 contra
892 5024 1282 5094 imperatorem
1319 5024 1528 5094 lapides
1545 5024 1778 5095 jaciunt,
1818 5024 1893 5077 ita

297 5119 470 5177 utvix
514 5120 816 5190 imperator
850 5135 975 5174 cum
1009 5117 1322 5174 Theodosio
1366 5119 1477 5173 lilio
1508 5134 1609 5173 suo
1654 5121 1894 5175 salvare-

295 5221 390 5266 tur
419 5222 473 5268 et
503 5214 813 5267 orationem
844 5211 1147 5282 compleret
1182 5212 1325 5281 apud
1362 5211 1717 5268 ltlachernas.

369 5303 557 5359 Mundi
584 5318 729 5358 anno
754 5304 916 5365 6094,
940 5305 1138 5360 divinae
1169 5304 1568 5359 incarnationis
1600 5318 1747 5359 anno
1765 5303 1892 5371 594,

292 5404 445 5450 anno
475 5409 605 5448 vero
639 5395 852 5464 imperii
888 5395 970 5448 sui
1000 5393 1073 5447 20
1104 5393 1406 5448 Mauricius
1432 5393 1485 5446 in
1518 5407 1576 5447 se
1606 5405 1886 5455 reversus.

289 5498 349 5545 et
384 5489 570 5545 sciens
598 5490 743 5559 quod
781 5490 916 5543 nihil
944 5488 1113 5543 Deum
1148 5490 1333 5552 lateat,
1362 5488 1456 5543 sed
1488 5488 1679 5543 reddat
1705 5488 1886 5544 omni-

288 5585 398 5642 bus
429 5585 735 5642 secundum
767 5600 933 5658 opera
963 5584 1231 5655 ipsorum,
1256 5592 1311 5639 et
1345 5583 1658 5654 recogitans
1692 5597 1887 5639 exces-

298 5692 429 5736 sum
481 5691 647 5751 quem
699 5677 756 5733 in
804 5677 1234 5748 captivationem
1283 5684 1722 5749 perpetraverat,
1773 5691 1885 5733 non

365 5873 482 5952 (Η)
520 5869 743 5928 Illarum
774 5870 899 5926 Vat.

505 5966 772 6028 Ριτιιοι..
822 5967 940 6028 Ca.
989 5968 1206 6032 CH“.

2033 589 2159 628 nam
2188 592 2249 631 se
2280 579 2526 647 recipere
2568 596 2668 649 pro
2709 590 2957 650 peccato,
2989 592 3043 636 et
3082 599 3189 636 non
3227 584 3281 639 in
3322 584 3527 648 futura,
3560 598 3614 642 et

2033 667 2208 723 factas
2240 685 2432 738 preces
2472 673 2527 726 in
2565 674 2789 743 scriptis
2825 674 3151 728 transmittit
3190 678 3255 729 ad
3283 691 3475 731 omnes
3515 694 3615 748 pa-

2030 762 2360 819 triarchales
2406 767 2568 820 sedes
2599 776 2654 820 et
2695 768 2763 822 ad
2798 785 2991 825 omnes
3034 770 3286 827 civitates
3338 772 3442 825 sibi
3487 775 3615 825 sub—

2025 852 2224 921 jectas,
2278 868 2333 911 et
2396 860 2463 913 ad
2516 864 2853 915 monasteria
2896 879 3016 931 qua:
3059 874 3190 917 sunt
3235 865 3287 918 in
3330 879 3516 917 eremo
3561 873 3616 919 et

2030 946 2447 1021 lliérosolymis,
2485 965 2537 1006 et
2573 953 2640 1007 ad
2683 956 2869 1011 lauras
2919 959 3182 1027 pecunias
3221 967 3276 1009 et
3317 973 3508 1013 cereos
3558 970 3615 1013 et

2030 1038 2277 1104 incensa,
2306 1056 2359 1095 ut
2386 1055 2611 1100 orarent
2634 1063 2732 1116 pro
2755 1065 2833 1110 se,
2872 1065 2980 1118 quo
3006 1050 3091 1102 hie
3122 1052 3391 1120 reciperet
3422 1059 3477 1115 et
3503 1066 3612 1106 non

2030 1130 2085 1185 in
2144 1132 2330 1188 futuro
2393 1139 2615 1193 smerrlo.
2671 1141 3157 1197 Seandalizabatur
3211 1153 3392 1196 autem
3444 1151 3499 1198 et
3555 1143 3611 1199 in

2028 1224 2394 1296 Philippicnm
2425 1245 2682 1296 generum
2718 1248 2902 1295 suum,
2933 1235 3078 1303 quod
3126 1236 3178 1287 in
3212 1253 3247 1303 φ
3292 1236 3471 1289 littera
3507 1252 3609 1291 no-

2028 1316 2356 1371 minaretur.
2402 1317 2576 1374 Porro
2617 1320 2957 1392 Philippicus
2984 1325 3200 1380 diverse
3235 1327 3459 1395 jurabat
3505 1331 3609 1383 int-

2028 1411 2268 1478 peratori
2298 1413 2444 1481 quod
2477 1430 2648 1483 purus
2678 1426 2822 1469 esset
2858 1416 2912 1469 in
2943 1419 3171 1471 servitio
3213 1420 3336 1486 ejus
3367 1431 3419 1473 et
3465 1425 3610 1490 apud

2028 1514 2088 1556 se
2112 1501 2299 1555 dolum
2340 1504 2553 1556 nullum
2587 1504 2834 1561 haberet.
2870 1506 3120 1575 Cumque
3148 1506 3445 1562 Mauricius
3481 1525 3612 1578 sup-

2027 1596 2257 1665 plicaret
2294 1598 2405 1652 Deo
2440 1600 2876 1654 miscricordiam
2910 1602 3209 1670 praestaudi
3241 1603 3440 1656 animai
3476 1619 3612 1666 sum,

2026 1693 2264 1761 quadam
2295 1704 2457 1749 noete
2485 1696 2767 1751 dormiens
2795 1698 2927 1751 vidit
2967 1699 3020 1752 in
3061 1699 3179 1752 visu
3219 1699 3361 1767 apud
3400 1715 3612 1753 teneant

2027 1783 2212 1851 palatii
2246 1792 2459 1853 portam
2495 1787 2715 1857 imagini
2766 1786 3068 1843 Salvatoris
3100 1804 3159 1843 se
3193 1798 3397 1849 astare,
3430 1796 3485 1841 et
3514 1803 3608 1842 co-

2022 1876 2238 1945 piosum
2285 1879 2548 1947 populum
2585 1880 2792 1948 pariter
2833 1880 3205 1935 assistentem.
3258 1879 3417 1934 Tunc
3462 1878 3607 1936 facta

2021 1978 2106 2023 est
2129 1983 2234 2022 vox
2265 1985 2330 2022 ex
2358 1971 2677 2025 charactere
2705 1973 2890 2040 magni
2930 1972 3022 2026 Dei
3056 1982 3114 2027 et
3148 1972 3451 2028 Salvator-is
3504 1988 3607 2028 nov

2020 2060 2119 2115 stri
2154 2058 2284 2115 Jcsu
2326 2062 2564 2128 Christi,
2623 2063 2855 2119 dicens:
2930 2062 3068 2118 Date
3132 2062 3495 2131 Mauricium;
3552 2074 3608 2119 et

2022 2160 2272 2208 tenentes
2293 2169 2417 2210 eum
2444 2155 2775 2225 judiciorum
2803 2156 3042 2211 ministri
3062 2157 3436 2211 exhibuerunt
3458 2157 3608 2227 apud

2020 2260 2355 2314 purpureum
2387 2249 2730 2307 umbilicum.
2755 2250 2848 2319 qui
2873 2258 2991 2303 erat
3023 2249 3156 2305 illic.
3185 2249 3253 2304 Et
3277 2250 3352 2304 ait
3385 2249 3450 2303 ad
3478 2264 3609 2307 eum

2019 2340 2243 2409 propria
2268 2354 2404 2393 voce
2453 2358 2465 2394 :
2572 2337 2672 2392 Ubi
2702 2341 2780 2394 vis
2812 2340 3029 2393 reddam
3061 2340 3178 2406 tibi,
3213 2339 3298 2392 hic
3326 2355 3397 2393 an
3422 2340 3478 2392 in
3513 2340 3605 2407 {tt-

2019 2445 2139 2485 turo
2167 2432 2406 2486 sa’cttlo?
2452 2432 2571 2498 Quo
2630 2434 2721 2487 ille
2754 2434 2945 2489 audito
3006 2434 3327 2503 respondit:
3383 2435 3607 2487 Amator

2016 2524 2311 2589 laciniatim,
2347 2525 2569 2580 Domine
2601 2536 2651 2580 et
2673 2526 2823 2594 juste
2848 2526 3039 2596 judex,
3075 2528 3161 2579 hic
3186 2527 3383 2596 potius,
3416 2535 3467 2580 et
3500 2543 3606 2582 non

2018 2618 2073 2671 in
2124 2618 2322 2672 sarculo
2354 2617 2472 2672 illo.
2538 2616 2605 2671 Et
2632 2618 2802 2687 jussit
2866 2618 3052 2672 divina
3088 2632 3189 2674 vox
3225 2616 3366 2672 tradi
3398 2616 3604 2672 Mauri-

2016 2712 2164 2764 cium
2189 2720 2244 2765 et
2269 2711 2693 2765 Constantinam
2728 2725 2953 2765 uxorem
2985 2710 3108 2780 ejus
3133 2718 3189 2765 et
3217 2711 3358 2765 ﬁlios
3395 2716 3449 2765 et
3478 2724 3600 2764 om-

2017 2818 2141 2857 nem
2166 2805 2548 2874 cognationem
2579 2804 2754 2874 ipsius
2782 2803 2985 2857 Phocaz
3022 2803 3206 2857 militi.
3263 2801 3602 2873 Expergefa-

2018 2907 2141 2953 ctus
2164 2913 2299 2968 ergo
2333 2896 2655 2962 Mauricius,
2679 2906 2734 2951 et
2765 2913 2969 2952 vocans
3004 2912 3129 2951 eum
3172 2896 3267 2966 qui
3316 2910 3505 2950 coram
3543 2911 3605 2951 se

2016 2989 2350 3055 dormiebat,
2384 2991 2536 3045 misit
2574 2990 2642 3045 ad
2680 2989 3047 3061 Philippicuin
3092 3004 3356 3058 generum
3401 3004 3599 3055 suum,

2017 3092 2079 3136 ut
2129 3085 2386 3138 celeriter
2430 3099 2554 3137 eum
2605 3082 2906 3137 adduceret
2960 3082 3028 3135 ad
3082 3096 3163 3136 se.
3211 3081 3459 3149 Cumque
3512 3082 3602 3134 illo

2798 3193 2812 3230 :
2872 3176 2967 3245 qui
3038 3189 3275 3245 surgens
3334 3173 3601 3228 advocata

2014 3286 2182 3325 uxore
2214 3286 2312 3325 sua
2346 3271 2634 3324 osculatus
2684 3281 2764 3323 est
2791 3283 2937 3332 eam,
2971 3268 3162 3323 dicens
3192 3286 3205 3321 :
3261 3264 3458 3321 Salve:
3480 3266 3601 3335 jam

2012 3380 2117 3417 non
2158 3380 2237 3416 me
2279 3362 2497 3417 videbis.
2562 3362 2693 3426 Quae
2734 3361 3060 3416 exclamavit
3103 3374 3230 3414 cum
3302 3359 3429 3414 ﬂetu
3469 3374 3603 3419 voce

2012 3472 2209 3525 magna
2244 3456 2310 3509 ad
2346 3470 2912 3523 paracoemumeuuni,
2954 3453 3192 3507 dicens:
3271 3453 3479 3522 Adjuro
3550 3462 3600 3508 te

2007 3565 2101 3618 per
2137 3548 2324 3614 Deum,
2359 3563 2479 3619 qua:
2519 3557 2596 3600 est
2626 3563 2789 3600 causa
2822 3551 2884 3600 ob
2911 3561 3071 3615 quam
3108 3545 3299 3615 quierit
3342 3561 3460 3600 eum
3492 3546 3594 3604 liae

2009 3645 2191 3697 hora?
2237 3644 2305 3694 At
2381 3641 2473 3695 ille
2500 3642 2706 3709 juravit
2733 3655 2793 3694 se
2816 3640 3093 3710 ignorare,
3124 3647 3178 3693 et
3203 3640 3332 3708 quia
3369 3647 3594 3707 repente

2008 3737 2074 3791 de
2102 3748 2299 3791 somno
2334 3735 2632 3804 imperator
2667 3746 2973 3801 exsurgens
2997 3731 3145 3786 misit
3186 3746 3293 3785 me.
3328 3728 3596 3801 Philippi-

2006 3845 2108 3885 eus
2139 3843 2271 3898 ergo
2299 3827 2553 3897 quaesivit
2583 3840 2787 3895 corpus
2820 3824 3029 3879 Christi
3077 3825 3383 3893 percipere,
3428 3832 3481 3879 et
3511 3826 3594 3879 sic

2006 3920 2074 3973 ad
2109 3922 2492 3989 imperatorem
2538 3931 2786 3987 pergere.
2839 3913 2987 3969 Uaor
3025 3926 3209 3968 autem
3239 3913 3359 3983 ejus
3390 3913 3595 3972 Cordia

2002 4010 2221 4082 jacebat
2267 4010 2322 4063 in
2354 4017 2501 4063 terra
2549 4024 2608 4064 se
2653 4009 2909 4064 volutans
2955 4018 3010 4063 et
3065 4008 3290 4076 plorans
3333 4015 3387 4061 et
3423 4006 3593 4063 Deum

2002 4117 2263 4158 exorans.
2303 4101 2594 4171 Ingressus
2626 4114 2761 4153 vero
2787 4097 3129 4169 Philippicus
3154 4097 3468 4152 cubiculum
3503 4113 3592 4153 re-

2001 4199 2152 4267 gium
2186 4196 2419 4267 projecit
2453 4211 2514 4250 se
2542 4194 2609 4249 ad
2650 4194 2820 4263 pedes
2868 4192 3237 4263 imperatoris.
3291 4192 3592 4260 Imperator

2003 4302 2186 4345 autem
2221 4290 2358 4344 dicit
2409 4290 2499 4343 ei:
2564 4286 2785 4359 Ignosce
2816 4287 2945 4340 mihi
2992 4296 3205 4355 propter
3241 4285 3429 4348 Deum,
3461 4300 3592 4354 quo-

2001 4386 2146 4438 niam
2172 4383 2381 4451 peccavi
2414 4381 2545 4436 tibi:
2580 4397 2705 4435 nam
2738 4396 2902 4449 usque
2929 4396 3066 4434 nunc
3096 4379 3512 4434 scandalizabar
3534 4381 3589 4434 in

2002 4485 2072 4530 te.
2130 4475 2195 4528 Et
2254 4475 2456 4543 jubens
2484 4473 2637 4528 exire
2671 4488 3216 4542 paracmmumenum
3250 4472 3492 4526 surrexit
3534 4480 3593 4526 ct

2000 4567 2201 4624 cecidit
2232 4567 2297 4620 ad
2338 4566 2505 4635 pedes
2540 4564 2853 4634 Philippici,
2910 4564 3136 4618 dicens:
3187 4561 3410 4632 Ignosce
3436 4563 3587 4628 mihi,

1998 4658 2123 4731 quia
2155 4658 2309 4711 modo
2340 4656 2634 4709 certissime
2672 4657 2788 4708 novi
2824 4656 2961 4724 quod
3008 4654 3140 4707 nihil
3190 4656 3485 4723 peccaveris
3532 4655 3589 4709 in

2000 4765 2101 4804 me.
2147 4748 2249 4803 Sed
2294 4749 2379 4801 dic
2426 4746 2593 4811 mihi,
2636 4762 2786 4813 quem
2833 4749 2939 4799 scis
2977 4746 3115 4798 inter
3143 4747 3353 4815 agmina
3401 4756 3589 4801 nostra

2003 4842 2242 4896 Phocam
2271 4842 2514 4896 militem.
2573 4840 2642 4893 At
2710 4853 2843 4893 vero
2885 4837 3228 4908 Philippicas
3276 4841 3588 4909 recogitans

1999 4935 2133 4991 dicit
2173 4936 2265 4990 ei:
2338 4932 2512 4987 Unum
2573 4950 2827 5003 agnoseo,
2869 4934 2959 5003 qui
2995 4942 3119 4986 ante
3160 4932 3426 4987 modicum
3458 4942 3587 4985 trin-

1994 5044 2094 5098 pus
2135 5036 2454 5096 procurator
2496 5025 2561 5078 ab
2589 5027 2824 5079 exercitu
2854 5024 3154 5078 destinatus
3189 5022 3587 5075 contradicebat

1922 5118 1927 5124 ’
1995 5122 2217 5193 imperio
2270 5130 2381 5174 tuo.
2450 5118 2550 5173 Ast
2616 5118 2922 5187 imperator
2964 5117 3077 5170 ait:
3135 5112 3302 5183 Cujus
3346 5122 3585 5182 estque-

1997 5218 2209 5272 litatis?
2262 5216 2368 5282 Qui
2424 5215 2499 5268 ait
2534 5229 2547 5266 :
2582 5212 2803 5268 Iuvenis
2836 5211 3168 5272 temerarius,
3204 5206 3295 5261 sed
3335 5216 3386 5260 et
3434 5207 3584 5261 timi'

1996 5308 2119 5362 dus.
2169 5304 2325 5361 Tunc
2389 5303 2692 5358 Mauricius
2752 5325 2766 5356 :
2829 5300 2890 5356 Si
2932 5301 3152 5353 timidus
3214 5306 3314 5362 est,
3380 5298 3582 5367 inquit,

1998 5399 2237 5469 profecto
2268 5406 2315 5451 et
2340 5395 2630 5450 homicida.
2676 5394 2737 5449 Et
2773 5393 3046 5448 referebat
3092 5389 3402 5459 Philippico
3428 5402 3582 5443 som-

1998 5493 2073 5548 nii
2137 5491 2550 5546 revelationem.
2625 5488 2796 5541 Porro
2834 5493 2997 5540 nocte
3032 5484 3125 5536 illa
3154 5484 3271 5537 visa
3307 5490 3391 5537 est
3423 5481 3581 5536 stella

1995 5586 2053 5642 in
2081 5586 2246 5648 caelo,
2272 5599 2394 5654 qua:
2434 5582 2634 5638 dicitur
2661 5587 2926 5636 cometes.
2968 5575 3026 5631 lu
3056 5576 3362 5631 crastinum
3397 5584 3581 5630 autem

1999 5680 2247 5753 pervenit
2265 5677 2678 5751 magistrianus,
2705 5673 2798 5745 qui
2824 5670 3028 5728 missus
3061 5668 3241 5726 fuerat
3266 5667 3336 5723 ad
3356 5676 3583 5727 sanctas

1825 5774 2055 5835 NOTAE.

3098 5947 3174 6017 ιι
