4088 6484
534 410 665 475 1291

1651 400 2049 462 ANAS‘I‘ASII
2089 397 2167 459 BI
2179 397 2724 460 BLIOTHECARII

3645 402 3762 469 129?.

529 522 701 579 areml
753 518 968 584 Patres,
1003 518 1187 573 ferens
1217 515 1379 571 abiis
1403 499 1734 584 responsum
1759 511 2113 582 huiusmodi:
2142 515 2197 575 Α
2225 509 2408 582 Neque
2470 511 2612 566 enim
2690 527 2790 565 nos
2817 549 2830 574 ,
2891 509 3067 578 aiunt,
3123 509 3372 578 imperari
3451 529 3481 566 α
3547 513 3774 575 Nuntio

531 617 674 672 Deus
751 622 956 684 recepta
1031 609 1340 679 paenitentia
1433 617 1526 660 tua
1601 606 1828 661 saluauit
1883 606 2120 659 animant

533 722 705 774 tuam,
737 716 786 761 et
820 717 867 760 te
905 721 1023 759 cum
1060 703 1259 757 sanctis
1295 717 1412 755 cum
1449 709 1559 753 tota
1602 698 1760 753 domo
1793 708 1885 752 tua
1920 700 2120 752 consti-

533 807 665 863 tuet,
694 796 914 866 imperio
938 811 1055 848 vero
1086 809 1205 846 cum
1245 791 1538 862 ignominia
1560 799 1610 844 et
1643 789 1955 844 discrimine
1979 791 2123 844 deci-

533 892 646 946 des.
713 889 812 944 His
871 887 1076 941 auditis
1119 877 1420 940 Mauricius
1464 885 1796 954 glorificavit
1832 883 2123 954 magnifice

533 984 730 1038 Deum.
781 980 954 1052 Igitur
1015 979 1266 1034 autumni
1322 985 1574 1047 tempore
1627 974 1946 1039 accedente,
1995 990 2122 1030 cum

533 1075 836 1131 Mauricius
868 1075 1172 1144 imperator
1199 1071 1465 1141 jussisset
1511 1067 1674 1124 Petro
1715 1078 1774 1123 ut
1817 1070 1871 1122 in
1911 1069 2127 1124 Sclavi-

533 1183 730 1223 norum
780 1167 1007 1238 regione
1058 1164 1294 1236 populus
1326 1164 1617 1227 hiemaret,
1652 1163 1983 1218 restiterunt
2017 1161 2128 1217 Ro-

533 1261 704 1324 mani,
745 1261 852 1314 hoc
885 1258 1065 1313 facere
1105 1274 1214 1312 non
1258 1257 1694 1320 consentientes,
1744 1265 1854 1308 tam
1904 1264 2131 1326 propter

535 1367 804 1424 equorum
837 1351 1275 1406 bumiliationem
1313 1364 1479 1419 quam
1510 1356 1738 1419 propter
1763 1348 1910 1418 quod
1943 1349 2132 1418 copio-

536 1462 654 1501 sam
682 1445 1164 1500 circutnducerent
1205 1442 1470 1514 praedam,
1514 1457 1613 1497 nec
1635 1457 1743 1497 non
1776 1443 1847 1497 ob
1879 1443 2125 1496 rnultitn-

535 1540 693 1593 dines
752 1535 1164 1602 Btirbarornm,
1232 1551 1356 1606 quae
1420 1551 1518 1605 per
1581 1536 1858 1606 regionem
1917 1535 2130 1589 diffusae

537 1629 1028 1700 clignoscebantur,
1065 1637 1122 1683 et
1153 1629 1484 1683 seditionem
1517 1630 1759 1683 meditati
1795 1637 1945 1684 sunt.
1980 1628 2130 1683 Prte-

540 1730 627 1776 tor
659 1731 839 1776 autem
877 1721 1201 1790 indignatus
1237 1727 1431 1773 contra
1465 1720 1728 1789 populum
1763 1724 1816 1774 in
1845 1720 2134 1776 demente-

538 1813 744 1865 tionem
775 1824 872 1864 eos
895 1808 1146 1864 immisit.
1172 1809 1426 1863 Incidunt
1458 1809 1648 1879 itaque
1683 1810 1883 1879 pluviae
1903 1811 2131 1865 creber-

2225 603 2290 657 de
2373 616 2564 658 ccetero
2629 605 2918 674 patiemur.
2999 601 3099 660 His
3155 603 3448 660 Mauricius
3511 615 3776 680 compertis

2225 697 2464 751 accersit
2508 696 2574 748 ad
2661 711 2722 750 se
2773 695 2980 760 lilium,
3025 695 3426 752 Comentiolum
3461 713 3584 754 vero
3618 718 3783 761 muros

2229 788 2526 844 observare
2577 789 2856 859 praecepit.
2919 787 3254 843 Germanum
3305 798 3481 844 autem
3538 808 3637 847 una
3673 811 3778 848 cum

2233 881 2344 936 lilio
2380 895 2482 938 suo
2531 881 2827 936 accusabat
2882 879 3076 936 harum
3107 880 3284 937 fuisse
3315 883 3669 940 calamitatum
3697 902 3786 941 au-

2229 983 2430 1029 ctores.
2461 974 2708 1044 Cumque
2755 990 2815 1029 se
2864 973 3171 1030 Germanus
3219 989 3486 1031 excusare
3529 979 3786 1040 niteretur.

2231 1064 2532 1120 Mauricius
2581 1069 2659 1119 ait
2734 1081 2748 1117 :
2805 1064 2850 1122 0
2885 1065 3166 1131 Germane,
3203 1068 3310 1121 duo
3339 1077 3459 1120 sunt
3508 1081 3793 1140 argumenta

2234 1159 2559 1222 suspicionis
2585 1175 2734 1223 mete,
2762 1160 2943 1228 populi
2976 1159 3173 1213 scilicet
3201 1160 3272 1212 ad
3304 1169 3351 1213 te
3373 1160 3578 1225 littera,
3604 1171 3651 1215 et
3673 1165 3790 1230 quod

2234 1261 2429 1305 cuncta
2463 1252 2676 1321 depasti
2703 1260 2850 1319 sunt,
2882 1261 2932 1306 et
2967 1251 3130 1305 nullis
3167 1254 3416 1318 exceptis,
3453 1253 3552 1305 tuis
3586 1268 3796 1322 peperce-

2231 1343 2362 1399 rint.
2385 1341 2579 1410 Parce,
2605 1341 2888 1410 Germane,
2941 1343 3211 1413 prolixum
3250 1344 3482 1413 faciendi
3512 1361 3795 1401 sermonem.

2234 1434 2388 1490 Nihil
2413 1436 2630 1491 suauius
2683 1452 2844 1506 quam
2882 1451 2974 1505 per
3004 1435 3237 1506 gladium
3303 1437 3460 1490 mori.
3522 1435 3660 1491 Sane
3685 1437 3799 1492 Ger-

2238 1541 2437 1582 manus
2487 1528 2543 1582 in
2597 1530 2862 1598 templum
2920 1529 3014 1584 Dei
3069 1529 3280 1594 Matris,
3331 1529 3476 1599 quod
3526 1531 3798 1599 appellatur

2233 1620 2387 1690 Cyri,
2427 1619 2589 1690 fugit.
2642 1619 2802 1688 Quod
2851 1637 2975 1675 cum
3028 1622 3328 1692 imperator
3366 1621 3663 1686 didicisset,
3700 1623 3800 1680 Ste-

2235 1713 2479 1782 phanum
2524 1715 2838 1768 eunuchum
2877 1715 3080 1770 direxit
3123 1718 3194 1770 al)
3220 1715 3454 1771 ecclesia
3501 1714 3799 1771 Germanum

2235 1805 2531 1861 educendi.
2561 1807 2814 1877 Cumque
2855 1805 3173 1877 Stephanus
3207 1809 3480 1863 violenter
3509 1809 3652 1862 hunc
3692 1809 3804 1862 edu-

537 1905 693 1957 rima:
732 1916 898 1971 super
946 1900 1235 1972 populum,
1290 1909 1344 1956 et
1393 1903 1571 1972 frigus
1611 1901 1868 1957 multum.
1937 1901 2136 1960 Petrus
2173 1911 2213 1969 ῃ
2246 1913 2372 1953 cere
2399 1899 2692 1963 voluisset,
2726 1899 2972 1955 fautores
2999 1899 3258 1954 Germani
3295 1901 3616 1955 resistentes
3641 1901 3804 1970 expel-

538 2011 718 2056 autem
755 1998 947 2070 viginti
984 1999 1227 2054 millibus
1264 2000 1457 2068 procul
1491 2000 1560 2054 ab
1591 2002 1842 2054 exercitu
1879 1999 2137 2054 moraba-

541 2103 648 2145 tur.
684 2088 986 2143 Mauricius
1035 2097 1217 2144 autem
1253 2087 1418 2142 Petro
1464 2104 1562 2158 per
1611 2091 1822 2145 litteras
1868 2090 2137 2145 molestus

538 2191 657 2238 erat
689 2189 749 2236 ut
791 2181 993 2235 Istrum
1037 2178 1304 2235 transiret
1351 2188 1408 2232 et
1447 2178 1710 2235 hiemales
1742 2193 1901 2234 escas
1948 2178 2134 2248 pepuli

540 2277 608 2331 de
639 2273 1028 2330 Sclavinorum
1066 2279 1312 2329 sumeret
1350 2273 1600 2342 regione,
1638 2287 1707 2326 ne
1739 2272 1998 2327 alimenta
2035 2287 2138 2342 pu-

540 2367 688 2422 blica
735 2373 1026 2436 cogeretur
1059 2363 1326 2420 Romanis
1380 2364 1648 2433 praebere.
1698 2361 1911 2417 Praetor
1950 2369 2136 2416 autem

543 2457 816 2515 accersito
848 2456 1149 2511 Gunduhin
1219 2456 1298 2510 ait
1330 2473 1348 2509 ε
1422 2453 1604 2509 Nimis
1631 2454 1763 2508 mihi
1801 2454 1989 2524 gratia
2035 2453 2138 2506 im-

541 2553 806 2624 peratoris
838 2557 1100 2620 pra’cepta
1145 2550 1202 2604 in
1231 2551 1409 2604 aliena
1441 2557 1584 2602 terra
1613 2547 1846 2602 hiemare
1869 2545 2134 2601 Romanos

530 2646 822 2716 jnbentia:
850 2660 974 2698 nam
1009 2643 1092 2697 illi
1125 2659 1232 2697 non
1271 2643 1530 2696 obaudire
1564 2659 1759 2696 stabam
1795 2649 1894 2705 est,
1927 2649 1978 2695 et
2014 2656 2137 2694 rur-

543 2755 634 2792 sus
667 2737 922 2792 obaudire
946 2735 1315 2790 mitissimum.
1357 2731 1578 2787 Nullum
1612 2734 1804 2787 bonum
1833 2734 1973 2802 parit
2008 2749 2138 2787 ava-

545 2830 692 2892 ritia,
733 2838 902 2883 mater
938 2837 1116 2881 autem
1147 2827 1382 2880 omnium
1425 2826 1688 2880 malorum
1729 2827 1994 2889 consistit,
2030 2842 2136 2897 qua

543 2924 836 2990 imperator
863 2917 1116 2988 languens
1147 2917 1340 2970 horum
1383 2916 1742 2970 maximarum
1775 2930 1942 2970 causa
1973 2915 2138 2969 malo-

543 3029 664 3068 rum
707 3011 964 3067 Romanis
1042 3012 1297 3081 efﬁcitur.
1362 3011 1662 3065 Aecci-sitis
1695 3023 1918 3079 quoque
1949 3008 2134 3078 populi

545 3108 872 3170 taxiarchis,
925 3105 1277 3176 imperatoris
1321 3105 1406 3159 eis
1469 3104 1828 3158 intentionem
1895 3103 2132 3172 aperuit.

545 3200 787 3272 Populus
844 3207 1024 3253 autem
1075 3197 1184 3252 hoc
1229 3197 1420 3252 audito
1472 3197 1774 3251 seditiones
1819 3197 2135 3250 concitave-

545 3258 700 3357 runt,
734 3299 790 3346 et
827 3291 1076 3361 insignes
1101 3288 1324 3359 quidam
1354 3287 1637 3358 principes
1666 3301 1732 3342 es
1753 3286 1838 3341 eis
1869 3285 2136 3354 fugientes
2166 3258 2208 3314 θ

544 3385 614 3441 ad
639 3394 926 3457 praetorem
952 3391 1240 3438 venerunt.
1275 3381 1447 3436 Porro
1476 3380 1858 3436 multitudines
1885 3380 1938 3434 in
1967 3395 2136 3434 unum

544 3483 889 3549 congregatae
915 3474 1222 3545 provehunt
1243 3473 1546 3528 esarchum
1581 3470 1821 3527 Phocam
1850 3471 2137 3526 centurio-

545 3586 706 3634 nem,
741 3577 799 3623 et
837 3582 1002 3636 super
1044 3566 1294 3638 clypeum
1344 3565 1494 3619 hunc
1535 3564 1834 3619 exaltatum
1883 3563 2139 3618 laudibus

545 3661 848 3719 caarchum
875 3659 1344 3714 acclauiaverunt.
1374 3655 1472 3711 His
1503 3654 1700 3712 Petrus
1733 3655 1939 3710 auditis
1970 3656 2024 3710 in
2061 3653 2142 3709 fu-

547 3771 672 3826 gam
710 3767 908 3808 versus
947 3761 1068 3816 est,
1121 3760 1178 3807 et
1225 3751 1413 3806 omnia
1465 3750 1785 3820 imperatori
1843 3747 2139 3804 manifesta

547 3849 696 3903 fecit.
733 3847 831 3900 Ast
865 3846 1166 3916 imperator
1211 3845 1298 3899 his
1355 3843 1674 3900 difficilibus
1714 3842 1920 3898 auditis
1956 3842 2139 3897 celare

547 3938 936 3993 multitudines
968 3951 1031 3991 ea
1063 3937 1328 3992 tentabat.
1377 3934 1635 3992 Secunda
1665 3951 1794 3991 vero
1827 3936 1918 3992 die
1961 3944 2015 3990 et
2054 3934 2139 3988 lu-

546 4030 680 4082 dum
707 4026 1007 4082 celebravit
1033 4035 1370 4096 equestrem,
1405 4025 1756 4080 incommoda
1800 4023 2140 4080 infelicitatis

548 4120 865 4174 occultans.
922 4117 1137 4190 Vulgus
1194 4126 1378 4172 autem
1436 4116 1797 4172 Prasinorum
1842 4117 2136 4182 clamabat,

547 4208 956 4274 Constantinus,
1045 4211 1326 4280 inquiens,
1387 4217 1436 4264 et
1500 4207 1890 4273 Domentioltts,
1925 4208 2140 4262 domine

546 4305 916 4359 Romanorum
995 4313 1078 4357 ter
1160 4304 1413 4374 Anguste,
1476 4301 1616 4372 plebi
1689 4312 1796 4356 tnar
1865 4302 2137 4357 molestias

542 4400 818 4468 ingerunt,
867 4408 922 4451 ut
977 4413 1162 4451 cruces
1216 4398 1464 4466 disponat
1515 4395 1570 4450 in
1617 4411 1681 4449 ea
1725 4411 1841 4465 qua
1887 4394 2138 4449 habemus

543 4499 782 4557 peccata.
839 4487 1001 4553 Deus,
1035 4489 1125 4558 qui
1173 4491 1355 4543 omnia
1405 4487 1666 4554 condidit,
1729 4488 1980 4555 subiiciat
2043 4486 2139 4540 tibi

2242 1991 2361 2047 lunt
2415 1991 2799 2062 Stephanum,
2859 2001 2912 2048 et
2967 1994 3309 2063 excipientes
3371 1993 3696 2048 Germanum
3757 1995 3804 2047 in

2239 2085 2530 2140 ecclesiam
2592 2078 2845 2156 Magnam
2893 2084 3182 2155 effugiunt.
3232 2085 3302 2139 At
3353 2099 3484 2140 vero
3538 2085 3805 2156 imperator

2239 2177 2410 2248 virgis
2436 2178 2685 2233 cadebat
2715 2177 3090 2234 Theodosium
3118 2178 3286 2232 filiutn
3323 2193 3528 2233 suum:
3558 2177 3808 2233 asserebat

2240 2273 2386 2328 enim
2415 2273 2753 2329 Germanum
2783 2289 2882 2345 per
2916 2288 3042 2329 eum
3073 2272 3246 2328 fuisse
3276 2270 3551 2342 fugatum.
3581 2271 3643 2326 Et
3670 2269 3811 2324 mittit

2239 2365 2591 2422 excubitores
2621 2381 2650 2420 a
2685 2366 2876 2437 Magna
2924 2367 3156 2422 ecclesia
3189 2365 3463 2421 educendi
3485 2362 3810 2436 Germanum.

2240 2457 2382 2514 Hinc
2417 2473 2654 2530 magnus
2676 2460 2800 2515 urbi
2849 2473 3040 2514 rumor
3081 2457 3364 2514 incubuit.
3398 2455 3698 2510 Germanus
3728 2468 3812 2506 au-

2240 2558 2349 2606 tem
2380 2552 2570 2622 egredi
2609 2561 2666 2608 et
2705 2553 2840 2608 dare
2882 2567 2942 2608 se
2979 2553 3178 2608 voluit.
3217 2550 3427 2606 Verum
3459 2547 3814 2604 multitudines

2241 2643 2388 2699 hunc
2419 2645 2579 2701 exire
2629 2646 2859 2700 minime
2904 2647 3312 2716 permiserunt,
3353 2644 3454 2698 sed
3489 2641 3696 2712 magnis
3727 2640 3809 2694 im-

2240 2738 2482 2808 peratori
2526 2738 2798 2792 conviciis
2838 2737 3269 2807 derogaverunt,
3351 2737 3650 2791 dicentes:
3709 2729 3812 2784 Non

2243 2831 2438 2886 habeat
2479 2832 2671 2900 pellent
2712 2832 2804 2903 qui
2839 2841 2887 2886 te
2930 2841 3099 2895 amat,
3163 2829 3410 2897 Maurici
3467 2827 3812 2884 Marcionista.

2239 2924 2412 2996 Igitur
2467 2927 2560 2996 qui
2628 2939 2821 2980 muros
2883 2925 3316 2988 custodiebant,
3386 2924 3477 2978 bis
3506 2919 3809 2990 compertis,

2240 3014 2555 3071 custodiam
2631 3016 2984 3087 negligentia:
3066 3015 3468 3085 prodiderunt.
3546 3010 3817 3068 Mauricius

2240 3123 2420 3165 autem
2481 3111 2662 3166 media
2716 3119 2880 3166 nocte
2930 3120 3133 3166 exutus
3182 3111 3550 3180 imperatoria
3599 3107 3729 3166 stola
3773 3112 3818 3160 et

2240 3203 2451 3273 privata
2492 3203 2983 3270 circumamictus,
3023 3203 3356 3258 dromonem
3399 3206 3680 3272 ingressus
3709 3213 3817 3254 cum

2241 3311 2416 3352 uxore
2441 3296 2682 3367 filiisque
2710 3298 2829 3353 suis
2857 3306 2912 3352 et
2953 3297 3327 3351 Constantino
3369 3297 3560 3367 fugam
3589 3293 3822 3362 arripuit.

2242 3386 2426 3456 Copiae
2467 3403 2599 3442 vero
2643 3401 2742 3457 per
2775 3394 2947 3440 totam
2987 3398 3206 3442 noctem
3248 3388 3531 3454 pessimis
3555 3386 3822 3453 imperato-

2243 3492 2358 3532 rem
2397 3477 2624 3547 injuriis
2654 3478 2988 3548 appetebant
3017 3496 3030 3531 :
3066 3479 3160 3532 sed
3191 3489 3248 3532 ct
3274 3478 3584 3549 Cyriacum
3619 3473 3824 3546 patriar-

2245 3569 2406 3624 cham
2437 3569 2944 3640 reprehendebant.
2977 3567 3224 3624 Turbine
3271 3568 3472 3635 itaque
3505 3564 3705 3638 ingenti
3735 3579 3821 3618 stt--

2242 3661 2426 3717 viente
2457 3678 2582 3718 cum
2617 3663 2874 3716 maximis
2908 3662 3170 3732 periculis
3208 3661 3359 3732 apud
3405 3661 3467 3716 S.
3496 3661 3823 3714 Autonomoe

2242 3755 2491 3812 salvatur
2549 3755 2878 3810 Mauricius.
2910 3755 3087 3810 Nocte
3133 3770 3262 3810 vero
3332 3755 3733 3824 superveniunt
3781 3749 3824 3804 ei

2241 3846 2407 3902 etiam
2451 3848 2746 3917 l‘anguores
2792 3848 3102 3915 arthritici,
3133 3861 3278 3917 quos
3318 3861 3594 3902 manuum
3633 3842 3825 3898 dolores

2241 3946 2298 3992 et
2330 3927 2528 4006 pedum
2559 3947 2787 3993 vocant.
2840 3938 3011 3994 Porro
3049 3927 3217 3993 mittit
3247 3935 3637 3994 Theodosium
3679 3933 3825 3989 ﬁlium

2241 4047 2403 4088 suum
2433 4048 2560 4088 cum
2601 4033 2972 4089 Constantino
3007 4034 3072 4088 ad
3103 4032 3398 4089 Chosroen
3437 4047 3626 4104 regem
3660 4027 3826 4083 Persa-

2242 4141 2391 4192 rum,
2428 4137 2490 4181 ut
2519 4129 2910 4182 recortlaretur
2939 4143 3130 4183 eorum
3159 4143 3282 4197 qua:
3309 4128 3423 4184 sibi
3455 4126 3604 4182 facta
3636 4123 3820 4180 fuerant

2242 4234 2272 4273 a
2319 4234 2401 4286 se,
2446 4227 2504 4275 et
2553 4221 2998 4278 vicissitudinem
3053 4221 3306 4278 beneficii
3375 4223 3467 4278 sui
3529 4218 3821 4292 rependant

2240 4312 2374 4367 filio.
2393 4311 2708 4370 Germanus
2728 4326 2911 4370 autem
2935 4315 3102 4370 mittit
3123 4315 3189 4369 ad
3210 4313 3473 4382 Sergium
3493 4313 3826 4369 demarchum

2243 4403 2501 4458 Prasinai
2533 4407 2730 4473 partis,
2780 4415 2841 4461 ut
2883 4407 3251 4462 auxiliaretur
3299 4407 3414 4460 sibi
3458 4405 3638 4476 gratia
3684 4403 3828 4470 impe-

2246 4489 2428 4558 randi,
2466 4493 2863 4560 repromittens
2895 4510 2956 4551 se
2991 4503 3200 4564 partem
3226 4493 3530 4550 Prasinam
3558 4495 3833 4550 honoratu-

545 4597 751 4636 omnem
799 4581 1072 4636 inimicum
1113 4590 1163 4635 et
1207 4582 1409 4635 hostem
1459 4592 1574 4635 tam
1625 4581 1933 4635 intestinam
1976 4595 2137 4650 quam
2171 4600 2214 4655 ι)
2245 4597 2368 4636 rum
2421 4583 2715 4654 ipsumque
2764 4587 2980 4657 magnis
3022 4587 3391 4658 dignitatibus
3439 4589 3741 4642 elaturum.
3777 4580 3832 4635 At

544 4685 820 4730 externum
865 4676 979 4729 sine
1011 4675 1289 4745 sanguine.
1349 4675 1420 4730 At
1490 4689 1621 4730 vero
1669 4676 1970 4744 imperator
2021 4675 2135 4742 ple-

546 4767 707 4820 bibus
753 4767 1080 4820 intimabat‘:
1147 4765 1247 4820 Nil
1285 4783 1401 4829 uos,
1450 4767 1728 4837 inquiens,
1785 4766 1958 4820 turbet
1988 4766 2132 4818 irrao

548 4858 883 4914 tionabilium
957 4860 1188 4915 militum
1265 4859 1638 4915 imntoderatio
1696 4869 1746 4914 et
1799 4859 2132 4929 inquietudo.

548 4949 741 5008 Veneti
771 4960 950 5005 autem
987 4953 1277 5007 dixerunt:
1322 4951 1488 5018 Deus,
1533 4954 1625 5022 qui
1663 4951 1829 5022 jussit
1874 4963 1924 5007 te
1969 4954 2135 5023 imps-

545 5059 687 5105 rare.
729 5041 925 5098 subdat
959 5044 1054 5098 tibi
1084 5060 1291 5099 onmem
1327 5047 1418 5114 qui
1445 5046 1728 5115 imperium
1767 5055 1918 5100 tuum
1956 5047 2136 5115 impu-

545 5147 700 5208 gnat,-
729 5147 777 5192 et
807 5137 854 5190 si
886 5133 1159 5192 Romanus
1188 5147 1266 5191 est
1295 5139 1384 5206 qui
1410 5137 1516 5205 ﬁde
1543 5149 1699 5204 rupta
1734 5149 1880 5210 terga
1917 5141 2071 5195 vertit
2103 5154 2137 5194 a

548 5236 619 5293 re,
652 5228 792 5280 nunc
821 5227 915 5280 tibi
939 5226 991 5281 in
1016 5227 1320 5282 servitutem
1370 5228 1578 5298 redigat
1619 5230 1812 5301 absque
1857 5231 2134 5301 sanguine.

544 5313 660 5372 nos
688 5317 990 5386 imperator
1020 5333 1246 5375 armans
1269 5325 1330 5372 et
1357 5318 1710 5374 sermonibus
1732 5319 1952 5376 blandis
1980 5335 2136 5376 com-

546 5419 781 5475 poscens
804 5422 910 5462 una
947 5422 1078 5466 cum
1107 5405 1432 5465 demarchis.
1452 5423 1642 5466 muros
1671 5410 1826 5467 urbis
1857 5411 2138 5470 custodire

551 5499 834 5570 ιιι-κενὴ.
861 5496 1136 5556 Praeterea
1171 5499 1286 5556 lilio
1317 5501 1670 5570 imperatoris
1695 5499 2007 5560 Theodosio
2028 5518 2139 5561 una

551 5601 676 5644 cum
705 5588 986 5646 Germano
1017 5603 1220 5650 socero
1249 5605 1356 5650 suo
1383 5590 1530 5664 apud
1572 5591 1942 5652 Gallici-etiam
1976 5609 2140 5653 vena-

551 5680 737 5738 tiones
755 5693 1074 5754 esercente,
1092 5685 1334 5742 omittunt
1361 5684 1595 5742 Romani
1624 5687 1838 5746 litteras
1869 5687 1939 5744 ad
1965 5687 2141 5747 Theo-

552 5770 804 5840 dosium,
858 5776 929 5832 ab
979 5792 1046 5832 eo
1098 5777 1356 5848 imperari
1415 5787 1744 5850 poscentes;
1797 5781 1887 5838 sin
1930 5788 2137 5851 autem,

555 5862 751 5920 saltem
795 5866 1130 5924 Germanum
1181 5872 1571 5941 imperatorem
1617 5875 2087 5945 pronuntiandum
2123 5893 2136 5930 :

2241 4689 2375 4730 vero
2419 4673 2650 4746 Sergius
2700 4678 2803 4734 hoc
2847 4680 3158 4750 insignibus
3191 4680 3353 4751 ;vulgi
3406 4681 3707 4735 confessus
3747 4685 3833 4731 cst.

2237 4767 2333 4836 qui
2394 4768 2624 4825 minime
2688 4769 2744 4826 id
2804 4771 3192 4838 admiserunt,
3257 4771 3512 4828 fatentes
3573 4780 3832 4840 nunquam

2237 4857 2577 4914 Germanum
2613 4861 2682 4914 ab
2715 4876 2907 4917 amore
2940 4859 3270 4917 Venetorum
3303 4862 3608 4918 recedere.
3641 4855 3834 4915 Prasini

2238 4965 2370 5006 vero
2398 4961 2668 5009 exeuntes
2703 4953 2760 5007 in
2802 4954 3034 5024 Regium
3091 4955 3306 5026 magnis
3362 4955 3636 5010 laudibus
3673 4962 3836 5024 tyran-

2238 5059 2371 5101 num
2414 5044 2658 5101 Phocam
2701 5047 3029 5114 efferebant,
3075 5060 3130 5103 et
3179 5049 3531 5118 persuadent
3579 5051 3631 5104 ei
3677 5045 3840 5103 venire

2238 5137 2295 5192 in
2328 5133 2662 5206 Septimum.
2712 5137 2910 5209 Dirigit
2958 5139 3126 5211 igitur
3168 5138 3386 5194 Phocus
3425 5138 3780 5195 Theodorqu
3815 5149 3840 5187 a

2240 5229 2505 5292 secretis,
2546 5227 2640 5298 qui
2682 5229 2968 5300 ingressus
3005 5229 3259 5302 Magnam
3316 5233 3633 5286 ecclesiam
3675 5242 3841 5284 coram

2240 5319 2448 5390 populo
2471 5320 2602 5391 legit
2626 5329 2907 5392 quatenus
2927 5331 3040 5378 tam
3073 5321 3401 5392 patriarcha
3419 5339 3604 5393 quam
3637 5330 3845 5379 senatus

2240 5420 2297 5468 et
2325 5413 2524 5485 vulgus
2555 5415 2814 5472 venirent
2843 5416 2902 5472 in
2934 5414 3259 5487 Septimum.
3296 5411 3426 5472 Hoc
3465 5417 3667 5489 itaque
3694 5393 3848 5475 facta.

2237 5511 2296 5559 et
2343 5505 2567 5563 cunctis
2614 5509 3079 5565 convenientibus
3135 5508 3282 5582 apud
3334 5507 3705 5580 Septimum.
3763 5520 3851 5576 pa-

2241 5599 2485 5656 triarcha
2525 5598 2793 5673 (Syriacus
2833 5617 2863 5658 a
2904 5611 3140 5676 tyranno
3177 5605 3245 5659 de
3274 5602 3610 5660 orthodoxa
3657 5599 3779 5658 fide.
3810 5605 3856 5652 et

2243 5700 2306 5749 ut
2327 5692 2451 5750 sine
2477 5695 2896 5767 perturbatione
2917 5705 3275 5754 conservaret
3297 5692 3655 5760 Ecclesiam,
3679 5702 3853 5750 estoro

2243 5785 2318 5844 ait
2362 5787 2789 5858 professionem.
2823 5785 2992 5848 Visus
3029 5806 3164 5848 vero
3195 5801 3280 5849 cst
3309 5798 3607 5863 tyrannus
3632 5789 3830 5846 Cet-ma

2246 5893 2380 5935 num
2421 5881 2731 5940 adhortari.
2765 5882 3015 5958 Cumque
3043 5883 3356 5942 Germanus
3391 5886 3554 5944 nolle
3590 5900 3653 5941 se
3698 5884 3835 5939 simu
