4088 6418
290 376 428 440 1293

1074 374 1444 433 HISTORIA
1470 374 2051 435 ECCLESIASTICA
2096 375 2197 434 EX
2225 375 2637 435 THEOI’IIAN
2646 376 2714 435 Ε.

3372 377 3385 392 '
3432 378 3569 444 1294

286 492 429 546 laret
474 498 531 545 et
580 489 775 559 vulgus
830 498 1121 560 tyrannum
1169 489 1443 554 laudaret,
1500 492 1964 559 pronuntiaturA
1995 494 2186 562 grandi
2240 493 2487 547 dicentes
2546 493 2932 562 interemptum
2979 492 3306 549 Mauricium
3338 503 3392 548 et
3428 496 3570 554 filios

289 584 518 645 malum,
544 590 596 636 et
618 579 874 634 dominus
893 591 1230 648 sceptrorum
1257 590 1525 652 tyrannus
1546 583 1884 653 provehitur,

285 689 341 733 et
380 674 637 747 praevalet
680 673 949 731 adversus
992 672 1310 729 felicitatem
1349 676 1664 739 calamitas,
1702 684 1755 729 et
1787 690 1882 729 su-

284 777 442 825 munt
472 768 844 837 principatum
886 782 1086 837 magna
1132 767 1432 822 infortunia
1474 767 1879 824 Romanorum.

358 858 707 913 Uenuntiatio
744 872 874 911 vero
904 858 1123 929 tyranni
1170 859 1225 913 in
1251 859 1458 928 templo
1483 856 1715 915 Joannis
1772 857 1880 911 Ba-

280 951 465 1021 ptistae
498 950 691 1004 ell‘ecta
724 958 830 1013 est,
864 950 958 1004 ubi
993 950 1215 1006 duobus
1253 961 1503 1005 moratus
1534 950 1731 1007 diebus
1764 960 1881 1006 tero

282 1045 358 1098 tia
392 1043 480 1097 die
509 1043 763 1098 introivit
813 1042 1040 1114 regalia,
1079 1059 1246 1113 super
1279 1044 1619 1112 imperialem
1677 1044 1879 1100 sedens

280 1152 589 1192 carrucam.
615 1135 789 1190 Porro
818 1136 1009 1205 quinta
1038 1137 1126 1191 die
1153 1136 1437 1192 Leontiam
1462 1151 1690 1191 uxorem
1718 1152 1875 1191 suam

279 1231 576 1287 coronavit
604 1230 933 1300 Augustam.
981 1229 1094 1285 llac
1127 1231 1296 1301 igitur
1343 1230 1432 1286 die
1471 1231 1877 1285 tumultuantur

278 1332 477 1394 partes
508 1323 576 1378 ad
618 1324 854 1379 invicem
892 1335 1118 1395 propter
1159 1326 1431 1379 stationes
1468 1326 1739 1379 locorum.
1770 1323 1877 1395 Ty-

276 1432 495 1471 rannus
527 1431 658 1470 vero
689 1415 1065 1469 Alexandrum
1098 1416 1467 1471 conrebellem
1515 1432 1676 1469 suum
1726 1416 1877 1472 misit

274 1517 469 1579 partes
500 1520 876 1576 compescere.
902 1505 1215 1560 Alexander
1246 1523 1376 1560 vero
1404 1506 1457 1560 in
1488 1506 1745 1561 Cosmam
1769 1504 1875 1560 Ve-

272 1609 535 1656 netorum
571 1599 929 1653 demarchum
961 1615 1158 1654 manus
1190 1578 1495 1654 immittens
1518 1600 1725 1670 pepulit
1748 1616 1872 1655 eum

272 1702 331 1747 et
391 1694 746 1748 contumeliis
799 1693 1088 1747 laceravit.
1142 1691 1316 1747 Porro
1362 1692 1553 1747 Veneti
1609 1693 1874 1763 indignati

272 1787 641 1842 clamabant:
700 1786 861 1852 Vade,
915 1786 1056 1840 disce
1105 1787 1387 1851 ordinem;
1438 1786 1736 1843 Mauricius
1770 1805 1874 1843 non

1990 584 2188 652 ipsius,
2246 592 2411 654 atque
2462 598 2655 639 omnes
2690 598 2854 639 casus
2911 584 3007 652 qui
3056 586 3197 655 apud
3248 583 3571 658 Byzantium

1989 676 2208 731 fuerant
2244 676 2403 748 gesti.
2437 676 2593 731 Mane
2628 686 2810 731 autem
2852 675 2997 733 facto
3038 694 3272 750 pergens
3307 682 3423 736 haec
3458 681 3571 735 Au-

1985 771 2181 841 gustali
2232 771 2439 835 retulit,
2496 771 2586 841 qui
2638 773 2897 842 praecepit
2952 772 3001 827 ei
3062 774 3197 827 nulli
3238 775 3351 829 haec
3392 777 3583 830 facem

1987 864 2301 929 manifesta,
2328 864 2690 934 scribensque
2725 864 2871 918 diem
2901 866 3321 934 praestolabatur
3338 868 3567 923 exitum.

1987 954 2083 1008 Die
2118 971 2246 1008 vero
2279 971 2422 1011 nona
2458 963 2839 1024 praetereunte,
2881 972 3010 1011 ecce
3043 959 3270 1013 nuntius
3304 960 3452 1013 venit
3486 959 3571 1013 in-

1981 1048 2173 1103 dicans
2196 1048 2441 1103 Mauricii
2466 1050 2915 1119 peremptiOnem.
2936 1050 3073 1104 Tum
3088 1051 3446 1121 Augustalius
3461 1052 3569 1106 da:-

1981 1156 2204 1194 monum
2223 1141 2543 1196 vaticinium
2576 1158 2760 1197 coram
2795 1144 2995 1212 populo
3016 1144 3335 1213 publicavit.
3365 1143 3565 1199 Nat-ses

1980 1240 2162 1285 autem
2187 1232 2461 1303 quondam
2499 1242 2697 1303 praetor
2725 1235 3003 1291 Romanus
3030 1244 3222 1291 contra
3271 1246 3566 1305 tyrannum

1980 1324 2334 1380 rebellionem
2367 1329 2597 1394 paravit,
2632 1314 3303 1397 Edessamque‘oluinuit.
3365 1332 3569 1387 Scribit

1978 1419 2165 1489 itaque
2183 1417 2397 1475 Phocas
2420 1420 2698 1475 Germano
2724 1424 2939 1492 pra=tori
2968 1420 3230 1478 Edessam
3255 1425 3567 1482 obsidendi.

1978 1510 2183 1567 Narses
2224 1528 2354 1566 vero
2408 1514 2610 1569 scribit
2657 1515 2891 1569 Chosroi
2945 1517 3057 1585 regi
3113 1515 3404 1571 Persarum
3434 1533 3569 1572 con-

1977 1605 2240 1674 gregandi
2291 1606 2528 1662 virtutes
2585 1616 2639 1663 et
2700 1608 2903 1662 bellum
2963 1610 3323 1663 construendi
3376 1618 3569 1664 centra

1980 1694 2282 1753 Romanos.
2311 1698 2485 1754 Porro
2528 1698 2747 1761 Phocas
2783 1700 3005 1754 fratrem
3044 1717 3205 1756 suum
3244 1691 3568 1755 Domentio-

1980 1788 2092 1842 lum
2141 1789 2269 1845 fecit
2299 1792 2628 1862 magistrum
2670 1800 2722 1845 ct
2752 1791 3004 1847 Priscum
3042 1794 3301 1848 comitem
3334 1795 3566 1847 excuhi-

269 1889 353 1933 est
385 1890 652 1932 mortuas.
685 1879 756 1932 At
789 1894 916 1933 vero
945 1886 1219 1949 tyrannus
1257 1879 1345 1935 his
1388 1880 1591 1936 auditis
1630 1881 1687 1935 in
1723 1881 1873 1936 Mau-
1905 1875 1954 1937 B
1981 1887 2183 1934 torum.

272 1972 402 2026 ricii
436 1987 625 2025 necem
659 1981 937 2037 mrwetur,
964 1978 1019 2026 et
1050 1972 1240 2028 missis
1268 1973 1539 2029 militibus
1562 1974 1716 2029 duxit
1743 1991 1870 2031 eum

268 2064 685 2119 Chalcedonem
719 2064 786 2119 ad
829 2064 1083 2134 Eutropii
1127 2075 1372 2135 portum,
1407 2074 1462 2120 et
1510 2068 1691 2137 primo
1744 2068 1871 2138 qui-

268 2158 397 2210 dem
429 2157 575 2210 hunc
598 2156 750 2211 caede
784 2156 1039 2211 videlicet
1072 2155 1310 2210 filiorum
1348 2156 1737 2228 imperatorem
1771 2174 1875 2227 pu-

270 2250 377 2302 nit.
409 2247 543 2301 Nam
574 2250 818 2318 quinque
869 2249 1009 2303 filios
1054 2249 1175 2317 ejus
1209 2265 1391 2303 mares
1422 2266 1610 2305 coram
1642 2252 1860 2307 visibus

268 2342 393 2395 suis
427 2341 892 2410 prrenceiduutur.
926 2340 1127 2395 Verum
1155 2342 1457 2398 Mauricius
1486 2344 1755 2413 patienter
1791 2347 1871 2398 in-

269 2434 593 2487 felicitatem
629 2434 918 2489 sustinens
959 2433 1130 2487 Deum
1167 2433 1223 2488 in
1259 2435 1522 2490 erunibus
1553 2436 1868 2504 invocabat,

265 2535 321 2579 et
354 2524 551 2577 crebro
584 2526 1003 2593 pronuntiabat,
1026 2524 1221 2581 dicens
1249 2541 1262 2578 :
1290 2524 1483 2579 Justus
1514 2542 1591 2590 es,
1625 2526 1867 2591 Domine,

263 2625 315 2669 et
349 2628 547 2670 rectum
565 2617 840 2684 judicium
874 2628 1045 2672 tuum.
1092 2617 1179 2674 Fit
1212 2619 1398 2690 itaque
1434 2620 1675 2675 filiorum
1720 2638 1868 2676 mors

266 2709 446 2777 patris
476 2708 845 2778 epitaphium,
892 2711 1311 2779 praeostendens
1342 2712 1605 2767 virtutem
1643 2713 1695 2766 iu
1723 2713 1867 2768 mole

266 2799 640 2855 calamitatis.
674 2800 924 2869 Cumque
952 2804 1141 2857 nutrix
1186 2820 1356 2858 unum
1406 2822 1470 2860 ex
1497 2806 1867 2877 imperatoriis

268 2892 464 2960 pueris
493 2892 671 2946 furata
697 2892 913 2960 fuisset,
940 2910 1213 2967 suumque
1242 2912 1341 2965 pro
1364 2913 1429 2951 eo
1453 2899 1467 2946 '.
1496 2898 1863 2967 .teremptioni

263 2984 589 3049 obtulisset,
636 2985 934 3042 Mauricius
986 3005 1092 3043 non
1146 2992 1364 3056 annuit,
1417 2992 1512 3047 sed
1573 2994 1863 3063 preprium

265 3077 577 3145 requisivit.
617 3078 786 3132 Aiunt
817 3090 1000 3134 autem
1035 3082 1259 3150 quidam
1288 3084 1435 3154 quod
1463 3099 1528 3140 eo
1558 3086 1749 3140 occiso
1781 3086 1865 3139 lac

262 3186 395 3224 cum
427 3173 699 3241 sanguine
749 3173 989 3240 fluxerit,
1030 3176 1104 3229 ita
1155 3186 1214 3230 ut
1261 3192 1454 3234 omnes
1500 3179 1861 3249 inspicientcs

263 3263 387 3318 dire
409 3264 862 3320 lamentarentur.
889 3265 979 3321 Sic
1002 3283 1135 3338 ergo
1172 3269 1492 3340 imperator,
1518 3273 1682 3326 etiam
1709 3280 1864 3325 natu-

263 3368 343 3409 rx:
378 3355 589 3424 legibus
621 3358 897 3411 excelsior
921 3357 1124 3423 factus,
1158 3362 1326 3414 vitam
1353 3371 1682 3416 commutat.

341 3446 515 3503 Porro
539 3466 604 3504 ex
631 3450 724 3505 illo
762 3460 1006 3519 tempore
1035 3452 1414 3507 Romanorum
1442 3470 1548 3507 non
1569 3454 1862 3509 ili-fuerunt

265 3539 502 3608 imperio
548 3542 711 3595 varia:
761 3557 826 3596 ac
875 3544 1128 3613 ingentes
1172 3560 1453 3599 rerumnzc.
1512 3545 1761 3616 Denique
1808 3556 1863 3600 ct

262 3629 547 3687 Chosroes
577 3632 874 3690 Persarum
912 3652 1005 3691 rex
1037 3652 1227 3706 pacem
1253 3638 1529 3704 dissolvit,
1560 3648 1616 3693 et
1651 3640 1861 3696 Avarcs

262 3722 535 3780 Thracem
578 3726 1035 3793 devastaveruut,
1076 3737 1241 3800 atque
1286 3729 1662 3787 Romanorum
1697 3749 1859 3789 exer-

262 3817 411 3871 citus
466 3827 698 3882 uterque
747 3819 1117 3889 depopulatus
1157 3831 1262 3885 est,
1314 3824 1385 3877 ita
1426 3834 1484 3876 ut
1526 3840 1648 3879 cum
1685 3824 1857 3881 [lera-

260 3908 407 3963 clius
462 3920 721 3979 regnaret
771 3923 824 3967 et
876 3913 1293 3983 inquisitionem
1345 3924 1684 3970 armatorum
1734 3934 1859 3972 cum

262 4018 484 4057 summa
520 4004 800 4074 diligentia
837 4005 1066 4070 faceret,
1097 4024 1163 4063 ex
1194 4010 1343 4063 omni
1380 4011 1739 4066 multitudine
1769 4012 1860 4067 illa

262 4112 390 4161 qua:
415 4097 636 4151 inventa
672 4096 855 4153 fuerat
879 4100 931 4153 in
960 4101 1253 4172 tyrannide
1278 4101 1529 4158 Mauricii
1560 4121 1683 4159 eum
1719 4104 1861 4163 Pho-

258 4206 350 4251 ca,
389 4190 686 4255 neminem,
744 4192 963 4247 duobus
1005 4194 1273 4264 exceptis,
1327 4195 1603 4250 ullatenus
1647 4197 1860 4252 inveni-

264 4293 347 4335 I‘Pl
358 4321 372 4335 ι

336 4379 499 4430 Anno
530 4374 709 4445 primo
746 4374 963 4445 imperii
1013 4377 1097 4429 sui
1131 4375 1348 4432 Phocas
1397 4387 1670 4449 tyrannus
1730 4395 1861 4451 per-

264 4472 427 4532 emit,
455 4479 516 4521 ttt
548 4470 867 4538 praedictum
886 4469 1334 4534 est,Mauricium
1356 4486 1460 4524 una
1490 4486 1613 4525 cum
1639 4488 1861 4529 mascu~

2049 1975 2209 2028 Anno
2239 1974 2453 2041 imperii
2493 1973 2684 2027 Phocae
2723 1974 2969 2029 secundo
2996 1974 3273 2029 Chosroes
3304 1991 3395 2028 rex
3432 1973 3565 2028 Per-

1978 2078 2165 2118 sarum
2218 2066 2513 2120 collectum
2569 2066 2856 2136 copiosum
2902 2074 3245 2136 potentatum
3298 2067 3566 2121 adversus

1978 2155 2256 2211 Romanos
2292 2157 2515 2212 direxit.
2552 2157 2863 2212 Germanus
2885 2141 3067 2212 autem
3101 2158 3332 2213 audiens
3354 2160 3557 2213 timuit.

1976 2245 2179 2301 Verum
2206 2258 2433 2303 coactus
2469 2249 2714 2318 praelium
2748 2249 2907 2314 iniit;
2957 2249 3050 2318 qui
3101 2265 3224 2302 cum
3261 2250 3314 2304 in
3348 2267 3414 2304 eo
3444 2252 3566 2303 vul-

1975 2347 2204 2392 neratus
2252 2338 2468 2405 fuisset,
2511 2340 2660 2393 hunc
2691 2326 2930 2397 ministri
2961 2356 3135 2410 usque
3179 2342 3244 2394 ad
3283 2342 3563 2395 civitatem

1974 2429 2355 2485 Constantina:
2415 2430 2727 2497 duxerunt,
2780 2443 3228 2501 superanturque
3285 2432 3561 2487 Romani:

1973 2522 2071 2576 sed
2095 2530 2149 2576 et
2182 2520 2493 2576 Germanus
2524 2523 2816 2577 undecima
2850 2524 2939 2577 die
2974 2524 3226 2593 spiritum
3263 2525 3560 2581 exhalavit.

1972 2614 2188 2670 Phocas
2237 2627 2421 2670 autem
2493 2626 2811 2686 potentatus
2870 2618 2937 2671 ab
2984 2617 3204 2687 Europa
3258 2618 3311 2671 in
3374 2617 3560 2673 Asiam

1971 2708 2283 2773 transtulit,
2312 2710 2564 2779 chagano
2603 2710 2779 2778 pactis
2816 2709 3038 2775 additis,
3072 2710 3377 2765 arbitratus
3403 2711 3562 2781 quic-

1969 2816 2127 2857 scere
2158 2802 2398 2854 Avarqu
2446 2802 2746 2858 nationem.
2780 2800 2877 2856 llis
2904 2816 3036 2872 ergo
3069 2801 3265 2856 divisis
3290 2803 3561 2871 quosdam

1970 2902 2165 2946 contra
2201 2891 2403 2947 PerSas
2440 2893 2610 2955 misit,
2643 2891 2910 2962 quosdam
2945 2906 3072 2945 vero
3106 2889 3171 2943 ad
3210 2890 3558 2945 obsidionem

1971 2983 2192 3039 Edessa:
2243 2993 2435 3038 contra
2487 2982 2717 3038 Narsem
2749 2998 2876 3037 cum
2927 2980 3157 3035 Leontio
3206 2981 3449 3049 spadmie
3505 2993 3563 3034 et

1972 3084 2224 3147 magnate
2249 3093 2351 3131 suo
2386 3078 2609 3131 direxit.
2643 3077 2921 3131 Chosrocs
2963 3086 3143 3130 autem
3177 3076 3423 3130 collectis
3470 3090 3561 3146 po-

1974 3170 2275 3224 tentatihus
2303 3169 2445 3239 apud
2474 3170 2641 3222 Daras
2662 3166 2912 3222 ellicitur.
2939 3165 3107 3220 Porro
3140 3164 3343 3220 Narses
3372 3181 3563 3235 egres-

1972 3277 2069 3315 sus
2101 3263 2367 3317 Edessam
2420 3259 2755 3330 Hierapolim
2815 3260 2975 3329 fugit.
3024 3260 3235 3314 interea
3279 3258 3559 3313 Chosroes

1968 3367 2092 3406 cum
2138 3348 2403 3407 Romanis
2427 3353 2485 3405 lit
2517 3366 2685 3421 penes
2721 3350 3031 3417 ardamum,
3070 3360 3122 3403 et
3152 3350 3459 3403 munitione
3491 3349 3559 3403 de

1966 3446 2356 3515 elephantibus
2396 3454 2721 3500 constructa
2763 3443 2965 3497 bellum
3028 3444 3187 3505 iniit,
3226 3452 3279 3498 et
3331 3443 3559 3497 victoria

1967 3553 2158 3605 magna
2180 3538 2389 3607 potitus
2412 3545 2519 3602 est,
2544 3537 2722 3606 captis
2751 3536 3019 3591 Romanis
3041 3551 3147 3589 non
3181 3537 3395 3605 paucis,
3415 3552 3556 3606 quos

1966 3637 2020 3683 et
2048 3630 2247 3698 capitis
2278 3628 2552 3683 recisione
2583 3628 2813 3698 punivit.
2851 3626 2948 3681 llis
2979 3628 3049 3681 ita
3070 3628 3240 3697 gestis
3274 3628 3553 3682 (lhosrocs

1967 3720 2035 3775 ad
2069 3728 2272 3775 terram
2297 3735 2452 3773 suam
2491 3735 2751 3775 reversus
2784 3731 2890 3785 εει,
2936 3719 3143 3790 Zongoi
3179 3722 3553 3790 potentatibus

1967 3812 2273 3866 derelictis.
2323 3811 2437 3865 lloc
2462 3822 2745 3882 comperto
2775 3809 2989 3866 Phocas
3040 3822 3231 3865 contra
3263 3810 3554 3865 Leontium

1968 3905 2121 3969 furit,
2156 3915 2211 3959 et
2236 3906 2467 3959 manicis
2498 3904 2693 3960 ferreis
2719 3920 2844 3958 cum
2883 3903 3183 3973 ignominia
3227 3903 3552 3968 Byzantium

1967 3997 2142 4063 ducit,
2189 4006 2245 4054 et
2290 4006 2441 4053 creat
2487 4006 2776 4067 praetorem
2834 3996 3238 4051 Domentiolum
3299 4005 3552 4065 nepotem

1966 4107 2154 4157 suum,
2193 4100 2248 4147 et
2276 4104 2591 4147 curatorem
2627 4089 2818 4161 palatii
2857 4088 3011 4143 facit.

2038 4188 2198 4240 Anno
2244 4185 2459 4255 imperii
2492 4184 2692 4239 Phoca:
2736 4181 2901 4236 tertio
2939 4180 3086 4235 misit
3118 4178 3393 4235 Chosrocs
3421 4178 3557 4235 Car-

1966 4277 2213 4348 darigam
2244 4286 2296 4333 et
2329 4277 2683 4339 Rusmaizan,
2735 4275 2829 4345 qui
2879 4273 3193 4341 depopulati
3237 4284 3365 4327 sunt
3416 4288 3557 4328 non-

1968 4371 2151 4426 nullas
2208 4369 2584 4423 Romanorum
2643 4367 2921 4421 civitates.
2991 4362 3367 4418 Domentiolus
3422 4378 3553 4418 vero

1967 4463 2138 4519 verbo
2181 4461 2311 4516 dato
2336 4461 2521 4528 Narsi,
2554 4460 2998 4531 juramentisque
3030 4474 3137 4510 non
3185 4456 3399 4528 paucis,
3429 4472 3554 4512 cre-

262 4563 333 4616 lis
354 4562 603 4632 quinque
637 4563 825 4630 pueris
857 4562 997 4631 ejus,
1020 4570 1075 4617 et
1105 4563 1302 4616 horum
1329 4564 1509 4634 capita
1540 4566 1702 4636 jussit
1724 4567 1850 4638 ροηί
1887 4576 1931 4632 ι)
1966 4554 2097 4609 dere
2127 4553 2405 4625 persuasit
2435 4550 2582 4624 quod
2609 4551 2813 4606 nullam
2844 4550 3101 4620 injuriam
3135 4548 3276 4618 apud
3310 4548 3551 4603 Phoeam

258 4656 318 4710 in
353 4669 550 4724 campo
581 4654 901 4709 Tt‘ibunulis
929 4655 1125 4711 diebus
1173 4657 1394 4724 multis;
1442 4666 1496 4712 et
1530 4660 1753 4713 exibant
1789 4660 1857 4714 ab

260 4746 403 4802 urbe
455 4753 510 4801 et
563 4746 1085 4815 contemplahantur
1128 4761 1192 4802 ea
1226 4761 1396 4816 usque
1444 4761 1555 4816 quo
1604 4746 1854 4804 faetorem

262 4840 563 4901 dederunt.
597 4839 938 4895 lntcrficitur
986 4850 1169 4895 autem
1218 4848 1273 4896 et
1306 4839 1501 4896 Petrus
1539 4839 1706 4895 frater
1735 4840 1858 4911 ejus

260 4942 319 4989 et
352 4934 443 4988 alii
480 4949 738 5003 proceres
796 4933 972 4988 multi.
1026 4933 1397 4989 Theodosium
1448 4944 1630 4987 autem
1686 4934 1856 4989 filium

259 5028 388 5098 ejus
426 5042 611 5081 sermo
638 5033 790 5080 tenet
822 5023 949 5094 fuga
989 5026 1200 5095 lapsum
1234 5036 1286 5080 et
1310 5028 1384 5079 ita
1422 5026 1634 5081 salvum
1668 5042 1847 5097 reper-

265 5131 407 5174 tum.
437 5117 709 5174 Praeterea
733 5117 932 5171 faniam
955 5116 1097 5173 hanc
1130 5116 1408 5172 Chosroes
1445 5117 1737 5173 Persarum
1764 5132 1859 5172 rex

264 5210 662 5281 augmentavit,
730 5208 879 5263 aliud
942 5208 1215 5278 aliterque
1268 5209 1556 5273 mentitus,
1594 5221 1645 5264 et
1712 5211 1859 5265 hunc

266 5304 411 5374 apud
439 5317 521 5369 λθ
550 5302 756 5355 habere
787 5299 1003 5362 dicens,
1050 5301 1209 5369 quasi
1244 5301 1537 5372 providere
1567 5317 1626 5356 se
1658 5310 1719 5355 ut
1746 5303 1859 5358 Ro~

267 5410 558 5451 insanorum
586 5394 838 5448 obtinere
869 5407 1105 5460 sperans
1138 5393 1453 5463 imperium,
1484 5402 1542 5448 ut
1569 5395 1860 5451 convictus

267 5496 356 5542 est
390 5485 576 5540 multis
607 5484 810 5547 modis,
846 5484 1083 5539 maxime
1113 5494 1176 5539 eo
1208 5486 1353 5555 quod
1392 5485 1534 5540 bella
1570 5485 1861 5556 repentina

269 5586 519 5634 moveret
561 5585 618 5633 et
668 5574 949 5631 Romanas
1003 5590 1092 5632 res
1128 5590 1466 5648 magnopere
1512 5577 1858 5633 devastaret.

266 5674 481 5728 Interea
518 5666 895 5738 calligraphus
923 5666 1148 5737 quidam
1183 5667 1552 5736 Alexandrina,
1579 5669 1864 5726 venerabi-

266 5768 339 5822 lis
371 5764 477 5829 vir,
514 5775 579 5817 ex
616 5758 888 5815 matutina
933 5758 1117 5831 vigilia
1166 5761 1389 5816 domum
1435 5765 1640 5819 vadetis
1681 5764 1862 5819 media

261 5868 429 5917 nocte
494 5855 643 5911 videt
698 5864 912 5910 statuas
967 5870 1033 5909 ex
1091 5855 1201 5912 aris
1246 5857 1581 5927 abstractas,
1634 5866 1688 5914 et
1729 5873 1863 5913 voce

1964 4658 2110 4704 esset
2141 4663 2427 4719 passurus,
2457 4654 2510 4702 et
2540 4646 2742 4701 direxit
2777 4659 2902 4701 eum
2937 4644 3003 4698 ad
3036 4640 3298 4697 Phocam.
3333 4644 3400 4696 At
3427 4658 3555 4697 vero

1964 4741 2180 4797 Phocas
2212 4740 2440 4796 verbum
2468 4740 2573 4795 hoc
2604 4737 2832 4793 minime
2864 4750 3094 4793 servans
3136 4736 3259 4806 igne
3294 4736 3556 4790 cremavit

1963 4852 2112 4891 eum.
2171 4834 2408 4891 Romani
2449 4848 2584 4904 ergo
2624 4832 2752 4887 hinc
2795 4831 3091 4902 plurimum
3143 4830 3331 4885 tristes
3373 4829 3551 4884 effecti

1965 4939 2117 4995 sunt,
2141 4945 2208 4987 eo
2249 4926 2397 5000 quod
2447 4929 2700 4983 timorem
2755 4939 3015 4996 magnum
3069 4923 3123 4978 in
3175 4924 3381 4978 Persas
3410 4921 3552 4977 idem

1966 5019 2169 5074 Narses
2206 5019 2454 5084 haberet,
2486 5018 2625 5073 adeo
2674 5026 2735 5072 ut
2765 5015 2860 5071 filii
2891 5013 3182 5071 Persarum
3214 5012 3404 5067 audito
3431 5013 3554 5079 ejus

1967 5117 2191 5172 nomine
2225 5121 2545 5170 tremerent.
2576 5111 2749 5168 Porro
2778 5108 2955 5167 Persae
2988 5108 3161 5180 gavisi
3186 5116 3316 5161 sunt
3350 5104 3553 5177 gaudio

1966 5221 2191 5275 magno.

2037 5298 2451 5368 Annoiimperii
2484 5296 2686 5353 PhOCtB
2726 5304 2926 5367 quarto
2979 5292 3345 5349 scholasticus
3374 5305 3551 5345 eunu—

1965 5392 2127 5454 chus.
2154 5392 2239 5445 vir
2275 5390 2554 5461 gloriosus
2584 5391 2799 5461 palatii,
2835 5387 3010 5442 media
3044 5393 3202 5440 nocte
3230 5383 3549 5441 Constanti-

1966 5498 2094 5541 nam
2128 5482 2411 5539 dominam
2441 5498 2566 5537 cum
2603 5482 2786 5537 tribus
2815 5479 3035 5536 ﬁliabus
3077 5477 3200 5548 ejus
3248 5477 3551 5548 accipiens,

1967 5578 2036 5635 ad
2067 5572 2317 5649 Magnam
2369 5576 2622 5647 confugit
2688 5574 2978 5630 ecclesiam
3034 5571 3271 5627 consilio
3298 5570 3553 5628 Germani

1967 5668 2187 5742 patricii
2221 5669 2592 5726 desiderantis
2634 5667 2947 5738 imperium.
3000 5660 3090 5721 Fit
3130 5664 3303 5737 igitur
3334 5666 3389 5719 in
3421 5662 3587 5716 urbe'

1971 5762 2177 5818 seditio
2212 5776 2429 5832 magna.
2465 5759 2777 5816 Germanas
2792 5767 2982 5814 autem
3009 5758 3311 5813 demarcho
3364 5755 3552 5811 Prasi—

1970 5871 2169 5911 uorum
2221 5855 2485 5913 talentum
2530 5854 2649 5909 auri
2700 5854 2869 5919 misit,
2915 5859 2975 5909 ut
3018 5860 3411 5921 cooperarctut‘
3450 5848 3552 5903 eis.
