  <div class='ocr_page' id='page_1' title='image "/cluster/home/n/w/nwhite01/storage/ocr_20150623/108/coo.31924054870120/653.png"; bbox 0 0 4088 6430; ppageno 0'>
   <div class='ocr_carea' id='block_1_1' title="bbox 617 353 828 468">
    <p class='ocr_par' dir='ltr' id='par_1_1' title="bbox 617 353 828 468">
     <span class='ocr_line' id='line_1_1' title="bbox 617 353 828 468; baseline 0 0"><span class='ocrx_word' id='word_1_1' title='bbox 617 359 753 468; x_wconf 65' lang='lat' dir='ltr'><strong>res:</strong></span> <span class='ocrx_word' id='word_1_2' title='bbox 815 353 828 368; x_wconf 73' lang='grc'><strong>’</strong></span> 
     </span>
    </p>
   </div>
   <div class='ocr_carea' id='block_1_2' title="bbox 1738 389 2828 456">
    <p class='ocr_par' dir='ltr' id='par_1_2' title="bbox 1738 389 2828 456">
     <span class='ocr_line' id='line_1_2' title="bbox 1738 389 2828 456; baseline -0.006 0"><span class='ocrx_word' id='word_1_3' title='bbox 1738 395 2139 456; x_wconf 74' lang='lat' dir='ltr'><strong>ANASTASII</strong></span> <span class='ocrx_word' id='word_1_4' title='bbox 2197 389 2828 454; x_wconf 76' lang='lat' dir='ltr'><strong>BlBLIOTHECARII</strong></span> 
     </span>
    </p>
   </div>
   <div class='ocr_carea' id='block_1_3' title="bbox 3733 397 3850 467">
    <p class='ocr_par' dir='ltr' id='par_1_3' title="bbox 3733 397 3850 467">
     <span class='ocr_line' id='line_1_3' title="bbox 3733 397 3850 467; baseline 0.068 -8"><span class='ocrx_word' id='word_1_5' title='bbox 3733 397 3850 467; x_wconf 66' lang='lat'><strong>1296</strong></span> 
     </span>
    </p>
   </div>
   <div class='ocr_carea' id='block_1_4' title="bbox 614 500 3850 580">
    <p class='ocr_par' dir='ltr' id='par_1_4' title="bbox 614 500 3850 580">
     <span class='ocr_line' id='line_1_4' title="bbox 614 500 3850 580; baseline -0.005 -5"><span class='ocrx_word' id='word_1_6' title='bbox 614 517 896 575; x_wconf 79' lang='lat' dir='ltr'><strong>Primores</strong></span> <span class='ocrx_word' id='word_1_7' title='bbox 930 517 1112 568; x_wconf 88' lang='lat' dir='ltr'><strong>autem</strong></span> <span class='ocrx_word' id='word_1_8' title='bbox 1151 509 1296 580; x_wconf 80' lang='lat' dir='ltr'><strong>vulgi</strong></span> <span class='ocrx_word' id='word_1_9' title='bbox 1348 509 1402 564; x_wconf 86' lang='lat' dir='ltr'><strong>id</strong></span> <span class='ocrx_word' id='word_1_10' title='bbox 1455 506 1747 563; x_wconf 73' lang='lat' dir='ltr'><strong>admittere</strong></span> <span class='ocrx_word' id='word_1_11' title='bbox 1781 505 2100 560; x_wconf 87' lang='lat' dir='ltr'><strong>uoluerunt.</strong></span> <span class='ocrx_word' id='word_1_12' title='bbox 2135 503 2203 556; x_wconf 76' lang='lat' dir='ltr'><strong>At</strong></span> <span class='ocrx_word' id='word_1_13' title='bbox 2229 503 2282 563; x_wconf 76' lang='grc' dir='ltr'>Α</span> <span class='ocrx_word' id='word_1_14' title='bbox 2308 502 2479 555; x_wconf 84' lang='lat' dir='ltr'><strong>darit.</strong></span> <span class='ocrx_word' id='word_1_15' title='bbox 2510 500 2845 556; x_wconf 88' lang='lat' dir='ltr'><strong>Germanum</strong></span> <span class='ocrx_word' id='word_1_16' title='bbox 2878 508 3058 554; x_wconf 84' lang='lat' dir='ltr'><strong>autem</strong></span> <span class='ocrx_word' id='word_1_17' title='bbox 3094 507 3148 554; x_wconf 91' lang='lat' dir='ltr'><strong>et</strong></span> <span class='ocrx_word' id='word_1_18' title='bbox 3183 500 3304 570; x_wconf 81' lang='lat' dir='ltr'><strong>ejus</strong></span> <span class='ocrx_word' id='word_1_19' title='bbox 3336 501 3497 555; x_wconf 78' lang='lat' dir='ltr'><strong>tiliam</strong></span> <span class='ocrx_word' id='word_1_20' title='bbox 3535 519 3622 558; x_wconf 88' lang='lat' dir='ltr'><strong>ore</strong></span> <span class='ocrx_word' id='word_1_21' title='bbox 3646 511 3850 566; x_wconf 66' lang='lat' dir='ltr'><strong>marha)-</strong></span> 
     </span>
    </p>
   </div>
   <div class='ocr_carea' id='block_1_5' title="bbox 613 595 2191 678">
    <p class='ocr_par' dir='ltr' id='par_1_5' title="bbox 613 595 2191 678">
     <span class='ocr_line' id='line_1_5' title="bbox 613 595 2191 678; baseline -0.013 -10"><span class='ocrx_word' id='word_1_22' title='bbox 613 627 743 668; x_wconf 88' lang='lat' dir='ltr'><strong>vero</strong></span> <span class='ocrx_word' id='word_1_23' title='bbox 775 619 1041 678; x_wconf 77' lang='lat' dir='ltr'><strong>tyrannus</strong></span> <span class='ocrx_word' id='word_1_24' title='bbox 1079 605 1130 659; x_wconf 86' lang='lat' dir='ltr'><strong>in</strong></span> <span class='ocrx_word' id='word_1_25' title='bbox 1165 602 1455 659; x_wconf 89' lang='lat' dir='ltr'><strong>ecclesiam</strong></span> <span class='ocrx_word' id='word_1_26' title='bbox 1505 599 1570 655; x_wconf 80' lang='lat' dir='ltr'><strong>ad</strong></span> <span class='ocrx_word' id='word_1_27' title='bbox 1606 595 2037 654; x_wconf 89' lang='lat' dir='ltr'><strong>abstrahendum</strong></span> <span class='ocrx_word' id='word_1_28' title='bbox 2073 609 2191 649; x_wconf 85' lang='lat' dir='ltr'><strong>mu-</strong></span> 
     </span>
    </p>
   </div>
   <div class='ocr_carea' id='block_1_6' title="bbox 613 680 2200 763">
    <p class='ocr_par' dir='ltr' id='par_1_6' title="bbox 613 680 2200 763">
     <span class='ocr_line' id='line_1_6' title="bbox 613 680 2200 763; baseline -0.011 -4"><span class='ocrx_word' id='word_1_29' title='bbox 613 705 775 760; x_wconf 85' lang='lat' dir='ltr'><strong>lieres</strong></span> <span class='ocrx_word' id='word_1_30' title='bbox 826 680 1146 755; x_wconf 86' lang='lat' dir='ltr'><strong>destinavit.</strong></span> <span class='ocrx_word' id='word_1_31' title='bbox 1202 693 1345 748; x_wconf 87' lang='lat' dir='ltr'><strong>Sane</strong></span> <span class='ocrx_word' id='word_1_32' title='bbox 1395 691 1707 763; x_wconf 88' lang='lat' dir='ltr'><strong>patriarcha</strong></span> <span class='ocrx_word' id='word_1_33' title='bbox 1772 700 1903 744; x_wconf 89' lang='lat' dir='ltr'><strong>tunc</strong></span> <span class='ocrx_word' id='word_1_34' title='bbox 1935 689 2200 758; x_wconf 75' lang='lat' dir='ltr'><strong>Cyriacus</strong></span> 
     </span>
    </p>
   </div>
   <div class='ocr_carea' id='block_1_7' title="bbox 612 782 2202 868">
    <p class='ocr_par' dir='ltr' id='par_1_7' title="bbox 612 782 2202 868">
     <span class='ocr_line' id='line_1_7' title="bbox 612 782 2202 868; baseline -0.009 -16"><span class='ocrx_word' id='word_1_35' title='bbox 612 805 846 868; x_wconf 81' lang='lat' dir='ltr'><strong>tyranno</strong></span> <span class='ocrx_word' id='word_1_36' title='bbox 878 791 1102 857; x_wconf 86' lang='lat' dir='ltr'><strong>restitit,</strong></span> <span class='ocrx_word' id='word_1_37' title='bbox 1135 788 1364 842; x_wconf 88' lang='lat' dir='ltr'><strong>minimc</strong></span> <span class='ocrx_word' id='word_1_38' title='bbox 1389 801 1587 857; x_wconf 81' lang='lat' dir='ltr'><strong>passus</strong></span> <span class='ocrx_word' id='word_1_39' title='bbox 1612 801 1642 840; x_wconf 92' lang='lat' dir='ltr'><strong>e</strong></span> <span class='ocrx_word' id='word_1_40' title='bbox 1674 785 1877 856; x_wconf 89' lang='lat' dir='ltr'><strong>templo</strong></span> <span class='ocrx_word' id='word_1_41' title='bbox 1914 782 2202 855; x_wconf 87' lang='lat' dir='ltr'><strong>tyrannice</strong></span> 
     </span>
    </p>
   </div>
   <div class='ocr_carea' id='block_1_8' title="bbox 611 873 2202 949">
    <p class='ocr_par' dir='ltr' id='par_1_8' title="bbox 611 873 2202 949">
     <span class='ocr_line' id='line_1_8' title="bbox 611 873 2202 949; baseline -0.011 -5"><span class='ocrx_word' id='word_1_42' title='bbox 611 889 807 945; x_wconf 86' lang='lat' dir='ltr'><strong>abduci</strong></span> <span class='ocrx_word' id='word_1_43' title='bbox 836 885 1116 942; x_wconf 85' lang='lat' dir='ltr'><strong>mulieres.</strong></span> <span class='ocrx_word' id='word_1_44' title='bbox 1151 881 1350 937; x_wconf 74' lang='lat' dir='ltr'><strong>Verum</strong></span> <span class='ocrx_word' id='word_1_45' title='bbox 1399 878 1734 949; x_wconf 89' lang='lat' dir='ltr'><strong>juramentis</strong></span> <span class='ocrx_word' id='word_1_46' title='bbox 1779 885 1930 934; x_wconf 90' lang='lat' dir='ltr'><strong>certo</strong></span> <span class='ocrx_word' id='word_1_47' title='bbox 1963 891 2028 932; x_wconf 90' lang='lat' dir='ltr'><strong>eo</strong></span> <span class='ocrx_word' id='word_1_48' title='bbox 2081 873 2202 928; x_wconf 84' lang='lat' dir='ltr'><strong>red-</strong></span> 
     </span>
    </p>
   </div>
   <div class='ocr_carea' id='block_1_9' title="bbox 611 971 2202 1046">
    <p class='ocr_par' dir='ltr' id='par_1_9' title="bbox 611 971 2202 1046">
     <span class='ocr_line' id='line_1_9' title="bbox 611 971 2202 1046; baseline -0.011 -7"><span class='ocrx_word' id='word_1_49' title='bbox 611 985 725 1039; x_wconf 92' lang='lat' dir='ltr'><strong>dito</strong></span> <span class='ocrx_word' id='word_1_50' title='bbox 757 997 785 1035; x_wconf 88' lang='lat' dir='ltr'><strong>a</strong></span> <span class='ocrx_word' id='word_1_51' title='bbox 818 980 1000 1035; x_wconf 83' lang='lat' dir='ltr'><strong>Pboca</strong></span> <span class='ocrx_word' id='word_1_52' title='bbox 1040 976 1185 1046; x_wconf 86' lang='lat' dir='ltr'><strong>quod</strong></span> <span class='ocrx_word' id='word_1_53' title='bbox 1241 991 1354 1030; x_wconf 90' lang='lat' dir='ltr'><strong>non</strong></span> <span class='ocrx_word' id='word_1_54' title='bbox 1405 973 1626 1028; x_wconf 59' lang='lat' dir='ltr'><strong>laederet</strong></span> <span class='ocrx_word' id='word_1_55' title='bbox 1657 987 1772 1036; x_wconf 67' lang='lat' dir='ltr'><strong>eas,</strong></span> <span class='ocrx_word' id='word_1_56' title='bbox 1817 971 2128 1026; x_wconf 88' lang='lat' dir='ltr'><strong>educuntur</strong></span> <span class='ocrx_word' id='word_1_57' title='bbox 2173 985 2202 1022; x_wconf 86' lang='lat' dir='ltr'><strong>c</strong></span> 
     </span>
    </p>
   </div>
   <div class='ocr_carea' id='block_1_10' title="bbox 611 1060 2203 1144">
    <p class='ocr_par' dir='ltr' id='par_1_10' title="bbox 611 1060 2203 1144">
     <span class='ocr_line' id='line_1_10' title="bbox 611 1060 2203 1144; baseline -0.01 -16"><span class='ocrx_word' id='word_1_58' title='bbox 611 1073 817 1144; x_wconf 89' lang='lat' dir='ltr'><strong>templo</strong></span> <span class='ocrx_word' id='word_1_59' title='bbox 858 1079 1052 1126; x_wconf 87' lang='lat' dir='ltr'><strong>sancto</strong></span> <span class='ocrx_word' id='word_1_60' title='bbox 1081 1075 1135 1124; x_wconf 91' lang='lat' dir='ltr'><strong>et</strong></span> <span class='ocrx_word' id='word_1_61' title='bbox 1165 1065 1498 1122; x_wconf 86' lang='lat' dir='ltr'><strong>clauduntur</strong></span> <span class='ocrx_word' id='word_1_62' title='bbox 1546 1065 1598 1119; x_wconf 90' lang='lat' dir='ltr'><strong>in</strong></span> <span class='ocrx_word' id='word_1_63' title='bbox 1651 1063 2008 1118; x_wconf 87' lang='lat' dir='ltr'><strong>monasterio.</strong></span> <span class='ocrx_word' id='word_1_64' title='bbox 2056 1060 2203 1114; x_wconf 68' lang='lat' dir='ltr'><strong>Prte-</strong></span> 
     </span>
    </p>
   </div>
   <div class='ocr_carea' id='block_1_11' title="bbox 613 1153 2204 1226">
    <p class='ocr_par' dir='ltr' id='par_1_11' title="bbox 613 1153 2204 1226">
     <span class='ocr_line' id='line_1_11' title="bbox 613 1153 2204 1226; baseline -0.011 -5"><span class='ocrx_word' id='word_1_65' title='bbox 613 1177 762 1221; x_wconf 87' lang='lat' dir='ltr'><strong>terca</strong></span> <span class='ocrx_word' id='word_1_66' title='bbox 792 1164 976 1218; x_wconf 77' lang='lat' dir='ltr'><strong>Persa:</strong></span> <span class='ocrx_word' id='word_1_67' title='bbox 1029 1160 1220 1215; x_wconf 78' lang='lat' dir='ltr'><strong>eodem</strong></span> <span class='ocrx_word' id='word_1_68' title='bbox 1273 1171 1422 1211; x_wconf 88' lang='lat' dir='ltr'><strong>anno</strong></span> <span class='ocrx_word' id='word_1_69' title='bbox 1459 1162 1726 1226; x_wconf 89' lang='lat' dir='ltr'><strong>ceperunt</strong></span> <span class='ocrx_word' id='word_1_70' title='bbox 1758 1153 1953 1218; x_wconf 82' lang='lat' dir='ltr'><strong>Daras,</strong></span> <span class='ocrx_word' id='word_1_71' title='bbox 1987 1155 2039 1206; x_wconf 92' lang='lat' dir='ltr'><strong>in</strong></span> <span class='ocrx_word' id='word_1_72' title='bbox 2093 1160 2204 1204; x_wconf 82' lang='lat' dir='ltr'><strong>tota</strong></span> 
     </span>
    </p>
   </div>
   <div class='ocr_carea' id='block_1_12' title="bbox 611 1241 2204 1326">
    <p class='ocr_par' dir='ltr' id='par_1_12' title="bbox 611 1241 2204 1326">
     <span class='ocr_line' id='line_1_12' title="bbox 611 1241 2204 1326; baseline -0.011 -14"><span class='ocrx_word' id='word_1_73' title='bbox 611 1252 1008 1326; x_wconf 76' lang='lat' dir='ltr'><strong>Mesopotamia</strong></span> <span class='ocrx_word' id='word_1_74' title='bbox 1059 1258 1116 1306; x_wconf 83' lang='lat' dir='ltr'><strong>et</strong></span> <span class='ocrx_word' id='word_1_75' title='bbox 1165 1247 1325 1320; x_wconf 85' lang='lat' dir='ltr'><strong>Syria</strong></span> <span class='ocrx_word' id='word_1_76' title='bbox 1365 1246 1739 1318; x_wconf 86' lang='lat' dir='ltr'><strong>captivatione</strong></span> <span class='ocrx_word' id='word_1_77' title='bbox 1796 1246 1988 1306; x_wconf 89' lang='lat' dir='ltr'><strong>multa,</strong></span> <span class='ocrx_word' id='word_1_78' title='bbox 2043 1241 2204 1310; x_wconf 87' lang='lat' dir='ltr'><strong>cujus</strong></span> 
     </span>
    </p>
   </div>
   <div class='ocr_carea' id='block_1_13' title="bbox 613 1336 2208 1410">
    <p class='ocr_par' dir='ltr' id='par_1_13' title="bbox 613 1336 2208 1410">
     <span class='ocr_line' id='line_1_13' title="bbox 613 1336 2208 1410; baseline -0.012 -5"><span class='ocrx_word' id='word_1_79' title='bbox 613 1365 722 1407; x_wconf 90' lang='lat' dir='ltr'><strong>non</strong></span> <span class='ocrx_word' id='word_1_80' title='bbox 763 1358 849 1404; x_wconf 87' lang='lat' dir='ltr'><strong>est</strong></span> <span class='ocrx_word' id='word_1_81' title='bbox 887 1359 1175 1409; x_wconf 85' lang='lat' dir='ltr'><strong>numerus,</strong></span> <span class='ocrx_word' id='word_1_82' title='bbox 1200 1341 1366 1397; x_wconf 88' lang='lat' dir='ltr'><strong>facta.</strong></span> <span class='ocrx_word' id='word_1_83' title='bbox 1405 1341 1577 1395; x_wconf 88' lang='lat' dir='ltr'><strong>Porro</strong></span> <span class='ocrx_word' id='word_1_84' title='bbox 1623 1337 1940 1410; x_wconf 73' lang='lat' dir='ltr'><strong>patriarcha</strong></span> <span class='ocrx_word' id='word_1_85' title='bbox 1972 1336 2208 1390; x_wconf 84' lang='lat' dir='ltr'><strong>obeuute</strong></span> 
     </span>
    </p>
   </div>
   <div class='ocr_carea' id='block_1_14' title="bbox 611 1425 2209 1511">
    <p class='ocr_par' dir='ltr' id='par_1_14' title="bbox 611 1425 2209 1511">
     <span class='ocr_line' id='line_1_14' title="bbox 611 1425 2209 1511; baseline -0.011 -18"><span class='ocrx_word' id='word_1_86' title='bbox 611 1439 846 1511; x_wconf 76' lang='lat' dir='ltr'><strong>(Iyriaco</strong></span> <span class='ocrx_word' id='word_1_87' title='bbox 880 1433 1124 1488; x_wconf 87' lang='lat' dir='ltr'><strong>Thomas</strong></span> <span class='ocrx_word' id='word_1_88' title='bbox 1173 1445 1272 1502; x_wconf 93' lang='lat' dir='ltr'><strong>pro</strong></span> <span class='ocrx_word' id='word_1_89' title='bbox 1306 1444 1371 1485; x_wconf 86' lang='lat' dir='ltr'><strong>eo</strong></span> <span class='ocrx_word' id='word_1_90' title='bbox 1414 1438 1796 1490; x_wconf 89' lang='lat' dir='ltr'><strong>consecratur,</strong></span> <span class='ocrx_word' id='word_1_91' title='bbox 1842 1425 2108 1480; x_wconf 83' lang='lat' dir='ltr'><strong>diaconus</strong></span> <span class='ocrx_word' id='word_1_92' title='bbox 2153 1431 2209 1476; x_wconf 89' lang='lat' dir='ltr'><strong>et</strong></span> 
     </span>
    </p>
   </div>
   <div class='ocr_carea' id='block_1_15' title="bbox 617 1520 1519 1597">
    <p class='ocr_par' dir='ltr' id='par_1_15' title="bbox 617 1520 1519 1597">
     <span class='ocr_line' id='line_1_15' title="bbox 617 1520 1519 1597; baseline -0.016 -9"><span class='ocrx_word' id='word_1_93' title='bbox 617 1529 941 1588; x_wconf 84' lang='lat' dir='ltr'><strong>saecllarius</strong></span> <span class='ocrx_word' id='word_1_94' title='bbox 970 1524 1212 1597; x_wconf 87' lang='lat' dir='ltr'><strong>ejusdem</strong></span> <span class='ocrx_word' id='word_1_95' title='bbox 1249 1520 1519 1578; x_wconf 74' lang='lat' dir='ltr'><strong>ecclesire.</strong></span> 
     </span>
    </p>
   </div>
   <div class='ocr_carea' id='block_1_16' title="bbox 687 1607 2204 1680">
    <p class='ocr_par' dir='ltr' id='par_1_16' title="bbox 687 1607 2204 1680">
     <span class='ocr_line' id='line_1_16' title="bbox 687 1607 2204 1680; baseline -0.011 -4"><span class='ocrx_word' id='word_1_96' title='bbox 687 1620 870 1676; x_wconf 77' lang='lat' dir='ltr'><strong>Mundi</strong></span> <span class='ocrx_word' id='word_1_97' title='bbox 902 1633 1046 1672; x_wconf 90' lang='lat' dir='ltr'><strong>anno</strong></span> <span class='ocrx_word' id='word_1_98' title='bbox 1075 1614 1235 1680; x_wconf 77' lang='lat'><strong>6099,</strong></span> <span class='ocrx_word' id='word_1_99' title='bbox 1264 1613 1465 1668; x_wconf 76' lang='lat' dir='ltr'><strong>divinae</strong></span> <span class='ocrx_word' id='word_1_100' title='bbox 1488 1609 1885 1666; x_wconf 83' lang='lat' dir='ltr'><strong>incarnationis</strong></span> <span class='ocrx_word' id='word_1_101' title='bbox 1912 1621 2056 1662; x_wconf 90' lang='lat' dir='ltr'><strong>anno</strong></span> <span class='ocrx_word' id='word_1_102' title='bbox 2079 1607 2204 1672; x_wconf 76' lang='lat'><strong>599,</strong></span> 
     </span>
    </p>
   </div>
   <div class='ocr_carea' id='block_1_17' title="bbox 614 1702 2207 1780">
    <p class='ocr_par' dir='ltr' id='par_1_17' title="bbox 614 1702 2207 1780">
     <span class='ocr_line' id='line_1_17' title="bbox 614 1702 2207 1780; baseline -0.011 -10"><span class='ocrx_word' id='word_1_103' title='bbox 614 1731 760 1770; x_wconf 87' lang='lat' dir='ltr'><strong>anno</strong></span> <span class='ocrx_word' id='word_1_104' title='bbox 792 1728 920 1768; x_wconf 82' lang='lat' dir='ltr'><strong>vero</strong></span> <span class='ocrx_word' id='word_1_105' title='bbox 944 1709 1159 1780; x_wconf 89' lang='lat' dir='ltr'><strong>imperii</strong></span> <span class='ocrx_word' id='word_1_106' title='bbox 1191 1707 1388 1762; x_wconf 71' lang='lat' dir='ltr'><strong>Pboca:</strong></span> <span class='ocrx_word' id='word_1_107' title='bbox 1417 1705 1612 1776; x_wconf 90' lang='lat' dir='ltr'><strong>quinto</strong></span> <span class='ocrx_word' id='word_1_108' title='bbox 1642 1703 1854 1758; x_wconf 87' lang='lat' dir='ltr'><strong>lsacius</strong></span> <span class='ocrx_word' id='word_1_109' title='bbox 1888 1702 2207 1772; x_wconf 78' lang='lat' dir='ltr'><strong>Hierosoly-</strong></span> 
     </span>
    </p>
   </div>
   <div class='ocr_carea' id='block_1_18' title="bbox 614 1791 2208 1865">
    <p class='ocr_par' dir='ltr' id='par_1_18' title="bbox 614 1791 2208 1865">
     <span class='ocr_line' id='line_1_18' title="bbox 614 1791 2208 1865; baseline -0.012 -4"><span class='ocrx_word' id='word_1_110' title='bbox 614 1808 882 1865; x_wconf 90' lang='lat' dir='ltr'><strong>mitanus,</strong></span> <span class='ocrx_word' id='word_1_111' title='bbox 932 1797 1258 1854; x_wconf 85' lang='lat' dir='ltr'><strong>Theodorus</strong></span> <span class='ocrx_word' id='word_1_112' title='bbox 1315 1793 1724 1848; x_wconf 80' lang='lat' dir='ltr'><strong>Alexandrinus</strong></span> <span class='ocrx_word' id='word_1_113' title='bbox 1769 1799 1827 1846; x_wconf 91' lang='lat' dir='ltr'><strong>et</strong></span> <span class='ocrx_word' id='word_1_114' title='bbox 1874 1791 2208 1844; x_wconf 83' lang='lat' dir='ltr'><strong>Anastasius</strong></span> 
     </span>
    </p>
   </div>
   <div class='ocr_carea' id='block_1_19' title="bbox 612 1885 2208 1954">
    <p class='ocr_par' dir='ltr' id='par_1_19' title="bbox 612 1885 2208 1954">
     <span class='ocr_line' id='line_1_19' title="bbox 612 1885 2208 1954; baseline -0.013 0"><span class='ocrx_word' id='word_1_115' title='bbox 612 1897 989 1954; x_wconf 81' lang='lat' dir='ltr'><strong>Antiochenus</strong></span> <span class='ocrx_word' id='word_1_116' title='bbox 1030 1892 1307 1946; x_wconf 87' lang='lat' dir='ltr'><strong>habentur</strong></span> <span class='ocrx_word' id='word_1_117' title='bbox 1354 1887 1652 1942; x_wconf 83' lang='lat' dir='ltr'><strong>antistites.</strong></span> <span class='ocrx_word' id='word_1_118' title='bbox 1686 1885 1899 1939; x_wconf 85' lang='lat' dir='ltr'><strong>Phocas</strong></span> <span class='ocrx_word' id='word_1_119' title='bbox 1950 1896 2078 1938; x_wconf 88' lang='lat' dir='ltr'><strong>vero</strong></span> <span class='ocrx_word' id='word_1_120' title='bbox 2123 1891 2208 1952; x_wconf 81' lang='lat' dir='ltr'><strong>ty-</strong></span> 
     </span>
    </p>
   </div>
   <div class='ocr_carea' id='block_1_20' title="bbox 613 1974 2208 2046">
    <p class='ocr_par' dir='ltr' id='par_1_20' title="bbox 613 1974 2208 2046">
     <span class='ocr_line' id='line_1_20' title="bbox 613 1974 2208 2046; baseline -0.012 0"><span class='ocrx_word' id='word_1_121' title='bbox 613 2003 824 2046; x_wconf 87' lang='lat' dir='ltr'><strong>rannus</strong></span> <span class='ocrx_word' id='word_1_122' title='bbox 861 1987 1028 2041; x_wconf 88' lang='lat' dir='ltr'><strong>tiliam</strong></span> <span class='ocrx_word' id='word_1_123' title='bbox 1063 1998 1219 2038; x_wconf 87' lang='lat' dir='ltr'><strong>suam</strong></span> <span class='ocrx_word' id='word_1_124' title='bbox 1257 1981 1602 2034; x_wconf 85' lang='lat' dir='ltr'><strong>Domentiam</strong></span> <span class='ocrx_word' id='word_1_125' title='bbox 1639 1976 1832 2032; x_wconf 86' lang='lat' dir='ltr'><strong>Prisco</strong></span> <span class='ocrx_word' id='word_1_126' title='bbox 1881 1974 2114 2046; x_wconf 88' lang='lat' dir='ltr'><strong>patricio</strong></span> <span class='ocrx_word' id='word_1_127' title='bbox 2154 1982 2208 2029; x_wconf 90' lang='lat' dir='ltr'><strong>et</strong></span> 
     </span>
    </p>
   </div>
   <div class='ocr_carea' id='block_1_21' title="bbox 615 2065 2208 2143">
    <p class='ocr_par' dir='ltr' id='par_1_21' title="bbox 615 2065 2208 2143">
     <span class='ocr_line' id='line_1_21' title="bbox 615 2065 2208 2143; baseline -0.01 -7"><span class='ocrx_word' id='word_1_128' title='bbox 615 2079 802 2138; x_wconf 91' lang='lat' dir='ltr'><strong>comiti</strong></span> <span class='ocrx_word' id='word_1_129' title='bbox 839 2077 1227 2133; x_wconf 82' lang='lat' dir='ltr'><strong>excubitorum</strong></span> <span class='ocrx_word' id='word_1_130' title='bbox 1256 2071 1462 2143; x_wconf 81' lang='lat' dir='ltr'><strong>junxit,</strong></span> <span class='ocrx_word' id='word_1_131' title='bbox 1501 2077 1555 2125; x_wconf 90' lang='lat' dir='ltr'><strong>et</strong></span> <span class='ocrx_word' id='word_1_132' title='bbox 1587 2069 1744 2124; x_wconf 88' lang='lat' dir='ltr'><strong>factis</strong></span> <span class='ocrx_word' id='word_1_133' title='bbox 1770 2068 1824 2122; x_wconf 94' lang='lat' dir='ltr'><strong>in</strong></span> <span class='ocrx_word' id='word_1_134' title='bbox 1862 2067 2067 2138; x_wconf 86' lang='lat' dir='ltr'><strong>palatio</strong></span> <span class='ocrx_word' id='word_1_135' title='bbox 2094 2065 2208 2120; x_wconf 79' lang='lat' dir='ltr'><strong>Ma-</strong></span> 
     </span>
    </p>
   </div>
   <div class='ocr_carea' id='block_1_22' title="bbox 614 2159 2210 2242">
    <p class='ocr_par' dir='ltr' id='par_1_22' title="bbox 614 2159 2210 2242">
     <span class='ocr_line' id='line_1_22' title="bbox 614 2159 2210 2242; baseline -0.011 -11"><span class='ocrx_word' id='word_1_136' title='bbox 614 2175 749 2231; x_wconf 70' lang='lat' dir='ltr'><strong>rium</strong></span> <span class='ocrx_word' id='word_1_137' title='bbox 779 2169 990 2242; x_wconf 80' lang='lat' dir='ltr'><strong>nuptiis</strong></span> <span class='ocrx_word' id='word_1_138' title='bbox 1031 2167 1199 2240; x_wconf 86' lang='lat' dir='ltr'><strong>jussit</strong></span> <span class='ocrx_word' id='word_1_139' title='bbox 1233 2165 1359 2220; x_wconf 55' lang='lat' dir='ltr'><strong>‘lieri</strong></span> <span class='ocrx_word' id='word_1_140' title='bbox 1391 2165 1578 2219; x_wconf 88' lang='lat' dir='ltr'><strong>ludum</strong></span> <span class='ocrx_word' id='word_1_141' title='bbox 1613 2169 1952 2234; x_wconf 83' lang='lat' dir='ltr'><strong>equestrem.</strong></span> <span class='ocrx_word' id='word_1_142' title='bbox 1985 2159 2210 2215; x_wconf 86' lang='lat' dir='ltr'><strong>Demar-</strong></span> 
     </span>
    </p>
   </div>
   <div class='ocr_carea' id='block_1_23' title="bbox 615 2254 2210 2332">
    <p class='ocr_par' dir='ltr' id='par_1_23' title="bbox 615 2254 2210 2332">
     <span class='ocr_line' id='line_1_23' title="bbox 615 2254 2210 2332; baseline -0.011 -8"><span class='ocrx_word' id='word_1_143' title='bbox 615 2269 704 2324; x_wconf 88' lang='lat' dir='ltr'><strong>chi</strong></span> <span class='ocrx_word' id='word_1_144' title='bbox 734 2278 916 2322; x_wconf 89' lang='lat' dir='ltr'><strong>autem</strong></span> <span class='ocrx_word' id='word_1_145' title='bbox 956 2264 1248 2332; x_wconf 86' lang='lat' dir='ltr'><strong>utriusque</strong></span> <span class='ocrx_word' id='word_1_146' title='bbox 1279 2258 1453 2330; x_wconf 88' lang='lat' dir='ltr'><strong>partis</strong></span> <span class='ocrx_word' id='word_1_147' title='bbox 1500 2257 1646 2328; x_wconf 86' lang='lat' dir='ltr'><strong>apud</strong></span> <span class='ocrx_word' id='word_1_148' title='bbox 1695 2264 1938 2327; x_wconf 86' lang='lat' dir='ltr'><strong>quatuor</strong></span> <span class='ocrx_word' id='word_1_149' title='bbox 1998 2254 2210 2309; x_wconf 89' lang='lat' dir='ltr'><strong>colum-</strong></span> 
     </span>
    </p>
   </div>
   <div class='ocr_carea' id='block_1_24' title="bbox 617 2345 2211 2426">
    <p class='ocr_par' dir='ltr' id='par_1_24' title="bbox 617 2345 2211 2426">
     <span class='ocr_line' id='line_1_24' title="bbox 617 2345 2211 2426; baseline -0.011 -9"><span class='ocrx_word' id='word_1_150' title='bbox 617 2375 718 2416; x_wconf 92' lang='lat' dir='ltr'><strong>nas</strong></span> <span class='ocrx_word' id='word_1_151' title='bbox 765 2375 889 2414; x_wconf 89' lang='lat' dir='ltr'><strong>cum</strong></span> <span class='ocrx_word' id='word_1_152' title='bbox 943 2353 1325 2426; x_wconf 89' lang='lat' dir='ltr'><strong>imperialibus</strong></span> <span class='ocrx_word' id='word_1_153' title='bbox 1364 2351 1538 2420; x_wconf 84' lang='lat' dir='ltr'><strong>signis</strong></span> <span class='ocrx_word' id='word_1_154' title='bbox 1587 2355 1902 2404; x_wconf 90' lang='lat' dir='ltr'><strong>statuerunt</strong></span> <span class='ocrx_word' id='word_1_155' title='bbox 1935 2345 2112 2401; x_wconf 89' lang='lat' dir='ltr'><strong>Prisci</strong></span> <span class='ocrx_word' id='word_1_156' title='bbox 2155 2353 2211 2401; x_wconf 92' lang='lat' dir='ltr'><strong>et</strong></span> 
     </span>
    </p>
   </div>
   <div class='ocr_carea' id='block_1_25' title="bbox 617 2439 2210 2520">
    <p class='ocr_par' dir='ltr' id='par_1_25' title="bbox 617 2439 2210 2520">
     <span class='ocr_line' id='line_1_25' title="bbox 617 2439 2210 2520; baseline -0.009 -10"><span class='ocrx_word' id='word_1_157' title='bbox 617 2452 922 2510; x_wconf 74' lang='lat' dir='ltr'><strong>Domentia:</strong></span> <span class='ocrx_word' id='word_1_158' title='bbox 970 2452 1148 2520; x_wconf 87' lang='lat' dir='ltr'><strong>signa.</strong></span> <span class='ocrx_word' id='word_1_159' title='bbox 1184 2447 1401 2513; x_wconf 83' lang='lat' dir='ltr'><strong>Quibus</strong></span> <span class='ocrx_word' id='word_1_160' title='bbox 1447 2443 1653 2498; x_wconf 84' lang='lat' dir='ltr'><strong>auditis</strong></span> <span class='ocrx_word' id='word_1_161' title='bbox 1704 2442 2006 2512; x_wconf 86' lang='lat' dir='ltr'><strong>imperator</strong></span> <span class='ocrx_word' id='word_1_162' title='bbox 2037 2439 2210 2495; x_wconf 86' lang='lat' dir='ltr'><strong>iratus</strong></span> 
     </span>
    </p>
   </div>
   <div class='ocr_carea' id='block_1_26' title="bbox 615 2532 2210 2610">
    <p class='ocr_par' dir='ltr' id='par_1_26' title="bbox 615 2532 2210 2610">
     <span class='ocr_line' id='line_1_26' title="bbox 615 2532 2210 2610; baseline -0.012 -7"><span class='ocrx_word' id='word_1_163' title='bbox 615 2555 722 2610; x_wconf 88' lang='lat' dir='ltr'><strong>est,</strong></span> <span class='ocrx_word' id='word_1_164' title='bbox 763 2555 812 2602; x_wconf 91' lang='lat' dir='ltr'><strong>et</strong></span> <span class='ocrx_word' id='word_1_165' title='bbox 847 2544 1074 2599; x_wconf 90' lang='lat' dir='ltr'><strong>mittens</strong></span> <span class='ocrx_word' id='word_1_166' title='bbox 1121 2538 1352 2595; x_wconf 79' lang='lat' dir='ltr'><strong>adduxit</strong></span> <span class='ocrx_word' id='word_1_167' title='bbox 1404 2535 1762 2599; x_wconf 87' lang='lat' dir='ltr'><strong>demarchos,</strong></span> <span class='ocrx_word' id='word_1_168' title='bbox 1819 2532 2210 2602; x_wconf 84' lang='lat' dir='ltr'><strong>Theophanem</strong></span> 
     </span>
    </p>
   </div>
   <div class='ocr_carea' id='block_1_27' title="bbox 616 2625 2211 2704">
    <p class='ocr_par' dir='ltr' id='par_1_27' title="bbox 616 2625 2211 2704">
     <span class='ocr_line' id='line_1_27' title="bbox 616 2625 2211 2704; baseline -0.012 -8"><span class='ocrx_word' id='word_1_169' title='bbox 616 2639 828 2696; x_wconf 81' lang='lat' dir='ltr'><strong>scilicet</strong></span> <span class='ocrx_word' id='word_1_170' title='bbox 855 2651 916 2690; x_wconf 90' lang='lat' dir='ltr'><strong>ac</strong></span> <span class='ocrx_word' id='word_1_171' title='bbox 946 2633 1312 2704; x_wconf 84' lang='lat' dir='ltr'><strong>Pamphiltnn,</strong></span> <span class='ocrx_word' id='word_1_172' title='bbox 1348 2640 1401 2686; x_wconf 88' lang='lat' dir='ltr'><strong>ct</strong></span> <span class='ocrx_word' id='word_1_173' title='bbox 1427 2635 1679 2685; x_wconf 88' lang='lat' dir='ltr'><strong>statuens</strong></span> <span class='ocrx_word' id='word_1_174' title='bbox 1712 2625 1888 2681; x_wconf 85' lang='lat' dir='ltr'><strong>nudos</strong></span> <span class='ocrx_word' id='word_1_175' title='bbox 1916 2625 2084 2694; x_wconf 85' lang='lat' dir='ltr'><strong>jussit</strong></span> <span class='ocrx_word' id='word_1_176' title='bbox 2115 2637 2211 2678; x_wconf 89' lang='lat' dir='ltr'><strong>eos</strong></span> 
     </span>
    </p>
   </div>
   <div class='ocr_carea' id='block_1_28' title="bbox 547 2722 2216 2794">
    <p class='ocr_par' dir='ltr' id='par_1_28' title="bbox 547 2722 2216 2794">
     <span class='ocr_line' id='line_1_28' title="bbox 547 2722 2216 2794; baseline -0.012 -6"><span class='ocrx_word' id='word_1_177' title='bbox 547 2788 555 2794; x_wconf 79' lang='grc'><em>,</em></span> <span class='ocrx_word' id='word_1_178' title='bbox 616 2730 898 2788; x_wconf 81' lang='lat' dir='ltr'><strong>decollari.</strong></span> <span class='ocrx_word' id='word_1_179' title='bbox 958 2727 1094 2781; x_wconf 89' lang='lat' dir='ltr'><strong>Cum</strong></span> <span class='ocrx_word' id='word_1_180' title='bbox 1142 2726 1288 2780; x_wconf 90' lang='lat' dir='ltr'><strong>enim</strong></span> <span class='ocrx_word' id='word_1_181' title='bbox 1336 2722 1585 2776; x_wconf 86' lang='lat' dir='ltr'><strong>misisset</strong></span> <span class='ocrx_word' id='word_1_182' title='bbox 1624 2729 2094 2790; x_wconf 86' lang='lat' dir='ltr'><strong>protocursorem,</strong></span> <span class='ocrx_word' id='word_1_183' title='bbox 2154 2722 2216 2769; x_wconf 89' lang='lat' dir='ltr'><strong>ut</strong></span> 
     </span>
    </p>
   </div>
   <div class='ocr_carea' id='block_1_29' title="bbox 619 2807 2214 2894">
    <p class='ocr_par' dir='ltr' id='par_1_29' title="bbox 619 2807 2214 2894">
     <span class='ocr_line' id='line_1_29' title="bbox 619 2807 2214 2894; baseline -0.011 -14"><span class='ocrx_word' id='word_1_184' title='bbox 619 2827 984 2894; x_wconf 83' lang='lat' dir='ltr'><strong>interrogaret</strong></span> <span class='ocrx_word' id='word_1_185' title='bbox 1014 2834 1110 2874; x_wconf 91' lang='lat' dir='ltr'><strong>cos</strong></span> <span class='ocrx_word' id='word_1_186' title='bbox 1138 2833 1247 2888; x_wconf 92' lang='lat' dir='ltr'><strong>quo</strong></span> <span class='ocrx_word' id='word_1_187' title='bbox 1272 2814 1623 2886; x_wconf 62' lang='lat' dir='ltr'><strong>praecipiente</strong></span> <span class='ocrx_word' id='word_1_188' title='bbox 1654 2811 1887 2866; x_wconf 78' lang='lat' dir='ltr'><strong>fecerint</strong></span> <span class='ocrx_word' id='word_1_189' title='bbox 1909 2810 2035 2873; x_wconf 93' lang='lat' dir='ltr'><strong>hoc,</strong></span> <span class='ocrx_word' id='word_1_190' title='bbox 2059 2807 2214 2863; x_wconf 81' lang='lat' dir='ltr'><strong>dixe-</strong></span> 
     </span>
    </p>
   </div>
   <div class='ocr_carea' id='block_1_30' title="bbox 618 2902 2214 2987">
    <p class='ocr_par' dir='ltr' id='par_1_30' title="bbox 618 2902 2214 2987">
     <span class='ocr_line' id='line_1_30' title="bbox 618 2902 2214 2987; baseline -0.009 -17"><span class='ocrx_word' id='word_1_191' title='bbox 618 2925 749 2972; x_wconf 85' lang='lat' dir='ltr'><strong>runt</strong></span> <span class='ocrx_word' id='word_1_192' title='bbox 787 2914 917 2987; x_wconf 88' lang='lat' dir='ltr'><strong>quia</strong></span> <span class='ocrx_word' id='word_1_193' title='bbox 955 2909 1257 2968; x_wconf 89' lang='lat' dir='ltr'><strong>secundum</strong></span> <span class='ocrx_word' id='word_1_194' title='bbox 1291 2902 1754 2962; x_wconf 87' lang='lat' dir='ltr'><strong>consuetudinem</strong></span> <span class='ocrx_word' id='word_1_195' title='bbox 1778 2903 2075 2957; x_wconf 90' lang='lat' dir='ltr'><strong>lineatores</strong></span> <span class='ocrx_word' id='word_1_196' title='bbox 2111 2902 2214 2956; x_wconf 88' lang='lat' dir='ltr'><strong>hoc</strong></span> 
     </span>
    </p>
   </div>
   <div class='ocr_carea' id='block_1_31' title="bbox 618 2996 2215 3065">
    <p class='ocr_par' dir='ltr' id='par_1_31' title="bbox 618 2996 2215 3065">
     <span class='ocr_line' id='line_1_31' title="bbox 618 2996 2215 3065; baseline -0.012 -1"><span class='ocrx_word' id='word_1_197' title='bbox 618 3010 890 3065; x_wconf 84' lang='lat' dir='ltr'><strong>fecerunt.</strong></span> <span class='ocrx_word' id='word_1_198' title='bbox 925 3004 1099 3058; x_wconf 86' lang='lat' dir='ltr'><strong>Porro</strong></span> <span class='ocrx_word' id='word_1_199' title='bbox 1127 3003 1431 3056; x_wconf 86' lang='lat' dir='ltr'><strong>lineatores</strong></span> <span class='ocrx_word' id='word_1_200' title='bbox 1476 2997 1594 3053; x_wconf 85' lang='lat' dir='ltr'><strong>sive</strong></span> <span class='ocrx_word' id='word_1_201' title='bbox 1635 3011 1943 3059; x_wconf 89' lang='lat' dir='ltr'><strong>mensores,</strong></span> <span class='ocrx_word' id='word_1_202' title='bbox 1976 2996 2215 3048; x_wconf 52' lang='lat' dir='ltr'><strong>interro.</strong></span> 
     </span>
    </p>
   </div>
   <div class='ocr_carea' id='block_1_32' title="bbox 619 3086 2214 3174">
    <p class='ocr_par' dir='ltr' id='par_1_32' title="bbox 619 3086 2214 3174">
     <span class='ocr_line' id='line_1_32' title="bbox 619 3086 2214 3174; baseline -0.011 -19"><span class='ocrx_word' id='word_1_203' title='bbox 619 3101 732 3174; x_wconf 72' lang='lat' dir='ltr'><strong>gati</strong></span> <span class='ocrx_word' id='word_1_204' title='bbox 783 3095 1139 3169; x_wconf 83' lang='lat' dir='ltr'><strong>quamobrem</strong></span> <span class='ocrx_word' id='word_1_205' title='bbox 1173 3094 1278 3148; x_wconf 91' lang='lat' dir='ltr'><strong>hoc</strong></span> <span class='ocrx_word' id='word_1_206' title='bbox 1330 3091 1600 3153; x_wconf 81' lang='lat' dir='ltr'><strong>fecerunt,</strong></span> <span class='ocrx_word' id='word_1_207' title='bbox 1639 3089 1893 3144; x_wconf 80' lang='lat' dir='ltr'><strong>dixerunt</strong></span> <span class='ocrx_word' id='word_1_208' title='bbox 1912 3086 2063 3157; x_wconf 88' lang='lat' dir='ltr'><strong>quia,</strong></span> <span class='ocrx_word' id='word_1_209' title='bbox 2089 3099 2214 3139; x_wconf 88' lang='lat' dir='ltr'><strong>eum</strong></span> 
     </span>
    </p>
   </div>
   <div class='ocr_carea' id='block_1_33' title="bbox 622 3178 2210 3264">
    <p class='ocr_par' dir='ltr' id='par_1_33' title="bbox 622 3178 2210 3264">
     <span class='ocr_line' id='line_1_33' title="bbox 622 3178 2210 3264; baseline -0.008 -18"><span class='ocrx_word' id='word_1_210' title='bbox 622 3190 975 3264; x_wconf 86' lang='lat' dir='ltr'><strong>imperatoris</strong></span> <span class='ocrx_word' id='word_1_211' title='bbox 1002 3187 1096 3242; x_wconf 86' lang='lat' dir='ltr'><strong>filii</strong></span> <span class='ocrx_word' id='word_1_212' title='bbox 1122 3186 1190 3242; x_wconf 90' lang='lat' dir='ltr'><strong>ab</strong></span> <span class='ocrx_word' id='word_1_213' title='bbox 1218 3184 1476 3239; x_wconf 90' lang='lat' dir='ltr'><strong>omnibus</strong></span> <span class='ocrx_word' id='word_1_214' title='bbox 1507 3181 1778 3236; x_wconf 88' lang='lat' dir='ltr'><strong>nominati</strong></span> <span class='ocrx_word' id='word_1_215' title='bbox 1810 3187 1960 3246; x_wconf 90' lang='lat' dir='ltr'><strong>sunt,</strong></span> <span class='ocrx_word' id='word_1_216' title='bbox 1992 3194 2021 3232; x_wconf 90' lang='lat' dir='ltr'><strong>a</strong></span> <span class='ocrx_word' id='word_1_217' title='bbox 2049 3178 2210 3233; x_wconf 91' lang='lat' dir='ltr'><strong>nobis</strong></span> 
     </span>
    </p>
   </div>
   <div class='ocr_carea' id='block_1_34' title="bbox 2304 591 3852 664">
    <p class='ocr_par' dir='ltr' id='par_1_34' title="bbox 2304 591 3852 664">
     <span class='ocr_line' id='line_1_34' title="bbox 2304 591 3852 664; baseline 0.007 -17"><span class='ocrx_word' id='word_1_218' title='bbox 2304 610 2377 647; x_wconf 77' lang='lat' dir='ltr'><strong>rae</strong></span> <span class='ocrx_word' id='word_1_219' title='bbox 2404 594 2518 664; x_wconf 62' lang='lat'><strong>(45)</strong></span> <span class='ocrx_word' id='word_1_220' title='bbox 2562 593 2802 659; x_wconf 83' lang='lat' dir='ltr'><strong>occidit;</strong></span> <span class='ocrx_word' id='word_1_221' title='bbox 2842 593 3099 647; x_wconf 85' lang='lat' dir='ltr'><strong>similiter</strong></span> <span class='ocrx_word' id='word_1_222' title='bbox 3129 601 3183 648; x_wconf 89' lang='lat' dir='ltr'><strong>et</strong></span> <span class='ocrx_word' id='word_1_223' title='bbox 3224 591 3484 649; x_wconf 80' lang='lat' dir='ltr'><strong>Joannem</strong></span> <span class='ocrx_word' id='word_1_224' title='bbox 3525 607 3576 650; x_wconf 86' lang='lat' dir='ltr'><strong>et</strong></span> <span class='ocrx_word' id='word_1_225' title='bbox 3607 598 3760 655; x_wconf 82' lang='lat' dir='ltr'><strong>Gizau</strong></span> <span class='ocrx_word' id='word_1_226' title='bbox 3807 613 3852 659; x_wconf 83' lang='lat' dir='ltr'><strong>et</strong></span> 
     </span>
    </p>
   </div>
   <div class='ocr_carea' id='block_1_35' title="bbox 2304 684 3848 766">
    <p class='ocr_par' dir='ltr' id='par_1_35' title="bbox 2304 684 3848 766">
     <span class='ocr_line' id='line_1_35' title="bbox 2304 684 3848 766; baseline 0.012 -33"><span class='ocrx_word' id='word_1_227' title='bbox 2304 689 2621 757; x_wconf 77' lang='lat' dir='ltr'><strong>patricium,</strong></span> <span class='ocrx_word' id='word_1_228' title='bbox 2684 693 2739 740; x_wconf 92' lang='lat' dir='ltr'><strong>et</strong></span> <span class='ocrx_word' id='word_1_229' title='bbox 2799 684 3194 750; x_wconf 83' lang='lat' dir='ltr'><strong>Theodosium,</strong></span> <span class='ocrx_word' id='word_1_230' title='bbox 3251 687 3344 756; x_wconf 89' lang='lat' dir='ltr'><strong>qui</strong></span> <span class='ocrx_word' id='word_1_231' title='bbox 3405 689 3708 761; x_wconf 77' lang='lat' dir='ltr'><strong>subadjuva:</strong></span> <span class='ocrx_word' id='word_1_232' title='bbox 3751 698 3848 766; x_wconf 76' lang='grc' dir='ltr'><strong>(ιῦ)</strong></span> 
     </span>
    </p>
   </div>
   <div class='ocr_carea' id='block_1_36' title="bbox 2303 779 3854 860">
    <p class='ocr_par' dir='ltr' id='par_1_36' title="bbox 2303 779 3854 860">
     <span class='ocr_line' id='line_1_36' title="bbox 2303 779 3854 860; baseline 0.004 -26"><span class='ocrx_word' id='word_1_233' title='bbox 2303 782 2571 852; x_wconf 82' lang='lat' dir='ltr'><strong>dignitate</strong></span> <span class='ocrx_word' id='word_1_234' title='bbox 2618 779 2922 835; x_wconf 88' lang='lat' dir='ltr'><strong>habebatur</strong></span> <span class='ocrx_word' id='word_1_235' title='bbox 2971 781 3226 850; x_wconf 78' lang='lat' dir='ltr'><strong>insignis,</strong></span> <span class='ocrx_word' id='word_1_236' title='bbox 3272 788 3326 836; x_wconf 90' lang='lat' dir='ltr'><strong>et</strong></span> <span class='ocrx_word' id='word_1_237' title='bbox 3359 781 3522 837; x_wconf 81' lang='lat' dir='ltr'><strong>David</strong></span> <span class='ocrx_word' id='word_1_238' title='bbox 3559 787 3854 860; x_wconf 78' lang='lat' dir='ltr'><strong>cbartnphy.</strong></span> 
     </span>
    </p>
   </div>
   <div class='ocr_carea' id='block_1_37' title="bbox 2306 874 3853 942">
    <p class='ocr_par' dir='ltr' id='par_1_37' title="bbox 2306 874 3853 942">
     <span class='ocr_line' id='line_1_37' title="bbox 2306 874 3853 942; baseline 0.006 -12"><span class='ocrx_word' id='word_1_239' title='bbox 2306 878 2479 932; x_wconf 76' lang='lat' dir='ltr'><strong>lacent</strong></span> <span class='ocrx_word' id='word_1_240' title='bbox 2513 874 2837 928; x_wconf 76' lang='lat' dir='ltr'><strong>Hormisdae.</strong></span> <span class='ocrx_word' id='word_1_241' title='bbox 2865 874 3065 928; x_wconf 79' lang='lat' dir='ltr'><strong>Eodem</strong></span> <span class='ocrx_word' id='word_1_242' title='bbox 3095 889 3238 929; x_wconf 87' lang='lat' dir='ltr'><strong>anno</strong></span> <span class='ocrx_word' id='word_1_243' title='bbox 3260 874 3458 942; x_wconf 62' lang='lat' dir='ltr'><strong>Pet-sm,</strong></span> <span class='ocrx_word' id='word_1_244' title='bbox 3487 887 3853 939; x_wconf 87' lang='lat' dir='ltr'><strong>transmeantes</strong></span> 
     </span>
    </p>
   </div>
   <div class='ocr_carea' id='block_1_38' title="bbox 2306 965 3856 1038">
    <p class='ocr_par' dir='ltr' id='par_1_38' title="bbox 2306 965 3856 1038">
     <span class='ocr_line' id='line_1_38' title="bbox 2306 965 3856 1038; baseline 0.005 -16"><span class='ocrx_word' id='word_1_245' title='bbox 2306 969 2663 1038; x_wconf 70' lang='lat' dir='ltr'><strong>Euphratem,</strong></span> <span class='ocrx_word' id='word_1_246' title='bbox 2695 977 2868 1022; x_wconf 75' lang='lat' dir='ltr'><strong>totam</strong></span> <span class='ocrx_word' id='word_1_247' title='bbox 2904 967 3119 1038; x_wconf 82' lang='lat' dir='ltr'><strong>Syriam</strong></span> <span class='ocrx_word' id='word_1_248' title='bbox 3167 975 3222 1022; x_wconf 91' lang='lat' dir='ltr'><strong>et</strong></span> <span class='ocrx_word' id='word_1_249' title='bbox 3263 965 3602 1024; x_wconf 65' lang='lat' dir='ltr'><strong>Palaestinam</strong></span> <span class='ocrx_word' id='word_1_250' title='bbox 3635 982 3687 1026; x_wconf 89' lang='lat' dir='ltr'><strong>et</strong></span> <span class='ocrx_word' id='word_1_251' title='bbox 3727 976 3856 1030; x_wconf 72' lang='lat' dir='ltr'><strong>Plue-</strong></span> 
     </span>
    </p>
   </div>
   <div class='ocr_carea' id='block_1_39' title="bbox 2309 1060 3857 1133">
    <p class='ocr_par' dir='ltr' id='par_1_39' title="bbox 2309 1060 3857 1133">
     <span class='ocr_line' id='line_1_39' title="bbox 2309 1060 3857 1133; baseline 0.004 -16"><span class='ocrx_word' id='word_1_252' title='bbox 2309 1063 2468 1118; x_wconf 86' lang='lat' dir='ltr'><strong>niccn</strong></span> <span class='ocrx_word' id='word_1_253' title='bbox 2528 1061 2828 1133; x_wconf 73' lang='lat' dir='ltr'><strong>depraedati</strong></span> <span class='ocrx_word' id='word_1_254' title='bbox 2868 1070 3018 1127; x_wconf 85' lang='lat' dir='ltr'><strong>sunt,</strong></span> <span class='ocrx_word' id='word_1_255' title='bbox 3065 1060 3236 1116; x_wconf 90' lang='lat' dir='ltr'><strong>multo</strong></span> <span class='ocrx_word' id='word_1_256' title='bbox 3283 1063 3337 1115; x_wconf 90' lang='lat' dir='ltr'><strong>in</strong></span> <span class='ocrx_word' id='word_1_257' title='bbox 3386 1060 3642 1120; x_wconf 79' lang='lat' dir='ltr'><strong>Romanis</strong></span> <span class='ocrx_word' id='word_1_258' title='bbox 3671 1069 3857 1124; x_wconf 78' lang='lat' dir='ltr'><strong>excidio</strong></span> 
     </span>
    </p>
   </div>
   <div class='ocr_carea' id='block_1_40' title="bbox 2310 1165 2646 1226">
    <p class='ocr_par' dir='ltr' id='par_1_40' title="bbox 2310 1165 2646 1226">
     <span class='ocr_line' id='line_1_40' title="bbox 2310 1165 2646 1226; baseline 0.006 -18"><span class='ocrx_word' id='word_1_259' title='bbox 2310 1165 2646 1226; x_wconf 80' lang='lat' dir='ltr'><strong>perpetrato.</strong></span> 
     </span>
    </p>
   </div>
   <div class='ocr_carea' id='block_1_41' title="bbox 2381 1244 3854 1315">
    <p class='ocr_par' dir='ltr' id='par_1_41' title="bbox 2381 1244 3854 1315">
     <span class='ocr_line' id='line_1_41' title="bbox 2381 1244 3854 1315; baseline 0.006 -17"><span class='ocrx_word' id='word_1_260' title='bbox 2381 1245 2567 1299; x_wconf 81' lang='lat' dir='ltr'><strong>Mundi</strong></span> <span class='ocrx_word' id='word_1_261' title='bbox 2596 1260 2741 1300; x_wconf 90' lang='lat' dir='ltr'><strong>anno</strong></span> <span class='ocrx_word' id='word_1_262' title='bbox 2771 1244 2934 1307; x_wconf 76' lang='lat'><strong>6100,</strong></span> <span class='ocrx_word' id='word_1_263' title='bbox 2960 1245 3158 1300; x_wconf 79' lang='lat' dir='ltr'><strong>divinae</strong></span> <span class='ocrx_word' id='word_1_264' title='bbox 3185 1246 3580 1302; x_wconf 85' lang='lat' dir='ltr'><strong>incarnationis</strong></span> <span class='ocrx_word' id='word_1_265' title='bbox 3597 1265 3732 1306; x_wconf 89' lang='lat' dir='ltr'><strong>anno</strong></span> <span class='ocrx_word' id='word_1_266' title='bbox 3753 1252 3854 1315; x_wconf 86' lang='lat'><strong>600,</strong></span> 
     </span>
    </p>
   </div>
   <div class='ocr_carea' id='block_1_42' title="bbox 2309 1336 3857 1406">
    <p class='ocr_par' dir='ltr' id='par_1_42' title="bbox 2309 1336 3857 1406">
     <span class='ocr_line' id='line_1_42' title="bbox 2309 1336 3857 1406; baseline 0.006 -16"><span class='ocrx_word' id='word_1_267' title='bbox 2309 1351 2453 1390; x_wconf 86' lang='lat' dir='ltr'><strong>anno</strong></span> <span class='ocrx_word' id='word_1_268' title='bbox 2481 1353 2612 1390; x_wconf 86' lang='lat' dir='ltr'><strong>vero</strong></span> <span class='ocrx_word' id='word_1_269' title='bbox 2645 1337 2861 1406; x_wconf 88' lang='lat' dir='ltr'><strong>imperii</strong></span> <span class='ocrx_word' id='word_1_270' title='bbox 2915 1336 3108 1390; x_wconf 68' lang='lat' dir='ltr'><strong>Pbocaa</strong></span> <span class='ocrx_word' id='word_1_271' title='bbox 3156 1336 3212 1399; x_wconf 88' lang='lat'><strong>6,</strong></span> <span class='ocrx_word' id='word_1_272' title='bbox 3259 1336 3478 1393; x_wconf 79' lang='lat' dir='ltr'><strong>Priscus</strong></span> <span class='ocrx_word' id='word_1_273' title='bbox 3534 1341 3721 1394; x_wconf 82' lang='lat' dir='ltr'><strong>intueri</strong></span> <span class='ocrx_word' id='word_1_274' title='bbox 3769 1359 3857 1400; x_wconf 82' lang='lat' dir='ltr'><strong>nou</strong></span> 
     </span>
    </p>
   </div>
   <div class='ocr_carea' id='block_1_43' title="bbox 2309 1428 3854 1501">
    <p class='ocr_par' dir='ltr' id='par_1_43' title="bbox 2309 1428 3854 1501">
     <span class='ocr_line' id='line_1_43' title="bbox 2309 1428 3854 1501; baseline 0.003 -17"><span class='ocrx_word' id='word_1_275' title='bbox 2309 1428 2588 1484; x_wconf 89' lang='lat' dir='ltr'><strong>sustinens</strong></span> <span class='ocrx_word' id='word_1_276' title='bbox 2616 1437 2724 1482; x_wconf 89' lang='lat' dir='ltr'><strong>tam</strong></span> <span class='ocrx_word' id='word_1_277' title='bbox 2759 1428 2964 1498; x_wconf 89' lang='lat' dir='ltr'><strong>iujusta</strong></span> <span class='ocrx_word' id='word_1_278' title='bbox 2996 1430 3295 1485; x_wconf 86' lang='lat' dir='ltr'><strong>homicidia</strong></span> <span class='ocrx_word' id='word_1_279' title='bbox 3323 1447 3486 1500; x_wconf 85' lang='lat' dir='ltr'><strong>quam</strong></span> <span class='ocrx_word' id='word_1_280' title='bbox 3513 1433 3648 1486; x_wconf 81' lang='lat' dir='ltr'><strong>mala</strong></span> <span class='ocrx_word' id='word_1_281' title='bbox 3671 1447 3854 1501; x_wconf 59' lang='lat' dir='ltr'><strong>caetera,</strong></span> 
     </span>
    </p>
   </div>
   <div class='ocr_carea' id='block_1_44' title="bbox 2310 1518 3856 1593">
    <p class='ocr_par' dir='ltr' id='par_1_44' title="bbox 2310 1518 3856 1593">
     <span class='ocr_line' id='line_1_44' title="bbox 2310 1518 3856 1593; baseline 0.006 -21"><span class='ocrx_word' id='word_1_282' title='bbox 2310 1534 2432 1590; x_wconf 77' lang='lat' dir='ltr'><strong>quae</strong></span> <span class='ocrx_word' id='word_1_283' title='bbox 2458 1534 2488 1573; x_wconf 92' lang='lat' dir='ltr'><strong>a</strong></span> <span class='ocrx_word' id='word_1_284' title='bbox 2520 1518 2698 1574; x_wconf 83' lang='lat' dir='ltr'><strong>Pboca</strong></span> <span class='ocrx_word' id='word_1_285' title='bbox 2730 1521 3209 1590; x_wconf 87' lang='lat' dir='ltr'><strong>perpetrabantur,</strong></span> <span class='ocrx_word' id='word_1_286' title='bbox 3242 1523 3465 1593; x_wconf 87' lang='lat' dir='ltr'><strong>scripsit</strong></span> <span class='ocrx_word' id='word_1_287' title='bbox 3492 1523 3557 1577; x_wconf 88' lang='lat' dir='ltr'><strong>ad</strong></span> <span class='ocrx_word' id='word_1_288' title='bbox 3585 1523 3856 1581; x_wconf 86' lang='lat' dir='ltr'><strong>Heraclium</strong></span> 
     </span>
    </p>
   </div>
   <div class='ocr_carea' id='block_1_45' title="bbox 2310 1610 3856 1684">
    <p class='ocr_par' dir='ltr' id='par_1_45' title="bbox 2310 1610 3856 1684">
     <span class='ocr_line' id='line_1_45' title="bbox 2310 1610 3856 1684; baseline 0.005 -21"><span class='ocrx_word' id='word_1_289' title='bbox 2310 1610 2606 1680; x_wconf 88' lang='lat' dir='ltr'><strong>patricium</strong></span> <span class='ocrx_word' id='word_1_290' title='bbox 2668 1618 2722 1665; x_wconf 92' lang='lat' dir='ltr'><strong>et</strong></span> <span class='ocrx_word' id='word_1_291' title='bbox 2790 1620 3080 1680; x_wconf 62' lang='lat' dir='ltr'><strong>prmtorem</strong></span> <span class='ocrx_word' id='word_1_292' title='bbox 3143 1613 3366 1680; x_wconf 65' lang='lat' dir='ltr'><strong>Africae,</strong></span> <span class='ocrx_word' id='word_1_293' title='bbox 3418 1630 3526 1684; x_wconf 91' lang='lat' dir='ltr'><strong>quo</strong></span> <span class='ocrx_word' id='word_1_294' title='bbox 3580 1613 3856 1672; x_wconf 77' lang='lat' dir='ltr'><strong>Heracliam</strong></span> 
     </span>
    </p>
   </div>
   <div class='ocr_carea' id='block_1_46' title="bbox 2313 1703 3856 1779">
    <p class='ocr_par' dir='ltr' id='par_1_46' title="bbox 2313 1703 3856 1779">
     <span class='ocr_line' id='line_1_46' title="bbox 2313 1703 3856 1779; baseline 0.005 -22"><span class='ocrx_word' id='word_1_295' title='bbox 2313 1705 2486 1758; x_wconf 89' lang='lat' dir='ltr'><strong>lilium</strong></span> <span class='ocrx_word' id='word_1_296' title='bbox 2541 1719 2704 1758; x_wconf 91' lang='lat' dir='ltr'><strong>suum</strong></span> <span class='ocrx_word' id='word_1_297' title='bbox 2741 1715 2794 1760; x_wconf 90' lang='lat' dir='ltr'><strong>et</strong></span> <span class='ocrx_word' id='word_1_298' title='bbox 2828 1703 3075 1761; x_wconf 77' lang='lat' dir='ltr'><strong>Nicetam</strong></span> <span class='ocrx_word' id='word_1_299' title='bbox 3125 1706 3295 1760; x_wconf 87' lang='lat' dir='ltr'><strong>filium</strong></span> <span class='ocrx_word' id='word_1_300' title='bbox 3349 1707 3605 1779; x_wconf 78' lang='lat' dir='ltr'><strong>Gregorze</strong></span> <span class='ocrx_word' id='word_1_301' title='bbox 3655 1711 3856 1779; x_wconf 85' lang='lat' dir='ltr'><strong>patricii,</strong></span> 
     </span>
    </p>
   </div>
   <div class='ocr_carea' id='block_1_47' title="bbox 2311 1798 3856 1870">
    <p class='ocr_par' dir='ltr' id='par_1_47' title="bbox 2311 1798 3856 1870">
     <span class='ocr_line' id='line_1_47' title="bbox 2311 1798 3856 1870; baseline 0.004 -18"><span class='ocrx_word' id='word_1_302' title='bbox 2311 1798 2712 1868; x_wconf 69' lang='lat' dir='ltr'><strong>subpraatorem</strong></span> <span class='ocrx_word' id='word_1_303' title='bbox 2742 1813 2923 1862; x_wconf 91' lang='lat' dir='ltr'><strong>suum,</strong></span> <span class='ocrx_word' id='word_1_304' title='bbox 2962 1801 3226 1865; x_wconf 90' lang='lat' dir='ltr'><strong>mitteret,</strong></span> <span class='ocrx_word' id='word_1_305' title='bbox 3246 1808 3529 1870; x_wconf 89' lang='lat' dir='ltr'><strong>quatenus</strong></span> <span class='ocrx_word' id='word_1_306' title='bbox 3546 1815 3721 1856; x_wconf 87' lang='lat' dir='ltr'><strong>contra</strong></span> <span class='ocrx_word' id='word_1_307' title='bbox 3744 1803 3856 1859; x_wconf 81' lang='lat' dir='ltr'><strong>Pho-</strong></span> 
     </span>
    </p>
   </div>
   <div class='ocr_carea' id='block_1_48' title="bbox 2241 1869 3856 1962">
    <p class='ocr_par' dir='ltr' id='par_1_48' title="bbox 2241 1869 3856 1962">
     <span class='ocr_line' id='line_1_48' title="bbox 2241 1869 3856 1962; baseline 0.004 -17"><span class='ocrx_word' id='word_1_308' title='bbox 2241 1869 2282 1924; x_wconf 74' lang='grc' dir='ltr'><strong><em>Β</em></strong></span> <span class='ocrx_word' id='word_1_309' title='bbox 2314 1906 2433 1945; x_wconf 87' lang='lat' dir='ltr'><strong>cam</strong></span> <span class='ocrx_word' id='word_1_310' title='bbox 2463 1891 2717 1946; x_wconf 81' lang='lat' dir='ltr'><strong>venirent</strong></span> <span class='ocrx_word' id='word_1_311' title='bbox 2741 1900 3064 1962; x_wconf 86' lang='lat' dir='ltr'><strong>tyrannum.</strong></span> <span class='ocrx_word' id='word_1_312' title='bbox 3089 1892 3358 1948; x_wconf 78' lang='lat' dir='ltr'><strong>Audiebat</strong></span> <span class='ocrx_word' id='word_1_313' title='bbox 3389 1895 3532 1947; x_wconf 88' lang='lat' dir='ltr'><strong>cnitn</strong></span> <span class='ocrx_word' id='word_1_314' title='bbox 3553 1896 3604 1948; x_wconf 92' lang='lat' dir='ltr'><strong>in</strong></span> <span class='ocrx_word' id='word_1_315' title='bbox 3631 1895 3792 1951; x_wconf 79' lang='lat' dir='ltr'><strong>Afiica</strong></span> <span class='ocrx_word' id='word_1_316' title='bbox 3816 1899 3856 1952; x_wconf 89' lang='lat' dir='ltr'><strong>in</strong></span> 
     </span>
    </p>
   </div>
   <div class='ocr_carea' id='block_1_49' title="bbox 2313 1983 3859 2057">
    <p class='ocr_par' dir='ltr' id='par_1_49' title="bbox 2313 1983 3859 2057">
     <span class='ocr_line' id='line_1_49' title="bbox 2313 1983 3859 2057; baseline 0.003 -19"><span class='ocrx_word' id='word_1_317' title='bbox 2313 1998 2439 2038; x_wconf 86' lang='lat' dir='ltr'><strong>eum</strong></span> <span class='ocrx_word' id='word_1_318' title='bbox 2495 1983 2749 2038; x_wconf 86' lang='lat' dir='ltr'><strong>meditari</strong></span> <span class='ocrx_word' id='word_1_319' title='bbox 2803 1985 3183 2052; x_wconf 87' lang='lat' dir='ltr'><strong>rebellionem,</strong></span> <span class='ocrx_word' id='word_1_320' title='bbox 3218 1988 3363 2040; x_wconf 89' lang='lat' dir='ltr'><strong>unde</strong></span> <span class='ocrx_word' id='word_1_321' title='bbox 3396 2002 3497 2041; x_wconf 86' lang='lat' dir='ltr'><strong>nee</strong></span> <span class='ocrx_word' id='word_1_322' title='bbox 3539 1991 3735 2057; x_wconf 81' lang='lat' dir='ltr'><strong>navigia</strong></span> <span class='ocrx_word' id='word_1_323' title='bbox 3779 1990 3859 2044; x_wconf 88' lang='lat' dir='ltr'><strong>hoc</strong></span> 
     </span>
    </p>
   </div>
   <div class='ocr_carea' id='block_1_50' title="bbox 2313 2077 3858 2146">
    <p class='ocr_par' dir='ltr' id='par_1_50' title="bbox 2313 2077 3858 2146">
     <span class='ocr_line' id='line_1_50' title="bbox 2313 2077 3858 2146; baseline 0.002 -17"><span class='ocrx_word' id='word_1_324' title='bbox 2313 2091 2459 2130; x_wconf 88' lang='lat' dir='ltr'><strong>anno</strong></span> <span class='ocrx_word' id='word_1_325' title='bbox 2487 2077 3028 2146; x_wconf 87' lang='lat' dir='ltr'><strong>Constantinopolim</strong></span> <span class='ocrx_word' id='word_1_326' title='bbox 3064 2078 3532 2132; x_wconf 87' lang='lat' dir='ltr'><strong>conscenderunt.</strong></span> <span class='ocrx_word' id='word_1_327' title='bbox 3567 2077 3858 2132; x_wconf 85' lang='lat' dir='ltr'><strong>Occiditau-</strong></span> 
     </span>
    </p>
   </div>
   <div class='ocr_carea' id='block_1_51' title="bbox 2311 2169 3858 2240">
    <p class='ocr_par' dir='ltr' id='par_1_51' title="bbox 2311 2169 3858 2240">
     <span class='ocr_line' id='line_1_51' title="bbox 2311 2169 3858 2240; baseline -0.002 -17"><span class='ocrx_word' id='word_1_328' title='bbox 2311 2179 2421 2225; x_wconf 92' lang='lat' dir='ltr'><strong>tem</strong></span> <span class='ocrx_word' id='word_1_329' title='bbox 2458 2169 2675 2224; x_wconf 89' lang='lat' dir='ltr'><strong>Phocas</strong></span> <span class='ocrx_word' id='word_1_330' title='bbox 2709 2185 2928 2224; x_wconf 87' lang='lat' dir='ltr'><strong>omnem</strong></span> <span class='ocrx_word' id='word_1_331' title='bbox 2973 2171 3358 2240; x_wconf 82' lang='lat' dir='ltr'><strong>cognationem</strong></span> <span class='ocrx_word' id='word_1_332' title='bbox 3413 2169 3649 2224; x_wconf 82' lang='lat' dir='ltr'><strong>Mauricii</strong></span> <span class='ocrx_word' id='word_1_333' title='bbox 3679 2180 3728 2224; x_wconf 90' lang='lat' dir='ltr'><strong>et</strong></span> <span class='ocrx_word' id='word_1_334' title='bbox 3773 2170 3858 2224; x_wconf 83' lang='lat' dir='ltr'><strong>Co-</strong></span> 
     </span>
    </p>
   </div>
   <div class='ocr_carea' id='block_1_52' title="bbox 2315 2261 3859 2334">
    <p class='ocr_par' dir='ltr' id='par_1_52' title="bbox 2315 2261 3859 2334">
     <span class='ocr_line' id='line_1_52' title="bbox 2315 2261 3859 2334; baseline 0.001 -18"><span class='ocrx_word' id='word_1_335' title='bbox 2315 2263 2637 2318; x_wconf 91' lang='lat' dir='ltr'><strong>mentiolum</strong></span> <span class='ocrx_word' id='word_1_336' title='bbox 2663 2271 2954 2334; x_wconf 84' lang='lat' dir='ltr'><strong>praetorem</strong></span> <span class='ocrx_word' id='word_1_337' title='bbox 2981 2261 3212 2320; x_wconf 73' lang='lat' dir='ltr'><strong>Thraca:</strong></span> <span class='ocrx_word' id='word_1_338' title='bbox 3241 2271 3295 2318; x_wconf 86' lang='lat' dir='ltr'><strong>et</strong></span> <span class='ocrx_word' id='word_1_339' title='bbox 3315 2263 3460 2318; x_wconf 88' lang='lat' dir='ltr'><strong>alios</strong></span> <span class='ocrx_word' id='word_1_340' title='bbox 3498 2264 3708 2318; x_wconf 89' lang='lat' dir='ltr'><strong>multos.</strong></span> <span class='ocrx_word' id='word_1_341' title='bbox 3730 2263 3859 2317; x_wconf 83' lang='lat' dir='ltr'><strong>Facta</strong></span> 
     </span>
    </p>
   </div>
   <div class='ocr_carea' id='block_1_53' title="bbox 2313 2354 3859 2426">
    <p class='ocr_par' dir='ltr' id='par_1_53' title="bbox 2313 2354 3859 2426">
     <span class='ocr_line' id='line_1_53' title="bbox 2313 2354 3859 2426; baseline -0.001 -17"><span class='ocrx_word' id='word_1_342' title='bbox 2313 2365 2396 2409; x_wconf 89' lang='lat' dir='ltr'><strong>est</strong></span> <span class='ocrx_word' id='word_1_343' title='bbox 2431 2364 2612 2409; x_wconf 88' lang='lat' dir='ltr'><strong>autem</strong></span> <span class='ocrx_word' id='word_1_344' title='bbox 2647 2355 2700 2408; x_wconf 91' lang='lat' dir='ltr'><strong>in</strong></span> <span class='ocrx_word' id='word_1_345' title='bbox 2736 2368 2884 2408; x_wconf 88' lang='lat' dir='ltr'><strong>anno</strong></span> <span class='ocrx_word' id='word_1_346' title='bbox 2917 2354 3024 2409; x_wconf 91' lang='lat' dir='ltr'><strong>isto</strong></span> <span class='ocrx_word' id='word_1_347' title='bbox 3064 2355 3228 2408; x_wconf 89' lang='lat' dir='ltr'><strong>etiam</strong></span> <span class='ocrx_word' id='word_1_348' title='bbox 3273 2357 3579 2410; x_wconf 88' lang='lat' dir='ltr'><strong>mortalitas</strong></span> <span class='ocrx_word' id='word_1_349' title='bbox 3622 2366 3673 2409; x_wconf 90' lang='lat' dir='ltr'><strong>et</strong></span> <span class='ocrx_word' id='word_1_350' title='bbox 3710 2357 3859 2426; x_wconf 74' lang='lat' dir='ltr'><strong>inepta</strong></span> 
     </span>
    </p>
   </div>
   <div class='ocr_carea' id='block_1_54' title="bbox 2315 2446 3860 2519">
    <p class='ocr_par' dir='ltr' id='par_1_54' title="bbox 2315 2446 3860 2519">
     <span class='ocr_line' id='line_1_54' title="bbox 2315 2446 3860 2519; baseline -0.001 -16"><span class='ocrx_word' id='word_1_351' title='bbox 2315 2448 2498 2504; x_wconf 88' lang='lat' dir='ltr'><strong>omnis</strong></span> <span class='ocrx_word' id='word_1_352' title='bbox 2526 2448 2755 2519; x_wconf 83' lang='lat' dir='ltr'><strong>speciei.</strong></span> <span class='ocrx_word' id='word_1_353' title='bbox 2785 2447 3062 2503; x_wconf 71' lang='lat' dir='ltr'><strong>Praeterea</strong></span> <span class='ocrx_word' id='word_1_354' title='bbox 3099 2446 3278 2502; x_wconf 68' lang='lat' dir='ltr'><strong>Persae</strong></span> <span class='ocrx_word' id='word_1_355' title='bbox 3303 2463 3416 2502; x_wconf 89' lang='lat' dir='ltr'><strong>una</strong></span> <span class='ocrx_word' id='word_1_356' title='bbox 3451 2463 3572 2502; x_wconf 92' lang='lat' dir='ltr'><strong>cum</strong></span> <span class='ocrx_word' id='word_1_357' title='bbox 3607 2446 3860 2518; x_wconf 74' lang='lat' dir='ltr'><strong>Cardariga</strong></span> 
     </span>
    </p>
   </div>
   <div class='ocr_carea' id='block_1_55' title="bbox 2314 2540 3862 2612">
    <p class='ocr_par' dir='ltr' id='par_1_55' title="bbox 2314 2540 3862 2612">
     <span class='ocr_line' id='line_1_55' title="bbox 2314 2540 3862 2612; baseline -0.002 -16"><span class='ocrx_word' id='word_1_358' title='bbox 2314 2541 2525 2611; x_wconf 83' lang='lat' dir='ltr'><strong>egressi</strong></span> <span class='ocrx_word' id='word_1_359' title='bbox 2583 2549 2850 2610; x_wconf 87' lang='lat' dir='ltr'><strong>ceperunt</strong></span> <span class='ocrx_word' id='word_1_360' title='bbox 2896 2541 3215 2596; x_wconf 83' lang='lat' dir='ltr'><strong>Armeniam</strong></span> <span class='ocrx_word' id='word_1_361' title='bbox 3251 2549 3306 2595; x_wconf 91' lang='lat' dir='ltr'><strong>et</strong></span> <span class='ocrx_word' id='word_1_362' title='bbox 3341 2540 3749 2610; x_wconf 84' lang='lat' dir='ltr'><strong>Cappadociam,</strong></span> <span class='ocrx_word' id='word_1_363' title='bbox 3785 2557 3862 2612; x_wconf 88' lang='lat' dir='ltr'><strong>pu-</strong></span> 
     </span>
    </p>
   </div>
   <div class='ocr_carea' id='block_1_56' title="bbox 2318 2632 3860 2704">
    <p class='ocr_par' dir='ltr' id='par_1_56' title="bbox 2318 2632 3860 2704">
     <span class='ocr_line' id='line_1_56' title="bbox 2318 2632 3860 2704; baseline 0.001 -17"><span class='ocrx_word' id='word_1_364' title='bbox 2318 2642 2669 2704; x_wconf 84' lang='lat' dir='ltr'><strong>gnantesque</strong></span> <span class='ocrx_word' id='word_1_365' title='bbox 2701 2632 3076 2689; x_wconf 80' lang='lat' dir='ltr'><strong>Romanorum</strong></span> <span class='ocrx_word' id='word_1_366' title='bbox 3129 2643 3420 2689; x_wconf 87' lang='lat' dir='ltr'><strong>verterunt</strong></span> <span class='ocrx_word' id='word_1_367' title='bbox 3462 2635 3696 2699; x_wconf 85' lang='lat' dir='ltr'><strong>militias,</strong></span> <span class='ocrx_word' id='word_1_368' title='bbox 3731 2648 3860 2703; x_wconf 85' lang='lat' dir='ltr'><strong>cepe-</strong></span> 
     </span>
    </p>
   </div>
   <div class='ocr_carea' id='block_1_57' title="bbox 2317 2724 3860 2796">
    <p class='ocr_par' dir='ltr' id='par_1_57' title="bbox 2317 2724 3860 2796">
     <span class='ocr_line' id='line_1_57' title="bbox 2317 2724 3860 2796; baseline 0.002 -17"><span class='ocrx_word' id='word_1_369' title='bbox 2317 2735 2555 2795; x_wconf 84' lang='lat' dir='ltr'><strong>runtque</strong></span> <span class='ocrx_word' id='word_1_370' title='bbox 2585 2726 2856 2779; x_wconf 79' lang='lat' dir='ltr'><strong>Galatiam</strong></span> <span class='ocrx_word' id='word_1_371' title='bbox 2891 2736 2945 2781; x_wconf 90' lang='lat' dir='ltr'><strong>et</strong></span> <span class='ocrx_word' id='word_1_372' title='bbox 2973 2724 3429 2796; x_wconf 82' lang='lat' dir='ltr'><strong>Paphlagoniam,</strong></span> <span class='ocrx_word' id='word_1_373' title='bbox 3457 2737 3509 2783; x_wconf 89' lang='lat' dir='ltr'><strong>et</strong></span> <span class='ocrx_word' id='word_1_374' title='bbox 3529 2739 3768 2784; x_wconf 83' lang='lat' dir='ltr'><strong>venerunt</strong></span> <span class='ocrx_word' id='word_1_375' title='bbox 3789 2744 3860 2782; x_wconf 84' lang='lat' dir='ltr'><strong>us-</strong></span> 
     </span>
    </p>
   </div>
   <div class='ocr_carea' id='block_1_58' title="bbox 2317 2819 3861 2892">
    <p class='ocr_par' dir='ltr' id='par_1_58' title="bbox 2317 2819 3861 2892">
     <span class='ocr_line' id='line_1_58' title="bbox 2317 2819 3861 2892; baseline -0.001 -18"><span class='ocrx_word' id='word_1_376' title='bbox 2317 2835 2427 2892; x_wconf 87' lang='lat' dir='ltr'><strong>que</strong></span> <span class='ocrx_word' id='word_1_377' title='bbox 2485 2819 2920 2886; x_wconf 88' lang='lat' dir='ltr'><strong>Cbalcedonem,</strong></span> <span class='ocrx_word' id='word_1_378' title='bbox 2986 2820 3108 2875; x_wconf 88' lang='lat' dir='ltr'><strong>sine</strong></span> <span class='ocrx_word' id='word_1_379' title='bbox 3184 2822 3459 2888; x_wconf 89' lang='lat' dir='ltr'><strong>parcitate</strong></span> <span class='ocrx_word' id='word_1_380' title='bbox 3514 2822 3861 2892; x_wconf 82' lang='lat' dir='ltr'><strong>tlepnpulantes</strong></span> 
     </span>
    </p>
   </div>
   <div class='ocr_carea' id='block_1_59' title="bbox 2317 2909 3859 2983">
    <p class='ocr_par' dir='ltr' id='par_1_59' title="bbox 2317 2909 3859 2983">
     <span class='ocr_line' id='line_1_59' title="bbox 2317 2909 3859 2983; baseline -0.003 -15"><span class='ocrx_word' id='word_1_381' title='bbox 2317 2922 2554 2968; x_wconf 75' lang='lat' dir='ltr'><strong>aetatem.</strong></span> <span class='ocrx_word' id='word_1_382' title='bbox 2605 2911 2672 2965; x_wconf 87' lang='lat' dir='ltr'><strong>Et</strong></span> <span class='ocrx_word' id='word_1_383' title='bbox 2701 2912 2924 2981; x_wconf 87' lang='lat' dir='ltr'><strong>quidem</strong></span> <span class='ocrx_word' id='word_1_384' title='bbox 2972 2909 3157 2967; x_wconf 60' lang='lat' dir='ltr'><strong>Persa</strong></span> <span class='ocrx_word' id='word_1_385' title='bbox 3209 2912 3347 2967; x_wconf 87' lang='lat' dir='ltr'><strong>foris</strong></span> <span class='ocrx_word' id='word_1_386' title='bbox 3387 2923 3596 2983; x_wconf 89' lang='lat' dir='ltr'><strong>portam</strong></span> <span class='ocrx_word' id='word_1_387' title='bbox 3642 2910 3859 2966; x_wconf 74' lang='lat' dir='ltr'><strong>llmmnls</strong></span> 
     </span>
    </p>
   </div>
   <div class='ocr_carea' id='block_1_60' title="bbox 2318 3001 3858 3074">
    <p class='ocr_par' dir='ltr' id='par_1_60' title="bbox 2318 3001 3858 3074">
     <span class='ocr_line' id='line_1_60' title="bbox 2318 3001 3858 3074; baseline -0.001 -18"><span class='ocrx_word' id='word_1_388' title='bbox 2318 3003 2666 3074; x_wconf 83' lang='lat' dir='ltr'><strong>tyrannidem</strong></span> <span class='ocrx_word' id='word_1_389' title='bbox 2693 3001 3028 3066; x_wconf 87' lang='lat' dir='ltr'><strong>inferebant,</strong></span> <span class='ocrx_word' id='word_1_390' title='bbox 3059 3002 3270 3058; x_wconf 84' lang='lat' dir='ltr'><strong>Phoeas</strong></span> <span class='ocrx_word' id='word_1_391' title='bbox 3296 3021 3432 3058; x_wconf 86' lang='lat' dir='ltr'><strong>vero</strong></span> <span class='ocrx_word' id='word_1_392' title='bbox 3462 3007 3770 3058; x_wconf 84' lang='lat' dir='ltr'><strong>intrinsecus</strong></span> <span class='ocrx_word' id='word_1_393' title='bbox 3791 3001 3858 3055; x_wconf 87' lang='lat' dir='ltr'><strong>his</strong></span> 
     </span>
    </p>
   </div>
   <div class='ocr_carea' id='block_1_61' title="bbox 2321 3093 3648 3166">
    <p class='ocr_par' dir='ltr' id='par_1_61' title="bbox 2321 3093 3648 3166">
     <span class='ocr_line' id='line_1_61' title="bbox 2321 3093 3648 3166; baseline -0.005 -17"><span class='ocrx_word' id='word_1_394' title='bbox 2321 3095 2506 3166; x_wconf 88' lang='lat' dir='ltr'><strong>pejora</strong></span> <span class='ocrx_word' id='word_1_395' title='bbox 2541 3096 2817 3164; x_wconf 80' lang='lat' dir='ltr'><strong>patrabat,</strong></span> <span class='ocrx_word' id='word_1_396' title='bbox 2853 3093 3115 3149; x_wconf 90' lang='lat' dir='ltr'><strong>occidens</strong></span> <span class='ocrx_word' id='word_1_397' title='bbox 3151 3103 3316 3165; x_wconf 90' lang='lat' dir='ltr'><strong>atque</strong></span> <span class='ocrx_word' id='word_1_398' title='bbox 3350 3097 3648 3166; x_wconf 87' lang='lat' dir='ltr'><strong>eaptivans.</strong></span> 
     </span>
    </p>
   </div>
   <div class='ocr_carea' id='block_1_62' title="bbox 2390 3185 3859 3258">
    <p class='ocr_par' dir='ltr' id='par_1_62' title="bbox 2390 3185 3859 3258">
     <span class='ocr_line' id='line_1_62' title="bbox 2390 3185 3859 3258; baseline -0.002 -18"><span class='ocrx_word' id='word_1_399' title='bbox 2390 3187 2551 3241; x_wconf 86' lang='lat' dir='ltr'><strong>Anno</strong></span> <span class='ocrx_word' id='word_1_400' title='bbox 2583 3187 2798 3256; x_wconf 86' lang='lat' dir='ltr'><strong>imperii</strong></span> <span class='ocrx_word' id='word_1_401' title='bbox 2833 3185 3028 3242; x_wconf 83' lang='lat' dir='ltr'><strong>Pbocae</strong></span> <span class='ocrx_word' id='word_1_402' title='bbox 3063 3189 3300 3257; x_wconf 88' lang='lat' dir='ltr'><strong>septimo</strong></span> <span class='ocrx_word' id='word_1_403' title='bbox 3332 3188 3560 3258; x_wconf 86' lang='lat' dir='ltr'><strong>Sergius</strong></span> <span class='ocrx_word' id='word_1_404' title='bbox 3589 3186 3859 3241; x_wconf 79' lang='lat' dir='ltr'><strong>Constanti-</strong></span> 
     </span>
    </p>
   </div>
   <div class='ocr_carea' id='block_1_63' title="bbox 610 3248 2207 3356">
    <p class='ocr_par' dir='ltr' id='par_1_63' title="bbox 610 3248 2207 3356">
     <span class='ocr_line' id='line_1_63' title="bbox 610 3248 2207 3356; baseline -0.011 -16"><span class='ocrx_word' id='word_1_405' title='bbox 610 3248 760 3356; x_wconf 71' lang='lat' dir='ltr'><strong>ipsis</strong></span> <span class='ocrx_word' id='word_1_406' title='bbox 787 3283 893 3341; x_wconf 92' lang='lat' dir='ltr'><strong>hoc</strong></span> <span class='ocrx_word' id='word_1_407' title='bbox 925 3282 1178 3336; x_wconf 84' lang='lat' dir='ltr'><strong>fecimus.</strong></span> <span class='ocrx_word' id='word_1_408' title='bbox 1203 3278 1371 3332; x_wconf 84' lang='lat' dir='ltr'><strong>‘Sane</strong></span> <span class='ocrx_word' id='word_1_409' title='bbox 1407 3276 1634 3331; x_wconf 89' lang='lat' dir='ltr'><strong>Priscus</strong></span> <span class='ocrx_word' id='word_1_410' title='bbox 1666 3274 1865 3328; x_wconf 88' lang='lat' dir='ltr'><strong>timore</strong></span> <span class='ocrx_word' id='word_1_411' title='bbox 1898 3273 2207 3335; x_wconf 90' lang='lat' dir='ltr'><strong>tenebatur,</strong></span> 
     </span>
    </p>
   </div>
   <div class='ocr_carea' id='block_1_64' title="bbox 2307 3248 3860 3356">
    <p class='ocr_par' dir='ltr' id='par_1_64' title="bbox 2322 3277 3860 3352">
     <span class='ocr_line' id='line_1_64' title="bbox 2322 3277 3860 3352; baseline -0.002 -18"><span class='ocrx_word' id='word_1_412' title='bbox 2322 3281 2700 3350; x_wconf 88' lang='lat' dir='ltr'><strong>nopolitanus.</strong></span> <span class='ocrx_word' id='word_1_413' title='bbox 2736 3278 3036 3333; x_wconf 89' lang='lat' dir='ltr'><strong>Zacharias</strong></span> <span class='ocrx_word' id='word_1_414' title='bbox 3085 3278 3620 3352; x_wconf 80' lang='lat' dir='ltr'><strong>liierosolymitauus</strong></span> <span class='ocrx_word' id='word_1_415' title='bbox 3654 3287 3703 3334; x_wconf 92' lang='lat' dir='ltr'><strong>et</strong></span> <span class='ocrx_word' id='word_1_416' title='bbox 3726 3277 3860 3333; x_wconf 76' lang='lat' dir='ltr'><strong>Joan-</strong></span> 
     </span>
    </p>
   </div>
   <div class='ocr_carea' id='block_1_65' title="bbox 622 3364 2214 3446">
    <p class='ocr_par' dir='ltr' id='par_1_65' title="bbox 622 3364 2214 3446">
     <span class='ocr_line' id='line_1_65' title="bbox 622 3364 2214 3446; baseline -0.009 -12"><span class='ocrx_word' id='word_1_417' title='bbox 622 3394 690 3434; x_wconf 89' lang='lat' dir='ltr'><strong>ne</strong></span> <span class='ocrx_word' id='word_1_418' title='bbox 721 3378 864 3432; x_wconf 90' lang='lat' dir='ltr'><strong>forte</strong></span> <span class='ocrx_word' id='word_1_419' title='bbox 898 3377 949 3431; x_wconf 91' lang='lat' dir='ltr'><strong>in</strong></span> <span class='ocrx_word' id='word_1_420' title='bbox 986 3372 1337 3446; x_wconf 85' lang='lat' dir='ltr'><strong>imperatoris</strong></span> <span class='ocrx_word' id='word_1_421' title='bbox 1372 3371 1515 3425; x_wconf 89' lang='lat' dir='ltr'><strong>iram</strong></span> <span class='ocrx_word' id='word_1_422' title='bbox 1556 3367 1848 3423; x_wconf 84' lang='lat' dir='ltr'><strong>incideret.</strong></span> <span class='ocrx_word' id='word_1_423' title='bbox 1881 3364 2087 3420; x_wconf 87' lang='lat' dir='ltr'><strong>Turbis</strong></span> <span class='ocrx_word' id='word_1_424' title='bbox 2119 3379 2214 3419; x_wconf 81' lang='lat' dir='ltr'><strong>au-</strong></span> 
     </span>
    </p>
   </div>
   <div class='ocr_carea' id='block_1_66' title="bbox 619 3459 2212 3524">
    <p class='ocr_par' dir='ltr' id='par_1_66' title="bbox 619 3459 2212 3524">
     <span class='ocr_line' id='line_1_66' title="bbox 619 3459 2212 3524; baseline -0.006 0"><span class='ocrx_word' id='word_1_425' title='bbox 619 3480 726 3524; x_wconf 89' lang='lat' dir='ltr'><strong>tem</strong></span> <span class='ocrx_word' id='word_1_426' title='bbox 774 3466 1141 3523; x_wconf 88' lang='lat' dir='ltr'><strong>clamantibus</strong></span> <span class='ocrx_word' id='word_1_427' title='bbox 1193 3461 1636 3518; x_wconf 82' lang='lat' dir='ltr'><strong>misericordiam</strong></span> <span class='ocrx_word' id='word_1_428' title='bbox 1681 3460 1911 3516; x_wconf 85' lang='lat' dir='ltr'><strong>concedi</strong></span> <span class='ocrx_word' id='word_1_429' title='bbox 1959 3459 2086 3521; x_wconf 89' lang='lat' dir='ltr'><strong>sibi,</strong></span> <span class='ocrx_word' id='word_1_430' title='bbox 2121 3473 2212 3514; x_wconf 86' lang='lat' dir='ltr'><strong>vc-</strong></span> 
     </span>
    </p>
   </div>
   <div class='ocr_carea' id='block_1_67' title="bbox 621 3553 2214 3625">
    <p class='ocr_par' dir='ltr' id='par_1_67' title="bbox 621 3553 2214 3625">
     <span class='ocr_line' id='line_1_67' title="bbox 621 3553 2214 3625; baseline -0.007 -8"><span class='ocrx_word' id='word_1_431' title='bbox 621 3563 766 3618; x_wconf 86' lang='lat' dir='ltr'><strong>niam</strong></span> <span class='ocrx_word' id='word_1_432' title='bbox 801 3559 950 3616; x_wconf 89' lang='lat' dir='ltr'><strong>dedit</strong></span> <span class='ocrx_word' id='word_1_433' title='bbox 977 3558 1217 3613; x_wconf 86' lang='lat' dir='ltr'><strong>Phocas.</strong></span> <span class='ocrx_word' id='word_1_434' title='bbox 1255 3557 1332 3611; x_wconf 80' lang='lat' dir='ltr'><strong>Ex</strong></span> <span class='ocrx_word' id='word_1_435' title='bbox 1369 3565 1500 3610; x_wconf 89' lang='lat' dir='ltr'><strong>tunc</strong></span> <span class='ocrx_word' id='word_1_436' title='bbox 1531 3570 1663 3625; x_wconf 83' lang='lat' dir='ltr'><strong>ergo</strong></span> <span class='ocrx_word' id='word_1_437' title='bbox 1697 3553 1921 3609; x_wconf 88' lang='lat' dir='ltr'><strong>Priscus</strong></span> <span class='ocrx_word' id='word_1_438' title='bbox 1961 3554 2214 3623; x_wconf 82' lang='lat' dir='ltr'><strong>indigna-</strong></span> 
     </span>
    </p>
   </div>
   <div class='ocr_carea' id='block_1_68' title="bbox 618 3647 2212 3724">
    <p class='ocr_par' dir='ltr' id='par_1_68' title="bbox 618 3647 2212 3724">
     <span class='ocr_line' id='line_1_68' title="bbox 618 3647 2212 3724; baseline -0.003 -18"><span class='ocrx_word' id='word_1_439' title='bbox 618 3655 826 3708; x_wconf 85' lang='lat' dir='ltr'><strong>tionem</strong></span> <span class='ocrx_word' id='word_1_440' title='bbox 858 3667 1052 3724; x_wconf 90' lang='lat' dir='ltr'><strong>passus</strong></span> <span class='ocrx_word' id='word_1_441' title='bbox 1088 3666 1195 3705; x_wconf 91' lang='lat' dir='ltr'><strong>non</strong></span> <span class='ocrx_word' id='word_1_442' title='bbox 1233 3656 1350 3704; x_wconf 88' lang='lat' dir='ltr'><strong>erat.</strong></span> <span class='ocrx_word' id='word_1_443' title='bbox 1389 3655 1540 3704; x_wconf 90' lang='lat' dir='ltr'><strong>recte</strong></span> <span class='ocrx_word' id='word_1_444' title='bbox 1573 3663 1700 3701; x_wconf 91' lang='lat' dir='ltr'><strong>cum</strong></span> <span class='ocrx_word' id='word_1_445' title='bbox 1747 3647 1953 3701; x_wconf 89' lang='lat' dir='ltr'><strong>Phoca.</strong></span> <span class='ocrx_word' id='word_1_446' title='bbox 1998 3647 2212 3701; x_wconf 90' lang='lat' dir='ltr'><strong>Interea</strong></span> 
     </span>
    </p>
   </div>
   <div class='ocr_carea' id='block_1_69' title="bbox 621 3738 2213 3815">
    <p class='ocr_par' dir='ltr' id='par_1_69' title="bbox 621 3738 2213 3815">
     <span class='ocr_line' id='line_1_69' title="bbox 621 3738 2213 3815; baseline -0.002 -21"><span class='ocrx_word' id='word_1_447' title='bbox 621 3744 872 3815; x_wconf 69' lang='lat' dir='ltr'><strong>quaadam</strong></span> <span class='ocrx_word' id='word_1_448' title='bbox 934 3744 1133 3799; x_wconf 87' lang='lat' dir='ltr'><strong>mulier</strong></span> <span class='ocrx_word' id='word_1_449' title='bbox 1184 3741 1440 3796; x_wconf 73' lang='lat' dir='ltr'><strong>Petronis</strong></span> <span class='ocrx_word' id='word_1_450' title='bbox 1490 3739 1715 3794; x_wconf 88' lang='lat' dir='ltr'><strong>nomine</strong></span> <span class='ocrx_word' id='word_1_451' title='bbox 1772 3738 1828 3792; x_wconf 85' lang='lat' dir='ltr'><strong>fit</strong></span> <span class='ocrx_word' id='word_1_452' title='bbox 1877 3739 2213 3809; x_wconf 87' lang='lat' dir='ltr'><strong>impcratrici</strong></span> 
     </span>
    </p>
   </div>
   <div class='ocr_carea' id='block_1_70' title="bbox 619 3831 2213 3902">
    <p class='ocr_par' dir='ltr' id='par_1_70' title="bbox 619 3831 2213 3902">
     <span class='ocr_line' id='line_1_70' title="bbox 619 3831 2213 3902; baseline -0.004 -11"><span class='ocrx_word' id='word_1_453' title='bbox 619 3836 1000 3892; x_wconf 67' lang='lat' dir='ltr'><strong>Constantina:</strong></span> <span class='ocrx_word' id='word_1_454' title='bbox 1058 3833 1336 3897; x_wconf 89' lang='lat' dir='ltr'><strong>ministra,</strong></span> <span class='ocrx_word' id='word_1_455' title='bbox 1395 3848 1517 3902; x_wconf 65' lang='lat' dir='ltr'><strong>qua:</strong></span> <span class='ocrx_word' id='word_1_456' title='bbox 1562 3832 1628 3886; x_wconf 92' lang='lat' dir='ltr'><strong>ad</strong></span> <span class='ocrx_word' id='word_1_457' title='bbox 1684 3831 2018 3885; x_wconf 88' lang='lat' dir='ltr'><strong>Germanum</strong></span> <span class='ocrx_word' id='word_1_458' title='bbox 2055 3831 2123 3885; x_wconf 89' lang='lat' dir='ltr'><strong>ab</strong></span> <span class='ocrx_word' id='word_1_459' title='bbox 2149 3846 2213 3886; x_wconf 89' lang='lat' dir='ltr'><strong>ea</strong></span> 
     </span>
    </p>
   </div>
   <div class='ocr_carea' id='block_1_71' title="bbox 621 3923 2216 3999">
    <p class='ocr_par' dir='ltr' id='par_1_71' title="bbox 621 3923 2216 3999">
     <span class='ocr_line' id='line_1_71' title="bbox 621 3923 2216 3999; baseline -0.005 -14"><span class='ocrx_word' id='word_1_460' title='bbox 621 3943 890 3999; x_wconf 90' lang='lat' dir='ltr'><strong>responsa</strong></span> <span class='ocrx_word' id='word_1_461' title='bbox 950 3925 1212 3981; x_wconf 78' lang='lat' dir='ltr'><strong>faciebat.</strong></span> <span class='ocrx_word' id='word_1_462' title='bbox 1269 3924 1444 3979; x_wconf 80' lang='lat' dir='ltr'><strong>Porro</strong></span> <span class='ocrx_word' id='word_1_463' title='bbox 1501 3940 1625 3979; x_wconf 88' lang='lat' dir='ltr'><strong>cum</strong></span> <span class='ocrx_word' id='word_1_464' title='bbox 1687 3923 1830 3977; x_wconf 86' lang='lat' dir='ltr'><strong>fama</strong></span> <span class='ocrx_word' id='word_1_465' title='bbox 1885 3923 2216 3978; x_wconf 86' lang='lat' dir='ltr'><strong>dilatarctur</strong></span> 
     </span>
    </p>
   </div>
   <div class='ocr_carea' id='block_1_72' title="bbox 621 4016 2211 4093">
    <p class='ocr_par' dir='ltr' id='par_1_72' title="bbox 621 4016 2211 4093">
     <span class='ocr_line' id='line_1_72' title="bbox 621 4016 2211 4093; baseline -0.005 -16"><span class='ocrx_word' id='word_1_466' title='bbox 621 4021 770 4093; x_wconf 92' lang='lat' dir='ltr'><strong>quod</strong></span> <span class='ocrx_word' id='word_1_467' title='bbox 798 4019 1147 4074; x_wconf 83' lang='lat' dir='ltr'><strong>Theodosius</strong></span> <span class='ocrx_word' id='word_1_468' title='bbox 1181 4016 1432 4070; x_wconf 80' lang='lat' dir='ltr'><strong>Mauricii</strong></span> <span class='ocrx_word' id='word_1_469' title='bbox 1479 4017 1622 4070; x_wconf 85' lang='lat' dir='ltr'><strong>filius</strong></span> <span class='ocrx_word' id='word_1_470' title='bbox 1652 4017 1880 4080; x_wconf 81' lang='lat' dir='ltr'><strong>viveret,</strong></span> <span class='ocrx_word' id='word_1_471' title='bbox 1921 4031 2071 4085; x_wconf 89' lang='lat' dir='ltr'><strong>spem</strong></span> <span class='ocrx_word' id='word_1_472' title='bbox 2113 4016 2211 4070; x_wconf 85' lang='lat' dir='ltr'><strong>bo-</strong></span> 
     </span>
    </p>
   </div>
   <div class='ocr_carea' id='block_1_73' title="bbox 619 4107 2213 4183">
    <p class='ocr_par' dir='ltr' id='par_1_73' title="bbox 619 4107 2213 4183">
     <span class='ocr_line' id='line_1_73' title="bbox 619 4107 2213 4183; baseline -0.005 -13"><span class='ocrx_word' id='word_1_473' title='bbox 619 4129 746 4170; x_wconf 85' lang='lat' dir='ltr'><strong>nam</strong></span> <span class='ocrx_word' id='word_1_474' title='bbox 781 4127 947 4183; x_wconf 88' lang='lat' dir='ltr'><strong>super</strong></span> <span class='ocrx_word' id='word_1_475' title='bbox 993 4112 1100 4169; x_wconf 92' lang='lat' dir='ltr'><strong>hoc</strong></span> <span class='ocrx_word' id='word_1_476' title='bbox 1144 4119 1252 4164; x_wconf 85' lang='lat' dir='ltr'><strong>tam</strong></span> <span class='ocrx_word' id='word_1_477' title='bbox 1297 4109 1662 4164; x_wconf 84' lang='lat' dir='ltr'><strong>Constantina</strong></span> <span class='ocrx_word' id='word_1_478' title='bbox 1705 4123 1866 4177; x_wconf 90' lang='lat' dir='ltr'><strong>quam</strong></span> <span class='ocrx_word' id='word_1_479' title='bbox 1904 4107 2213 4162; x_wconf 86' lang='lat' dir='ltr'><strong>Germanus</strong></span> 
     </span>
    </p>
   </div>
   <div class='ocr_carea' id='block_1_74' title="bbox 621 4200 2212 4271">
    <p class='ocr_par' dir='ltr' id='par_1_74' title="bbox 621 4200 2212 4271">
     <span class='ocr_line' id='line_1_74' title="bbox 621 4200 2212 4271; baseline -0.004 -11"><span class='ocrx_word' id='word_1_480' title='bbox 621 4206 878 4262; x_wconf 79' lang='lat' dir='ltr'><strong>habebat.</strong></span> <span class='ocrx_word' id='word_1_481' title='bbox 933 4203 1004 4258; x_wconf 81' lang='lat' dir='ltr'><strong>At</strong></span> <span class='ocrx_word' id='word_1_482' title='bbox 1039 4217 1171 4257; x_wconf 84' lang='lat' dir='ltr'><strong>vero</strong></span> <span class='ocrx_word' id='word_1_483' title='bbox 1205 4201 1440 4257; x_wconf 88' lang='lat' dir='ltr'><strong>scelesta</strong></span> <span class='ocrx_word' id='word_1_484' title='bbox 1490 4201 1752 4256; x_wconf 80' lang='lat' dir='ltr'><strong>Petronia</strong></span> <span class='ocrx_word' id='word_1_485' title='bbox 1808 4200 1927 4256; x_wconf 65' lang='lat' dir='ltr'><strong>hare</strong></span> <span class='ocrx_word' id='word_1_486' title='bbox 1978 4207 2212 4271; x_wconf 80' lang='lat' dir='ltr'><strong>tyranno</strong></span> 
     </span>
    </p>
   </div>
   <div class='ocr_carea' id='block_1_75' title="bbox 618 4290 2212 4367">
    <p class='ocr_par' dir='ltr' id='par_1_75' title="bbox 618 4290 2212 4367">
     <span class='ocr_line' id='line_1_75' title="bbox 618 4290 2212 4367; baseline -0.007 -11"><span class='ocrx_word' id='word_1_487' title='bbox 618 4299 908 4356; x_wconf 88' lang='lat' dir='ltr'><strong>manifesta</strong></span> <span class='ocrx_word' id='word_1_488' title='bbox 959 4295 1110 4351; x_wconf 91' lang='lat' dir='ltr'><strong>fecit.</strong></span> <span class='ocrx_word' id='word_1_489' title='bbox 1147 4298 1215 4349; x_wconf 80' lang='lat' dir='ltr'><strong>At</strong></span> <span class='ocrx_word' id='word_1_490' title='bbox 1249 4304 1522 4367; x_wconf 85' lang='lat' dir='ltr'><strong>tyrannus</strong></span> <span class='ocrx_word' id='word_1_491' title='bbox 1559 4292 1982 4348; x_wconf 82' lang='lat' dir='ltr'><strong>Constantinam</strong></span> <span class='ocrx_word' id='word_1_492' title='bbox 2030 4290 2212 4346; x_wconf 86' lang='lat' dir='ltr'><strong>Theo-</strong></span> 
     </span>
    </p>
   </div>
   <div class='ocr_carea' id='block_1_76' title="bbox 617 4383 2209 4463">
    <p class='ocr_par' dir='ltr' id='par_1_76' title="bbox 617 4383 2209 4463">
     <span class='ocr_line' id='line_1_76' title="bbox 617 4383 2209 4463; baseline -0.006 -15"><span class='ocrx_word' id='word_1_493' title='bbox 617 4401 840 4463; x_wconf 84' lang='lat' dir='ltr'><strong>petnpto</strong></span> <span class='ocrx_word' id='word_1_494' title='bbox 874 4390 1115 4444; x_wconf 80' lang='lat' dir='ltr'><strong>exarcbo</strong></span> <span class='ocrx_word' id='word_1_495' title='bbox 1140 4387 1208 4443; x_wconf 88' lang='lat' dir='ltr'><strong>ad</strong></span> <span class='ocrx_word' id='word_1_496' title='bbox 1237 4386 1611 4457; x_wconf 87' lang='lat' dir='ltr'><strong>torquendum</strong></span> <span class='ocrx_word' id='word_1_497' title='bbox 1636 4385 1895 4456; x_wconf 87' lang='lat' dir='ltr'><strong>prodidit,</strong></span> <span class='ocrx_word' id='word_1_498' title='bbox 1928 4399 2051 4456; x_wconf 73' lang='lat' dir='ltr'><strong>quae</strong></span> <span class='ocrx_word' id='word_1_499' title='bbox 2080 4383 2209 4439; x_wconf 91' lang='lat' dir='ltr'><strong>dum</strong></span> 
     </span>
    </p>
   </div>
   <div class='ocr_carea' id='block_1_77' title="bbox 617 4479 2212 4557">
    <p class='ocr_par' dir='ltr' id='par_1_77' title="bbox 617 4479 2212 4557">
     <span class='ocr_line' id='line_1_77' title="bbox 617 4479 2212 4557; baseline -0.005 -16"><span class='ocrx_word' id='word_1_500' title='bbox 617 4492 991 4557; x_wconf 86' lang='lat' dir='ltr'><strong>torqueretur,</strong></span> <span class='ocrx_word' id='word_1_501' title='bbox 1028 4481 1338 4537; x_wconf 81' lang='lat' dir='ltr'><strong>Romanum</strong></span> <span class='ocrx_word' id='word_1_502' title='bbox 1380 4480 1673 4551; x_wconf 88' lang='lat' dir='ltr'><strong>patricium</strong></span> <span class='ocrx_word' id='word_1_503' title='bbox 1706 4495 1874 4534; x_wconf 89' lang='lat' dir='ltr'><strong>nosse</strong></span> <span class='ocrx_word' id='word_1_504' title='bbox 1909 4479 2212 4534; x_wconf 84' lang='lat' dir='ltr'><strong>interlocu-</strong></span> 
     </span>
    </p>
   </div>
   <div class='ocr_carea' id='block_1_78' title="bbox 618 4573 2210 4644">
    <p class='ocr_par' dir='ltr' id='par_1_78' title="bbox 618 4573 2210 4644">
     <span class='ocr_line' id='line_1_78' title="bbox 618 4573 2210 4644; baseline -0.002 -12"><span class='ocrx_word' id='word_1_505' title='bbox 618 4580 800 4636; x_wconf 83' lang='lat' dir='ltr'><strong>tiones</strong></span> <span class='ocrx_word' id='word_1_506' title='bbox 844 4593 972 4633; x_wconf 91' lang='lat' dir='ltr'><strong>suas</strong></span> <span class='ocrx_word' id='word_1_507' title='bbox 1003 4575 1255 4632; x_wconf 85' lang='lat' dir='ltr'><strong>confessa</strong></span> <span class='ocrx_word' id='word_1_508' title='bbox 1285 4583 1390 4630; x_wconf 87' lang='lat' dir='ltr'><strong>est.</strong></span> <span class='ocrx_word' id='word_1_509' title='bbox 1426 4573 1532 4641; x_wconf 86' lang='lat' dir='ltr'><strong>Qui</strong></span> <span class='ocrx_word' id='word_1_510' title='bbox 1569 4574 2004 4644; x_wconf 85' lang='lat' dir='ltr'><strong>comprehensus</strong></span> <span class='ocrx_word' id='word_1_511' title='bbox 2045 4582 2210 4644; x_wconf 88' lang='lat' dir='ltr'><strong>atque</strong></span> 
     </span>
    </p>
   </div>
   <div class='ocr_carea' id='block_1_79' title="bbox 616 4667 2210 4737">
    <p class='ocr_par' dir='ltr' id='par_1_79' title="bbox 616 4667 2210 4737">
     <span class='ocr_line' id='line_1_79' title="bbox 616 4667 2210 4737; baseline -0.004 -9"><span class='ocrx_word' id='word_1_512' title='bbox 616 4673 903 4729; x_wconf 80' lang='lat' dir='ltr'><strong>discussus</strong></span> <span class='ocrx_word' id='word_1_513' title='bbox 933 4671 1098 4726; x_wconf 90' lang='lat' dir='ltr'><strong>etiam</strong></span> <span class='ocrx_word' id='word_1_514' title='bbox 1136 4669 1274 4724; x_wconf 91' lang='lat' dir='ltr'><strong>alios</strong></span> <span class='ocrx_word' id='word_1_515' title='bbox 1313 4668 1433 4724; x_wconf 88' lang='lat' dir='ltr'><strong>fore</strong></span> <span class='ocrx_word' id='word_1_516' title='bbox 1472 4668 1530 4722; x_wconf 90' lang='lat' dir='ltr'><strong>in</strong></span> <span class='ocrx_word' id='word_1_517' title='bbox 1580 4667 1814 4723; x_wconf 86' lang='lat' dir='ltr'><strong>insidias</strong></span> <span class='ocrx_word' id='word_1_518' title='bbox 1845 4668 2068 4737; x_wconf 70' lang='lat' dir='ltr'><strong>tyranni</strong></span> <span class='ocrx_word' id='word_1_519' title='bbox 2105 4667 2210 4722; x_wconf 74' lang='lat' dir='ltr'><strong>sibi</strong></span> 
     </span>
    </p>
   </div>
   <div class='ocr_carea' id='block_1_80' title="bbox 615 4758 2208 4834">
    <p class='ocr_par' dir='ltr' id='par_1_80' title="bbox 615 4758 2208 4834">
     <span class='ocr_line' id='line_1_80' title="bbox 615 4758 2208 4834; baseline -0.002 -16"><span class='ocrx_word' id='word_1_520' title='bbox 615 4771 1002 4834; x_wconf 87' lang='lat' dir='ltr'><strong>cooperatores</strong></span> <span class='ocrx_word' id='word_1_521' title='bbox 1037 4760 1340 4832; x_wconf 85' lang='lat' dir='ltr'><strong>perhibuit.</strong></span> <span class='ocrx_word' id='word_1_522' title='bbox 1371 4758 1822 4829; x_wconf 80' lang='lat' dir='ltr'><strong>Comprehensos</strong></span> <span class='ocrx_word' id='word_1_523' title='bbox 1876 4767 1962 4815; x_wconf 87' lang='lat' dir='ltr'><strong>est</strong></span> <span class='ocrx_word' id='word_1_524' title='bbox 2022 4767 2208 4815; x_wconf 90' lang='lat' dir='ltr'><strong>autem</strong></span> 
     </span>
    </p>
   </div>
   <div class='ocr_carea' id='block_1_81' title="bbox 615 4853 2210 4924">
    <p class='ocr_par' dir='ltr' id='par_1_81' title="bbox 615 4853 2210 4924">
     <span class='ocr_line' id='line_1_81' title="bbox 615 4853 2210 4924; baseline -0.003 -11"><span class='ocrx_word' id='word_1_525' title='bbox 615 4869 671 4914; x_wconf 87' lang='lat' dir='ltr'><strong>et</strong></span> <span class='ocrx_word' id='word_1_526' title='bbox 716 4855 1044 4912; x_wconf 86' lang='lat' dir='ltr'><strong>Theodorus</strong></span> <span class='ocrx_word' id='word_1_527' title='bbox 1087 4853 1332 4909; x_wconf 86' lang='lat' dir='ltr'><strong>Orientis</strong></span> <span class='ocrx_word' id='word_1_528' title='bbox 1371 4853 1686 4924; x_wconf 61' lang='lat' dir='ltr'><strong>praefectus,</strong></span> <span class='ocrx_word' id='word_1_529' title='bbox 1731 4866 1896 4922; x_wconf 88' lang='lat' dir='ltr'><strong>quem</strong></span> <span class='ocrx_word' id='word_1_530' title='bbox 1940 4861 2210 4924; x_wconf 81' lang='lat' dir='ltr'><strong>tyrannus</strong></span> 
     </span>
    </p>
   </div>
   <div class='ocr_carea' id='block_1_82' title="bbox 615 4943 2212 5015">
    <p class='ocr_par' dir='ltr' id='par_1_82' title="bbox 615 4943 2212 5015">
     <span class='ocr_line' id='line_1_82' title="bbox 615 4943 2212 5015; baseline -0.003 -9"><span class='ocrx_word' id='word_1_531' title='bbox 615 4950 919 5008; x_wconf 76' lang='lat' dir='ltr'><strong>verberans</strong></span> <span class='ocrx_word' id='word_1_532' title='bbox 967 4947 1275 5012; x_wconf 88' lang='lat' dir='ltr'><strong>interemit,</strong></span> <span class='ocrx_word' id='word_1_533' title='bbox 1309 4943 1662 5015; x_wconf 83' lang='lat' dir='ltr'><strong>Helpidiique</strong></span> <span class='ocrx_word' id='word_1_534' title='bbox 1692 4959 1891 5002; x_wconf 90' lang='lat' dir='ltr'><strong>manus</strong></span> <span class='ocrx_word' id='word_1_535' title='bbox 1931 4960 1998 5000; x_wconf 85' lang='lat' dir='ltr'><strong>ac</strong></span> <span class='ocrx_word' id='word_1_536' title='bbox 2045 4944 2212 5015; x_wconf 88' lang='lat' dir='ltr'><strong>pedes</strong></span> 
     </span>
    </p>
   </div>
   <div class='ocr_carea' id='block_1_83' title="bbox 615 5039 2212 5111">
    <p class='ocr_par' dir='ltr' id='par_1_83' title="bbox 615 5039 2212 5111">
     <span class='ocr_line' id='line_1_83' title="bbox 615 5039 2212 5111; baseline -0.004 -13"><span class='ocrx_word' id='word_1_537' title='bbox 615 5041 870 5101; x_wconf 88' lang='lat' dir='ltr'><strong>recidens</strong></span> <span class='ocrx_word' id='word_1_538' title='bbox 907 5042 1052 5097; x_wconf 89' lang='lat' dir='ltr'><strong>hunc</strong></span> <span class='ocrx_word' id='word_1_539' title='bbox 1083 5039 1311 5095; x_wconf 87' lang='lat' dir='ltr'><strong>tradidit</strong></span> <span class='ocrx_word' id='word_1_540' title='bbox 1337 5039 1471 5110; x_wconf 76' lang='lat' dir='ltr'><strong>igni,</strong></span> <span class='ocrx_word' id='word_1_541' title='bbox 1508 5039 1932 5111; x_wconf 78' lang='lat' dir='ltr'><strong>Romanumque</strong></span> <span class='ocrx_word' id='word_1_542' title='bbox 1963 5039 2212 5095; x_wconf 83' lang='lat' dir='ltr'><strong>decolla-</strong></span> 
     </span>
    </p>
   </div>
   <div class='ocr_carea' id='block_1_84' title="bbox 612 5129 2202 5194">
    <p class='ocr_par' dir='ltr' id='par_1_84' title="bbox 612 5129 2202 5194">
     <span class='ocr_line' id='line_1_84' title="bbox 612 5129 2202 5194; baseline -0.003 -5"><span class='ocrx_word' id='word_1_543' title='bbox 612 5139 710 5192; x_wconf 85' lang='lat' dir='ltr'><strong>vit.</strong></span> <span class='ocrx_word' id='word_1_544' title='bbox 761 5133 938 5190; x_wconf 89' lang='lat' dir='ltr'><strong>Porro</strong></span> <span class='ocrx_word' id='word_1_545' title='bbox 990 5130 1414 5188; x_wconf 82' lang='lat' dir='ltr'><strong>Constantinam</strong></span> <span class='ocrx_word' id='word_1_546' title='bbox 1447 5144 1576 5186; x_wconf 87' lang='lat' dir='ltr'><strong>cum</strong></span> <span class='ocrx_word' id='word_1_547' title='bbox 1629 5131 1812 5189; x_wconf 85' lang='lat' dir='ltr'><strong>tribus</strong></span> <span class='ocrx_word' id='word_1_548' title='bbox 1863 5129 2108 5194; x_wconf 76' lang='lat' dir='ltr'><strong>ﬁliabus,</strong></span> <span class='ocrx_word' id='word_1_549' title='bbox 2143 5129 2202 5186; x_wconf 92' lang='lat' dir='ltr'><strong>in</strong></span> 
     </span>
    </p>
   </div>
   <div class='ocr_carea' id='block_1_85' title="bbox 611 5224 2203 5298">
    <p class='ocr_par' dir='ltr' id='par_1_85' title="bbox 611 5224 2203 5298">
     <span class='ocr_line' id='line_1_85' title="bbox 611 5224 2203 5298; baseline -0.006 -11"><span class='ocrx_word' id='word_1_550' title='bbox 611 5235 738 5288; x_wconf 84' lang='lat' dir='ltr'><strong>loco</strong></span> <span class='ocrx_word' id='word_1_551' title='bbox 769 5228 859 5285; x_wconf 87' lang='lat' dir='ltr'><strong>ubi</strong></span> <span class='ocrx_word' id='word_1_552' title='bbox 885 5237 941 5284; x_wconf 88' lang='lat' dir='ltr'><strong>et</strong></span> <span class='ocrx_word' id='word_1_553' title='bbox 962 5226 1264 5282; x_wconf 69' lang='lat' dir='ltr'><strong>Hauricius</strong></span> <span class='ocrx_word' id='word_1_554' title='bbox 1296 5224 1660 5295; x_wconf 82' lang='lat' dir='ltr'><strong>interemptus</strong></span> <span class='ocrx_word' id='word_1_555' title='bbox 1683 5235 1789 5293; x_wconf 86' lang='lat' dir='ltr'><strong>est,</strong></span> <span class='ocrx_word' id='word_1_556' title='bbox 1819 5224 2005 5298; x_wconf 77' lang='lat' dir='ltr'><strong>gladio</strong></span> <span class='ocrx_word' id='word_1_557' title='bbox 2025 5225 2203 5279; x_wconf 88' lang='lat' dir='ltr'><strong>truci-</strong></span> 
     </span>
    </p>
   </div>
   <div class='ocr_carea' id='block_1_86' title="bbox 2320 3371 3857 3431">
    <p class='ocr_par' dir='ltr' id='par_1_86' title="bbox 2320 3371 3857 3431">
     <span class='ocr_line' id='line_1_86' title="bbox 2320 3371 3857 3431; baseline -0.001 -4"><span class='ocrx_word' id='word_1_558' title='bbox 2320 3388 2418 3428; x_wconf 90' lang='lat' dir='ltr'><strong>nes</strong></span> <span class='ocrx_word' id='word_1_559' title='bbox 2468 3373 2878 3429; x_wconf 77' lang='lat' dir='ltr'><strong>Alexandrinus</strong></span> <span class='ocrx_word' id='word_1_560' title='bbox 2931 3373 3206 3429; x_wconf 88' lang='lat' dir='ltr'><strong>habentur</strong></span> <span class='ocrx_word' id='word_1_561' title='bbox 3235 3375 3538 3431; x_wconf 81' lang='lat' dir='ltr'><strong>antistites.</strong></span> <span class='ocrx_word' id='word_1_562' title='bbox 3585 3371 3857 3431; x_wconf 71' lang='lat' dir='ltr'><strong>Antiochea!</strong></span> 
     </span>
    </p>
   </div>
   <div class='ocr_carea' id='block_1_87' title="bbox 2318 3467 3858 3541">
    <p class='ocr_par' dir='ltr' id='par_1_87' title="bbox 2318 3467 3858 3541">
     <span class='ocr_line' id='line_1_87' title="bbox 2318 3467 3858 3541; baseline -0.002 -19"><span class='ocrx_word' id='word_1_563' title='bbox 2318 3482 2448 3522; x_wconf 88' lang='lat' dir='ltr'><strong>vero</strong></span> <span class='ocrx_word' id='word_1_564' title='bbox 2481 3467 2692 3522; x_wconf 79' lang='lat' dir='ltr'><strong>Hebraei</strong></span> <span class='ocrx_word' id='word_1_565' title='bbox 2728 3467 3011 3522; x_wconf 85' lang='lat' dir='ltr'><strong>simultate</strong></span> <span class='ocrx_word' id='word_1_566' title='bbox 3038 3468 3416 3541; x_wconf 67' lang='lat' dir='ltr'><strong>iuquiete(47)</strong></span> <span class='ocrx_word' id='word_1_567' title='bbox 3443 3473 3724 3526; x_wconf 88' lang='lat' dir='ltr'><strong>commissa</strong></span> <span class='ocrx_word' id='word_1_568' title='bbox 3754 3483 3858 3524; x_wconf 84' lang='lat' dir='ltr'><strong>cou-</strong></span> 
     </span>
    </p>
   </div>
   <div class='ocr_carea' id='block_1_88' title="bbox 2315 3561 3857 3636">
    <p class='ocr_par' dir='ltr' id='par_1_88' title="bbox 2315 3561 3857 3636">
     <span class='ocr_line' id='line_1_88' title="bbox 2315 3561 3857 3636; baseline 0.002 -22"><span class='ocrx_word' id='word_1_569' title='bbox 2315 3569 2406 3615; x_wconf 89' lang='lat' dir='ltr'><strong>tra</strong></span> <span class='ocrx_word' id='word_1_570' title='bbox 2435 3561 2786 3617; x_wconf 85' lang='lat' dir='ltr'><strong>Christianos</strong></span> <span class='ocrx_word' id='word_1_571' title='bbox 2817 3562 3082 3618; x_wconf 89' lang='lat' dir='ltr'><strong>occidunt</strong></span> <span class='ocrx_word' id='word_1_572' title='bbox 3111 3564 3475 3620; x_wconf 82' lang='lat' dir='ltr'><strong>Anastasium</strong></span> <span class='ocrx_word' id='word_1_573' title='bbox 3514 3579 3746 3636; x_wconf 82' lang='lat' dir='ltr'><strong>magnum</strong></span> <span class='ocrx_word' id='word_1_574' title='bbox 3785 3576 3857 3633; x_wconf 87' lang='lat' dir='ltr'><strong>pa-</strong></span> 
     </span>
    </p>
   </div>
   <div class='ocr_carea' id='block_1_89' title="bbox 2317 3655 3856 3730">
    <p class='ocr_par' dir='ltr' id='par_1_89' title="bbox 2317 3655 3856 3730">
     <span class='ocr_line' id='line_1_89' title="bbox 2317 3655 3856 3730; baseline -0.001 -22"><span class='ocrx_word' id='word_1_575' title='bbox 2317 3655 2620 3710; x_wconf 89' lang='lat' dir='ltr'><strong>triarcbam</strong></span> <span class='ocrx_word' id='word_1_576' title='bbox 2657 3655 2984 3720; x_wconf 77' lang='lat' dir='ltr'><strong>Antiochiae,</strong></span> <span class='ocrx_word' id='word_1_577' title='bbox 3021 3657 3302 3712; x_wconf 88' lang='lat' dir='ltr'><strong>mittentes</strong></span> <span class='ocrx_word' id='word_1_578' title='bbox 3350 3668 3600 3713; x_wconf 90' lang='lat' dir='ltr'><strong>naturam</strong></span> <span class='ocrx_word' id='word_1_579' title='bbox 3641 3657 3738 3730; x_wconf 64' lang='lat'><strong>(48)</strong></span> <span class='ocrx_word' id='word_1_580' title='bbox 3764 3655 3856 3723; x_wconf 83' lang='lat' dir='ltr'><strong>ejus</strong></span> 
     </span>
    </p>
   </div>
   <div class='ocr_carea' id='block_1_90' title="bbox 2320 3749 3851 3822">
    <p class='ocr_par' dir='ltr' id='par_1_90' title="bbox 2320 3749 3851 3822">
     <span class='ocr_line' id='line_1_90' title="bbox 2320 3749 3851 3822; baseline -0.003 -20"><span class='ocrx_word' id='word_1_581' title='bbox 2320 3749 2375 3802; x_wconf 92' lang='lat' dir='ltr'><strong>in</strong></span> <span class='ocrx_word' id='word_1_582' title='bbox 2408 3763 2469 3804; x_wconf 88' lang='lat' dir='ltr'><strong>os</strong></span> <span class='ocrx_word' id='word_1_583' title='bbox 2509 3749 2655 3818; x_wconf 84' lang='lat' dir='ltr'><strong>ejus,</strong></span> <span class='ocrx_word' id='word_1_584' title='bbox 2688 3756 2742 3803; x_wconf 88' lang='lat' dir='ltr'><strong>et</strong></span> <span class='ocrx_word' id='word_1_585' title='bbox 2771 3757 2896 3819; x_wconf 85' lang='lat' dir='ltr'><strong>post</strong></span> <span class='ocrx_word' id='word_1_586' title='bbox 2948 3749 3054 3804; x_wconf 91' lang='lat' dir='ltr'><strong>hoc</strong></span> <span class='ocrx_word' id='word_1_587' title='bbox 3091 3753 3382 3806; x_wconf 87' lang='lat' dir='ltr'><strong>trahentes</strong></span> <span class='ocrx_word' id='word_1_588' title='bbox 3415 3768 3537 3808; x_wconf 90' lang='lat' dir='ltr'><strong>eum</strong></span> <span class='ocrx_word' id='word_1_589' title='bbox 3571 3753 3620 3808; x_wconf 95' lang='lat' dir='ltr'><strong>in</strong></span> <span class='ocrx_word' id='word_1_590' title='bbox 3664 3753 3851 3822; x_wconf 82' lang='lat' dir='ltr'><strong>plateam</strong></span> 
     </span>
    </p>
   </div>
   <div class='ocr_carea' id='block_1_91' title="bbox 2320 3841 3854 3906">
    <p class='ocr_par' dir='ltr' id='par_1_91' title="bbox 2320 3841 3854 3906">
     <span class='ocr_line' id='line_1_91' title="bbox 2320 3841 3854 3906; baseline 0.001 -14"><span class='ocrx_word' id='word_1_591' title='bbox 2320 3841 2497 3895; x_wconf 90' lang='lat' dir='ltr'><strong>urbis.</strong></span> <span class='ocrx_word' id='word_1_592' title='bbox 2522 3842 2929 3896; x_wconf 86' lang='lat' dir='ltr'><strong>lnterfecerunt</strong></span> <span class='ocrx_word' id='word_1_593' title='bbox 2959 3852 3141 3897; x_wconf 83' lang='lat' dir='ltr'><strong>autem</strong></span> <span class='ocrx_word' id='word_1_594' title='bbox 3171 3853 3224 3898; x_wconf 87' lang='lat' dir='ltr'><strong>et</strong></span> <span class='ocrx_word' id='word_1_595' title='bbox 3257 3845 3467 3898; x_wconf 88' lang='lat' dir='ltr'><strong>civium</strong></span> <span class='ocrx_word' id='word_1_596' title='bbox 3497 3845 3708 3906; x_wconf 91' lang='lat' dir='ltr'><strong>multos,</strong></span> <span class='ocrx_word' id='word_1_597' title='bbox 3735 3849 3776 3896; x_wconf 83' lang='lat' dir='ltr'><strong>et</strong></span> <span class='ocrx_word' id='word_1_598' title='bbox 3793 3841 3854 3894; x_wconf 88' lang='lat' dir='ltr'><strong>in-</strong></span> 
     </span>
    </p>
   </div>
   <div class='ocr_carea' id='block_1_92' title="bbox 2320 3932 3851 3992">
    <p class='ocr_par' dir='ltr' id='par_1_92' title="bbox 2320 3932 3851 3992">
     <span class='ocr_line' id='line_1_92' title="bbox 2320 3932 3851 3992; baseline -0.003 -3"><span class='ocrx_word' id='word_1_599' title='bbox 2320 3932 2627 3989; x_wconf 86' lang='lat' dir='ltr'><strong>cenderunt</strong></span> <span class='ocrx_word' id='word_1_600' title='bbox 2659 3948 2776 3989; x_wconf 88' lang='lat' dir='ltr'><strong>eos.</strong></span> <span class='ocrx_word' id='word_1_601' title='bbox 2825 3934 3036 3990; x_wconf 82' lang='lat' dir='ltr'><strong>Pbocas</strong></span> <span class='ocrx_word' id='word_1_602' title='bbox 3072 3951 3204 3989; x_wconf 85' lang='lat' dir='ltr'><strong>vero</strong></span> <span class='ocrx_word' id='word_1_603' title='bbox 3245 3935 3380 3991; x_wconf 89' lang='lat' dir='ltr'><strong>fecit</strong></span> <span class='ocrx_word' id='word_1_604' title='bbox 3425 3938 3673 3992; x_wconf 74' lang='lat' dir='ltr'><strong>comitant</strong></span> <span class='ocrx_word' id='word_1_605' title='bbox 3701 3934 3851 3989; x_wconf 80' lang='lat' dir='ltr'><strong>Orien-</strong></span> 
     </span>
    </p>
   </div>
   <div class='ocr_carea' id='block_1_93' title="bbox 2318 4025 3840 4100">
    <p class='ocr_par' dir='ltr' id='par_1_93' title="bbox 2318 4025 3840 4100">
     <span class='ocr_line' id='line_1_93' title="bbox 2318 4025 3840 4100; baseline -0.001 -19"><span class='ocrx_word' id='word_1_606' title='bbox 2318 4026 2391 4083; x_wconf 93' lang='lat' dir='ltr'><strong>tis</strong></span> <span class='ocrx_word' id='word_1_607' title='bbox 2419 4025 2786 4091; x_wconf 88' lang='lat' dir='ltr'><strong>Bonosum,et</strong></span> <span class='ocrx_word' id='word_1_608' title='bbox 2801 4027 2972 4100; x_wconf 88' lang='lat' dir='ltr'><strong>Cotyn</strong></span> <span class='ocrx_word' id='word_1_609' title='bbox 2993 4030 3318 4099; x_wconf 79' lang='lat' dir='ltr'><strong>magistrum</strong></span> <span class='ocrx_word' id='word_1_610' title='bbox 3343 4032 3600 4096; x_wconf 89' lang='lat' dir='ltr'><strong>militum,</strong></span> <span class='ocrx_word' id='word_1_611' title='bbox 3635 4039 3683 4085; x_wconf 90' lang='lat' dir='ltr'><strong>et</strong></span> <span class='ocrx_word' id='word_1_612' title='bbox 3708 4037 3840 4081; x_wconf 81' lang='lat' dir='ltr'><strong>trans-</strong></span> 
     </span>
    </p>
   </div>
   <div class='ocr_carea' id='block_1_94' title="bbox 2319 4117 3839 4184">
    <p class='ocr_par' dir='ltr' id='par_1_94' title="bbox 2319 4117 3839 4184">
     <span class='ocr_line' id='line_1_94' title="bbox 2319 4117 3839 4184; baseline -0.002 -9"><span class='ocrx_word' id='word_1_613' title='bbox 2319 4120 2473 4176; x_wconf 89' lang='lat' dir='ltr'><strong>misit</strong></span> <span class='ocrx_word' id='word_1_614' title='bbox 2531 4134 2626 4176; x_wconf 90' lang='lat' dir='ltr'><strong>eos</strong></span> <span class='ocrx_word' id='word_1_615' title='bbox 2673 4119 2941 4176; x_wconf 90' lang='lat' dir='ltr'><strong>adversus</strong></span> <span class='ocrx_word' id='word_1_616' title='bbox 2974 4121 3118 4184; x_wconf 87' lang='lat' dir='ltr'><strong>illos,</strong></span> <span class='ocrx_word' id='word_1_617' title='bbox 3157 4129 3210 4176; x_wconf 92' lang='lat' dir='ltr'><strong>et</strong></span> <span class='ocrx_word' id='word_1_618' title='bbox 3241 4136 3355 4176; x_wconf 89' lang='lat' dir='ltr'><strong>non</strong></span> <span class='ocrx_word' id='word_1_619' title='bbox 3401 4124 3682 4177; x_wconf 82' lang='lat' dir='ltr'><strong>valuerunt</strong></span> <span class='ocrx_word' id='word_1_620' title='bbox 3708 4117 3839 4174; x_wconf 73' lang='lat' dir='ltr'><strong>sedare</strong></span> 
     </span>
    </p>
   </div>
   <div class='ocr_carea' id='block_1_95' title="bbox 2319 4208 3842 4278">
    <p class='ocr_par' dir='ltr' id='par_1_95' title="bbox 2319 4208 3842 4278">
     <span class='ocr_line' id='line_1_95' title="bbox 2319 4208 3842 4278; baseline -0.004 -15"><span class='ocrx_word' id='word_1_621' title='bbox 2319 4209 2762 4278; x_wconf 87' lang='lat' dir='ltr'><strong>inquietudinem</strong></span> <span class='ocrx_word' id='word_1_622' title='bbox 2798 4225 3014 4265; x_wconf 89' lang='lat' dir='ltr'><strong>eorum.</strong></span> <span class='ocrx_word' id='word_1_623' title='bbox 3039 4211 3447 4268; x_wconf 83' lang='lat' dir='ltr'><strong>Coacervantes</strong></span> <span class='ocrx_word' id='word_1_624' title='bbox 3477 4228 3602 4268; x_wconf 85' lang='lat' dir='ltr'><strong>vero</strong></span> <span class='ocrx_word' id='word_1_625' title='bbox 3631 4208 3842 4266; x_wconf 79' lang='lat' dir='ltr'><strong>exercitus</strong></span> 
     </span>
    </p>
   </div>
   <div class='ocr_carea' id='block_1_96' title="bbox 2320 4299 3847 4370">
    <p class='ocr_par' dir='ltr' id='par_1_96' title="bbox 2320 4299 3847 4370">
     <span class='ocr_line' id='line_1_96' title="bbox 2320 4299 3847 4370; baseline -0.003 -16"><span class='ocrx_word' id='word_1_626' title='bbox 2320 4299 2608 4355; x_wconf 89' lang='lat' dir='ltr'><strong>irruerunt</strong></span> <span class='ocrx_word' id='word_1_627' title='bbox 2637 4301 2689 4354; x_wconf 91' lang='lat' dir='ltr'><strong>in</strong></span> <span class='ocrx_word' id='word_1_628' title='bbox 2726 4301 2848 4354; x_wconf 91' lang='lat' dir='ltr'><strong>illos</strong></span> <span class='ocrx_word' id='word_1_629' title='bbox 2881 4309 2937 4356; x_wconf 91' lang='lat' dir='ltr'><strong>et</strong></span> <span class='ocrx_word' id='word_1_630' title='bbox 2978 4303 3250 4370; x_wconf 88' lang='lat' dir='ltr'><strong>plurimos</strong></span> <span class='ocrx_word' id='word_1_631' title='bbox 3285 4303 3628 4368; x_wconf 86' lang='lat' dir='ltr'><strong>occiderunt,</strong></span> <span class='ocrx_word' id='word_1_632' title='bbox 3659 4312 3705 4356; x_wconf 84' lang='lat' dir='ltr'><strong>et</strong></span> <span class='ocrx_word' id='word_1_633' title='bbox 3723 4311 3847 4369; x_wconf 85' lang='lat' dir='ltr'><strong>quos-</strong></span> 
     </span>
    </p>
   </div>
   <div class='ocr_carea' id='block_1_97' title="bbox 2319 4391 3848 4451">
    <p class='ocr_par' dir='ltr' id='par_1_97' title="bbox 2319 4391 3848 4451">
     <span class='ocr_line' id='line_1_97' title="bbox 2319 4391 3848 4451; baseline -0.003 -3"><span class='ocrx_word' id='word_1_634' title='bbox 2319 4393 2446 4448; x_wconf 89' lang='lat' dir='ltr'><strong>dam</strong></span> <span class='ocrx_word' id='word_1_635' title='bbox 2487 4406 2677 4448; x_wconf 87' lang='lat' dir='ltr'><strong>eorum</strong></span> <span class='ocrx_word' id='word_1_636' title='bbox 2716 4392 3061 4448; x_wconf 86' lang='lat' dir='ltr'><strong>detruncatis</strong></span> <span class='ocrx_word' id='word_1_637' title='bbox 3097 4395 3332 4450; x_wconf 89' lang='lat' dir='ltr'><strong>artubus</strong></span> <span class='ocrx_word' id='word_1_638' title='bbox 3378 4397 3448 4451; x_wconf 87' lang='lat' dir='ltr'><strong>ab</strong></span> <span class='ocrx_word' id='word_1_639' title='bbox 3480 4397 3609 4450; x_wconf 89' lang='lat' dir='ltr'><strong>urbe</strong></span> <span class='ocrx_word' id='word_1_640' title='bbox 3645 4391 3848 4449; x_wconf 76' lang='lat' dir='ltr'><strong>reddide-</strong></span> 
     </span>
    </p>
   </div>
   <div class='ocr_carea' id='block_1_98' title="bbox 2319 4481 3847 4542">
    <p class='ocr_par' dir='ltr' id='par_1_98' title="bbox 2319 4481 3847 4542">
     <span class='ocr_line' id='line_1_98' title="bbox 2319 4481 3847 4542; baseline -0.003 -4"><span class='ocrx_word' id='word_1_641' title='bbox 2319 4492 2451 4538; x_wconf 84' lang='lat' dir='ltr'><strong>runt</strong></span> <span class='ocrx_word' id='word_1_642' title='bbox 2471 4493 2740 4539; x_wconf 82' lang='lat' dir='ltr'><strong>extorres.</strong></span> <span class='ocrx_word' id='word_1_643' title='bbox 2761 4481 2974 4538; x_wconf 88' lang='lat' dir='ltr'><strong>Phocas</strong></span> <span class='ocrx_word' id='word_1_644' title='bbox 2999 4495 3179 4539; x_wconf 87' lang='lat' dir='ltr'><strong>autem</strong></span> <span class='ocrx_word' id='word_1_645' title='bbox 3203 4484 3335 4539; x_wconf 88' lang='lat' dir='ltr'><strong>fecit</strong></span> <span class='ocrx_word' id='word_1_646' title='bbox 3355 4484 3664 4542; x_wconf 86' lang='lat' dir='ltr'><strong>Circensem</strong></span> <span class='ocrx_word' id='word_1_647' title='bbox 3687 4482 3847 4542; x_wconf 85' lang='lat' dir='ltr'><strong>ludum,</strong></span> 
     </span>
    </p>
   </div>
   <div class='ocr_carea' id='block_1_99' title="bbox 2242 4575 3844 4673">
    <p class='ocr_par' dir='ltr' id='par_1_99' title="bbox 2242 4575 3844 4673">
     <span class='ocr_line' id='line_1_99' title="bbox 2242 4575 3844 4673; baseline 0.001 -42"><span class='ocrx_word' id='word_1_648' title='bbox 2242 4617 2289 4673; x_wconf 63' lang='grc' dir='ltr'><strong>Β</strong></span> <span class='ocrx_word' id='word_1_649' title='bbox 2319 4588 2372 4634; x_wconf 91' lang='lat' dir='ltr'><strong>et</strong></span> <span class='ocrx_word' id='word_1_650' title='bbox 2397 4575 2616 4632; x_wconf 87' lang='lat' dir='ltr'><strong>Prasini</strong></span> <span class='ocrx_word' id='word_1_651' title='bbox 2649 4578 2920 4633; x_wconf 83' lang='lat' dir='ltr'><strong>conviciis</strong></span> <span class='ocrx_word' id='word_1_652' title='bbox 2968 4593 3090 4638; x_wconf 90' lang='lat' dir='ltr'><strong>cum</strong></span> <span class='ocrx_word' id='word_1_653' title='bbox 3148 4579 3426 4635; x_wconf 88' lang='lat' dir='ltr'><strong>lacessere</strong></span> <span class='ocrx_word' id='word_1_654' title='bbox 3486 4589 3844 4651; x_wconf 65' lang='lat' dir='ltr'><strong>pratsmnpserr.</strong></span> 
     </span>
    </p>
   </div>
   <div class='ocr_carea' id='block_1_100' title="bbox 2309 4669 3845 4741">
    <p class='ocr_par' dir='ltr' id='par_1_100' title="bbox 2309 4669 3845 4741">
     <span class='ocr_line' id='line_1_100' title="bbox 2309 4669 3845 4741; baseline -0.004 -16"><span class='ocrx_word' id='word_1_655' title='bbox 2309 4671 2624 4725; x_wconf 85' lang='lat' dir='ltr'><strong>clamantes</strong></span> <span class='ocrx_word' id='word_1_656' title='bbox 2652 4687 2665 4723; x_wconf 89' lang='lat'><strong>:</strong></span> <span class='ocrx_word' id='word_1_657' title='bbox 2708 4669 2908 4724; x_wconf 80' lang='lat' dir='ltr'><strong>Iterum</strong></span> <span class='ocrx_word' id='word_1_658' title='bbox 2936 4670 2990 4722; x_wconf 82' lang='lat' dir='ltr'><strong>in</strong></span> <span class='ocrx_word' id='word_1_659' title='bbox 3013 4671 3208 4741; x_wconf 86' lang='lat' dir='ltr'><strong>gubata</strong></span> <span class='ocrx_word' id='word_1_660' title='bbox 3237 4671 3442 4737; x_wconf 79' lang='lat' dir='ltr'><strong>bibisti,</strong></span> <span class='ocrx_word' id='word_1_661' title='bbox 3475 4673 3660 4726; x_wconf 77' lang='lat' dir='ltr'><strong>iterum</strong></span> <span class='ocrx_word' id='word_1_662' title='bbox 3687 4677 3845 4722; x_wconf 69' lang='lat' dir='ltr'><strong>sensum</strong></span> 
     </span>
    </p>
   </div>
   <div class='ocr_carea' id='block_1_101' title="bbox 2311 4756 3845 4836">
    <p class='ocr_par' dir='ltr' id='par_1_101' title="bbox 2311 4756 3845 4836">
     <span class='ocr_line' id='line_1_101' title="bbox 2311 4756 3845 4836; baseline -0.006 -20"><span class='ocrx_word' id='word_1_663' title='bbox 2311 4762 2618 4834; x_wconf 75' lang='lat' dir='ltr'><strong>perdidisti.</strong></span> <span class='ocrx_word' id='word_1_664' title='bbox 2656 4761 2723 4816; x_wconf 87' lang='lat' dir='ltr'><strong>Et</strong></span> <span class='ocrx_word' id='word_1_665' title='bbox 2756 4762 2917 4834; x_wconf 84' lang='lat' dir='ltr'><strong>jussu</strong></span> <span class='ocrx_word' id='word_1_666' title='bbox 2942 4761 3140 4818; x_wconf 64' lang='lat' dir='ltr'><strong>Phocat</strong></span> <span class='ocrx_word' id='word_1_667' title='bbox 3167 4764 3401 4820; x_wconf 87' lang='lat' dir='ltr'><strong>Cosmas</strong></span> <span class='ocrx_word' id='word_1_668' title='bbox 3431 4765 3707 4836; x_wconf 65' lang='lat' dir='ltr'><strong>praefectus</strong></span> <span class='ocrx_word' id='word_1_669' title='bbox 3731 4756 3845 4813; x_wconf 85' lang='lat' dir='ltr'><strong>urbis</strong></span> 
     </span>
    </p>
   </div>
   <div class='ocr_carea' id='block_1_102' title="bbox 2309 4847 3842 4926">
    <p class='ocr_par' dir='ltr' id='par_1_102' title="bbox 2309 4847 3842 4926">
     <span class='ocr_line' id='line_1_102' title="bbox 2309 4847 3842 4926; baseline -0.008 -17"><span class='ocrx_word' id='word_1_670' title='bbox 2309 4854 2519 4909; x_wconf 88' lang='lat' dir='ltr'><strong>multos</strong></span> <span class='ocrx_word' id='word_1_671' title='bbox 2568 4869 2636 4909; x_wconf 77' lang='lat' dir='ltr'><strong>ex</strong></span> <span class='ocrx_word' id='word_1_672' title='bbox 2684 4854 2764 4910; x_wconf 86' lang='lat' dir='ltr'><strong>eis</strong></span> <span class='ocrx_word' id='word_1_673' title='bbox 2818 4855 3194 4919; x_wconf 89' lang='lat' dir='ltr'><strong>detruncavit,</strong></span> <span class='ocrx_word' id='word_1_674' title='bbox 3249 4857 3523 4926; x_wconf 88' lang='lat' dir='ltr'><strong>quosdam</strong></span> <span class='ocrx_word' id='word_1_675' title='bbox 3584 4847 3842 4910; x_wconf 81' lang='lat' dir='ltr'><strong>decollarit,</strong></span> 
     </span>
    </p>
   </div>
   <div class='ocr_carea' id='block_1_103' title="bbox 2312 4941 3843 5006">
    <p class='ocr_par' dir='ltr' id='par_1_103' title="bbox 2312 4941 3843 5006">
     <span class='ocr_line' id='line_1_103' title="bbox 2312 4941 3843 5006; baseline -0.005 -2"><span class='ocrx_word' id='word_1_676' title='bbox 2312 4948 2612 5004; x_wconf 91' lang='lat' dir='ltr'><strong>nonnullos</strong></span> <span class='ocrx_word' id='word_1_677' title='bbox 2662 4957 2846 5003; x_wconf 85' lang='lat' dir='ltr'><strong>autem</strong></span> <span class='ocrx_word' id='word_1_678' title='bbox 2880 4949 2936 5003; x_wconf 92' lang='lat' dir='ltr'><strong>in</strong></span> <span class='ocrx_word' id='word_1_679' title='bbox 2983 4964 3177 5005; x_wconf 87' lang='lat' dir='ltr'><strong>saccos</strong></span> <span class='ocrx_word' id='word_1_680' title='bbox 3224 4951 3428 5006; x_wconf 90' lang='lat' dir='ltr'><strong>missos</strong></span> <span class='ocrx_word' id='word_1_681' title='bbox 3479 4950 3613 5005; x_wconf 89' lang='lat' dir='ltr'><strong>mari</strong></span> <span class='ocrx_word' id='word_1_682' title='bbox 3657 4941 3843 5002; x_wconf 67' lang='lat' dir='ltr'><strong>necavit.</strong></span> 
     </span>
    </p>
   </div>
   <div class='ocr_carea' id='block_1_104' title="bbox 2313 5040 3843 5112">
    <p class='ocr_par' dir='ltr' id='par_1_104' title="bbox 2313 5040 3843 5112">
     <span class='ocr_line' id='line_1_104' title="bbox 2313 5040 3843 5112; baseline -0.006 -16"><span class='ocrx_word' id='word_1_683' title='bbox 2313 5042 2487 5098; x_wconf 86' lang='lat' dir='ltr'><strong>Porro</strong></span> <span class='ocrx_word' id='word_1_684' title='bbox 2513 5042 2730 5098; x_wconf 86' lang='lat' dir='ltr'><strong>Prasini</strong></span> <span class='ocrx_word' id='word_1_685' title='bbox 2781 5044 3098 5098; x_wconf 86' lang='lat' dir='ltr'><strong>eoaecrvati</strong></span> <span class='ocrx_word' id='word_1_686' title='bbox 3150 5043 3419 5100; x_wconf 86' lang='lat' dir='ltr'><strong>miserunt</strong></span> <span class='ocrx_word' id='word_1_687' title='bbox 3450 5043 3626 5112; x_wconf 82' lang='lat' dir='ltr'><strong>ignem</strong></span> <span class='ocrx_word' id='word_1_688' title='bbox 3657 5040 3705 5093; x_wconf 92' lang='lat' dir='ltr'><strong>iu</strong></span> <span class='ocrx_word' id='word_1_689' title='bbox 3736 5047 3843 5106; x_wconf 67' lang='lat' dir='ltr'><strong>pra-</strong></span> 
     </span>
    </p>
   </div>
   <div class='ocr_carea' id='block_1_105' title="bbox 2313 5135 3825 5201">
    <p class='ocr_par' dir='ltr' id='par_1_105' title="bbox 2313 5135 3825 5201">
     <span class='ocr_line' id='line_1_105' title="bbox 2313 5135 3825 5201; baseline -0.009 -13"><span class='ocrx_word' id='word_1_690' title='bbox 2313 5135 2542 5201; x_wconf 90' lang='lat' dir='ltr'><strong>torium,</strong></span> <span class='ocrx_word' id='word_1_691' title='bbox 2576 5144 2631 5190; x_wconf 91' lang='lat' dir='ltr'><strong>et</strong></span> <span class='ocrx_word' id='word_1_692' title='bbox 2665 5135 3030 5190; x_wconf 86' lang='lat' dir='ltr'><strong>incenderunt</strong></span> <span class='ocrx_word' id='word_1_693' title='bbox 3061 5135 3273 5191; x_wconf 86' lang='lat' dir='ltr'><strong>curiam</strong></span> <span class='ocrx_word' id='word_1_694' title='bbox 3306 5143 3360 5189; x_wconf 89' lang='lat' dir='ltr'><strong>et</strong></span> <span class='ocrx_word' id='word_1_695' title='bbox 3391 5135 3594 5190; x_wconf 83' lang='lat' dir='ltr'><strong>scrinia</strong></span> <span class='ocrx_word' id='word_1_696' title='bbox 3625 5140 3674 5186; x_wconf 88' lang='lat' dir='ltr'><strong>et</strong></span> <span class='ocrx_word' id='word_1_697' title='bbox 3702 5137 3825 5183; x_wconf 77' lang='lat' dir='ltr'><strong>cart-e</strong></span> 
     </span>
    </p>
   </div>
   <div class='ocr_carea' id='block_1_106' title="bbox 2315 5221 3845 5297">
    <p class='ocr_par' dir='ltr' id='par_1_106' title="bbox 2315 5221 3845 5297">
     <span class='ocr_line' id='line_1_106' title="bbox 2315 5221 3845 5297; baseline -0.008 -19"><span class='ocrx_word' id='word_1_698' title='bbox 2315 5240 2426 5292; x_wconf 88' lang='lat' dir='ltr'><strong>res,</strong></span> <span class='ocrx_word' id='word_1_699' title='bbox 2459 5239 2526 5279; x_wconf 79' lang='lat' dir='ltr'><strong>ex</strong></span> <span class='ocrx_word' id='word_1_700' title='bbox 2555 5225 2759 5295; x_wconf 88' lang='lat' dir='ltr'><strong>quibus</strong></span> <span class='ocrx_word' id='word_1_701' title='bbox 2793 5226 3004 5297; x_wconf 77' lang='lat' dir='ltr'><strong>egressi</strong></span> <span class='ocrx_word' id='word_1_702' title='bbox 3034 5225 3204 5280; x_wconf 82' lang='lat' dir='ltr'><strong>vincti</strong></span> <span class='ocrx_word' id='word_1_703' title='bbox 3239 5226 3519 5297; x_wconf 73' lang='lat' dir='ltr'><strong>fugerunt.</strong></span> <span class='ocrx_word' id='word_1_704' title='bbox 3555 5225 3683 5278; x_wconf 88' lang='lat' dir='ltr'><strong>llinc</strong></span> <span class='ocrx_word' id='word_1_705' title='bbox 3711 5221 3845 5274; x_wconf 80' lang='lat' dir='ltr'><strong>iratus</strong></span> 
     </span>
    </p>
   </div>
   <div class='ocr_carea' id='block_1_107' title="bbox 2153 5335 2384 5393">
    <p class='ocr_par' dir='ltr' id='par_1_107' title="bbox 2153 5335 2384 5393">
     <span class='ocr_line' id='line_1_107' title="bbox 2153 5335 2384 5393; baseline 0.004 -1"><span class='ocrx_word' id='word_1_706' title='bbox 2153 5335 2384 5393; x_wconf 60' lang='lat' dir='ltr'><strong>NOTIE.</strong></span> 
     </span>
    </p>
   </div>
   <div class='ocr_carea' id='block_1_108' title="bbox 614 5458 2199 5540">
    <p class='ocr_par' dir='ltr' id='par_1_108' title="bbox 614 5458 2199 5540">
     <span class='ocr_line' id='line_1_108' title="bbox 614 5458 2199 5540; baseline -0.006 -17"><span class='ocrx_word' id='word_1_707' title='bbox 614 5499 616 5501; x_wconf 52' lang='grc'>&gt;</span> <span class='ocrx_word' id='word_1_708' title='bbox 681 5467 796 5540; x_wconf 64' lang='grc' dir='ltr'><strong>μδ)</strong></span> <span class='ocrx_word' id='word_1_709' title='bbox 825 5465 932 5521; x_wconf 81' lang='lat' dir='ltr'><strong>Ore</strong></span> <span class='ocrx_word' id='word_1_710' title='bbox 964 5461 1378 5540; x_wconf 46' lang='lat' dir='ltr'><strong>medimnum</strong></span> <span class='ocrx_word' id='word_1_711' title='bbox 1405 5461 1566 5516; x_wconf 78' lang='lat' dir='ltr'><strong>Luca:</strong></span> <span class='ocrx_word' id='word_1_712' title='bbox 1595 5476 1706 5540; x_wconf 57' lang='lat' dir='ltr'><strong>im,</strong></span> <span class='ocrx_word' id='word_1_713' title='bbox 1736 5460 1808 5540; x_wconf 55' lang='lat'><strong>34</strong></span> <span class='ocrx_word' id='word_1_714' title='bbox 1838 5479 1855 5540; x_wconf 83' lang='lat'><strong>_;</strong></span> <span class='ocrx_word' id='word_1_715' title='bbox 1896 5458 2199 5540; x_wconf 62' lang='lat' dir='ltr'><strong>Iisaoﬁvtat</strong></span> 
     </span>
    </p>
   </div>
   <div class='ocr_carea' id='block_1_109' title="bbox 609 5528 2194 5608">
    <p class='ocr_par' dir='ltr' id='par_1_109' title="bbox 609 5528 2194 5608">
     <span class='ocr_line' id='line_1_109' title="bbox 609 5528 2194 5608; baseline -0.004 -16"><span class='ocrx_word' id='word_1_716' title='bbox 609 5528 866 5608; x_wconf 62' lang='grc' dir='ltr'><strong>οιτόμκιίτιΔ</strong></span> <span class='ocrx_word' id='word_1_717' title='bbox 911 5534 1209 5608; x_wconf 64' lang='grc' dir='ltr'><strong>μαχαίρᾳς.</strong></span> <span class='ocrx_word' id='word_1_718' title='bbox 1268 5532 1436 5608; x_wconf 45' lang='lat' dir='ltr'><strong>ﬁctus</strong></span> <span class='ocrx_word' id='word_1_719' title='bbox 1464 5531 1696 5608; x_wconf 56' lang='lat' dir='ltr'><strong>versio“:</strong></span> <span class='ocrx_word' id='word_1_720' title='bbox 1733 5528 1939 5608; x_wconf 65' lang='lat' dir='ltr'><strong>Cadent</strong></span> <span class='ocrx_word' id='word_1_721' title='bbox 1991 5531 2045 5584; x_wconf 88' lang='lat' dir='ltr'><strong>in</strong></span> <span class='ocrx_word' id='word_1_722' title='bbox 2105 5546 2194 5608; x_wconf 73' lang='lat' dir='ltr'><strong>ore</strong></span> 
     </span>
    </p>
   </div>
   <div class='ocr_carea' id='block_1_110' title="bbox 606 5599 2196 5677">
    <p class='ocr_par' dir='ltr' id='par_1_110' title="bbox 606 5599 2196 5677">
     <span class='ocr_line' id='line_1_110' title="bbox 606 5599 2196 5677; baseline -0.006 -13"><span class='ocrx_word' id='word_1_723' title='bbox 606 5599 796 5677; x_wconf 73' lang='lat' dir='ltr'><strong>gladii.</strong></span> <span class='ocrx_word' id='word_1_724' title='bbox 829 5599 1060 5675; x_wconf 73' lang='lat' dir='ltr'><strong>Gregor.</strong></span> <span class='ocrx_word' id='word_1_725' title='bbox 1090 5599 1228 5677; x_wconf 61' lang='lat' dir='ltr'><strong>&quot;_l‘ur_.</strong></span> <span class='ocrx_word' id='word_1_726' title='bbox 1265 5601 1415 5660; x_wconf 79' lang='lat' dir='ltr'><strong>Hist.</strong></span> <span class='ocrx_word' id='word_1_727' title='bbox 1447 5619 1486 5658; x_wconf 86' lang='grc' dir='ltr'>ιι</span> <span class='ocrx_word' id='word_1_728' title='bbox 1522 5619 1536 5656; x_wconf 89' lang='lat'><strong>:</strong></span> <span class='ocrx_word' id='word_1_729' title='bbox 1575 5621 1612 5677; x_wconf 75' lang='lat' dir='ltr'><strong>_t_</strong></span> <span class='ocrx_word' id='word_1_730' title='bbox 1648 5599 1724 5657; x_wconf 80' lang='lat' dir='ltr'><strong>Ne</strong></span> <span class='ocrx_word' id='word_1_731' title='bbox 1755 5601 2012 5677; x_wconf 78' lang='lat' dir='ltr'><strong>u_niversa</strong></span> <span class='ocrx_word' id='word_1_732' title='bbox 2054 5604 2196 5655; x_wconf 84' lang='lat' dir='ltr'><strong>mul-</strong></span> 
     </span>
    </p>
   </div>
   <div class='ocr_carea' id='block_1_111' title="bbox 607 5671 2196 5745">
    <p class='ocr_par' dir='ltr' id='par_1_111' title="bbox 607 5671 2196 5745">
     <span class='ocr_line' id='line_1_111' title="bbox 607 5671 2196 5745; baseline -0.001 -14"><span class='ocrx_word' id='word_1_733' title='bbox 607 5671 789 5733; x_wconf 70' lang='lat' dir='ltr'><strong>iitudo</strong></span> <span class='ocrx_word' id='word_1_734' title='bbox 829 5677 884 5730; x_wconf 87' lang='lat' dir='ltr'><strong>in</strong></span> <span class='ocrx_word' id='word_1_735' title='bbox 923 5671 1020 5731; x_wconf 69' lang='lat' dir='ltr'><strong>ore</strong></span> <span class='ocrx_word' id='word_1_736' title='bbox 1063 5675 1227 5745; x_wconf 79' lang='lat' dir='ltr'><strong>gladii</strong></span> <span class='ocrx_word' id='word_1_737' title='bbox 1269 5683 1478 5745; x_wconf 79' lang='lat' dir='ltr'><strong>rueret.</strong></span> <span class='ocrx_word' id='word_1_738' title='bbox 1514 5691 1534 5726; x_wconf 74' lang='grc' dir='ltr'><strong><em>ι</em></strong></span> <span class='ocrx_word' id='word_1_739' title='bbox 1575 5672 1639 5728; x_wconf 77' lang='lat' dir='ltr'><strong>Et</strong></span> <span class='ocrx_word' id='word_1_740' title='bbox 1686 5688 1749 5740; x_wconf 85' lang='lat' dir='ltr'><strong>ll,</strong></span> <span class='ocrx_word' id='word_1_741' title='bbox 1780 5672 1810 5725; x_wconf 82' lang='lat'><strong>7</strong></span> <span class='ocrx_word' id='word_1_742' title='bbox 1861 5689 1873 5726; x_wconf 91' lang='lat'><strong>:</strong></span> <span class='ocrx_word' id='word_1_743' title='bbox 1925 5689 1944 5724; x_wconf 72' lang='grc' dir='ltr'><strong><em>ι</em></strong></span> <span class='ocrx_word' id='word_1_744' title='bbox 1991 5671 2051 5726; x_wconf 88' lang='lat' dir='ltr'><strong>In</strong></span> <span class='ocrx_word' id='word_1_745' title='bbox 2097 5688 2196 5729; x_wconf 89' lang='lat' dir='ltr'><strong>ore</strong></span> 
     </span>
    </p>
   </div>
   <div class='ocr_carea' id='block_1_112' title="bbox 606 5743 1464 5817">
    <p class='ocr_par' dir='ltr' id='par_1_112' title="bbox 606 5743 1464 5817">
     <span class='ocr_line' id='line_1_112' title="bbox 606 5743 1464 5817; baseline 0.001 -18"><span class='ocrx_word' id='word_1_746' title='bbox 606 5747 776 5817; x_wconf 70' lang='lat' dir='ltr'><strong>gladii</strong></span> <span class='ocrx_word' id='word_1_747' title='bbox 819 5743 1248 5817; x_wconf 37' lang='lat' dir='ltr'><strong>trucidan&#39;tes.‘i</strong></span> <span class='ocrx_word' id='word_1_748' title='bbox 1295 5743 1464 5800; x_wconf 69' lang='lat' dir='ltr'><strong>Fuit.</strong></span> 
     </span>
    </p>
   </div>
   <div class='ocr_carea' id='block_1_113' title="bbox 680 5813 2190 5883">
    <p class='ocr_par' dir='ltr' id='par_1_113' title="bbox 680 5813 2190 5883">
     <span class='ocr_line' id='line_1_113' title="bbox 680 5813 2190 5883; baseline 0 -13"><span class='ocrx_word' id='word_1_749' title='bbox 680 5815 796 5883; x_wconf 58' lang='lat' dir='ltr'><strong>ise)</strong></span> <span class='ocrx_word' id='word_1_750' title='bbox 817 5813 1482 5882; x_wconf 54' lang='lat' dir='ltr'><strong>Subadjumﬁoncilium</strong></span> <span class='ocrx_word' id='word_1_751' title='bbox 1501 5813 1970 5879; x_wconf 65' lang='lat' dir='ltr'><strong>Chalcedonensis,</strong></span> <span class='ocrx_word' id='word_1_752' title='bbox 1993 5823 2190 5870; x_wconf 86' lang='lat' dir='ltr'><strong>aet.m:</strong></span> 
     </span>
    </p>
   </div>
   <div class='ocr_carea' id='block_1_114' title="bbox 609 5883 2191 5958">
    <p class='ocr_par' dir='ltr' id='par_1_114' title="bbox 609 5883 2191 5958">
     <span class='ocr_line' id='line_1_114' title="bbox 609 5883 2191 5958; baseline 0.001 -20"><span class='ocrx_word' id='word_1_753' title='bbox 609 5885 709 5939; x_wconf 76' lang='grc' dir='ltr'><strong>Δεά</strong></span> <span class='ocrx_word' id='word_1_754' title='bbox 753 5885 848 5940; x_wconf 78' lang='grc' dir='ltr'><strong>τοῦ</strong></span> <span class='ocrx_word' id='word_1_755' title='bbox 896 5883 1322 5955; x_wconf 73' lang='grc' dir='ltr'><strong>χαῡωσιωμένου</strong></span> <span class='ocrx_word' id='word_1_756' title='bbox 1368 5883 1763 5957; x_wconf 78' lang='grc' dir='ltr'><strong>μαγιστριανοῦ</strong></span> <span class='ocrx_word' id='word_1_757' title='bbox 1806 5885 2050 5958; x_wconf 80' lang='grc' dir='ltr'><strong>Σεσήρου</strong></span> <span class='ocrx_word' id='word_1_758' title='bbox 2096 5885 2191 5939; x_wconf 74' lang='grc' dir='ltr'><strong>τοῦ</strong></span> 
     </span>
    </p>
   </div>
   <div class='ocr_carea' id='block_1_115' title="bbox 2302 5445 3845 5530">
    <p class='ocr_par' dir='ltr' id='par_1_115' title="bbox 2302 5445 3845 5530">
     <span class='ocr_line' id='line_1_115' title="bbox 2302 5445 3845 5530; baseline -0.009 -13"><span class='ocrx_word' id='word_1_759' title='bbox 2302 5462 2603 5530; x_wconf 77' lang='grc' dir='ltr'><strong>γενομένου</strong></span> <span class='ocrx_word' id='word_1_760' title='bbox 2629 5461 2996 5513; x_wconf 71' lang='grc' dir='ltr'><strong>σουὸαὸιουὸἆ</strong></span> <span class='ocrx_word' id='word_1_761' title='bbox 3030 5460 3132 5530; x_wconf 78' lang='grc' dir='ltr'><strong>τῆς</strong></span> <span class='ocrx_word' id='word_1_762' title='bbox 3180 5459 3376 5530; x_wconf 64' lang='grc' dir='ltr'><strong>σχολῆς</strong></span> <span class='ocrx_word' id='word_1_763' title='bbox 3409 5457 3520 5511; x_wconf 82' lang='grc' dir='ltr'><strong>τῶν</strong></span> <span class='ocrx_word' id='word_1_764' title='bbox 3538 5445 3845 5530; x_wconf 48' lang='grc' dir='ltr'><strong>χαθωοςιῳμξ·</strong></span> 
     </span>
    </p>
   </div>
   <div class='ocr_carea' id='block_1_116' title="bbox 2310 5523 3842 5602">
    <p class='ocr_par' dir='ltr' id='par_1_116' title="bbox 2310 5523 3842 5602">
     <span class='ocr_line' id='line_1_116' title="bbox 2310 5523 3842 5602; baseline -0.011 -16"><span class='ocrx_word' id='word_1_765' title='bbox 2310 5523 2420 5586; x_wconf 58' lang='grc' dir='ltr'><strong>ἔνων</strong></span> <span class='ocrx_word' id='word_1_766' title='bbox 2440 5523 2882 5602; x_wconf 78' lang='grc' dir='ltr'><strong>’μαγιστριανῶν.</strong></span> <span class='ocrx_word' id='word_1_767' title='bbox 2916 5523 3244 5602; x_wconf 74' lang='lat' dir='ltr'><strong>Breviculus</strong></span> <span class='ocrx_word' id='word_1_768' title='bbox 3262 5523 3842 5602; x_wconf 64' lang='lat' dir='ltr'><strong>historiaeEutychiani-</strong></span> 
     </span>
    </p>
   </div>
   <div class='ocr_carea' id='block_1_117' title="bbox 2309 5593 3783 5672">
    <p class='ocr_par' dir='ltr' id='par_1_117' title="bbox 2309 5593 3783 5672">
     <span class='ocr_line' id='line_1_117' title="bbox 2309 5593 3783 5672; baseline -0.009 -14"><span class='ocrx_word' id='word_1_769' title='bbox 2309 5593 2518 5658; x_wconf 69' lang='lat' dir='ltr'><strong>stat-nm</strong></span> <span class='ocrx_word' id='word_1_770' title='bbox 2539 5593 2561 5656; x_wconf 74' lang='grc' dir='ltr'>ἐ</span> <span class='ocrx_word' id='word_1_771' title='bbox 2593 5620 2612 5653; x_wconf 77' lang='grc' dir='ltr'><strong><em>ι</em></strong></span> <span class='ocrx_word' id='word_1_772' title='bbox 2644 5593 3080 5672; x_wconf 71' lang='lat' dir='ltr'><strong>Superveniente</strong></span> <span class='ocrx_word' id='word_1_773' title='bbox 3109 5599 3316 5657; x_wconf 84' lang='lat' dir='ltr'><strong>Uranio</strong></span> <span class='ocrx_word' id='word_1_774' title='bbox 3338 5593 3684 5668; x_wconf 67' lang='lat' dir='ltr'><strong>subadjuvaLi</strong></span> <span class='ocrx_word' id='word_1_775' title='bbox 3710 5593 3783 5646; x_wconf 57' lang='lat' dir='ltr'><strong>In.</strong></span> 
     </span>
    </p>
   </div>
   <div class='ocr_carea' id='block_1_118' title="bbox 2287 5671 3330 5743">
    <p class='ocr_par' dir='ltr' id='par_1_118' title="bbox 2287 5671 3330 5743">
     <span class='ocr_line' id='line_1_118' title="bbox 2287 5671 3330 5743; baseline -0.002 -14"><span class='ocrx_word' id='word_1_776' title='bbox 2287 5709 2294 5714; x_wconf 94' lang='lat'><em>-</em></span> <span class='ocrx_word' id='word_1_777' title='bbox 2378 5675 2493 5743; x_wconf 74' lang='grc'><strong>(47)</strong></span> <span class='ocrx_word' id='word_1_778' title='bbox 2527 5671 2797 5742; x_wconf 70' lang='grc' dir='ltr'><em>Ιηᾳαὶεια.</em></span> <span class='ocrx_word' id='word_1_779' title='bbox 2829 5673 2984 5741; x_wconf 82' lang='lat' dir='ltr'><strong>Apud</strong></span> <span class='ocrx_word' id='word_1_780' title='bbox 3008 5671 3330 5729; x_wconf 87' lang='lat' dir='ltr'><strong>Gruterum.</strong></span> 
     </span>
    </p>
   </div>
   <div class='ocr_carea' id='block_1_119' title="bbox 2379 5737 3840 5815">
    <p class='ocr_par' dir='ltr' id='par_1_119' title="bbox 2379 5737 3840 5815">
     <span class='ocr_line' id='line_1_119' title="bbox 2379 5737 3840 5815; baseline -0.014 -16"><span class='ocrx_word' id='word_1_781' title='bbox 2379 5737 2492 5815; x_wconf 67' lang='grc'><strong>(48)</strong></span> <span class='ocrx_word' id='word_1_782' title='bbox 2528 5737 2823 5800; x_wconf 72' lang='lat' dir='ltr'><strong>Naturam.</strong></span> <span class='ocrx_word' id='word_1_783' title='bbox 2870 5737 3156 5812; x_wconf 61' lang='lat' dir='ltr'><strong>Apuleius.</strong></span> <span class='ocrx_word' id='word_1_784' title='bbox 3207 5743 3242 5796; x_wconf 89' lang='grc' dir='ltr'><strong>Ι.</strong></span> <span class='ocrx_word' id='word_1_785' title='bbox 3276 5757 3396 5796; x_wconf 81' lang='lat' dir='ltr'><strong>vn:</strong></span> <span class='ocrx_word' id='word_1_786' title='bbox 3441 5759 3461 5792; x_wconf 71' lang='grc' dir='ltr'>ι</span> <span class='ocrx_word' id='word_1_787' title='bbox 3512 5737 3623 5792; x_wconf 78' lang='lat' dir='ltr'><strong>Non</strong></span> <span class='ocrx_word' id='word_1_788' title='bbox 3668 5739 3840 5815; x_wconf 83' lang='lat' dir='ltr'><strong>tantum</strong></span> 
     </span>
    </p>
   </div>
   <div class='ocr_carea' id='block_1_120' title="bbox 2304 5813 3844 5882">
    <p class='ocr_par' dir='ltr' id='par_1_120' title="bbox 2304 5813 3844 5882">
     <span class='ocr_line' id='line_1_120' title="bbox 2304 5813 3844 5882; baseline -0.008 -13"><span class='ocrx_word' id='word_1_789' title='bbox 2304 5813 2587 5876; x_wconf 83' lang='lat' dir='ltr'><strong>naturam,</strong></span> <span class='ocrx_word' id='word_1_790' title='bbox 2632 5831 2820 5870; x_wconf 89' lang='lat' dir='ltr'><strong>verum</strong></span> <span class='ocrx_word' id='word_1_791' title='bbox 2867 5817 3032 5870; x_wconf 87' lang='lat' dir='ltr'><strong>etiam</strong></span> <span class='ocrx_word' id='word_1_792' title='bbox 3079 5825 3242 5880; x_wconf 88' lang='lat' dir='ltr'><strong>caput</strong></span> <span class='ocrx_word' id='word_1_793' title='bbox 3279 5827 3506 5882; x_wconf 87' lang='lat' dir='ltr'><strong>quoque</strong></span> <span class='ocrx_word' id='word_1_794' title='bbox 3557 5815 3718 5880; x_wconf 82' lang='lat' dir='ltr'><strong>ipsum</strong></span> <span class='ocrx_word' id='word_1_795' title='bbox 3745 5813 3844 5874; x_wconf 67' lang='lat' dir='ltr'><strong>pes&#39;</strong></span> 
     </span>
    </p>
   </div>
   <div class='ocr_carea' id='block_1_121' title="bbox 2305 5885 3277 5944">
    <p class='ocr_par' dir='ltr' id='par_1_121' title="bbox 2305 5885 3277 5944">
     <span class='ocr_line' id='line_1_121' title="bbox 2305 5885 3277 5944; baseline -0.002 -1"><span class='ocrx_word' id='word_1_796' title='bbox 2305 5888 2448 5943; x_wconf 82' lang='lat' dir='ltr'><strong>simo</strong></span> <span class='ocrx_word' id='word_1_797' title='bbox 2483 5886 2574 5941; x_wconf 79' lang='lat' dir='ltr'><strong>isti</strong></span> <span class='ocrx_word' id='word_1_798' title='bbox 2602 5890 2756 5944; x_wconf 84' lang='lat' dir='ltr'><strong>asino</strong></span> <span class='ocrx_word' id='word_1_799' title='bbox 2787 5887 3027 5943; x_wconf 89' lang='lat' dir='ltr'><strong>demere.</strong></span> <span class='ocrx_word' id='word_1_800' title='bbox 3061 5905 3080 5938; x_wconf 76' lang='grc' dir='ltr'><strong><em>ι</em></strong></span> <span class='ocrx_word' id='word_1_801' title='bbox 3116 5885 3277 5941; x_wconf 71' lang='lat' dir='ltr'><strong>Fuit.</strong></span> 
     </span>
    </p>
   </div>
  </div>
