4088 6474
278 455 420 524 1Ξ9Ἱ

1060 468 1429 531 HISTORIA
1467 466 2048 530 ECCLESIASTICA
2078 470 2184 531 EX
2212 469 2699 534 THEOPHANE.

3407 474 3546 543 1298

277 572 495 629 (thecas
539 587 649 629 non
697 574 918 634 militari
963 577 1228 638 Prasinos
1277 582 1448 651 jubet.
1484 582 1654 639 Porro
1689 582 1860 639 Hera—
1886 587 1933 643 Α
1962 584 2570 652 pervenisset,'divertit
2621 586 2691 641 ad
2720 596 2940 657 portum
2986 584 3245 660 Sophim;
3296 590 3550 662 initoque

280 663 424 720 clins
446 672 649 735 prator
669 667 886 736 Africte,
911 671 1217 728 molestiam
1241 676 1555 746 perpetiens
1582 691 1611 732 a
1639 685 1858 745 senatu,

281 760 499 813 vocavit
533 759 701 816 filium
731 779 893 819 suum
934 763 1246 822 Heraclium
1281 778 1474 823 contra
1499 768 1738 826 Phocam
1775 783 1860 843 ty.

281 864 521 906 rannum
551 852 837 920 mittendi;
878 872 1066 912 verum
1092 866 1146 912 et
1172 859 1478 929 subpraator
1499 860 1619 931 ejus
1649 862 1860 934 Grego-

281 957 378 997 ras
415 945 569 999 misit
627 961 724 1016 per
773 948 981 1003 aridam
1027 949 1271 1006 Nicetam
1323 952 1494 1009 ﬁlium
1528 971 1717 1022 suum,
1749 963 1864 1012 sta-

281 1040 503 1091 tuentes
563 1045 619 1090 nt
648 1038 964 1110 quicunque
991 1057 1061 1097 ex
1087 1043 1171 1099 his
1199 1047 1526 1115 praeveniret
1550 1059 1865 1120 superaret~

281 1138 393 1195 que
429 1133 746 1198 tyrannum,
781 1130 1072 1202 imperium
1110 1148 1375 1196 sumeret.
1414 1142 1531 1196 Hoc
1559 1157 1692 1197 vero
1718 1157 1864 1199 anno

283 1220 463 1275 hiems
493 1226 734 1279 enormis
764 1226 1030 1294 efficitur,
1085 1230 1160 1284 ita
1210 1241 1271 1286 nt
1309 1235 1478 1289 maris
1516 1237 1774 1297 mollities
1809 1238 1863 1292 in

283 1312 478 1381 glaciei
511 1313 770 1371 duritiem
807 1328 1130 1375 verteretur.
1191 1321 1347 1379 Tunc
1395 1324 1609 1381 Phocas
1655 1327 1865 1384 Macro-

283 1405 436 1458 bium
472 1408 783 1463 scribouem
828 1411 995 1479 jussit
1034 1415 1282 1485 sagittari
1341 1419 1485 1487 apud
1536 1420 1864 1491 Septimum,

283 1495 616 1563 pendentem
649 1499 703 1553 in
728 1499 939 1569 lancea,
974 1504 1029 1556 in
1063 1521 1173 1574 quo
1208 1507 1412 1563 tirones
1444 1510 1865 1577 exercebantur,

264 1590 444 1655 quasi
498 1591 784 1645 conscium
857 1594 1182 1650 insidiarum
1235 1612 1481 1654 suarum.
1544 1599 1866 1663 Theodorus

283 1681 434 1734 enim
470 1683 762 1752 praefectus
787 1685 1078 1756 Cappadox
1118 1699 1172 1745 et
1216 1691 1503 1763 Helpidius
1538 1700 1866 1767 prmpositus

282 1778 613 1831 armamenti
640 1788 695 1832 et
718 1780 808 1833 alii
834 1782 1039 1838 diversi
1060 1786 1350 1841 concilium
1370 1787 1619 1846 fecerunt
1651 1793 1706 1847 in
1736 1794 1868 1865 Hip-

281 1866 580 1935 podrumio
638 1871 874 1928 Phocam
937 1876 1246 1944 occidendi,
1312 1890 1365 1936 et
1432 1882 1576 1940 facto
1635 1889 1868 1957 prandio

279 1958 625 2020 Theodorus
646 1967 941 2034 praefectus
988 1974 1303 2040 praetorium
1353 1977 1519 2046 carpit
1553 1979 1635 2036 eis
1685 1990 1871 2039 texere

285 2052 650 2113 intentionem
706 2074 884 2116 suam.
929 2063 1175 2135 Contigit
1224 2076 1405 2123 autem
1467 2072 1580 2127 illic
1631 2073 1870 2132 inveniri

283 2144 644 2201 Anastasium
703 2153 959 2207 comitem
1018 2154 1394 2225 largitionum.
1452 2158 1691 2219 Prandio
1740 2180 1871 2237 ergo

284 2233 461 2304 facto,
499 2247 556 2294 et
576 2245 846 2300 enarratis
879 2246 964 2299 his
1006 2264 1128 2318 quae
1174 2248 1499 2308 insidiarum
1532 2266 1710 2326 erant,
1750 2233 1870 2329 poe-

284 2329 460 2385 nituit
506 2334 865 2391 Anastasium
904 2338 1014 2394 illic
1057 2356 1117 2397 se
1145 2353 1447 2412 repertum,
1482 2355 1539 2402 et
1586 2365 1694 2404 non
1736 2352 1873 2408 dixit

284 2437 415 2491 quas
462 2425 614 2480 cordi
646 2441 747 2483 suo
806 2430 1053 2499 inerant,
1107 2434 1202 2489 sed
1229 2437 1400 2492 siluit.
1433 2440 1499 2493 At
1528 2458 1654 2497 vero
1685 2443 1873 2516 Helpi-

286 2514 419 2568 dius
449 2516 804 2585 perdurabat,
829 2522 1022 2577 dicens
1060 2543 1075 2580 :
1120 2525 1248 2580 Non
1288 2530 1446 2585 milia
1474 2542 1551 2598 ut,
1577 2549 1696 2588 cum
1723 2514 1873 2592 sede-

286 2603 364 2656 rit
397 2603 453 2656 in
495 2607 632 2660 solio
664 2623 823 2677 super
864 2613 1327 2681 Hippodrominm,
1361 2620 1498 2675 hunc
1531 2627 1872 2693 comprehen-

287 2694 444 2759 dam,
480 2707 530 2752 et
555 2700 774 2755 evellam
804 2705 984 2759 oculos
1014 2705 1148 2775 ejus,
1191 2719 1240 2763 et
1262 2710 1339 2763 sic
1368 2727 1488 2764 eum
1518 2714 1879 2785 interficiam’?

290 2785 363 2840 Et
398 2786 760 2857 pollicebatur
779 2794 858 2849 eis
878 2794 1010 2850 dare
1033 2811 1249 2855 currus.
1272 2800 1350 2856 Re
1368 2813 1651 2873 propterea
1678 2804 1875 2863 Phocaa

292 2888 427 2934 nota
478 2896 543 2934 ex
599 2884 913 2952 proditione
942 2886 1221 2944 Anastasii
1274 2889 1439 2953 facta.
1472 2893 1639 2961 jussit
1676 2897 1875 2965 praefe-

292 2982 449 3026 ctum
487 2980 543 3026 et
570 2974 875 3044 flelpidimn
901 2991 965 3034 ac
996 2979 1283 3049 primores,
1305 2983 1395 3052 qui
1422 2986 1699 3043 scivcrant
1734 3005 1874 3056 rem,

292 3077 424 3118 cum
462 3067 610 3119 omni
642 3068 922 3137 diligentia
972 3071 1196 3126 discuti.
1236 3076 1486 3145 Cumque
1528 3077 1877 3136 discuteren-

294 3159 415 3219 tur,
444 3170 592 3224 Aqua:
636 3157 960 3213 insidiarum
1017 3161 1238 3217 fuerant
1270 3163 1400 3220 fassi
1449 3176 1596 3230 sunt,
1631 3178 1685 3223 et
1731 3173 1877 3239 quod

1963 676 2108 734 bello
2141 678 2312 736 vincit
2339 681 2516 751 gratia
2549 678 2759 739 Christi
2784 692 3103 754 tyrannum.
3127 682 3338 757 Vulgus
3361 696 3544 742 autem

1966 770 2112 826 hune
2129 772 2593 843 comprehensum
2628 773 3025 832 interfecerunt
3045 783 3099 832 et
3127 777 3252 845 igne
3274 777 3420 850 apud
3450 775 3549 834 Boi

1963 873 2370 920 cremaverunt.
2426 866 2719 937 Ingressus
2781 882 2914 923 vero
2992 867 3281 926 Heraclius
3344 871 3552 942 regalia

1964 960 2267 1008 coronatus
2310 960 2394 1009 est
2428 968 2457 1007 a
2496 955 2693 1026 Sergio
2734 954 3046 1027 patriarcha
3097 961 3149 1012 in
3197 962 3444 1016 oratorio
3487 959 3548 1017 S.

1967 1042 2233 1115 Stephani
2262 1044 2314 1099 in
2348 1047 2548 1115 palatio
2581 1049 2708 1103 situ.
2752 1047 3030 1105 Coronata
3063 1062 3149 1107 est
3192 1068 3322 1108 vero
3361 1053 3548 1111 eadem

1968 1136 2057 1191 die
2089 1150 2290 1205 sponsa
2318 1152 2538 1209 quoque
2569 1139 3020 1210 ipsius-Eudocia
3057 1145 3111 1198 in
3143 1146 3470 1216 Augustam,
3498 1156 3553 1203 et
3639 1177 3646 1185 -

1969 1230 2183 1296 accepit
2215 1238 2491 1300 uterquea
2523 1231 2718 1303 Sergio
2750 1236 3065 1304 patriarcha
3103 1239 3418 1309 nuptiarum
3458 1255 3555 1297 co-

1971 1332 2158 1386 ronas,
2200 1328 2254 1375 et
2300 1335 2415 1377 uno
2471 1324 2774 1395 eodemque
2813 1327 2902 1382 die
2952 1328 3119 1384 simul
3152 1331 3457 1401 imperator
3500 1341 3557 1388 et

1970 1428 2209 1483 sponsus
2234 1416 2567 1474 ostenditur.
2603 1417 2792 1474 Mense
2820 1435 2952 1475 vero
2985 1420 3128 1476 Maio
3156 1431 3336 1477 castra
3367 1440 3555 1481 move-

1973 1518 2094 1560 runt
2135 1506 2314 1562 Persa:
2358 1517 2552 1563 contra
2599 1509 2836 1581 Syriam,
2870 1521 2923 1566 et
2965 1525 3229 1583 ceperunt
3268 1516 3556 1586 Apamiam

1971 1608 2025 1654 et
2056 1599 2342 1666 Elessam,
2369 1609 2424 1655 et
2463 1612 2732 1657 venerunt
2772 1618 2948 1674 usque
2983 1605 3359 1661 Antiochiam.
3387 1604 3561 1663 Porro

1972 1690 2203 1745 Rmuaui
2250 1702 2609 1748 occurrentes
2652 1695 2732 1749 eis
2777 1695 3021 1764 superati
3078 1705 3241 1765 sunt,
3293 1704 3349 1753 et
3396 1697 3560 1766 periit

1972 1786 2151 1838 omnis
2181 1785 2412 1854 pnpultts
2451 1783 2846 1853 Romanorum,
2874 1789 3011 1843 adeo
3046 1799 3104 1844 ut
3125 1790 3287 1845 valde
3305 1790 3466 1859 pauci
3491 1802 3561 1847 ex

1972 1876 2055 1931 eis
2086 1876 2402 1930 evaderent.

1904 1943 1947 1999 Β
2047 1967 2231 2024 Mundi
2256 1984 2399 2024 anno
2427 1969 2587 2038 6105,
2618 1969 2817 2026 divinae
2839 1972 3245 2030 incarnationis
3267 1973 3558 2051 ann0605,‘

1975 2073 2118 2115 anno
2150 2076 2282 2117 vero
2333 2062 2553 2133 imperii
2585 2065 2825 2121 Heraclii
2852 2065 2889 2119 2
2919 2078 3183 2138 ceperunt
3217 2068 3400 2124 Persae
3439 2068 3563 2124 Cm-

1974 2167 2190 2208 saream
2215 2152 2599 2224 Cappadociae,
2634 2163 2688 2212 et
2713 2158 2950 2227 plurima
2975 2173 3040 2214 ex
3061 2174 3124 2213 ea
3148 2159 3359 2230 captiva
3390 2158 3564 2216 duxe-

1977 2253 2103 2298 runt
2125 2246 2315 2299 millia.
2351 2245 2638 2303 Heraclins
2663 2257 2844 2305 autem
2878 2250 3177 2320 imperator
3217 2252 3425 2307 invenit
3447 2252 3564 2308 dis-

1972 2338 2157 2393 soluta
2207 2338 2286 2394 rei
2351 2340 2584 2410 publieae
2644 2343 2886 2413 negotia,
2957 2342 3227 2413 siquidem
3286 2342 3561 2413 Europam

1976 2430 2186 2488 Avares
2244 2432 2538 2489 reddidere
2585 2433 2888 2501 desertam,
2951 2434 3140 2491 Asiam
3194 2450 3325 2491 vero
3381 2435 3565 2492 Persa

1976 2530 2147 2577 totam
2177 2524 2688 2581 exterminaverunt
2717 2535 2772 2580 et
2802 2526 3057 2582 civitates
3087 2526 3481 2582 desolaverunt
3508 2535 3564 2584 et

1976 2614 2287 2671 Romanum
2320 2616 2374 2671 in
2412 2616 2570 2672 hellis
2613 2618 2917 2674 exercitum
2975 2618 3392 2676 interemerunt.
3428 2618 3565 2687 Qui-

1978 2706 2082 2762 bus
2102 2707 2236 2763 visis
2263 2707 2517 2763 htesita‘re
2543 2711 2709 2780 carpit
2732 2710 2865 2782 quid
2888 2721 3113 2782 ageret:
3140 2719 3397 2768 scrutans
3414 2712 3563 2769 enim

1985 2798 2283 2865 exercitus,
2331 2799 2376 2854 si
2410 2800 2548 2854 forte
2597 2800 2734 2855 salvi
2762 2800 3117 2865 exsisterent,
3169 2800 3312 2856 duos
3349 2810 3563 2856 tantum

1979 2890 2190 2946 invenit
2248 2907 2314 2946 ex
2359 2892 2618 2948 omnibus
2670 2892 2760 2947 his
2810 2894 2901 2962 qui
2957 2906 3082 2947 cum
3142 2893 3329 2949 Phoca
3371 2902 3564 2949 contra

1980 2983 2302 3039 Mauricium
2357 2982 2415 3037 in
2475 2983 2769 3055 tyrannide
2800 2985 3132 3041 militarunt.
3184 2984 3387 3041 Eodem
3421 3001 3569 3043 anno

1980 3081 2145 3128 natus
2177 3080 2264 3127 est
2302 3073 2618 3142 imperatori
2671 3072 2816 3127 illius
2847 3072 2916 3129 de
2970 3074 3234 3137 Eudocia,
3277 3073 3567 3130 lieraclius

1985 3167 2187 3231 minor,
2217 3166 2309 3235 qui
2346 3173 2402 3218 et
2450 3180 2629 3221 novus
2662 3163 3060 3222 Constantinus
3112 3167 3421 3237 appellatus
3458 3173 3566 3223 est.

296 3242 653 3302 Theodorum
689 3251 959 3305 voluerint
985 3253 1166 3310 facere
1186 3255 1509 3327 principem.
1539 3258 1712 3317 Porro
1734 3262 1879 3320 Pho-
1909 3283 1953 3343 ρ
1988 3255 2056 3310 Et
2107 3264 2323 3311 mortua
2357 3262 2444 3311 est
2489 3254 2738 3328 Augusta
2770 3256 2962 3313 eadem
3008 3256 3221 3313 decima
3254 3258 3444 3329 quinta
3483 3257 3571 3312 in-

286 3351 397 3393 cas
420 3339 587 3408 jussit
609 3342 867 3398 decollari
889 3343 1260 3412 Theodorum,
1285 3349 1619 3420 Helpidinm,
1642 3354 1880 3412 Anasta-
1920 3339 1940 3343 ⁷
1985 3348 2251 3404 dictione-

297 3430 445 3485 sium
477 3442 531 3487 et
559 3448 771 3503 onmes,
792 3437 900 3506 'qui
938 3439 1171 3494 insidias
1201 3457 1332 3496 suas
1358 3456 1750 3514 cognoverant.

374 3521 562 3580 Mundi
600 3543 744 3582 anno
806 3526 980 3597 610'},
1032 3533 1234 3587 divina:
1287 3535 1686 3593 incarnationis
1734 3555 1880 3596 anno

296 3616 426 3681 602,
461 3634 608 3675 anno
638 3636 768 3676 vero
800 3625 1011 3692 imperii
1049 3627 1133 3681 sui
1176 3628 1353 3695 primo
1399 3631 1549 3685 venit
1595 3629 1881 3691 Heraclius

297 3711 372 3765 ab
401 3710 585 3766 Africa
608 3726 731 3767 cum
767 3714 1003 3771 navibus
1030 3718 1353 3786 castellatis,
1380 3721 1714 3779 habentibus
1738 3725 1881 3781 intra

295 3816 364 3859 se
397 3805 618 3859 arculas
651 3814 705 3861 et
740 3806 1003 3877 imagines
1037 3810 1131 3866 Dei
1173 3810 1385 3878 Matris,
1421 3816 1884 3883 quemadmodum

290 3891 517 3951 Pisidas
563 3911 782 3967 quoque
823 3898 1093 3970 Georgius
1127 3902 1399 3972 perhibet,
1430 3905 1641 3963 ducens
1672 3910 1886 3966 exerci-

297 3995 420 4042 tum
448 3991 733 4059 copiosum
767 3992 836 4047 ab
859 3994 1043 4049 Africa
1067 4004 1122 4050 et
1148 3994 1498 4055 Mauritania.
1537 3998 1805 4057 Similiter
1833 4013 1888 4059 et

298 4078 514 4147 Nieeta,
554 4082 702 4138 filius
734 4083 991 4157 Cregoras
1025 4088 1266 4156 patricii,
1292 4104 1393 4160 per
1415 4091 1809 4149 Alexandriam
1834 4103 1889 4151 et

296 4168 673 4243 Pentapolim,
705 4175 915 4232 habens
940 4188 1128 4233 secem
1166 4182 1430 4250 populum
1458 4184 1694 4239 multum
1726 4187 1891 4256 pede-

296 4273 494 4318 strem.
535 4264 975 4335 Desponsaverat
1021 4279 1202 4324 autem
1256 4270 1543 4330 Heraclitus
1590 4274 1888 4332 Eudoeiam

301 4358 474 4415 ﬁliam
508 4357 703 4429 Rogati
736 4361 874 4429 Afri,
909 4379 1033 4433 quae
1072 4365 1167 4419 illo
1215 4378 1463 4438 tempore
1495 4370 1892 4430 Constantino-

298 4450 415 4520 poli
450 4459 570 4506 erat
598 4468 704 4507 una
735 4469 859 4510 cum
896 4454 1201 4525 Epiphania
1254 4456 1494 4515 Heraclii
1548 4470 1744 4518 matre.
1775 4466 1890 4520 Au-

301 4546 465 4600 diens
495 4554 676 4602 autem
713 4547 927 4604 Phocas
965 4550 1109 4619 quod
1159 4561 1337 4606 mater
1367 4551 1601 4610 Heraclii
1640 4565 1789 4613 esset
1833 4560 1888 4615 in

2054 3438 2244 3494 Tertio
2289 3438 2504 3509 imperii
2550 3438 2797 3495 'Heraclii
2849 3454 2996 3495 anno
3023 3449 3289 3494 coronata
3320 3448 3406 3495 est
3442 3436 3575 3511 Epi-

1982 3531 2184 3602 phania
2228 3531 2336 3585 filia
2367 3529 2605 3586 Heraclii
2657 3546 2686 3585 a
2737 3531 2930 3603 Sergio
2959 3531 3276 3602 patriarcha
3304 3531 3358 3585 in
3388 3530 3574 3602 Auguo

1982 3631 2145 3687 stam,
2195 3622 2248 3676 in
2278 3622 2524 3678 oratorio
2554 3621 2767 3692 palatii.
2802 3621 3006 3678 Eadem
3040 3636 3172 3677 vero
3208 3623 3385 3693 prima
3427 3622 3572 3677 iudi-

1984 3715 2165 3770 Ctionc
2196 3727 2497 3771 coronatus
2526 3723 2610 3770 est
2648 3713 2938 3771 Heraclius
2980 3715 3191 3786 junior,
3226 3716 3368 3771 filius
3403 3714 3574 3772 ltera-

1983 3807 2099 3872 clii,
2132 3807 2227 3878 qui
2277 3814 2333 3862 et
2384 3806 2804 3875 Constantinus,
2859 3823 2889 3862 a
2937 3808 3202 3879 praedicto
3235 3807 3569 3879 patriarcha.

1988 3897 2192 3954 Eodem
2226 3913 2373 3954 anno
2415 3899 2682 3954 Saraceni
2718 3899 2897 3954 aciem
2943 3908 3138 3956 contra
3186 3900 3399 3972 Syriam
3429 3899 3577 3955 dire-

1988 3997 2210 4057 xerunt,
2269 4001 2325 4046 et
2384 3992 2773 4051 exterminatis
2834 3991 3122 4049 nonnullis
3168 3993 3308 4048 vicis
3367 3992 3578 4049 reversi

1989 4092 2139 4140 sunt.

2068 4178 2228 4233 Anno
2279 4175 2496 4248 imperii
2560 4176 2802 4234 Heraclii
2847 4186 3047 4248 quarto
3092 4184 3358 4249 ceperunt
3397 4178 3579 4233 Persa.

1993 4271 2348 4332 Damascum.
2380 4277 2435 4325 et
2468 4270 2746 4340 captivum
2796 4269 3077 4325 duxerunt
3124 4270 3384 4340 populum
3431 4269 3579 4324 mul-

1994 4372 2133 4418 tum.
2172 4360 2462 4416 Heraclius
2508 4370 2692 4416 autem
2733 4362 3035 4432 imperator
3075 4361 3274 4431 legatis
3297 4361 3363 4416 ad
3398 4362 3578 4420 Chos-

1994 4470 2127 4513 roen
2149 4454 2336 4510 missis
2361 4454 2570 4525 rogavit
2617 4468 2744 4509 eum
2772 4461 2830 4509 ut
2863 4462 3112 4524 parceret
3135 4454 3421 4508 hominum
3450 4470 3580 4511 san-

1996 4548 2214 4619 guinem
2239 4544 2777 4603 (immisericorditer
2840 4544 3153 4600 eﬂundendi
3205 4552 3260 4602 et
3317 4545 3582 4605 diffiniret

302 4642 550 4707 civitate,
576 4659 791 4700 necnon
817 4655 871 4701 et
892 4646 1152 4714 Eudocia,
1173 4663 1296 4719 quae
1318 4650 1420 4706 sibi
1448 4651 1629 4708 fuerat
1646 4654 1890 4726 despon-

2000 4641 2225 4696 tributa.
2258 4637 2362 4705 Qui
2411 4638 2623 4708 legatos
2666 4636 2985 4694 inefﬁcaces
3024 4637 3257 4706 dimisit,
3311 4638 3462 4694 nulla
3497 4638 3582 4697 eis

303 4744 446 4796 sata,
498 4735 677 4790 tenuit
723 4750 818 4789 eas
852 4745 907 4790 et
952 4739 1268 4793 observavit
1296 4740 1350 4793 in
1381 4740 1669 4799 Dominico
1704 4740 1932 4801 tuona-‘

303 4828 500 4895 sterio,
533 4828 680 4898 quod
712 4829 1136 4899 cognominatur
1166 4847 1322 4887 novae
1355 4832 1716 4892 Pmnitentize.
1753 4838 1889 4894 Cum

304 4927 490 4976 autem
523 4920 751 4975 adiisset
778 4919 1063 4976 lleraclius
1094 4923 1367 4994 Abydum,
1400 4924 1607 4981 invenit
1637 4926 1894 4986 Theodo-

268 5022 430 5067 ‘rum
479 5012 735 5067 comitem
777 5012 976 5084 Abydi,
1009 5023 1065 5069 et
1114 5017 1434 5072 sciscitatus
1484 5019 1677 5076 didicit
1727 5025 1797 5078 ab
1828 5040 1893 5081 eo

306 5118 433 5177 qua!
461 5103 939 5175 Constantinopoli
986 5107 1372 5164 movebantur.
1412 5109 1481 5163 At
1512 5127 1643 5168 vero
1678 5113 1893 5172 Phocas

259 5200 466 5265 {misit
507 5197 731 5254 fratrem
785 5213 947 5254 suum
997 5198 1402 5255 Domentiolnm
1440 5204 1766 5272 magistrum
1826 5205 1894 5263 ad

308 5292 705 5348 custodiendos
756 5306 947 5347 muros
986 5292 1201 5363 longos.
1238 5294 1488 5363 Cumque
1532 5299 1895 5366 comperisset

309 5382 627 5438 Heracliam
690 5381 943 5454 Abydum
992 5379 1212 5448 adiisse,
1249 5384 1422 5439 muris
1464 5386 1712 5442 dimissis
1758 5386 1898 5458 fugit

310 5474 875 5545 Constantinopolim.
911 5476 1087 5531 Porro
1116 5474 1406 5531 Heraclius
1452 5476 1597 5548 apud
1641 5478 1894 5550 Abydum

248 5550 253 5553 ⁵
312 5568 524 5639 recepit
562 5582 755 5625 omnes
780 5569 1003 5624 exsules
1028 5568 1330 5640 principes,
1354 5583 1497 5639 quos
1516 5569 1720 5625 ibidem
1757 5569 1900 5626 Pho-

312 5678 411 5719 cas
443 5662 640 5719 exsilio
673 5662 1035 5732 relegaverat,
1072 5669 1127 5718 et
1155 5662 1406 5719 ascendit
1433 5676 1558 5718 cum
1590 5663 1672 5717 eis
1704 5664 1759 5718 in
1792 5663 1903 5720 He-

308 5754 567 5813 racliam.
611 5752 922 5823 Stephanus
953 5761 1135 5809 autem
1169 5752 1351 5823 Cyzici
1385 5753 1765 5822 metropolites
1811 5765 1903 5808 ac-

307 5858 534 5920 ceptum
591 5851 820 5905 stemma
845 5847 913 5903 ab
962 5846 1195 5902 ecclesia
1236 5854 1440 5901 sanctae
1473 5843 1903 5903 DeiGenitricis

308 5939 569 5999 Heraclio
612 5940 823 5996 detulit.
860 5937 1151 6011 Propterea
1206 5954 1327 5997 cum
1371 5936 1903 6009 Constantinopolim

1995 4732 2209 4788 reddita
2255 4730 2490 4793 ratione,
2535 4742 2767 4799 sperans
2789 4729 3263 4800 Comprehendere
3294 4726 3581 4788 Romano-

1994 4839 2118 4879 rum
2179 4823 2357 4879 modis
2385 4821 2644 4878 omnibus
2707 4822 3101 4893 principatum.
3169 4820 3347 4876 Porro
3406 4820 3581 4879 Hera-

1994 4917 2136 4972 clins
2185 4914 2380 4971 eodem
2414 4928 2560 4969 anno
2600 4914 2759 4969 duxit
2790 4915 3003 4970 inceste
3037 4912 3331 4969 Martinam
3362 4923 3579 4985 neptem

1995 5024 2151 5065 suam
2181 5023 2430 5074 uxorem,
2458 5015 2513 5063 et
2550 5007 2929 5077 pronuntiavit
2959 5022 3078 5063 eam
3117 5008 3444 5079 Augustam,
3483 5020 3581 5062 eoo

1995 5108 2251 5155 ronatam
2280 5114 2308 5153 a
2342 5098 2537 5169 Sergio
2570 5099 2913 5168 patriarcha.

2068 5193 2229 5247 Anno
2282 5191 2496 5261 imperii
2548 5191 2785 5246 Heraclii
2842 5191 3033 5261 quinto
3085 5195 3347 5260 ceperunt
3402 5186 3584 5244 Persa

1999 5284 2294 5342 Jordanem
2336 5285 2495 5350 bello,‘
2519 5294 2574 5341 et
2622 5283 2975 5340 Palrestinam
3008 5291 3062 5336 et
3096 5290 3344 5337 sanctam
3384 5280 3582 5335 civita-

1996 5388 2129 5444 tem',
2158 5384 2217 5432 et
2248 5374 2453 5432 multos
2490 5377 2545 5430 in
2581 5390 2645 5431 ea
2680 5388 2781 5445 per
2823 5372 3138 5427 Iudaeorum
3174 5386 3370 5427 manus
3413 5371 3587 5428 inter-

2000 5470 2269 5536 fecerunt,
2321 5468 2375 5523 id
2427 5478 2531 5532 est,
2563 5474 2625 5520 ut
2673 5465 2898 5536 quidam
2935 5463 3111 5529 aiunt,
3145 5464 3317 5519 millia
3360 5462 3451 5518 90.
3486 5462 3582 5520 Isti

2001 5561 2155 5618 enim
2177 5565 2425 5617 ementes
2457 5556 2827 5621 Christianos,
2861 5564 3021 5625 prout
3051 5554 3435 5626 unusquisque
3458 5566 3587 5624 pre-

2002 5655 2143 5710 tium
2178 5653 2384 5709 habere
2426 5658 2663 5723 poterat,
2713 5646 3043 5705 occidebant
3097 5661 3215 5704 eos.
3263 5645 3586 5702 Zachariam

2004 5765 2139 5807 vero
2170 5747 2729 5821 Hierosolymitanum
2782 5745 3075 5816 praesulem
3127 5744 3587 5813 comprehensum

2006 5853 2060 5901 et
2094 5844 2334 5916 pretiosa
2388 5853 2444 5898 et
2494 5841 2709 5898 viviﬂca
2767 5839 2913 5911 ligna
2944 5853 3071 5894 cum
3105 5838 3278 5893 multa
3310 5836 3490 5909 praeda
3532 5834 3590 5890 in

2007 5935 2290 5994 Persidem
2324 5933 2693 5992 abduxerunt.
2742 5928 2949 5987 Eodem
2982 5945 3127 5987 anno
3162 5936 3326 5985 natus
3370 5926 3590 5982 cst'im-
