  <div class='ocr_page' id='page_1' title='image "/cluster/home/n/w/nwhite01/storage/ocr_20150623/108/coo.31924054870120/655.png"; bbox 0 0 4088 6416; ppageno 0'>
   <div class='ocr_carea' id='block_1_1' title="bbox 561 411 954 480">
    <p class='ocr_par' dir='ltr' id='par_1_1' title="bbox 561 411 954 480">
     <span class='ocr_line' id='line_1_1' title="bbox 561 411 954 480; baseline 0.005 -4"><span class='ocrx_word' id='word_1_1' title='bbox 561 411 701 480; x_wconf 66' lang='grc'><strong>1299</strong></span> <span class='ocrx_word' id='word_1_2' title='bbox 925 419 954 438; x_wconf 87' lang='lat'><strong>&quot;&#39;</strong></span> 
     </span>
    </p>
   </div>
   <div class='ocr_carea' id='block_1_2' title="bbox 1661 409 2736 475">
    <p class='ocr_par' dir='ltr' id='par_1_2' title="bbox 1661 409 2736 475">
     <span class='ocr_line' id='line_1_2' title="bbox 1661 409 2736 475; baseline -0.001 -3"><span class='ocrx_word' id='word_1_3' title='bbox 1661 411 2064 474; x_wconf 70' lang='lat' dir='ltr'><strong>ANASTASII</strong></span> <span class='ocrx_word' id='word_1_4' title='bbox 2105 409 2736 475; x_wconf 75' lang='lat' dir='ltr'><strong>BIBLIOTHECARII</strong></span> 
     </span>
    </p>
   </div>
   <div class='ocr_carea' id='block_1_3' title="bbox 3704 394 3844 462">
    <p class='ocr_par' dir='ltr' id='par_1_3' title="bbox 3704 394 3844 462">
     <span class='ocr_line' id='line_1_3' title="bbox 3704 394 3844 462; baseline -0.007 -1"><span class='ocrx_word' id='word_1_5' title='bbox 3704 394 3844 462; x_wconf 66' lang='lat'><strong>1360</strong></span> 
     </span>
    </p>
   </div>
   <div class='ocr_carea' id='block_1_4' title="bbox 557 524 3853 600">
    <p class='ocr_par' dir='ltr' id='par_1_4' title="bbox 557 524 3853 600">
     <span class='ocr_line' id='line_1_4' title="bbox 557 524 3853 600; baseline -0.004 -17"><span class='ocrx_word' id='word_1_6' title='bbox 557 529 795 600; x_wconf 78' lang='lat' dir='ltr'><strong>peratori</strong></span> <span class='ocrx_word' id='word_1_7' title='bbox 832 528 1232 585; x_wconf 83' lang='lat' dir='ltr'><strong>Consmntinus</strong></span> <span class='ocrx_word' id='word_1_8' title='bbox 1284 529 1446 596; x_wconf 83' lang='lat' dir='ltr'><strong>allus,</strong></span> <span class='ocrx_word' id='word_1_9' title='bbox 1497 536 1552 584; x_wconf 86' lang='lat' dir='ltr'><strong>et</strong></span> <span class='ocrx_word' id='word_1_10' title='bbox 1611 527 1921 597; x_wconf 73' lang='lat' dir='ltr'><strong>baptizatus</strong></span> <span class='ocrx_word' id='word_1_11' title='bbox 1962 531 2048 582; x_wconf 85' lang='lat' dir='ltr'><strong>est</strong></span> <span class='ocrx_word' id='word_1_12' title='bbox 2083 524 2137 580; x_wconf 86' lang='lat' dir='ltr'><strong>in</strong></span> <span class='ocrx_word' id='word_1_13' title='bbox 2175 525 2220 586; x_wconf 79' lang='grc' dir='ltr'><strong>Δ</strong></span> <span class='ocrx_word' id='word_1_14' title='bbox 2250 536 2446 583; x_wconf 89' lang='lat' dir='ltr'><strong>contra</strong></span> <span class='ocrx_word' id='word_1_15' title='bbox 2503 526 2812 582; x_wconf 80' lang='lat' dir='ltr'><strong>Persidem.</strong></span> <span class='ocrx_word' id='word_1_16' title='bbox 2865 525 3113 596; x_wconf 76' lang='lat' dir='ltr'><strong>Sumptis</strong></span> <span class='ocrx_word' id='word_1_17' title='bbox 3141 532 3326 578; x_wconf 81' lang='lat' dir='ltr'><strong>autem</strong></span> <span class='ocrx_word' id='word_1_18' title='bbox 3373 529 3569 575; x_wconf 85' lang='lat' dir='ltr'><strong>mutuo</strong></span> <span class='ocrx_word' id='word_1_19' title='bbox 3620 527 3853 570; x_wconf 80' lang='lat' dir='ltr'><strong>venera-</strong></span> 
     </span>
    </p>
   </div>
   <div class='ocr_carea' id='block_1_5' title="bbox 559 619 1533 692">
    <p class='ocr_par' dir='ltr' id='par_1_5' title="bbox 559 619 1533 692">
     <span class='ocr_line' id='line_1_5' title="bbox 559 619 1533 692; baseline 0 -18"><span class='ocrx_word' id='word_1_20' title='bbox 559 621 877 677; x_wconf 84' lang='lat' dir='ltr'><strong>Blachernis</strong></span> <span class='ocrx_word' id='word_1_21' title='bbox 909 637 937 674; x_wconf 87' lang='lat' dir='ltr'><strong>a</strong></span> <span class='ocrx_word' id='word_1_22' title='bbox 977 619 1168 690; x_wconf 83' lang='lat' dir='ltr'><strong>Sergio</strong></span> <span class='ocrx_word' id='word_1_23' title='bbox 1195 619 1533 692; x_wconf 75' lang='lat' dir='ltr'><strong>patriarcha.</strong></span> 
     </span>
    </p>
   </div>
   <div class='ocr_carea' id='block_1_6' title="bbox 627 707 2148 783">
    <p class='ocr_par' dir='ltr' id='par_1_6' title="bbox 627 707 2148 783">
     <span class='ocr_line' id='line_1_6' title="bbox 627 707 2148 783; baseline -0.004 -15"><span class='ocrx_word' id='word_1_24' title='bbox 627 713 786 769; x_wconf 72' lang='lat' dir='ltr'><strong>Anno</strong></span> <span class='ocrx_word' id='word_1_25' title='bbox 845 711 1058 783; x_wconf 86' lang='lat' dir='ltr'><strong>imperii</strong></span> <span class='ocrx_word' id='word_1_26' title='bbox 1120 709 1355 767; x_wconf 82' lang='lat' dir='ltr'><strong>Heraclii</strong></span> <span class='ocrx_word' id='word_1_27' title='bbox 1411 720 1567 768; x_wconf 86' lang='lat' dir='ltr'><strong>sexto</strong></span> <span class='ocrx_word' id='word_1_28' title='bbox 1626 719 1890 782; x_wconf 84' lang='lat' dir='ltr'><strong>ceperunt</strong></span> <span class='ocrx_word' id='word_1_29' title='bbox 1968 707 2148 764; x_wconf 83' lang='lat' dir='ltr'><strong>Persae</strong></span> 
     </span>
    </p>
   </div>
   <div class='ocr_carea' id='block_1_7' title="bbox 558 803 2148 877">
    <p class='ocr_par' dir='ltr' id='par_1_7' title="bbox 558 803 2148 877">
     <span class='ocr_line' id='line_1_7' title="bbox 558 803 2148 877; baseline -0.003 -18"><span class='ocrx_word' id='word_1_30' title='bbox 558 815 728 859; x_wconf 87' lang='lat' dir='ltr'><strong>totam</strong></span> <span class='ocrx_word' id='word_1_31' title='bbox 761 805 1057 877; x_wconf 64' lang='lat' dir='ltr'><strong>Egyptum</strong></span> <span class='ocrx_word' id='word_1_32' title='bbox 1090 814 1145 860; x_wconf 93' lang='lat' dir='ltr'><strong>et</strong></span> <span class='ocrx_word' id='word_1_33' title='bbox 1175 803 1565 860; x_wconf 77' lang='lat' dir='ltr'><strong>Alexandriam</strong></span> <span class='ocrx_word' id='word_1_34' title='bbox 1601 812 1656 859; x_wconf 90' lang='lat' dir='ltr'><strong>et</strong></span> <span class='ocrx_word' id='word_1_35' title='bbox 1706 803 1929 873; x_wconf 81' lang='lat' dir='ltr'><strong>Libyam</strong></span> <span class='ocrx_word' id='word_1_36' title='bbox 1970 814 2148 871; x_wconf 87' lang='lat' dir='ltr'><strong>usque</strong></span> 
     </span>
    </p>
   </div>
   <div class='ocr_carea' id='block_1_8' title="bbox 557 892 2150 969">
    <p class='ocr_par' dir='ltr' id='par_1_8' title="bbox 557 892 2150 969">
     <span class='ocr_line' id='line_1_8' title="bbox 557 892 2150 969; baseline -0.002 -18"><span class='ocrx_word' id='word_1_37' title='bbox 557 900 624 954; x_wconf 89' lang='lat' dir='ltr'><strong>ad</strong></span> <span class='ocrx_word' id='word_1_38' title='bbox 654 897 1018 968; x_wconf 61' lang='lat' dir='ltr'><strong>Ethiopian],</strong></span> <span class='ocrx_word' id='word_1_39' title='bbox 1052 899 1330 968; x_wconf 89' lang='lat' dir='ltr'><strong>multaque</strong></span> <span class='ocrx_word' id='word_1_40' title='bbox 1369 897 1548 969; x_wconf 60' lang='lat' dir='ltr'><strong>praeda</strong></span> <span class='ocrx_word' id='word_1_41' title='bbox 1583 905 1802 965; x_wconf 88' lang='lat' dir='ltr'><strong>sumpta</strong></span> <span class='ocrx_word' id='word_1_42' title='bbox 1836 904 1891 951; x_wconf 88' lang='lat' dir='ltr'><strong>et</strong></span> <span class='ocrx_word' id='word_1_43' title='bbox 1933 892 2150 950; x_wconf 76' lang='lat' dir='ltr'><strong>exuviis</strong></span> 
     </span>
    </p>
   </div>
   <div class='ocr_carea' id='block_1_9' title="bbox 557 990 2146 1064">
    <p class='ocr_par' dir='ltr' id='par_1_9' title="bbox 557 990 2146 1064">
     <span class='ocr_line' id='line_1_9' title="bbox 557 990 2146 1064; baseline -0.006 -17"><span class='ocrx_word' id='word_1_44' title='bbox 557 993 982 1062; x_wconf 87' lang='lat' dir='ltr'><strong>quamplurimis</strong></span> <span class='ocrx_word' id='word_1_45' title='bbox 1033 1000 1086 1048; x_wconf 90' lang='lat' dir='ltr'><strong>et</strong></span> <span class='ocrx_word' id='word_1_46' title='bbox 1123 993 1373 1064; x_wconf 76' lang='lat' dir='ltr'><strong>pecuniis</strong></span> <span class='ocrx_word' id='word_1_47' title='bbox 1423 991 1493 1047; x_wconf 88' lang='lat' dir='ltr'><strong>ad</strong></span> <span class='ocrx_word' id='word_1_48' title='bbox 1549 990 1770 1061; x_wconf 87' lang='lat' dir='ltr'><strong>propria</strong></span> <span class='ocrx_word' id='word_1_49' title='bbox 1809 993 2146 1044; x_wconf 75' lang='lat' dir='ltr'><strong>remearunt.</strong></span> 
     </span>
    </p>
   </div>
   <div class='ocr_carea' id='block_1_10' title="bbox 558 1078 2151 1154">
    <p class='ocr_par' dir='ltr' id='par_1_10' title="bbox 558 1078 2151 1154">
     <span class='ocr_line' id='line_1_10' title="bbox 558 1078 2151 1154; baseline -0.005 -14"><span class='ocrx_word' id='word_1_50' title='bbox 558 1084 943 1154; x_wconf 88' lang='lat' dir='ltr'><strong>Carthaginem</strong></span> <span class='ocrx_word' id='word_1_51' title='bbox 985 1095 1166 1139; x_wconf 90' lang='lat' dir='ltr'><strong>autem</strong></span> <span class='ocrx_word' id='word_1_52' title='bbox 1205 1099 1404 1154; x_wconf 85' lang='lat' dir='ltr'><strong>capere</strong></span> <span class='ocrx_word' id='word_1_53' title='bbox 1431 1084 1658 1139; x_wconf 88' lang='lat' dir='ltr'><strong>minime</strong></span> <span class='ocrx_word' id='word_1_54' title='bbox 1705 1081 2018 1147; x_wconf 86' lang='lat' dir='ltr'><strong>valuerunt,</strong></span> <span class='ocrx_word' id='word_1_55' title='bbox 2055 1078 2151 1135; x_wconf 89' lang='lat' dir='ltr'><strong>sed</strong></span> 
     </span>
    </p>
   </div>
   <div class='ocr_carea' id='block_1_11' title="bbox 557 1176 1984 1233">
    <p class='ocr_par' dir='ltr' id='par_1_11' title="bbox 557 1176 1984 1233">
     <span class='ocr_line' id='line_1_11' title="bbox 557 1176 1984 1233; baseline -0.004 -2"><span class='ocrx_word' id='word_1_56' title='bbox 557 1177 812 1232; x_wconf 85' lang='lat' dir='ltr'><strong>custodia</strong></span> <span class='ocrx_word' id='word_1_57' title='bbox 861 1177 1089 1232; x_wconf 86' lang='lat' dir='ltr'><strong>dimissa</strong></span> <span class='ocrx_word' id='word_1_58' title='bbox 1121 1176 1413 1233; x_wconf 84' lang='lat' dir='ltr'><strong>obsidendi</strong></span> <span class='ocrx_word' id='word_1_59' title='bbox 1454 1191 1578 1232; x_wconf 89' lang='lat' dir='ltr'><strong>eam</strong></span> <span class='ocrx_word' id='word_1_60' title='bbox 1615 1181 1984 1231; x_wconf 87' lang='lat' dir='ltr'><strong>recesserunt.</strong></span> 
     </span>
    </p>
   </div>
   <div class='ocr_carea' id='block_1_12' title="bbox 629 1265 2148 1341">
    <p class='ocr_par' dir='ltr' id='par_1_12' title="bbox 629 1265 2148 1341">
     <span class='ocr_line' id='line_1_12' title="bbox 629 1265 2148 1341; baseline -0.005 -18"><span class='ocrx_word' id='word_1_61' title='bbox 629 1270 1023 1340; x_wconf 80' lang='lat' dir='ltr'><strong>Annoimperii</strong></span> <span class='ocrx_word' id='word_1_62' title='bbox 1053 1267 1290 1324; x_wconf 85' lang='lat' dir='ltr'><strong>Heraclii</strong></span> <span class='ocrx_word' id='word_1_63' title='bbox 1323 1268 1559 1341; x_wconf 88' lang='lat' dir='ltr'><strong>septimo</strong></span> <span class='ocrx_word' id='word_1_64' title='bbox 1593 1277 1777 1323; x_wconf 88' lang='lat' dir='ltr'><strong>castra</strong></span> <span class='ocrx_word' id='word_1_65' title='bbox 1804 1265 1992 1320; x_wconf 86' lang='lat' dir='ltr'><strong>ntetati</strong></span> <span class='ocrx_word' id='word_1_66' title='bbox 2021 1271 2148 1320; x_wconf 87' lang='lat' dir='ltr'><strong>sunt</strong></span> 
     </span>
    </p>
   </div>
   <div class='ocr_carea' id='block_1_13' title="bbox 560 1362 2153 1438">
    <p class='ocr_par' dir='ltr' id='par_1_13' title="bbox 560 1362 2153 1438">
     <span class='ocr_line' id='line_1_13' title="bbox 560 1362 2153 1438; baseline -0.006 -14"><span class='ocrx_word' id='word_1_67' title='bbox 560 1367 744 1436; x_wconf 71' lang='lat' dir='ltr'><strong>Persa:</strong></span> <span class='ocrx_word' id='word_1_68' title='bbox 791 1377 986 1424; x_wconf 88' lang='lat' dir='ltr'><strong>contra</strong></span> <span class='ocrx_word' id='word_1_69' title='bbox 1028 1367 1441 1438; x_wconf 81' lang='lat' dir='ltr'><strong>Carthaginem,</strong></span> <span class='ocrx_word' id='word_1_70' title='bbox 1496 1380 1662 1436; x_wconf 89' lang='lat' dir='ltr'><strong>quam</strong></span> <span class='ocrx_word' id='word_1_71' title='bbox 1719 1371 1774 1418; x_wconf 92' lang='lat' dir='ltr'><strong>et</strong></span> <span class='ocrx_word' id='word_1_72' title='bbox 1808 1362 1950 1418; x_wconf 91' lang='lat' dir='ltr'><strong>bello</strong></span> <span class='ocrx_word' id='word_1_73' title='bbox 1991 1376 2153 1432; x_wconf 88' lang='lat' dir='ltr'><strong>cepe-</strong></span> 
     </span>
    </p>
   </div>
   <div class='ocr_carea' id='block_1_14' title="bbox 563 1455 2152 1524">
    <p class='ocr_par' dir='ltr' id='par_1_14' title="bbox 563 1455 2152 1524">
     <span class='ocr_line' id='line_1_14' title="bbox 563 1455 2152 1524; baseline -0.005 -6"><span class='ocrx_word' id='word_1_74' title='bbox 563 1471 712 1524; x_wconf 85' lang='lat' dir='ltr'><strong>runt.</strong></span> <span class='ocrx_word' id='word_1_75' title='bbox 753 1459 958 1516; x_wconf 87' lang='lat' dir='ltr'><strong>Eodem</strong></span> <span class='ocrx_word' id='word_1_76' title='bbox 1005 1475 1150 1515; x_wconf 88' lang='lat' dir='ltr'><strong>anno</strong></span> <span class='ocrx_word' id='word_1_77' title='bbox 1187 1459 1382 1514; x_wconf 86' lang='lat' dir='ltr'><strong>consul</strong></span> <span class='ocrx_word' id='word_1_78' title='bbox 1419 1459 1598 1514; x_wconf 87' lang='lat' dir='ltr'><strong>factus</strong></span> <span class='ocrx_word' id='word_1_79' title='bbox 1635 1466 1721 1512; x_wconf 89' lang='lat' dir='ltr'><strong>est</strong></span> <span class='ocrx_word' id='word_1_80' title='bbox 1755 1455 2152 1512; x_wconf 83' lang='lat' dir='ltr'><strong>Constantinus</strong></span> 
     </span>
    </p>
   </div>
   <div class='ocr_carea' id='block_1_15' title="bbox 559 1548 2154 1625">
    <p class='ocr_par' dir='ltr' id='par_1_15' title="bbox 559 1548 2154 1625">
     <span class='ocr_line' id='line_1_15' title="bbox 559 1548 2154 1625; baseline -0.007 -17"><span class='ocrx_word' id='word_1_81' title='bbox 559 1553 769 1625; x_wconf 87' lang='lat' dir='ltr'><strong>junior,</strong></span> <span class='ocrx_word' id='word_1_82' title='bbox 801 1553 894 1622; x_wconf 91' lang='lat' dir='ltr'><strong>qui</strong></span> <span class='ocrx_word' id='word_1_83' title='bbox 941 1561 995 1608; x_wconf 85' lang='lat' dir='ltr'><strong>et</strong></span> <span class='ocrx_word' id='word_1_84' title='bbox 1052 1551 1359 1618; x_wconf 67' lang='lat' dir='ltr'><strong>Heraclitus,</strong></span> <span class='ocrx_word' id='word_1_85' title='bbox 1391 1559 1445 1606; x_wconf 93' lang='lat' dir='ltr'><strong>et</strong></span> <span class='ocrx_word' id='word_1_86' title='bbox 1474 1548 1706 1604; x_wconf 38' lang='lat' dir='ltr'><strong>l‘leraclii</strong></span> <span class='ocrx_word' id='word_1_87' title='bbox 1733 1548 1896 1610; x_wconf 86' lang='lat' dir='ltr'><strong>lilius,</strong></span> <span class='ocrx_word' id='word_1_88' title='bbox 1940 1555 1992 1601; x_wconf 85' lang='lat' dir='ltr'><strong>et</strong></span> <span class='ocrx_word' id='word_1_89' title='bbox 2025 1561 2154 1616; x_wconf 89' lang='lat' dir='ltr'><strong>pro-</strong></span> 
     </span>
    </p>
   </div>
   <div class='ocr_carea' id='block_1_16' title="bbox 563 1636 2154 1702">
    <p class='ocr_par' dir='ltr' id='par_1_16' title="bbox 563 1636 2154 1702">
     <span class='ocr_line' id='line_1_16' title="bbox 563 1636 2154 1702; baseline -0.006 -1"><span class='ocrx_word' id='word_1_90' title='bbox 563 1647 711 1702; x_wconf 80' lang='lat' dir='ltr'><strong>vexit</strong></span> <span class='ocrx_word' id='word_1_91' title='bbox 741 1647 794 1700; x_wconf 90' lang='lat' dir='ltr'><strong>in</strong></span> <span class='ocrx_word' id='word_1_92' title='bbox 844 1645 1114 1701; x_wconf 82' lang='lat' dir='ltr'><strong>Caesarem</strong></span> <span class='ocrx_word' id='word_1_93' title='bbox 1164 1643 1588 1700; x_wconf 89' lang='lat' dir='ltr'><strong>Constantinum</strong></span> <span class='ocrx_word' id='word_1_94' title='bbox 1629 1641 1894 1695; x_wconf 87' lang='lat' dir='ltr'><strong>minorem</strong></span> <span class='ocrx_word' id='word_1_95' title='bbox 1927 1636 2154 1693; x_wconf 80' lang='lat' dir='ltr'><strong>fratrem</strong></span> 
     </span>
    </p>
   </div>
   <div class='ocr_carea' id='block_1_17' title="bbox 563 1735 1797 1809">
    <p class='ocr_par' dir='ltr' id='par_1_17' title="bbox 563 1735 1797 1809">
     <span class='ocr_line' id='line_1_17' title="bbox 563 1735 1797 1809; baseline -0.005 -13"><span class='ocrx_word' id='word_1_96' title='bbox 563 1757 750 1802; x_wconf 89' lang='lat' dir='ltr'><strong>suum,</strong></span> <span class='ocrx_word' id='word_1_97' title='bbox 787 1757 853 1795; x_wconf 84' lang='lat' dir='ltr'><strong>ex</strong></span> <span class='ocrx_word' id='word_1_98' title='bbox 894 1738 1148 1794; x_wconf 81' lang='lat' dir='ltr'><strong>Heraclio</strong></span> <span class='ocrx_word' id='word_1_99' title='bbox 1179 1738 1422 1809; x_wconf 79' lang='lat' dir='ltr'><strong>genitum</strong></span> <span class='ocrx_word' id='word_1_100' title='bbox 1457 1746 1510 1791; x_wconf 90' lang='lat' dir='ltr'><strong>et</strong></span> <span class='ocrx_word' id='word_1_101' title='bbox 1543 1735 1797 1792; x_wconf 85' lang='lat' dir='ltr'><strong>Martina.</strong></span> 
     </span>
    </p>
   </div>
   <div class='ocr_carea' id='block_1_18' title="bbox 638 1826 2157 1900">
    <p class='ocr_par' dir='ltr' id='par_1_18' title="bbox 638 1826 2157 1900">
     <span class='ocr_line' id='line_1_18' title="bbox 638 1826 2157 1900; baseline -0.001 -17"><span class='ocrx_word' id='word_1_102' title='bbox 638 1830 799 1884; x_wconf 82' lang='lat' dir='ltr'><strong>Auno</strong></span> <span class='ocrx_word' id='word_1_103' title='bbox 837 1831 1046 1900; x_wconf 90' lang='lat' dir='ltr'><strong>imperii</strong></span> <span class='ocrx_word' id='word_1_104' title='bbox 1080 1831 1164 1885; x_wconf 90' lang='lat' dir='ltr'><strong>sui</strong></span> <span class='ocrx_word' id='word_1_105' title='bbox 1198 1837 1394 1884; x_wconf 82' lang='lat' dir='ltr'><strong>octavo</strong></span> <span class='ocrx_word' id='word_1_106' title='bbox 1429 1844 1626 1884; x_wconf 90' lang='lat' dir='ltr'><strong>rursus</strong></span> <span class='ocrx_word' id='word_1_107' title='bbox 1668 1826 1954 1884; x_wconf 89' lang='lat' dir='ltr'><strong>Ileraclius</strong></span> <span class='ocrx_word' id='word_1_108' title='bbox 2008 1826 2157 1882; x_wconf 80' lang='lat' dir='ltr'><strong>misit</strong></span> 
     </span>
    </p>
   </div>
   <div class='ocr_carea' id='block_1_19' title="bbox 2257 609 3855 689">
    <p class='ocr_par' dir='ltr' id='par_1_19' title="bbox 2257 609 3855 689">
     <span class='ocr_line' id='line_1_19' title="bbox 2257 609 3855 689; baseline -0.011 -13"><span class='ocrx_word' id='word_1_109' title='bbox 2257 619 2458 682; x_wconf 87' lang='lat' dir='ltr'><strong>bilium</strong></span> <span class='ocrx_word' id='word_1_110' title='bbox 2515 617 2811 674; x_wconf 88' lang='lat' dir='ltr'><strong>domorum</strong></span> <span class='ocrx_word' id='word_1_111' title='bbox 2855 616 3110 689; x_wconf 80' lang='lat' dir='ltr'><strong>pecuniis</strong></span> <span class='ocrx_word' id='word_1_112' title='bbox 3164 614 3351 684; x_wconf 83' lang='lat' dir='ltr'><strong>aporia</strong></span> <span class='ocrx_word' id='word_1_113' title='bbox 3401 609 3514 682; x_wconf 66' lang='lat'><strong>(49)</strong></span> <span class='ocrx_word' id='word_1_114' title='bbox 3550 614 3855 666; x_wconf 87' lang='lat' dir='ltr'><strong>coartatus.</strong></span> 
     </span>
    </p>
   </div>
   <div class='ocr_carea' id='block_1_20' title="bbox 2257 695 3856 783">
    <p class='ocr_par' dir='ltr' id='par_1_20' title="bbox 2257 695 3856 783">
     <span class='ocr_line' id='line_1_20' title="bbox 2257 695 3856 783; baseline -0.009 -17"><span class='ocrx_word' id='word_1_115' title='bbox 2257 713 2470 783; x_wconf 83' lang='lat' dir='ltr'><strong>accepit</strong></span> <span class='ocrx_word' id='word_1_116' title='bbox 2532 713 2698 768; x_wconf 87' lang='lat' dir='ltr'><strong>etiam</strong></span> <span class='ocrx_word' id='word_1_117' title='bbox 2757 710 3007 766; x_wconf 77' lang='lat' dir='ltr'><strong>ecclesia:</strong></span> <span class='ocrx_word' id='word_1_118' title='bbox 3064 708 3273 779; x_wconf 73' lang='lat' dir='ltr'><strong>Magna:</strong></span> <span class='ocrx_word' id='word_1_119' title='bbox 3334 705 3532 759; x_wconf 91' lang='lat' dir='ltr'><strong>multas</strong></span> <span class='ocrx_word' id='word_1_120' title='bbox 3597 695 3856 755; x_wconf 83' lang='lat' dir='ltr'><strong>candelas</strong></span> 
     </span>
    </p>
   </div>
   <div class='ocr_carea' id='block_1_21' title="bbox 2259 789 3853 871">
    <p class='ocr_par' dir='ltr' id='par_1_21' title="bbox 2259 789 3853 871">
     <span class='ocr_line' id='line_1_21' title="bbox 2259 789 3853 871; baseline -0.011 -9"><span class='ocrx_word' id='word_1_121' title='bbox 2259 806 2520 871; x_wconf 86' lang='lat' dir='ltr'><strong>ferentia,</strong></span> <span class='ocrx_word' id='word_1_122' title='bbox 2555 805 2720 862; x_wconf 88' lang='lat' dir='ltr'><strong>simul</strong></span> <span class='ocrx_word' id='word_1_123' title='bbox 2771 817 2826 860; x_wconf 83' lang='lat' dir='ltr'><strong>et</strong></span> <span class='ocrx_word' id='word_1_124' title='bbox 2875 805 2980 859; x_wconf 81' lang='lat' dir='ltr'><strong>alia</strong></span> <span class='ocrx_word' id='word_1_125' title='bbox 3017 818 3146 858; x_wconf 86' lang='lat' dir='ltr'><strong>vasa</strong></span> <span class='ocrx_word' id='word_1_126' title='bbox 3183 795 3602 856; x_wconf 78' lang='lat' dir='ltr'><strong>ministratoris.</strong></span> <span class='ocrx_word' id='word_1_127' title='bbox 3639 789 3853 858; x_wconf 83' lang='lat' dir='ltr'><strong>Quibus</strong></span> 
     </span>
    </p>
   </div>
   <div class='ocr_carea' id='block_1_22' title="bbox 2257 889 3850 956">
    <p class='ocr_par' dir='ltr' id='par_1_22' title="bbox 2257 889 3850 956">
     <span class='ocr_line' id='line_1_22' title="bbox 2257 889 3850 956; baseline -0.013 0"><span class='ocrx_word' id='word_1_128' title='bbox 2257 899 2510 956; x_wconf 82' lang='lat' dir='ltr'><strong>conflatis</strong></span> <span class='ocrx_word' id='word_1_129' title='bbox 2568 899 2785 956; x_wconf 83' lang='lat' dir='ltr'><strong>exarari</strong></span> <span class='ocrx_word' id='word_1_130' title='bbox 2830 897 2962 952; x_wconf 85' lang='lat' dir='ltr'><strong>fecit</strong></span> <span class='ocrx_word' id='word_1_131' title='bbox 3005 913 3072 951; x_wconf 89' lang='lat' dir='ltr'><strong>ex</strong></span> <span class='ocrx_word' id='word_1_132' title='bbox 3109 895 3196 950; x_wconf 86' lang='lat' dir='ltr'><strong>his</strong></span> <span class='ocrx_word' id='word_1_133' title='bbox 3236 903 3495 947; x_wconf 85' lang='lat' dir='ltr'><strong>nummos</strong></span> <span class='ocrx_word' id='word_1_134' title='bbox 3546 899 3746 941; x_wconf 88' lang='lat' dir='ltr'><strong>aureos</strong></span> <span class='ocrx_word' id='word_1_135' title='bbox 3795 889 3850 936; x_wconf 74' lang='lat' dir='ltr'><strong>et</strong></span> 
     </span>
    </p>
   </div>
   <div class='ocr_carea' id='block_1_23' title="bbox 2259 982 3853 1061">
    <p class='ocr_par' dir='ltr' id='par_1_23' title="bbox 2259 982 3853 1061">
     <span class='ocr_line' id='line_1_23' title="bbox 2259 982 3853 1061; baseline -0.013 -15"><span class='ocrx_word' id='word_1_136' title='bbox 2259 1000 2552 1061; x_wconf 83' lang='lat' dir='ltr'><strong>argenteos</strong></span> <span class='ocrx_word' id='word_1_137' title='bbox 2610 989 2900 1060; x_wconf 89' lang='lat' dir='ltr'><strong>plurimos,</strong></span> <span class='ocrx_word' id='word_1_138' title='bbox 2956 986 3277 1056; x_wconf 77' lang='lat' dir='ltr'><strong>dimisitque</strong></span> <span class='ocrx_word' id='word_1_139' title='bbox 3315 982 3484 1036; x_wconf 87' lang='lat' dir='ltr'><strong>ﬁlium</strong></span> <span class='ocrx_word' id='word_1_140' title='bbox 3528 990 3688 1032; x_wconf 89' lang='lat' dir='ltr'><strong>suum</strong></span> <span class='ocrx_word' id='word_1_141' title='bbox 3726 987 3853 1028; x_wconf 85' lang='lat' dir='ltr'><strong>cum</strong></span> 
     </span>
    </p>
   </div>
   <div class='ocr_carea' id='block_1_24' title="bbox 2259 1069 3859 1156">
    <p class='ocr_par' dir='ltr' id='par_1_24' title="bbox 2259 1069 3859 1156">
     <span class='ocr_line' id='line_1_24' title="bbox 2259 1069 3859 1156; baseline -0.016 -14"><span class='ocrx_word' id='word_1_142' title='bbox 2259 1085 2447 1156; x_wconf 83' lang='lat' dir='ltr'><strong>Sergio</strong></span> <span class='ocrx_word' id='word_1_143' title='bbox 2480 1084 2796 1155; x_wconf 84' lang='lat' dir='ltr'><strong>patriarcha</strong></span> <span class='ocrx_word' id='word_1_144' title='bbox 2839 1082 2894 1137; x_wconf 94' lang='lat' dir='ltr'><strong>in</strong></span> <span class='ocrx_word' id='word_1_145' title='bbox 2928 1081 3066 1136; x_wconf 88' lang='lat' dir='ltr'><strong>urbe</strong></span> <span class='ocrx_word' id='word_1_146' title='bbox 3109 1074 3434 1147; x_wconf 85' lang='lat' dir='ltr'><strong>disponendi</strong></span> <span class='ocrx_word' id='word_1_147' title='bbox 3483 1069 3702 1141; x_wconf 83' lang='lat' dir='ltr'><strong>negotia</strong></span> <span class='ocrx_word' id='word_1_148' title='bbox 3751 1071 3859 1119; x_wconf 80' lang='lat' dir='ltr'><strong>una</strong></span> 
     </span>
    </p>
   </div>
   <div class='ocr_carea' id='block_1_25' title="bbox 2186 1167 3862 1247">
    <p class='ocr_par' dir='ltr' id='par_1_25' title="bbox 2186 1167 3862 1247">
     <span class='ocr_line' id='line_1_25' title="bbox 2186 1167 3862 1247; baseline -0.016 -11"><span class='ocrx_word' id='word_1_149' title='bbox 2186 1209 2189 1212; x_wconf 91' lang='lat'><strong>-</strong></span> <span class='ocrx_word' id='word_1_150' title='bbox 2261 1194 2386 1235; x_wconf 89' lang='lat' dir='ltr'><strong>cum</strong></span> <span class='ocrx_word' id='word_1_151' title='bbox 2444 1177 2665 1233; x_wconf 90' lang='lat' dir='ltr'><strong>Bonoso</strong></span> <span class='ocrx_word' id='word_1_152' title='bbox 2711 1176 2970 1247; x_wconf 85' lang='lat' dir='ltr'><strong>patricio,</strong></span> <span class='ocrx_word' id='word_1_153' title='bbox 3011 1174 3133 1228; x_wconf 90' lang='lat' dir='ltr'><strong>viro</strong></span> <span class='ocrx_word' id='word_1_154' title='bbox 3181 1168 3363 1243; x_wconf 86' lang='lat' dir='ltr'><strong>sagaci</strong></span> <span class='ocrx_word' id='word_1_155' title='bbox 3416 1177 3469 1221; x_wconf 89' lang='lat' dir='ltr'><strong>et</strong></span> <span class='ocrx_word' id='word_1_156' title='bbox 3512 1179 3611 1235; x_wconf 88' lang='lat' dir='ltr'><strong>per</strong></span> <span class='ocrx_word' id='word_1_157' title='bbox 3665 1167 3862 1214; x_wconf 80' lang='lat' dir='ltr'><strong>cunt-ta</strong></span> 
     </span>
    </p>
   </div>
   <div class='ocr_carea' id='block_1_26' title="bbox 2261 1254 3854 1342">
    <p class='ocr_par' dir='ltr' id='par_1_26' title="bbox 2261 1254 3854 1342">
     <span class='ocr_line' id='line_1_26' title="bbox 2261 1254 3854 1342; baseline -0.013 -18"><span class='ocrx_word' id='word_1_158' title='bbox 2261 1269 2519 1342; x_wconf 88' lang='lat' dir='ltr'><strong>prudenti</strong></span> <span class='ocrx_word' id='word_1_159' title='bbox 2557 1278 2724 1341; x_wconf 85' lang='lat' dir='ltr'><strong>atque</strong></span> <span class='ocrx_word' id='word_1_160' title='bbox 2770 1270 2972 1340; x_wconf 87' lang='lat' dir='ltr'><strong>perito.</strong></span> <span class='ocrx_word' id='word_1_161' title='bbox 3024 1265 3258 1334; x_wconf 87' lang='lat' dir='ltr'><strong>Scripsit</strong></span> <span class='ocrx_word' id='word_1_162' title='bbox 3315 1269 3496 1315; x_wconf 89' lang='lat' dir='ltr'><strong>autem</strong></span> <span class='ocrx_word' id='word_1_163' title='bbox 3546 1258 3611 1310; x_wconf 87' lang='lat' dir='ltr'><strong>ad</strong></span> <span class='ocrx_word' id='word_1_164' title='bbox 3651 1254 3854 1321; x_wconf 82' lang='lat' dir='ltr'><strong>chaga-</strong></span> 
     </span>
    </p>
   </div>
   <div class='ocr_carea' id='block_1_27' title="bbox 2265 1346 3860 1432">
    <p class='ocr_par' dir='ltr' id='par_1_27' title="bbox 2265 1346 3860 1432">
     <span class='ocr_line' id='line_1_27' title="bbox 2265 1346 3860 1432; baseline -0.015 -13"><span class='ocrx_word' id='word_1_165' title='bbox 2265 1380 2392 1419; x_wconf 87' lang='lat' dir='ltr'><strong>num</strong></span> <span class='ocrx_word' id='word_1_166' title='bbox 2433 1363 2671 1418; x_wconf 80' lang='lat' dir='ltr'><strong>Avarum</strong></span> <span class='ocrx_word' id='word_1_167' title='bbox 2705 1376 2899 1432; x_wconf 84' lang='lat' dir='ltr'><strong>preces</strong></span> <span class='ocrx_word' id='word_1_168' title='bbox 2924 1375 3112 1415; x_wconf 89' lang='lat' dir='ltr'><strong>curam</strong></span> <span class='ocrx_word' id='word_1_169' title='bbox 3150 1355 3344 1427; x_wconf 80' lang='lat' dir='ltr'><strong>agendi</strong></span> <span class='ocrx_word' id='word_1_170' title='bbox 3388 1365 3554 1421; x_wconf 86' lang='lat' dir='ltr'><strong>super</strong></span> <span class='ocrx_word' id='word_1_171' title='bbox 3583 1346 3860 1400; x_wconf 77' lang='lat' dir='ltr'><strong>Romans-</strong></span> 
     </span>
    </p>
   </div>
   <div class='ocr_carea' id='block_1_28' title="bbox 2265 1435 3864 1528">
    <p class='ocr_par' dir='ltr' id='par_1_28' title="bbox 2265 1435 3864 1528">
     <span class='ocr_line' id='line_1_28' title="bbox 2265 1435 3864 1528; baseline -0.012 -21"><span class='ocrx_word' id='word_1_172' title='bbox 2265 1473 2387 1528; x_wconf 75' lang='grc' dir='ltr'><strong>1,ιιιιι</strong></span> <span class='ocrx_word' id='word_1_173' title='bbox 2426 1456 2683 1526; x_wconf 77' lang='lat' dir='ltr'><strong>negotiis,</strong></span> <span class='ocrx_word' id='word_1_174' title='bbox 2716 1465 2978 1522; x_wconf 78' lang='lat' dir='ltr'><strong>tanquam</strong></span> <span class='ocrx_word' id='word_1_175' title='bbox 3020 1450 3114 1521; x_wconf 88' lang='lat' dir='ltr'><strong>qui</strong></span> <span class='ocrx_word' id='word_1_176' title='bbox 3148 1461 3336 1503; x_wconf 79' lang='lat' dir='ltr'><strong>set-um</strong></span> <span class='ocrx_word' id='word_1_177' title='bbox 3368 1442 3667 1496; x_wconf 83' lang='lat' dir='ltr'><strong>amicitiam</strong></span> <span class='ocrx_word' id='word_1_178' title='bbox 3702 1435 3864 1490; x_wconf 86' lang='lat' dir='ltr'><strong>fuerit</strong></span> 
     </span>
    </p>
   </div>
   <div class='ocr_carea' id='block_1_29' title="bbox 2265 1528 3864 1619">
    <p class='ocr_par' dir='ltr' id='par_1_29' title="bbox 2265 1528 3864 1619">
     <span class='ocr_line' id='line_1_29' title="bbox 2265 1528 3864 1619; baseline -0.015 -14"><span class='ocrx_word' id='word_1_179' title='bbox 2265 1560 2483 1619; x_wconf 82' lang='lat' dir='ltr'><strong>pactus,</strong></span> <span class='ocrx_word' id='word_1_180' title='bbox 2539 1556 2777 1603; x_wconf 86' lang='lat' dir='ltr'><strong>tutorem</strong></span> <span class='ocrx_word' id='word_1_181' title='bbox 2834 1546 2928 1600; x_wconf 91' lang='lat' dir='ltr'><strong>lilii</strong></span> <span class='ocrx_word' id='word_1_182' title='bbox 2977 1544 3062 1600; x_wconf 91' lang='lat' dir='ltr'><strong>sui</strong></span> <span class='ocrx_word' id='word_1_183' title='bbox 3121 1543 3270 1595; x_wconf 92' lang='lat' dir='ltr'><strong>hunc</strong></span> <span class='ocrx_word' id='word_1_184' title='bbox 3328 1534 3628 1607; x_wconf 85' lang='lat' dir='ltr'><strong>appellans.</strong></span> <span class='ocrx_word' id='word_1_185' title='bbox 3686 1528 3864 1582; x_wconf 73' lang='lat' dir='ltr'><strong>Motus</strong></span> 
     </span>
    </p>
   </div>
   <div class='ocr_carea' id='block_1_30' title="bbox 2265 1620 3864 1711">
    <p class='ocr_par' dir='ltr' id='par_1_30' title="bbox 2265 1620 3864 1711">
     <span class='ocr_line' id='line_1_30' title="bbox 2265 1620 3864 1711; baseline -0.011 -15"><span class='ocrx_word' id='word_1_186' title='bbox 2265 1651 2450 1696; x_wconf 87' lang='lat' dir='ltr'><strong>autem</strong></span> <span class='ocrx_word' id='word_1_187' title='bbox 2497 1657 2528 1696; x_wconf 86' lang='lat' dir='ltr'><strong>a</strong></span> <span class='ocrx_word' id='word_1_188' title='bbox 2567 1642 2716 1711; x_wconf 81' lang='lat' dir='ltr'><strong>regia</strong></span> <span class='ocrx_word' id='word_1_189' title='bbox 2754 1640 2889 1694; x_wconf 79' lang='lat' dir='ltr'><strong>urbe</strong></span> <span class='ocrx_word' id='word_1_190' title='bbox 2930 1635 3098 1692; x_wconf 60' lang='lat' dir='ltr'><strong>exivit</strong></span> <span class='ocrx_word' id='word_1_191' title='bbox 3128 1648 3299 1701; x_wconf 82' lang='lat' dir='ltr'><strong>super</strong></span> <span class='ocrx_word' id='word_1_192' title='bbox 3325 1630 3508 1684; x_wconf 88' lang='lat' dir='ltr'><strong>locum</strong></span> <span class='ocrx_word' id='word_1_193' title='bbox 3544 1623 3637 1695; x_wconf 83' lang='lat' dir='ltr'><strong>qui</strong></span> <span class='ocrx_word' id='word_1_194' title='bbox 3665 1620 3864 1675; x_wconf 74' lang='lat' dir='ltr'><strong>dicitur</strong></span> 
     </span>
    </p>
   </div>
   <div class='ocr_carea' id='block_1_31' title="bbox 2264 1720 3866 1800">
    <p class='ocr_par' dir='ltr' id='par_1_31' title="bbox 2264 1720 3866 1800">
     <span class='ocr_line' id='line_1_31' title="bbox 2264 1720 3866 1800; baseline -0.016 -13"><span class='ocrx_word' id='word_1_195' title='bbox 2264 1732 2466 1797; x_wconf 83' lang='lat' dir='ltr'><strong>Portae,</strong></span> <span class='ocrx_word' id='word_1_196' title='bbox 2521 1731 2742 1800; x_wconf 80' lang='lat' dir='ltr'><strong>navigio</strong></span> <span class='ocrx_word' id='word_1_197' title='bbox 2779 1731 2882 1785; x_wconf 84' lang='lat' dir='ltr'><strong>iter</strong></span> <span class='ocrx_word' id='word_1_198' title='bbox 2913 1742 3102 1797; x_wconf 80' lang='lat' dir='ltr'><strong>agens.</strong></span> <span class='ocrx_word' id='word_1_199' title='bbox 3149 1725 3313 1778; x_wconf 88' lang='lat' dir='ltr'><strong>Illinc</strong></span> <span class='ocrx_word' id='word_1_200' title='bbox 3342 1733 3475 1774; x_wconf 87' lang='lat' dir='ltr'><strong>vero</strong></span> <span class='ocrx_word' id='word_1_201' title='bbox 3510 1730 3602 1785; x_wconf 85' lang='lat' dir='ltr'><strong>per</strong></span> <span class='ocrx_word' id='word_1_202' title='bbox 3634 1720 3866 1768; x_wconf 75' lang='lat' dir='ltr'><strong>caeteras</strong></span> 
     </span>
    </p>
   </div>
   <div class='ocr_carea' id='block_1_32' title="bbox 2267 1803 3866 1897">
    <p class='ocr_par' dir='ltr' id='par_1_32' title="bbox 2267 1803 3866 1897">
     <span class='ocr_line' id='line_1_32' title="bbox 2267 1803 3866 1897; baseline -0.016 -15"><span class='ocrx_word' id='word_1_203' title='bbox 2267 1828 2524 1897; x_wconf 75' lang='lat' dir='ltr'><strong>regiones</strong></span> <span class='ocrx_word' id='word_1_204' title='bbox 2568 1825 2674 1880; x_wconf 88' lang='lat' dir='ltr'><strong>sibi</strong></span> <span class='ocrx_word' id='word_1_205' title='bbox 2717 1823 3000 1893; x_wconf 90' lang='lat' dir='ltr'><strong>subjectas</strong></span> <span class='ocrx_word' id='word_1_206' title='bbox 3046 1817 3329 1889; x_wconf 87' lang='lat' dir='ltr'><strong>profectus</strong></span> <span class='ocrx_word' id='word_1_207' title='bbox 3359 1811 3522 1882; x_wconf 80' lang='lat' dir='ltr'><strong>elegit</strong></span> <span class='ocrx_word' id='word_1_208' title='bbox 3570 1803 3866 1865; x_wconf 80' lang='lat' dir='ltr'><strong>exercitus.</strong></span> 
     </span>
    </p>
   </div>
   <div class='ocr_carea' id='block_1_33' title="bbox 566 1895 3871 1991">
    <p class='ocr_par' dir='ltr' id='par_1_33' title="bbox 566 1895 3871 1991">
     <span class='ocr_line' id='line_1_33' title="bbox 566 1895 3871 1991; baseline -0.008 -15"><span class='ocrx_word' id='word_1_209' title='bbox 566 1922 621 1976; x_wconf 85' lang='lat' dir='ltr'><strong>in</strong></span> <span class='ocrx_word' id='word_1_210' title='bbox 652 1920 932 1977; x_wconf 87' lang='lat' dir='ltr'><strong>Persidem</strong></span> <span class='ocrx_word' id='word_1_211' title='bbox 967 1922 1178 1991; x_wconf 89' lang='lat' dir='ltr'><strong>legatos</strong></span> <span class='ocrx_word' id='word_1_212' title='bbox 1203 1920 1268 1976; x_wconf 88' lang='lat' dir='ltr'><strong>ad</strong></span> <span class='ocrx_word' id='word_1_213' title='bbox 1289 1919 1606 1984; x_wconf 77' lang='lat' dir='ltr'><strong>Chosroen,</strong></span> <span class='ocrx_word' id='word_1_214' title='bbox 1633 1917 1919 1990; x_wconf 87' lang='lat' dir='ltr'><strong>postulans</strong></span> <span class='ocrx_word' id='word_1_215' title='bbox 1944 1933 2158 1988; x_wconf 89' lang='lat' dir='ltr'><strong>pacem.</strong></span> <span class='ocrx_word' id='word_1_216' title='bbox 2192 1895 2240 1955; x_wconf 77' lang='grc' dir='ltr'>Β</span> <span class='ocrx_word' id='word_1_217' title='bbox 2273 1895 2568 1974; x_wconf 36' lang='grc' dir='ltr'><strong>(ξι-ΜΜΜῘΙ.</strong></span> <span class='ocrx_word' id='word_1_218' title='bbox 2601 1917 2712 1972; x_wconf 90' lang='lat' dir='ltr'><strong>illis</strong></span> <span class='ocrx_word' id='word_1_219' title='bbox 2743 1931 2940 1970; x_wconf 85' lang='lat' dir='ltr'><strong>novam</strong></span> <span class='ocrx_word' id='word_1_220' title='bbox 2969 1911 3242 1966; x_wconf 88' lang='lat' dir='ltr'><strong>militiam.</strong></span> <span class='ocrx_word' id='word_1_221' title='bbox 3277 1905 3386 1961; x_wconf 91' lang='lat' dir='ltr'><strong>llos</strong></span> <span class='ocrx_word' id='word_1_222' title='bbox 3410 1914 3590 1956; x_wconf 88' lang='lat' dir='ltr'><strong>autem</strong></span> <span class='ocrx_word' id='word_1_223' title='bbox 3611 1907 3871 1952; x_wconf 76' lang='lat' dir='ltr'><strong>exercere</strong></span> 
     </span>
    </p>
   </div>
   <div class='ocr_carea' id='block_1_34' title="bbox 565 2007 2168 2084">
    <p class='ocr_par' dir='ltr' id='par_1_34' title="bbox 565 2007 2168 2084">
     <span class='ocr_line' id='line_1_34' title="bbox 565 2007 2168 2084; baseline -0.004 -14"><span class='ocrx_word' id='word_1_224' title='bbox 565 2018 664 2082; x_wconf 71' lang='lat' dir='ltr'><strong>Ast</strong></span> <span class='ocrx_word' id='word_1_225' title='bbox 693 2013 968 2070; x_wconf 89' lang='lat' dir='ltr'><strong>Chosroes</strong></span> <span class='ocrx_word' id='word_1_226' title='bbox 1002 2014 1200 2069; x_wconf 86' lang='lat' dir='ltr'><strong>iterum</strong></span> <span class='ocrx_word' id='word_1_227' title='bbox 1240 2027 1337 2084; x_wconf 79' lang='lat' dir='ltr'><strong>eos</strong></span> <span class='ocrx_word' id='word_1_228' title='bbox 1377 2012 1602 2081; x_wconf 77' lang='lat' dir='ltr'><strong>Sprevit,</strong></span> <span class='ocrx_word' id='word_1_229' title='bbox 1643 2025 2008 2067; x_wconf 76' lang='lat' dir='ltr'><strong>asseverans:</strong></span> <span class='ocrx_word' id='word_1_230' title='bbox 2043 2007 2168 2084; x_wconf 81' lang='lat' dir='ltr'><strong>Non</strong></span> 
     </span>
    </p>
   </div>
   <div class='ocr_carea' id='block_1_35' title="bbox 567 2081 2170 2179">
    <p class='ocr_par' dir='ltr' id='par_1_35' title="bbox 567 2081 2170 2179">
     <span class='ocr_line' id='line_1_35' title="bbox 567 2081 2170 2179; baseline -0.004 -18"><span class='ocrx_word' id='word_1_231' title='bbox 567 2125 791 2179; x_wconf 78' lang='lat' dir='ltr'><strong>poi-cam</strong></span> <span class='ocrx_word' id='word_1_232' title='bbox 842 2107 1008 2172; x_wconf 73' lang='lat' dir='ltr'><strong>vobis,</strong></span> <span class='ocrx_word' id='word_1_233' title='bbox 1063 2105 1225 2160; x_wconf 85' lang='lat' dir='ltr'><strong>donec</strong></span> <span class='ocrx_word' id='word_1_234' title='bbox 1288 2094 1611 2170; x_wconf 57' lang='lat' dir='ltr'><strong>cruciﬁxum</strong></span> <span class='ocrx_word' id='word_1_235' title='bbox 1666 2105 1958 2174; x_wconf 80' lang='lat' dir='ltr'><strong>abnegetis,</strong></span> <span class='ocrx_word' id='word_1_236' title='bbox 2017 2081 2170 2173; x_wconf 73' lang='lat' dir='ltr'><strong>quant</strong></span> 
     </span>
    </p>
   </div>
   <div class='ocr_carea' id='block_1_36' title="bbox 571 2197 1819 2270">
    <p class='ocr_par' dir='ltr' id='par_1_36' title="bbox 571 2197 1819 2270">
     <span class='ocr_line' id='line_1_36' title="bbox 571 2197 1819 2270; baseline -0.005 -14"><span class='ocrx_word' id='word_1_237' title='bbox 571 2204 740 2258; x_wconf 79' lang='lat' dir='ltr'><strong>Deum</strong></span> <span class='ocrx_word' id='word_1_238' title='bbox 785 2217 897 2256; x_wconf 83' lang='lat' dir='ltr'><strong>esse</strong></span> <span class='ocrx_word' id='word_1_239' title='bbox 942 2200 1205 2270; x_wconf 76' lang='lat' dir='ltr'><strong>fatemini,</strong></span> <span class='ocrx_word' id='word_1_240' title='bbox 1255 2206 1304 2254; x_wconf 87' lang='lat' dir='ltr'><strong>et</strong></span> <span class='ocrx_word' id='word_1_241' title='bbox 1356 2197 1592 2255; x_wconf 75' lang='lat' dir='ltr'><strong>adoretis</strong></span> <span class='ocrx_word' id='word_1_242' title='bbox 1631 2197 1819 2252; x_wconf 89' lang='lat' dir='ltr'><strong>solem.</strong></span> 
     </span>
    </p>
   </div>
   <div class='ocr_carea' id='block_1_37' title="bbox 646 2286 2175 2363">
    <p class='ocr_par' dir='ltr' id='par_1_37' title="bbox 646 2286 2175 2363">
     <span class='ocr_line' id='line_1_37' title="bbox 646 2286 2175 2363; baseline -0.008 -11"><span class='ocrx_word' id='word_1_243' title='bbox 646 2295 806 2352; x_wconf 81' lang='lat' dir='ltr'><strong>Anno</strong></span> <span class='ocrx_word' id='word_1_244' title='bbox 868 2293 1083 2363; x_wconf 86' lang='lat' dir='ltr'><strong>imperii</strong></span> <span class='ocrx_word' id='word_1_245' title='bbox 1139 2291 1380 2346; x_wconf 87' lang='lat' dir='ltr'><strong>lleraclii</strong></span> <span class='ocrx_word' id='word_1_246' title='bbox 1435 2303 1584 2346; x_wconf 91' lang='lat' dir='ltr'><strong>nono</strong></span> <span class='ocrx_word' id='word_1_247' title='bbox 1639 2289 1810 2344; x_wconf 80' lang='lat' dir='ltr'><strong>aciem</strong></span> <span class='ocrx_word' id='word_1_248' title='bbox 1854 2286 2175 2343; x_wconf 85' lang='lat' dir='ltr'><strong>direxerunt</strong></span> 
     </span>
    </p>
   </div>
   <div class='ocr_carea' id='block_1_38' title="bbox 573 2380 2174 2450">
    <p class='ocr_par' dir='ltr' id='par_1_38' title="bbox 573 2380 2174 2450">
     <span class='ocr_line' id='line_1_38' title="bbox 573 2380 2174 2450; baseline -0.007 -3"><span class='ocrx_word' id='word_1_249' title='bbox 573 2391 782 2447; x_wconf 80' lang='lat' dir='ltr'><strong>Avares</strong></span> <span class='ocrx_word' id='word_1_250' title='bbox 812 2396 1002 2450; x_wconf 85' lang='lat' dir='ltr'><strong>contra</strong></span> <span class='ocrx_word' id='word_1_251' title='bbox 1025 2385 1321 2450; x_wconf 78' lang='lat' dir='ltr'><strong>Thracem,</strong></span> <span class='ocrx_word' id='word_1_252' title='bbox 1353 2392 1406 2439; x_wconf 90' lang='lat' dir='ltr'><strong>et</strong></span> <span class='ocrx_word' id='word_1_253' title='bbox 1451 2382 1637 2438; x_wconf 86' lang='lat' dir='ltr'><strong>missis</strong></span> <span class='ocrx_word' id='word_1_254' title='bbox 1663 2380 1949 2438; x_wconf 79' lang='lat' dir='ltr'><strong>Heraclius</strong></span> <span class='ocrx_word' id='word_1_255' title='bbox 1980 2380 2174 2450; x_wconf 85' lang='lat' dir='ltr'><strong>legatis</strong></span> 
     </span>
    </p>
   </div>
   <div class='ocr_carea' id='block_1_39' title="bbox 573 2471 2177 2552">
    <p class='ocr_par' dir='ltr' id='par_1_39' title="bbox 573 2471 2177 2552">
     <span class='ocr_line' id='line_1_39' title="bbox 573 2471 2177 2552; baseline -0.007 -15"><span class='ocrx_word' id='word_1_256' title='bbox 573 2480 642 2552; x_wconf 74' lang='lat' dir='ltr'><strong>ad</strong></span> <span class='ocrx_word' id='word_1_257' title='bbox 687 2493 783 2537; x_wconf 88' lang='lat' dir='ltr'><strong>eos</strong></span> <span class='ocrx_word' id='word_1_258' title='bbox 823 2477 1088 2548; x_wconf 86' lang='lat' dir='ltr'><strong>poscebat</strong></span> <span class='ocrx_word' id='word_1_259' title='bbox 1145 2490 1360 2546; x_wconf 88' lang='lat' dir='ltr'><strong>pacem.</strong></span> <span class='ocrx_word' id='word_1_260' title='bbox 1409 2471 1662 2543; x_wconf 88' lang='lat' dir='ltr'><strong>Cumque</strong></span> <span class='ocrx_word' id='word_1_261' title='bbox 1699 2472 1983 2543; x_wconf 86' lang='lat' dir='ltr'><strong>chaganus</strong></span> <span class='ocrx_word' id='word_1_262' title='bbox 2035 2471 2177 2526; x_wconf 88' lang='lat' dir='ltr'><strong>hanc</strong></span> 
     </span>
    </p>
   </div>
   <div class='ocr_carea' id='block_1_40' title="bbox 576 2562 2175 2640">
    <p class='ocr_par' dir='ltr' id='par_1_40' title="bbox 576 2562 2175 2640">
     <span class='ocr_line' id='line_1_40' title="bbox 576 2562 2175 2640; baseline -0.006 -12"><span class='ocrx_word' id='word_1_263' title='bbox 576 2573 758 2638; x_wconf 80' lang='lat' dir='ltr'><strong>facere</strong></span> <span class='ocrx_word' id='word_1_264' title='bbox 805 2567 1214 2640; x_wconf 86' lang='lat' dir='ltr'><strong>spOpondisset,</strong></span> <span class='ocrx_word' id='word_1_265' title='bbox 1245 2566 1381 2621; x_wconf 83' lang='lat' dir='ltr'><strong>exiit</strong></span> <span class='ocrx_word' id='word_1_266' title='bbox 1415 2565 1716 2636; x_wconf 88' lang='lat' dir='ltr'><strong>imperator</strong></span> <span class='ocrx_word' id='word_1_267' title='bbox 1765 2562 1914 2619; x_wconf 89' lang='lat' dir='ltr'><strong>foras</strong></span> <span class='ocrx_word' id='word_1_268' title='bbox 1959 2579 2175 2618; x_wconf 88' lang='lat' dir='ltr'><strong>murum</strong></span> 
     </span>
    </p>
   </div>
   <div class='ocr_carea' id='block_1_41' title="bbox 579 2655 2178 2740">
    <p class='ocr_par' dir='ltr' id='par_1_41' title="bbox 579 2655 2178 2740">
     <span class='ocr_line' id='line_1_41' title="bbox 579 2655 2178 2740; baseline -0.006 -21"><span class='ocrx_word' id='word_1_269' title='bbox 579 2667 804 2740; x_wconf 80' lang='lat' dir='ltr'><strong>longum</strong></span> <span class='ocrx_word' id='word_1_270' title='bbox 850 2677 976 2718; x_wconf 87' lang='lat' dir='ltr'><strong>cum</strong></span> <span class='ocrx_word' id='word_1_271' title='bbox 1033 2661 1183 2715; x_wconf 85' lang='lat' dir='ltr'><strong>omni</strong></span> <span class='ocrx_word' id='word_1_272' title='bbox 1229 2658 1496 2729; x_wconf 86' lang='lat' dir='ltr'><strong>obsequio</strong></span> <span class='ocrx_word' id='word_1_273' title='bbox 1541 2657 1693 2729; x_wconf 85' lang='lat' dir='ltr'><strong>regio</strong></span> <span class='ocrx_word' id='word_1_274' title='bbox 1736 2670 1800 2712; x_wconf 90' lang='lat' dir='ltr'><strong>ac</strong></span> <span class='ocrx_word' id='word_1_275' title='bbox 1855 2655 2178 2710; x_wconf 89' lang='lat' dir='ltr'><strong>muneribus</strong></span> 
     </span>
    </p>
   </div>
   <div class='ocr_carea' id='block_1_42' title="bbox 573 2751 2176 2827">
    <p class='ocr_par' dir='ltr' id='par_1_42' title="bbox 573 2751 2176 2827">
     <span class='ocr_line' id='line_1_42' title="bbox 573 2751 2176 2827; baseline -0.009 -10"><span class='ocrx_word' id='word_1_276' title='bbox 573 2760 767 2817; x_wconf 89' lang='lat' dir='ltr'><strong>multis</strong></span> <span class='ocrx_word' id='word_1_277' title='bbox 827 2767 880 2812; x_wconf 89' lang='lat' dir='ltr'><strong>et</strong></span> <span class='ocrx_word' id='word_1_278' title='bbox 953 2755 1169 2827; x_wconf 83' lang='lat' dir='ltr'><strong>magnis</strong></span> <span class='ocrx_word' id='word_1_279' title='bbox 1226 2754 1294 2810; x_wconf 89' lang='lat' dir='ltr'><strong>ad</strong></span> <span class='ocrx_word' id='word_1_280' title='bbox 1354 2751 1768 2822; x_wconf 89' lang='lat' dir='ltr'><strong>suscipiendum</strong></span> <span class='ocrx_word' id='word_1_281' title='bbox 1824 2751 2176 2822; x_wconf 88' lang='lat' dir='ltr'><strong>chaganum,</strong></span> 
     </span>
    </p>
   </div>
   <div class='ocr_carea' id='block_1_43' title="bbox 578 2845 2179 2922">
    <p class='ocr_par' dir='ltr' id='par_1_43' title="bbox 578 2845 2179 2922">
     <span class='ocr_line' id='line_1_43' title="bbox 578 2845 2179 2922; baseline -0.007 -13"><span class='ocrx_word' id='word_1_282' title='bbox 578 2859 906 2922; x_wconf 78' lang='lat' dir='ltr'><strong>recepturus</strong></span> <span class='ocrx_word' id='word_1_283' title='bbox 936 2849 1003 2904; x_wconf 88' lang='lat' dir='ltr'><strong>ab</strong></span> <span class='ocrx_word' id='word_1_284' title='bbox 1026 2864 1091 2903; x_wconf 91' lang='lat' dir='ltr'><strong>eo</strong></span> <span class='ocrx_word' id='word_1_285' title='bbox 1125 2848 1443 2917; x_wconf 87' lang='lat' dir='ltr'><strong>juramenta</strong></span> <span class='ocrx_word' id='word_1_286' title='bbox 1477 2845 1713 2901; x_wconf 77' lang='lat' dir='ltr'><strong>faciendi</strong></span> <span class='ocrx_word' id='word_1_287' title='bbox 1744 2845 1978 2900; x_wconf 76' lang='lat' dir='ltr'><strong>invicem</strong></span> <span class='ocrx_word' id='word_1_288' title='bbox 2015 2858 2179 2914; x_wconf 89' lang='lat' dir='ltr'><strong>spon-</strong></span> 
     </span>
    </p>
   </div>
   <div class='ocr_carea' id='block_1_44' title="bbox 578 2938 2180 3012">
    <p class='ocr_par' dir='ltr' id='par_1_44' title="bbox 578 2938 2180 3012">
     <span class='ocr_line' id='line_1_44' title="bbox 578 2938 2180 3012; baseline -0.006 -12"><span class='ocrx_word' id='word_1_289' title='bbox 578 2947 768 3000; x_wconf 83' lang='lat' dir='ltr'><strong>siones</strong></span> <span class='ocrx_word' id='word_1_290' title='bbox 815 2941 1099 3012; x_wconf 81' lang='lat' dir='ltr'><strong>paciﬁcas.</strong></span> <span class='ocrx_word' id='word_1_291' title='bbox 1135 2941 1204 2994; x_wconf 85' lang='lat' dir='ltr'><strong>At</strong></span> <span class='ocrx_word' id='word_1_292' title='bbox 1251 2955 1385 2996; x_wconf 86' lang='lat' dir='ltr'><strong>vero</strong></span> <span class='ocrx_word' id='word_1_293' title='bbox 1412 2939 1684 2994; x_wconf 86' lang='lat' dir='ltr'><strong>barbarus</strong></span> <span class='ocrx_word' id='word_1_294' title='bbox 1719 2938 1810 2993; x_wconf 90' lang='lat' dir='ltr'><strong>ille</strong></span> <span class='ocrx_word' id='word_1_295' title='bbox 1855 2945 1965 2992; x_wconf 83' lang='lat' dir='ltr'><strong>tam</strong></span> <span class='ocrx_word' id='word_1_296' title='bbox 2007 2951 2180 3008; x_wconf 85' lang='lat' dir='ltr'><strong>spon-</strong></span> 
     </span>
    </p>
   </div>
   <div class='ocr_carea' id='block_1_45' title="bbox 579 3031 2181 3104">
    <p class='ocr_par' dir='ltr' id='par_1_45' title="bbox 579 3031 2181 3104">
     <span class='ocr_line' id='line_1_45' title="bbox 579 3031 2181 3104; baseline -0.003 -14"><span class='ocrx_word' id='word_1_297' title='bbox 579 3035 832 3096; x_wconf 71' lang='lat' dir='ltr'><strong>itionibus</strong></span> <span class='ocrx_word' id='word_1_298' title='bbox 875 3049 1040 3104; x_wconf 87' lang='lat' dir='ltr'><strong>quam</strong></span> <span class='ocrx_word' id='word_1_299' title='bbox 1095 3049 1216 3104; x_wconf 75' lang='lat' dir='ltr'><strong>quze</strong></span> <span class='ocrx_word' id='word_1_300' title='bbox 1266 3033 1451 3104; x_wconf 87' lang='lat' dir='ltr'><strong>jurata</strong></span> <span class='ocrx_word' id='word_1_301' title='bbox 1487 3031 1704 3089; x_wconf 78' lang='lat' dir='ltr'><strong>fuerant</strong></span> <span class='ocrx_word' id='word_1_302' title='bbox 1738 3031 1963 3101; x_wconf 87' lang='lat' dir='ltr'><strong>spretis,</strong></span> <span class='ocrx_word' id='word_1_303' title='bbox 1997 3031 2181 3087; x_wconf 89' lang='lat' dir='ltr'><strong>subito</strong></span> 
     </span>
    </p>
   </div>
   <div class='ocr_carea' id='block_1_46' title="bbox 582 3124 2182 3202">
    <p class='ocr_par' dir='ltr' id='par_1_46' title="bbox 582 3124 2182 3202">
     <span class='ocr_line' id='line_1_46' title="bbox 582 3124 2182 3202; baseline -0.003 -18"><span class='ocrx_word' id='word_1_304' title='bbox 582 3129 872 3202; x_wconf 73' lang='lat' dir='ltr'><strong>tyrannici:</strong></span> <span class='ocrx_word' id='word_1_305' title='bbox 905 3134 1099 3182; x_wconf 89' lang='lat' dir='ltr'><strong>contra</strong></span> <span class='ocrx_word' id='word_1_306' title='bbox 1134 3127 1521 3196; x_wconf 85' lang='lat' dir='ltr'><strong>imperatorem</strong></span> <span class='ocrx_word' id='word_1_307' title='bbox 1576 3125 1860 3195; x_wconf 88' lang='lat' dir='ltr'><strong>profectus</strong></span> <span class='ocrx_word' id='word_1_308' title='bbox 1906 3135 2009 3181; x_wconf 91' lang='lat' dir='ltr'><strong>est.</strong></span> <span class='ocrx_word' id='word_1_309' title='bbox 2051 3124 2182 3180; x_wconf 92' lang='lat' dir='ltr'><strong>Stu-</strong></span> 
     </span>
    </p>
   </div>
   <div class='ocr_carea' id='block_1_47' title="bbox 582 3217 2252 3310">
    <p class='ocr_par' dir='ltr' id='par_1_47' title="bbox 582 3217 2252 3310">
     <span class='ocr_line' id='line_1_47' title="bbox 582 3217 2252 3310; baseline -0.003 -33"><span class='ocrx_word' id='word_1_310' title='bbox 582 3221 836 3293; x_wconf 74' lang='lat' dir='ltr'><strong>pefactus</strong></span> <span class='ocrx_word' id='word_1_311' title='bbox 884 3235 1016 3289; x_wconf 85' lang='lat' dir='ltr'><strong>ergo</strong></span> <span class='ocrx_word' id='word_1_312' title='bbox 1052 3219 1357 3289; x_wconf 86' lang='lat' dir='ltr'><strong>imperator</strong></span> <span class='ocrx_word' id='word_1_313' title='bbox 1400 3233 1566 3286; x_wconf 86' lang='lat' dir='ltr'><strong>super</strong></span> <span class='ocrx_word' id='word_1_314' title='bbox 1595 3219 1892 3288; x_wconf 73' lang='lat' dir='ltr'><strong>insperatae</strong></span> <span class='ocrx_word' id='word_1_315' title='bbox 1939 3217 2016 3272; x_wconf 88' lang='lat' dir='ltr'><strong>rei</strong></span> <span class='ocrx_word' id='word_1_316' title='bbox 2067 3232 2183 3272; x_wconf 80' lang='lat' dir='ltr'><strong>ino-</strong></span> <span class='ocrx_word' id='word_1_317' title='bbox 2206 3249 2252 3310; x_wconf 68' lang='grc' dir='ltr'>α</span> 
     </span>
    </p>
   </div>
   <div class='ocr_carea' id='block_1_48' title="bbox 585 3309 2179 3382">
    <p class='ocr_par' dir='ltr' id='par_1_48' title="bbox 585 3309 2179 3382">
     <span class='ocr_line' id='line_1_48' title="bbox 585 3309 2179 3382; baseline -0.001 -18"><span class='ocrx_word' id='word_1_318' title='bbox 585 3314 795 3379; x_wconf 83' lang='lat' dir='ltr'><strong>limine,</strong></span> <span class='ocrx_word' id='word_1_319' title='bbox 861 3313 987 3382; x_wconf 85' lang='lat' dir='ltr'><strong>fuga</strong></span> <span class='ocrx_word' id='word_1_320' title='bbox 1056 3313 1244 3382; x_wconf 90' lang='lat' dir='ltr'><strong>lapsus</strong></span> <span class='ocrx_word' id='word_1_321' title='bbox 1307 3312 1362 3364; x_wconf 90' lang='lat' dir='ltr'><strong>in</strong></span> <span class='ocrx_word' id='word_1_322' title='bbox 1430 3309 1707 3365; x_wconf 84' lang='lat' dir='ltr'><strong>civitatem</strong></span> <span class='ocrx_word' id='word_1_323' title='bbox 1769 3324 2021 3364; x_wconf 90' lang='lat' dir='ltr'><strong>reversus</strong></span> <span class='ocrx_word' id='word_1_324' title='bbox 2077 3317 2179 3364; x_wconf 62' lang='lat' dir='ltr'><strong>est.</strong></span> 
     </span>
    </p>
   </div>
   <div class='ocr_carea' id='block_1_49' title="bbox 579 3401 2182 3474">
    <p class='ocr_par' dir='ltr' id='par_1_49' title="bbox 579 3401 2182 3474">
     <span class='ocr_line' id='line_1_49' title="bbox 579 3401 2182 3474; baseline -0.003 -12"><span class='ocrx_word' id='word_1_325' title='bbox 579 3406 862 3464; x_wconf 77' lang='lat' dir='ltr'><strong>Barbarus</strong></span> <span class='ocrx_word' id='word_1_326' title='bbox 901 3414 1085 3460; x_wconf 87' lang='lat' dir='ltr'><strong>autem</strong></span> <span class='ocrx_word' id='word_1_327' title='bbox 1121 3404 1270 3462; x_wconf 88' lang='lat' dir='ltr'><strong>omni</strong></span> <span class='ocrx_word' id='word_1_328' title='bbox 1317 3403 1468 3474; x_wconf 84' lang='lat' dir='ltr'><strong>regio</strong></span> <span class='ocrx_word' id='word_1_329' title='bbox 1509 3410 1780 3474; x_wconf 86' lang='lat' dir='ltr'><strong>apparatu</strong></span> <span class='ocrx_word' id='word_1_330' title='bbox 1822 3401 2078 3472; x_wconf 85' lang='lat' dir='ltr'><strong>adempto</strong></span> <span class='ocrx_word' id='word_1_331' title='bbox 2127 3410 2182 3456; x_wconf 88' lang='lat' dir='ltr'><strong>et</strong></span> 
     </span>
    </p>
   </div>
   <div class='ocr_carea' id='block_1_50' title="bbox 579 3493 2177 3571">
    <p class='ocr_par' dir='ltr' id='par_1_50' title="bbox 579 3493 2177 3571">
     <span class='ocr_line' id='line_1_50' title="bbox 579 3493 2177 3571; baseline -0.005 -15"><span class='ocrx_word' id='word_1_332' title='bbox 579 3497 936 3571; x_wconf 75' lang='lat' dir='ltr'><strong>supellectili,</strong></span> <span class='ocrx_word' id='word_1_333' title='bbox 999 3504 1056 3551; x_wconf 89' lang='lat' dir='ltr'><strong>et</strong></span> <span class='ocrx_word' id='word_1_334' title='bbox 1139 3502 1414 3568; x_wconf 82' lang='lat' dir='ltr'><strong>quotquot</strong></span> <span class='ocrx_word' id='word_1_335' title='bbox 1467 3511 1532 3550; x_wconf 87' lang='lat' dir='ltr'><strong>ex</strong></span> <span class='ocrx_word' id='word_1_336' title='bbox 1597 3493 1918 3549; x_wconf 89' lang='lat' dir='ltr'><strong>hominibus</strong></span> <span class='ocrx_word' id='word_1_337' title='bbox 1980 3507 2177 3563; x_wconf 80' lang='lat' dir='ltr'><strong>capere</strong></span> 
     </span>
    </p>
   </div>
   <div class='ocr_carea' id='block_1_51' title="bbox 583 3585 2182 3663">
    <p class='ocr_par' dir='ltr' id='par_1_51' title="bbox 583 3585 2182 3663">
     <span class='ocr_line' id='line_1_51' title="bbox 583 3585 2182 3663; baseline -0.003 -18"><span class='ocrx_word' id='word_1_338' title='bbox 583 3589 782 3663; x_wconf 87' lang='lat' dir='ltr'><strong>potuit.</strong></span> <span class='ocrx_word' id='word_1_339' title='bbox 837 3589 1108 3646; x_wconf 82' lang='lat' dir='ltr'><strong>subvertit</strong></span> <span class='ocrx_word' id='word_1_340' title='bbox 1173 3587 1331 3644; x_wconf 85' lang='lat' dir='ltr'><strong>villas</strong></span> <span class='ocrx_word' id='word_1_341' title='bbox 1405 3587 1632 3650; x_wconf 84' lang='lat' dir='ltr'><strong>multas,</strong></span> <span class='ocrx_word' id='word_1_342' title='bbox 1697 3585 2039 3657; x_wconf 88' lang='lat' dir='ltr'><strong>depopulans</strong></span> <span class='ocrx_word' id='word_1_343' title='bbox 2117 3601 2182 3640; x_wconf 85' lang='lat' dir='ltr'><strong>ex</strong></span> 
     </span>
    </p>
   </div>
   <div class='ocr_carea' id='block_1_52' title="bbox 583 3681 1528 3754">
    <p class='ocr_par' dir='ltr' id='par_1_52' title="bbox 583 3681 1528 3754">
     <span class='ocr_line' id='line_1_52' title="bbox 583 3681 1528 3754; baseline -0.007 -13"><span class='ocrx_word' id='word_1_344' title='bbox 583 3685 884 3754; x_wconf 80' lang='lat' dir='ltr'><strong>improviso</strong></span> <span class='ocrx_word' id='word_1_345' title='bbox 921 3697 1018 3752; x_wconf 88' lang='lat' dir='ltr'><strong>spe</strong></span> <span class='ocrx_word' id='word_1_346' title='bbox 1055 3681 1206 3751; x_wconf 80' lang='lat' dir='ltr'><strong>pacis</strong></span> <span class='ocrx_word' id='word_1_347' title='bbox 1244 3681 1528 3750; x_wconf 81' lang='lat' dir='ltr'><strong>deceptos.</strong></span> 
     </span>
    </p>
   </div>
   <div class='ocr_carea' id='block_1_53' title="bbox 654 3770 2184 3837">
    <p class='ocr_par' dir='ltr' id='par_1_53' title="bbox 654 3770 2184 3837">
     <span class='ocr_line' id='line_1_53' title="bbox 654 3770 2184 3837; baseline -0.005 -7"><span class='ocrx_word' id='word_1_348' title='bbox 654 3775 848 3837; x_wconf 81' lang='lat' dir='ltr'><strong>Mundi</strong></span> <span class='ocrx_word' id='word_1_349' title='bbox 907 3789 1052 3829; x_wconf 89' lang='lat' dir='ltr'><strong>anno</strong></span> <span class='ocrx_word' id='word_1_350' title='bbox 1098 3771 1260 3836; x_wconf 87' lang='grc'><strong>6111,</strong></span> <span class='ocrx_word' id='word_1_351' title='bbox 1310 3772 1512 3828; x_wconf 62' lang='lat' dir='ltr'><strong>divinae</strong></span> <span class='ocrx_word' id='word_1_352' title='bbox 1578 3770 1985 3826; x_wconf 88' lang='lat' dir='ltr'><strong>incarnationis</strong></span> <span class='ocrx_word' id='word_1_353' title='bbox 2039 3784 2184 3824; x_wconf 85' lang='lat' dir='ltr'><strong>anno</strong></span> 
     </span>
    </p>
   </div>
   <div class='ocr_carea' id='block_1_54' title="bbox 583 3859 2184 3932">
    <p class='ocr_par' dir='ltr' id='par_1_54' title="bbox 583 3859 2184 3932">
     <span class='ocr_line' id='line_1_54' title="bbox 583 3859 2184 3932; baseline -0.005 -10"><span class='ocrx_word' id='word_1_354' title='bbox 583 3868 714 3932; x_wconf 76' lang='lat' dir='ltr'><strong>Gil,</strong></span> <span class='ocrx_word' id='word_1_355' title='bbox 765 3880 912 3919; x_wconf 87' lang='lat' dir='ltr'><strong>anno</strong></span> <span class='ocrx_word' id='word_1_356' title='bbox 953 3879 1082 3923; x_wconf 87' lang='lat' dir='ltr'><strong>vero</strong></span> <span class='ocrx_word' id='word_1_357' title='bbox 1138 3863 1354 3932; x_wconf 88' lang='lat' dir='ltr'><strong>imperii</strong></span> <span class='ocrx_word' id='word_1_358' title='bbox 1392 3861 1630 3918; x_wconf 78' lang='lat' dir='ltr'><strong>Heraclii</strong></span> <span class='ocrx_word' id='word_1_359' title='bbox 1667 3861 1883 3918; x_wconf 84' lang='lat' dir='ltr'><strong>decimo</strong></span> <span class='ocrx_word' id='word_1_360' title='bbox 1917 3859 2184 3931; x_wconf 84' lang='lat' dir='ltr'><strong>Georgius</strong></span> 
     </span>
    </p>
   </div>
   <div class='ocr_carea' id='block_1_55' title="bbox 590 3952 2183 4023">
    <p class='ocr_par' dir='ltr' id='par_1_55' title="bbox 590 3952 2183 4023">
     <span class='ocr_line' id='line_1_55' title="bbox 590 3952 2183 4023; baseline -0.006 -8"><span class='ocrx_word' id='word_1_361' title='bbox 590 3958 975 4023; x_wconf 75' lang='lat' dir='ltr'><strong>Antiochcnus</strong></span> <span class='ocrx_word' id='word_1_362' title='bbox 1006 3955 1240 4012; x_wconf 80' lang='lat' dir='ltr'><strong>habetur</strong></span> <span class='ocrx_word' id='word_1_363' title='bbox 1277 3956 1535 4010; x_wconf 86' lang='lat' dir='ltr'><strong>antistes.</strong></span> <span class='ocrx_word' id='word_1_364' title='bbox 1581 3952 1870 4009; x_wconf 85' lang='lat' dir='ltr'><strong>lleraclius</strong></span> <span class='ocrx_word' id='word_1_365' title='bbox 1905 3961 2086 4010; x_wconf 87' lang='lat' dir='ltr'><strong>autem</strong></span> <span class='ocrx_word' id='word_1_366' title='bbox 2117 3952 2183 4006; x_wconf 89' lang='lat' dir='ltr'><strong>ad</strong></span> 
     </span>
    </p>
   </div>
   <div class='ocr_carea' id='block_1_56' title="bbox 587 4043 2186 4117">
    <p class='ocr_par' dir='ltr' id='par_1_56' title="bbox 587 4043 2186 4117">
     <span class='ocr_line' id='line_1_56' title="bbox 587 4043 2186 4117; baseline -0.005 -13"><span class='ocrx_word' id='word_1_367' title='bbox 587 4052 894 4117; x_wconf 75' lang='lat' dir='ltr'><strong>chagannm</strong></span> <span class='ocrx_word' id='word_1_368' title='bbox 949 4051 1191 4101; x_wconf 86' lang='lat' dir='ltr'><strong>Avarum</strong></span> <span class='ocrx_word' id='word_1_369' title='bbox 1241 4045 1436 4116; x_wconf 80' lang='lat' dir='ltr'><strong>legatis</strong></span> <span class='ocrx_word' id='word_1_370' title='bbox 1487 4045 1672 4100; x_wconf 87' lang='lat' dir='ltr'><strong>missis</strong></span> <span class='ocrx_word' id='word_1_371' title='bbox 1727 4043 1978 4112; x_wconf 86' lang='lat' dir='ltr'><strong>queritur</strong></span> <span class='ocrx_word' id='word_1_372' title='bbox 2023 4057 2186 4112; x_wconf 90' lang='lat' dir='ltr'><strong>super</strong></span> 
     </span>
    </p>
   </div>
   <div class='ocr_carea' id='block_1_57' title="bbox 586 4132 2184 4210">
    <p class='ocr_par' dir='ltr' id='par_1_57' title="bbox 586 4132 2184 4210">
     <span class='ocr_line' id='line_1_57' title="bbox 586 4132 2184 4210; baseline -0.006 -15"><span class='ocrx_word' id='word_1_373' title='bbox 586 4139 679 4208; x_wconf 83' lang='lat' dir='ltr'><strong>bis</strong></span> <span class='ocrx_word' id='word_1_374' title='bbox 719 4154 842 4210; x_wconf 61' lang='lat' dir='ltr'><strong>quae</strong></span> <span class='ocrx_word' id='word_1_375' title='bbox 882 4137 1139 4207; x_wconf 86' lang='lat' dir='ltr'><strong>nequiter</strong></span> <span class='ocrx_word' id='word_1_376' title='bbox 1177 4144 1301 4190; x_wconf 87' lang='lat' dir='ltr'><strong>acta</strong></span> <span class='ocrx_word' id='word_1_377' title='bbox 1349 4133 1568 4189; x_wconf 86' lang='lat' dir='ltr'><strong>fuerant</strong></span> <span class='ocrx_word' id='word_1_378' title='bbox 1600 4133 1670 4188; x_wconf 87' lang='lat' dir='ltr'><strong>ab</strong></span> <span class='ocrx_word' id='word_1_379' title='bbox 1696 4147 1786 4197; x_wconf 85' lang='lat' dir='ltr'><strong>eo,</strong></span> <span class='ocrx_word' id='word_1_380' title='bbox 1819 4140 1873 4188; x_wconf 90' lang='lat' dir='ltr'><strong>et</strong></span> <span class='ocrx_word' id='word_1_381' title='bbox 1896 4132 1964 4187; x_wconf 89' lang='lat' dir='ltr'><strong>ad</strong></span> <span class='ocrx_word' id='word_1_382' title='bbox 1994 4147 2184 4202; x_wconf 89' lang='lat' dir='ltr'><strong>pacem</strong></span> 
     </span>
    </p>
   </div>
   <div class='ocr_carea' id='block_1_58' title="bbox 586 4224 2184 4300">
    <p class='ocr_par' dir='ltr' id='par_1_58' title="bbox 586 4224 2184 4300">
     <span class='ocr_line' id='line_1_58' title="bbox 586 4224 2184 4300; baseline -0.005 -10"><span class='ocrx_word' id='word_1_383' title='bbox 586 4235 870 4290; x_wconf 84' lang='lat' dir='ltr'><strong>hortatur.</strong></span> <span class='ocrx_word' id='word_1_384' title='bbox 904 4230 1068 4287; x_wconf 84' lang='lat' dir='ltr'><strong>Acies</strong></span> <span class='ocrx_word' id='word_1_385' title='bbox 1105 4229 1308 4300; x_wconf 89' lang='lat' dir='ltr'><strong>quippe</strong></span> <span class='ocrx_word' id='word_1_386' title='bbox 1348 4229 1647 4298; x_wconf 80' lang='lat' dir='ltr'><strong>disponens</strong></span> <span class='ocrx_word' id='word_1_387' title='bbox 1679 4234 1874 4284; x_wconf 87' lang='lat' dir='ltr'><strong>contra</strong></span> <span class='ocrx_word' id='word_1_388' title='bbox 1903 4224 2184 4283; x_wconf 86' lang='lat' dir='ltr'><strong>Persidem</strong></span> 
     </span>
    </p>
   </div>
   <div class='ocr_carea' id='block_1_59' title="bbox 589 4317 2189 4395">
    <p class='ocr_par' dir='ltr' id='par_1_59' title="bbox 589 4317 2189 4395">
     <span class='ocr_line' id='line_1_59' title="bbox 589 4317 2189 4395; baseline -0.007 -13"><span class='ocrx_word' id='word_1_389' title='bbox 589 4325 906 4395; x_wconf 83' lang='lat' dir='ltr'><strong>dirigendas</strong></span> <span class='ocrx_word' id='word_1_390' title='bbox 943 4322 1148 4393; x_wconf 86' lang='lat' dir='ltr'><strong>pacisci</strong></span> <span class='ocrx_word' id='word_1_391' title='bbox 1187 4335 1313 4383; x_wconf 86' lang='lat' dir='ltr'><strong>cum</strong></span> <span class='ocrx_word' id='word_1_392' title='bbox 1349 4320 1600 4390; x_wconf 85' lang='lat' dir='ltr'><strong>chagano</strong></span> <span class='ocrx_word' id='word_1_393' title='bbox 1650 4318 1888 4376; x_wconf 82' lang='lat' dir='ltr'><strong>volebat.</strong></span> <span class='ocrx_word' id='word_1_394' title='bbox 1937 4317 2042 4384; x_wconf 82' lang='lat' dir='ltr'><strong>Qui</strong></span> <span class='ocrx_word' id='word_1_395' title='bbox 2101 4333 2189 4372; x_wconf 84' lang='lat' dir='ltr'><strong>re-</strong></span> 
     </span>
    </p>
   </div>
   <div class='ocr_carea' id='block_1_60' title="bbox 592 4409 2186 4484">
    <p class='ocr_par' dir='ltr' id='par_1_60' title="bbox 592 4409 2186 4484">
     <span class='ocr_line' id='line_1_60' title="bbox 592 4409 2186 4484; baseline -0.004 -18"><span class='ocrx_word' id='word_1_396' title='bbox 592 4419 800 4471; x_wconf 82' lang='lat' dir='ltr'><strong>veritus</strong></span> <span class='ocrx_word' id='word_1_397' title='bbox 831 4414 1183 4470; x_wconf 87' lang='lat' dir='ltr'><strong>dilectionem</strong></span> <span class='ocrx_word' id='word_1_398' title='bbox 1226 4411 1580 4482; x_wconf 77' lang='lat' dir='ltr'><strong>imperatoris</strong></span> <span class='ocrx_word' id='word_1_399' title='bbox 1611 4426 1671 4468; x_wconf 91' lang='lat' dir='ltr'><strong>se</strong></span> <span class='ocrx_word' id='word_1_400' title='bbox 1706 4409 2038 4482; x_wconf 73' lang='lat' dir='ltr'><strong>ptenituissc</strong></span> <span class='ocrx_word' id='word_1_401' title='bbox 2069 4409 2186 4484; x_wconf 85' lang='lat' dir='ltr'><strong>pol-</strong></span> 
     </span>
    </p>
   </div>
   <div class='ocr_carea' id='block_1_61' title="bbox 589 4501 2188 4576">
    <p class='ocr_par' dir='ltr' id='par_1_61' title="bbox 589 4501 2188 4576">
     <span class='ocr_line' id='line_1_61' title="bbox 589 4501 2188 4576; baseline -0.006 -13"><span class='ocrx_word' id='word_1_402' title='bbox 589 4508 864 4564; x_wconf 87' lang='lat' dir='ltr'><strong>licebatur</strong></span> <span class='ocrx_word' id='word_1_403' title='bbox 893 4517 948 4562; x_wconf 89' lang='lat' dir='ltr'><strong>et</strong></span> <span class='ocrx_word' id='word_1_404' title='bbox 973 4519 1162 4576; x_wconf 89' lang='lat' dir='ltr'><strong>pacem</strong></span> <span class='ocrx_word' id='word_1_405' title='bbox 1188 4502 1372 4558; x_wconf 81' lang='lat' dir='ltr'><strong>facere</strong></span> <span class='ocrx_word' id='word_1_406' title='bbox 1393 4501 1742 4573; x_wconf 89' lang='lat' dir='ltr'><strong>repromisit;</strong></span> <span class='ocrx_word' id='word_1_407' title='bbox 1777 4509 2188 4572; x_wconf 80' lang='lat' dir='ltr'><strong>pangentesque</strong></span> 
     </span>
    </p>
   </div>
   <div class='ocr_carea' id='block_1_62' title="bbox 2275 1985 3869 2073">
    <p class='ocr_par' dir='ltr' id='par_1_62' title="bbox 2275 1985 3869 2073">
     <span class='ocr_line' id='line_1_62' title="bbox 2275 1985 3869 2073; baseline -0.019 -7"><span class='ocrx_word' id='word_1_408' title='bbox 2275 2025 2438 2066; x_wconf 89' lang='lat' dir='ltr'><strong>orsus</strong></span> <span class='ocrx_word' id='word_1_409' title='bbox 2495 2011 2550 2064; x_wconf 90' lang='lat' dir='ltr'><strong>in</strong></span> <span class='ocrx_word' id='word_1_410' title='bbox 2588 2006 2882 2062; x_wconf 85' lang='lat' dir='ltr'><strong>hostilibus</strong></span> <span class='ocrx_word' id='word_1_411' title='bbox 2943 2001 3204 2073; x_wconf 87' lang='lat' dir='ltr'><strong>operibus</strong></span> <span class='ocrx_word' id='word_1_412' title='bbox 3256 1994 3539 2055; x_wconf 79' lang='lat' dir='ltr'><strong>erudivit:</strong></span> <span class='ocrx_word' id='word_1_413' title='bbox 3577 1985 3869 2057; x_wconf 89' lang='lat' dir='ltr'><strong>dupliciter</strong></span> 
     </span>
    </p>
   </div>
   <div class='ocr_carea' id='block_1_63' title="bbox 2273 2075 3868 2160">
    <p class='ocr_par' dir='ltr' id='par_1_63' title="bbox 2273 2075 3868 2160">
     <span class='ocr_line' id='line_1_63' title="bbox 2273 2075 3868 2160; baseline -0.021 0"><span class='ocrx_word' id='word_1_414' title='bbox 2273 2104 2420 2160; x_wconf 90' lang='lat' dir='ltr'><strong>enim</strong></span> <span class='ocrx_word' id='word_1_415' title='bbox 2476 2101 2656 2157; x_wconf 90' lang='lat' dir='ltr'><strong>diviso</strong></span> <span class='ocrx_word' id='word_1_416' title='bbox 2691 2097 2941 2154; x_wconf 80' lang='lat' dir='ltr'><strong>exercitu</strong></span> <span class='ocrx_word' id='word_1_417' title='bbox 2995 2095 3143 2150; x_wconf 88' lang='lat' dir='ltr'><strong>acies</strong></span> <span class='ocrx_word' id='word_1_418' title='bbox 3190 2099 3243 2146; x_wconf 87' lang='lat' dir='ltr'><strong>et</strong></span> <span class='ocrx_word' id='word_1_419' title='bbox 3274 2075 3868 2156; x_wconf 86' lang='lat' dir='ltr'><strong>congressionesinvi-</strong></span> 
     </span>
    </p>
   </div>
   <div class='ocr_carea' id='block_1_64' title="bbox 2276 2168 3869 2262">
    <p class='ocr_par' dir='ltr' id='par_1_64' title="bbox 2276 2168 3869 2262">
     <span class='ocr_line' id='line_1_64' title="bbox 2276 2168 3869 2262; baseline -0.019 -10"><span class='ocrx_word' id='word_1_420' title='bbox 2276 2211 2395 2252; x_wconf 88' lang='lat' dir='ltr'><strong>cem</strong></span> <span class='ocrx_word' id='word_1_421' title='bbox 2447 2196 2567 2251; x_wconf 89' lang='lat' dir='ltr'><strong>sine</strong></span> <span class='ocrx_word' id='word_1_422' title='bbox 2601 2193 2873 2262; x_wconf 77' lang='lat' dir='ltr'><strong>sanguine</strong></span> <span class='ocrx_word' id='word_1_423' title='bbox 2913 2189 3030 2245; x_wconf 90' lang='lat' dir='ltr'><strong>ﬁeri</strong></span> <span class='ocrx_word' id='word_1_424' title='bbox 3079 2186 3268 2257; x_wconf 85' lang='lat' dir='ltr'><strong>jussit,</strong></span> <span class='ocrx_word' id='word_1_425' title='bbox 3307 2185 3720 2244; x_wconf 81' lang='lat' dir='ltr'><strong>clamoremque</strong></span> <span class='ocrx_word' id='word_1_426' title='bbox 3753 2168 3869 2225; x_wconf 83' lang='lat' dir='ltr'><strong>bel-</strong></span> 
     </span>
    </p>
   </div>
   <div class='ocr_carea' id='block_1_65' title="bbox 2276 2265 3869 2353">
    <p class='ocr_par' dir='ltr' id='par_1_65' title="bbox 2276 2265 3869 2353">
     <span class='ocr_line' id='line_1_65' title="bbox 2276 2265 3869 2353; baseline -0.018 -9"><span class='ocrx_word' id='word_1_427' title='bbox 2276 2289 2443 2345; x_wconf 89' lang='lat' dir='ltr'><strong>licum</strong></span> <span class='ocrx_word' id='word_1_428' title='bbox 2490 2297 2545 2343; x_wconf 88' lang='lat' dir='ltr'><strong>et</strong></span> <span class='ocrx_word' id='word_1_429' title='bbox 2587 2287 2833 2342; x_wconf 84' lang='lat' dir='ltr'><strong>carmina</strong></span> <span class='ocrx_word' id='word_1_430' title='bbox 2868 2293 2922 2338; x_wconf 86' lang='lat' dir='ltr'><strong>et</strong></span> <span class='ocrx_word' id='word_1_431' title='bbox 2951 2281 3183 2353; x_wconf 88' lang='lat' dir='ltr'><strong>jnhiltmt</strong></span> <span class='ocrx_word' id='word_1_432' title='bbox 3217 2287 3270 2333; x_wconf 86' lang='lat' dir='ltr'><strong>et</strong></span> <span class='ocrx_word' id='word_1_433' title='bbox 3301 2277 3564 2340; x_wconf 72' lang='lat' dir='ltr'><strong>impetum</strong></span> <span class='ocrx_word' id='word_1_434' title='bbox 3603 2269 3658 2322; x_wconf 91' lang='lat' dir='ltr'><strong>in</strong></span> <span class='ocrx_word' id='word_1_435' title='bbox 3704 2265 3869 2353; x_wconf 74' lang='lat' dir='ltr'><strong>alter-</strong></span> 
     </span>
    </p>
   </div>
   <div class='ocr_carea' id='block_1_66' title="bbox 2278 2351 3866 2449">
    <p class='ocr_par' dir='ltr' id='par_1_66' title="bbox 2278 2351 3866 2449">
     <span class='ocr_line' id='line_1_66' title="bbox 2278 2351 3866 2449; baseline -0.02 -14"><span class='ocrx_word' id='word_1_436' title='bbox 2278 2388 2460 2435; x_wconf 89' lang='lat' dir='ltr'><strong>utrum</strong></span> <span class='ocrx_word' id='word_1_437' title='bbox 2507 2375 2823 2449; x_wconf 84' lang='lat' dir='ltr'><strong>insnrgendi</strong></span> <span class='ocrx_word' id='word_1_438' title='bbox 2885 2351 3089 2428; x_wconf 82' lang='lat' dir='ltr'><strong>habere</strong></span> <span class='ocrx_word' id='word_1_439' title='bbox 3135 2368 3236 2422; x_wconf 86' lang='lat' dir='ltr'><strong>hos</strong></span> <span class='ocrx_word' id='word_1_440' title='bbox 3264 2363 3514 2420; x_wconf 86' lang='lat' dir='ltr'><strong>docebat,</strong></span> <span class='ocrx_word' id='word_1_441' title='bbox 3552 2364 3611 2412; x_wconf 91' lang='lat' dir='ltr'><strong>ut</strong></span> <span class='ocrx_word' id='word_1_442' title='bbox 3641 2357 3697 2410; x_wconf 85' lang='lat' dir='ltr'><strong>in</strong></span> <span class='ocrx_word' id='word_1_443' title='bbox 3730 2351 3866 2449; x_wconf 69' lang='lat' dir='ltr'><strong>bello</strong></span> 
     </span>
    </p>
   </div>
   <div class='ocr_carea' id='block_1_67' title="bbox 2279 2443 3870 2542">
    <p class='ocr_par' dir='ltr' id='par_1_67' title="bbox 2279 2443 3870 2542">
     <span class='ocr_line' id='line_1_67' title="bbox 2279 2443 3870 2542; baseline -0.021 -14"><span class='ocrx_word' id='word_1_444' title='bbox 2279 2473 2484 2542; x_wconf 71' lang='lat' dir='ltr'><strong>reperti</strong></span> <span class='ocrx_word' id='word_1_445' title='bbox 2536 2472 2612 2526; x_wconf 89' lang='lat' dir='ltr'><strong>nil</strong></span> <span class='ocrx_word' id='word_1_446' title='bbox 2664 2443 3028 2528; x_wconf 70' lang='lat' dir='ltr'><strong>mirarentur,</strong></span> <span class='ocrx_word' id='word_1_447' title='bbox 3072 2461 3164 2519; x_wconf 88' lang='lat' dir='ltr'><strong>sed</strong></span> <span class='ocrx_word' id='word_1_448' title='bbox 3212 2459 3446 2514; x_wconf 82' lang='lat' dir='ltr'><strong>titlenter</strong></span> <span class='ocrx_word' id='word_1_449' title='bbox 3491 2461 3756 2519; x_wconf 81' lang='lat' dir='ltr'><strong>tanquam</strong></span> <span class='ocrx_word' id='word_1_450' title='bbox 3806 2443 3870 2496; x_wconf 79' lang='lat' dir='ltr'><strong>ad</strong></span> 
     </span>
    </p>
   </div>
   <div class='ocr_carea' id='block_1_68' title="bbox 2276 2543 3872 2636">
    <p class='ocr_par' dir='ltr' id='par_1_68' title="bbox 2276 2543 3872 2636">
     <span class='ocr_line' id='line_1_68' title="bbox 2276 2543 3872 2636; baseline -0.021 -13"><span class='ocrx_word' id='word_1_451' title='bbox 2276 2567 2466 2636; x_wconf 87' lang='lat' dir='ltr'><strong>jocum</strong></span> <span class='ocrx_word' id='word_1_452' title='bbox 2499 2562 2992 2635; x_wconf 88' lang='lat' dir='ltr'><strong>proﬁciscerentur</strong></span> <span class='ocrx_word' id='word_1_453' title='bbox 3035 2556 3090 2609; x_wconf 91' lang='lat' dir='ltr'><strong>in</strong></span> <span class='ocrx_word' id='word_1_454' title='bbox 3134 2554 3372 2607; x_wconf 87' lang='lat' dir='ltr'><strong>hostem.</strong></span> <span class='ocrx_word' id='word_1_455' title='bbox 3405 2543 3699 2613; x_wconf 78' lang='lat' dir='ltr'><strong>Accipiens</strong></span> <span class='ocrx_word' id='word_1_456' title='bbox 3737 2548 3872 2591; x_wconf 80' lang='lat' dir='ltr'><strong>vero</strong></span> 
     </span>
    </p>
   </div>
   <div class='ocr_carea' id='block_1_69' title="bbox 2281 2638 3870 2726">
    <p class='ocr_par' dir='ltr' id='par_1_69' title="bbox 2281 2638 3870 2726">
     <span class='ocr_line' id='line_1_69' title="bbox 2281 2638 3870 2726; baseline -0.022 -15"><span class='ocrx_word' id='word_1_457' title='bbox 2281 2657 2578 2726; x_wconf 84' lang='lat' dir='ltr'><strong>imperator</strong></span> <span class='ocrx_word' id='word_1_458' title='bbox 2623 2653 2678 2708; x_wconf 90' lang='lat' dir='ltr'><strong>in</strong></span> <span class='ocrx_word' id='word_1_459' title='bbox 2713 2650 2966 2706; x_wconf 85' lang='lat' dir='ltr'><strong>manibus</strong></span> <span class='ocrx_word' id='word_1_460' title='bbox 3015 2645 3112 2700; x_wconf 86' lang='lat' dir='ltr'><strong>Dei</strong></span> <span class='ocrx_word' id='word_1_461' title='bbox 3162 2643 3378 2696; x_wconf 80' lang='lat' dir='ltr'><strong>virilem</strong></span> <span class='ocrx_word' id='word_1_462' title='bbox 3411 2638 3666 2707; x_wconf 81' lang='lat' dir='ltr'><strong>ﬁguram,</strong></span> <span class='ocrx_word' id='word_1_463' title='bbox 3707 2641 3870 2699; x_wconf 82' lang='lat' dir='ltr'><strong>quam</strong></span> 
     </span>
    </p>
   </div>
   <div class='ocr_carea' id='block_1_70' title="bbox 2280 2721 3870 2812">
    <p class='ocr_par' dir='ltr' id='par_1_70' title="bbox 2280 2721 3870 2812">
     <span class='ocr_line' id='line_1_70' title="bbox 2280 2721 3870 2812; baseline -0.022 -7"><span class='ocrx_word' id='word_1_464' title='bbox 2280 2721 2482 2806; x_wconf 74' lang='lat' dir='ltr'><strong>manus</strong></span> <span class='ocrx_word' id='word_1_465' title='bbox 2550 2761 2658 2800; x_wconf 93' lang='lat' dir='ltr'><strong>non</strong></span> <span class='ocrx_word' id='word_1_466' title='bbox 2717 2743 3108 2812; x_wconf 81' lang='lat' dir='ltr'><strong>depinxerunt,</strong></span> <span class='ocrx_word' id='word_1_467' title='bbox 3147 2735 3244 2791; x_wconf 85' lang='lat' dir='ltr'><strong>sed</strong></span> <span class='ocrx_word' id='word_1_468' title='bbox 3298 2732 3356 2786; x_wconf 87' lang='lat' dir='ltr'><strong>in</strong></span> <span class='ocrx_word' id='word_1_469' title='bbox 3412 2730 3575 2783; x_wconf 85' lang='lat' dir='ltr'><strong>icona</strong></span> <span class='ocrx_word' id='word_1_470' title='bbox 3631 2721 3870 2775; x_wconf 79' lang='lat' dir='ltr'><strong>Verbum</strong></span> 
     </span>
    </p>
   </div>
   <div class='ocr_carea' id='block_1_71' title="bbox 2281 2813 3874 2913">
    <p class='ocr_par' dir='ltr' id='par_1_71' title="bbox 2281 2813 3874 2913">
     <span class='ocr_line' id='line_1_71' title="bbox 2281 2813 3874 2913; baseline -0.022 -16"><span class='ocrx_word' id='word_1_471' title='bbox 2281 2840 2426 2913; x_wconf 91' lang='lat' dir='ltr'><strong>quod</strong></span> <span class='ocrx_word' id='word_1_472' title='bbox 2459 2837 2644 2892; x_wconf 88' lang='lat' dir='ltr'><strong>omnia</strong></span> <span class='ocrx_word' id='word_1_473' title='bbox 2693 2836 2895 2889; x_wconf 84' lang='lat' dir='ltr'><strong>format</strong></span> <span class='ocrx_word' id='word_1_474' title='bbox 2935 2841 3103 2900; x_wconf 87' lang='lat' dir='ltr'><strong>atque</strong></span> <span class='ocrx_word' id='word_1_475' title='bbox 3154 2822 3440 2894; x_wconf 79' lang='lat' dir='ltr'><strong>componit</strong></span> <span class='ocrx_word' id='word_1_476' title='bbox 3487 2819 3609 2874; x_wconf 88' lang='lat' dir='ltr'><strong>sine</strong></span> <span class='ocrx_word' id='word_1_477' title='bbox 3657 2813 3874 2912; x_wconf 71' lang='lat' dir='ltr'><strong>pictura</strong></span> 
     </span>
    </p>
   </div>
   <div class='ocr_carea' id='block_1_72' title="bbox 2283 2902 3874 2996">
    <p class='ocr_par' dir='ltr' id='par_1_72' title="bbox 2283 2902 3874 2996">
     <span class='ocr_line' id='line_1_72' title="bbox 2283 2902 3874 2996; baseline -0.023 -5"><span class='ocrx_word' id='word_1_478' title='bbox 2283 2902 2542 2996; x_wconf 67' lang='lat' dir='ltr'><strong>formam,</strong></span> <span class='ocrx_word' id='word_1_479' title='bbox 2580 2929 2729 2986; x_wconf 90' lang='lat' dir='ltr'><strong>velut</strong></span> <span class='ocrx_word' id='word_1_480' title='bbox 2775 2927 2895 2984; x_wconf 88' lang='lat' dir='ltr'><strong>sine</strong></span> <span class='ocrx_word' id='word_1_481' title='bbox 2938 2923 3151 2980; x_wconf 88' lang='lat' dir='ltr'><strong>semine</strong></span> <span class='ocrx_word' id='word_1_482' title='bbox 3183 2927 3424 2988; x_wconf 88' lang='lat' dir='ltr'><strong>partum,</strong></span> <span class='ocrx_word' id='word_1_483' title='bbox 3470 2908 3681 2973; x_wconf 82' lang='lat' dir='ltr'><strong>eduxit,</strong></span> <span class='ocrx_word' id='word_1_484' title='bbox 3712 2914 3769 2961; x_wconf 91' lang='lat' dir='ltr'><strong>et</strong></span> <span class='ocrx_word' id='word_1_485' title='bbox 3820 2902 3874 2955; x_wconf 89' lang='lat' dir='ltr'><strong>in</strong></span> 
     </span>
    </p>
   </div>
   <div class='ocr_carea' id='block_1_73' title="bbox 2285 2999 3876 3089">
    <p class='ocr_par' dir='ltr' id='par_1_73' title="bbox 2285 2999 3876 3089">
     <span class='ocr_line' id='line_1_73' title="bbox 2285 2999 3876 3089; baseline -0.023 -5"><span class='ocrx_word' id='word_1_486' title='bbox 2285 3029 2388 3085; x_wconf 89' lang='lat' dir='ltr'><strong>hac</strong></span> <span class='ocrx_word' id='word_1_487' title='bbox 2442 3025 2578 3080; x_wconf 87' lang='lat' dir='ltr'><strong>ﬁsus</strong></span> <span class='ocrx_word' id='word_1_488' title='bbox 2618 3036 2648 3075; x_wconf 89' lang='lat' dir='ltr'><strong>a</strong></span> <span class='ocrx_word' id='word_1_489' title='bbox 2681 3019 2797 3075; x_wconf 87' lang='lat' dir='ltr'><strong>Deo</strong></span> <span class='ocrx_word' id='word_1_490' title='bbox 2829 3018 2972 3089; x_wconf 90' lang='lat' dir='ltr'><strong>picta</strong></span> <span class='ocrx_word' id='word_1_491' title='bbox 3025 3015 3196 3085; x_wconf 90' lang='lat' dir='ltr'><strong>ﬁgura</strong></span> <span class='ocrx_word' id='word_1_492' title='bbox 3229 3010 3397 3079; x_wconf 71' lang='lat' dir='ltr'><strong>erepit</strong></span> <span class='ocrx_word' id='word_1_493' title='bbox 3429 3017 3656 3076; x_wconf 84' lang='lat' dir='ltr'><strong>agones,</strong></span> <span class='ocrx_word' id='word_1_494' title='bbox 3713 2999 3876 3068; x_wconf 82' lang='lat' dir='ltr'><strong>jura-</strong></span> 
     </span>
    </p>
   </div>
   <div class='ocr_carea' id='block_1_74' title="bbox 2282 3091 3877 3183">
    <p class='ocr_par' dir='ltr' id='par_1_74' title="bbox 2282 3091 3877 3183">
     <span class='ocr_line' id='line_1_74' title="bbox 2282 3091 3877 3183; baseline -0.019 -9"><span class='ocrx_word' id='word_1_495' title='bbox 2282 3126 2472 3174; x_wconf 83' lang='lat' dir='ltr'><strong>menta</strong></span> <span class='ocrx_word' id='word_1_496' title='bbox 2533 3117 2674 3170; x_wconf 88' lang='lat' dir='ltr'><strong>dans</strong></span> <span class='ocrx_word' id='word_1_497' title='bbox 2747 3111 2948 3183; x_wconf 83' lang='lat' dir='ltr'><strong>populo</strong></span> <span class='ocrx_word' id='word_1_498' title='bbox 3009 3107 3155 3179; x_wconf 87' lang='lat' dir='ltr'><strong>quod</strong></span> <span class='ocrx_word' id='word_1_499' title='bbox 3227 3119 3351 3158; x_wconf 90' lang='lat' dir='ltr'><strong>cum</strong></span> <span class='ocrx_word' id='word_1_500' title='bbox 3405 3100 3541 3170; x_wconf 87' lang='lat' dir='ltr'><strong>ipsis</strong></span> <span class='ocrx_word' id='word_1_501' title='bbox 3590 3107 3766 3163; x_wconf 83' lang='lat' dir='ltr'><strong>usque</strong></span> <span class='ocrx_word' id='word_1_502' title='bbox 3809 3091 3877 3145; x_wconf 82' lang='lat' dir='ltr'><strong>ad</strong></span> 
     </span>
    </p>
   </div>
   <div class='ocr_carea' id='block_1_75' title="bbox 2283 3189 3879 3269">
    <p class='ocr_par' dir='ltr' id='par_1_75' title="bbox 2283 3189 3879 3269">
     <span class='ocr_line' id='line_1_75' title="bbox 2283 3189 3879 3269; baseline -0.021 1"><span class='ocrx_word' id='word_1_503' title='bbox 2283 3220 2518 3269; x_wconf 86' lang='lat' dir='ltr'><strong>mortem</strong></span> <span class='ocrx_word' id='word_1_504' title='bbox 2553 3208 2693 3264; x_wconf 86' lang='lat' dir='ltr'><strong>foret</strong></span> <span class='ocrx_word' id='word_1_505' title='bbox 2739 3212 3055 3262; x_wconf 89' lang='lat' dir='ltr'><strong>certaturus</strong></span> <span class='ocrx_word' id='word_1_506' title='bbox 3087 3210 3141 3255; x_wconf 91' lang='lat' dir='ltr'><strong>et</strong></span> <span class='ocrx_word' id='word_1_507' title='bbox 3171 3199 3252 3254; x_wconf 88' lang='lat' dir='ltr'><strong>eis</strong></span> <span class='ocrx_word' id='word_1_508' title='bbox 3288 3206 3551 3265; x_wconf 86' lang='lat' dir='ltr'><strong>tanquam</strong></span> <span class='ocrx_word' id='word_1_509' title='bbox 3595 3189 3721 3243; x_wconf 85' lang='lat' dir='ltr'><strong>ﬁliis</strong></span> <span class='ocrx_word' id='word_1_510' title='bbox 3752 3200 3879 3256; x_wconf 86' lang='lat' dir='ltr'><strong>pro-</strong></span> 
     </span>
    </p>
   </div>
   <div class='ocr_carea' id='block_1_76' title="bbox 2287 3288 3881 3375">
    <p class='ocr_par' dir='ltr' id='par_1_76' title="bbox 2287 3288 3881 3375">
     <span class='ocr_line' id='line_1_76' title="bbox 2287 3288 3881 3375; baseline -0.02 -16"><span class='ocrx_word' id='word_1_511' title='bbox 2287 3304 2424 3375; x_wconf 90' lang='lat' dir='ltr'><strong>priis</strong></span> <span class='ocrx_word' id='word_1_512' title='bbox 2484 3299 2842 3356; x_wconf 64' lang='lat' dir='ltr'><strong>adhaesurus:</strong></span> <span class='ocrx_word' id='word_1_513' title='bbox 2901 3293 3120 3348; x_wconf 82' lang='lat' dir='ltr'><strong>volebat</strong></span> <span class='ocrx_word' id='word_1_514' title='bbox 3175 3289 3322 3344; x_wconf 85' lang='lat' dir='ltr'><strong>enim</strong></span> <span class='ocrx_word' id='word_1_515' title='bbox 3385 3288 3881 3375; x_wconf 41' lang='lat' dir='ltr'><strong>potestatem-non</strong></span> 
     </span>
    </p>
   </div>
   <div class='ocr_carea' id='block_1_77' title="bbox 2287 3368 3883 3462">
    <p class='ocr_par' dir='ltr' id='par_1_77' title="bbox 2287 3368 3883 3462">
     <span class='ocr_line' id='line_1_77' title="bbox 2287 3368 3883 3462; baseline -0.021 -12"><span class='ocrx_word' id='word_1_516' title='bbox 2287 3368 2486 3450; x_wconf 64' lang='lat' dir='ltr'><strong>iimore</strong></span> <span class='ocrx_word' id='word_1_517' title='bbox 2532 3399 2801 3462; x_wconf 89' lang='lat' dir='ltr'><strong>quantum</strong></span> <span class='ocrx_word' id='word_1_518' title='bbox 2850 3400 3039 3443; x_wconf 88' lang='lat' dir='ltr'><strong>amore</strong></span> <span class='ocrx_word' id='word_1_519' title='bbox 3093 3378 3401 3454; x_wconf 89' lang='lat' dir='ltr'><strong>possidere.</strong></span> <span class='ocrx_word' id='word_1_520' title='bbox 3435 3373 3682 3440; x_wconf 84' lang='lat' dir='ltr'><strong>Cumque</strong></span> <span class='ocrx_word' id='word_1_521' title='bbox 3729 3368 3883 3420; x_wconf 83' lang='lat' dir='ltr'><strong>inve-</strong></span> 
     </span>
    </p>
   </div>
   <div class='ocr_carea' id='block_1_78' title="bbox 2287 3458 3883 3545">
    <p class='ocr_par' dir='ltr' id='par_1_78' title="bbox 2287 3458 3883 3545">
     <span class='ocr_line' id='line_1_78' title="bbox 2287 3458 3883 3545; baseline -0.023 0"><span class='ocrx_word' id='word_1_522' title='bbox 2287 3489 2466 3545; x_wconf 88' lang='lat' dir='ltr'><strong>nisset</strong></span> <span class='ocrx_word' id='word_1_523' title='bbox 2529 3458 2839 3539; x_wconf 79' lang='lat' dir='ltr'><strong>exercitum</strong></span> <span class='ocrx_word' id='word_1_524' title='bbox 2892 3480 2949 3533; x_wconf 92' lang='lat' dir='ltr'><strong>in</strong></span> <span class='ocrx_word' id='word_1_525' title='bbox 3008 3474 3222 3530; x_wconf 82' lang='lat' dir='ltr'><strong>desidia</strong></span> <span class='ocrx_word' id='word_1_526' title='bbox 3268 3469 3440 3524; x_wconf 90' lang='lat' dir='ltr'><strong>multa</strong></span> <span class='ocrx_word' id='word_1_527' title='bbox 3472 3474 3527 3521; x_wconf 90' lang='lat' dir='ltr'><strong>et</strong></span> <span class='ocrx_word' id='word_1_528' title='bbox 3564 3458 3883 3517; x_wconf 80' lang='lat' dir='ltr'><strong>formidine,</strong></span> 
     </span>
    </p>
   </div>
   <div class='ocr_carea' id='block_1_79' title="bbox 2289 3559 3889 3648">
    <p class='ocr_par' dir='ltr' id='par_1_79' title="bbox 2289 3559 3889 3648">
     <span class='ocr_line' id='line_1_79' title="bbox 2289 3559 3889 3648; baseline -0.02 -15"><span class='ocrx_word' id='word_1_529' title='bbox 2289 3574 2682 3648; x_wconf 89' lang='lat' dir='ltr'><strong>inquietudine</strong></span> <span class='ocrx_word' id='word_1_530' title='bbox 2751 3586 2816 3626; x_wconf 89' lang='lat' dir='ltr'><strong>ac</strong></span> <span class='ocrx_word' id='word_1_531' title='bbox 2884 3567 3157 3624; x_wconf 87' lang='lat' dir='ltr'><strong>dedecore</strong></span> <span class='ocrx_word' id='word_1_532' title='bbox 3229 3563 3614 3620; x_wconf 88' lang='lat' dir='ltr'><strong>constitutum,</strong></span> <span class='ocrx_word' id='word_1_533' title='bbox 3668 3559 3724 3608; x_wconf 88' lang='lat' dir='ltr'><strong>et</strong></span> <span class='ocrx_word' id='word_1_534' title='bbox 3786 3563 3889 3648; x_wconf 69' lang='lat' dir='ltr'><strong>per</strong></span> 
     </span>
    </p>
   </div>
   <div class='ocr_carea' id='block_1_80' title="bbox 2285 3639 3889 3734">
    <p class='ocr_par' dir='ltr' id='par_1_80' title="bbox 2285 3639 3889 3734">
     <span class='ocr_line' id='line_1_80' title="bbox 2285 3639 3889 3734; baseline -0.021 -9"><span class='ocrx_word' id='word_1_535' title='bbox 2285 3639 2492 3726; x_wconf 78' lang='lat' dir='ltr'><strong>multas</strong></span> <span class='ocrx_word' id='word_1_536' title='bbox 2555 3675 2714 3722; x_wconf 71' lang='lat' dir='ltr'><strong>terra:</strong></span> <span class='ocrx_word' id='word_1_537' title='bbox 2769 3672 2955 3734; x_wconf 87' lang='lat' dir='ltr'><strong>partes</strong></span> <span class='ocrx_word' id='word_1_538' title='bbox 3028 3655 3475 3716; x_wconf 86' lang='lat' dir='ltr'><strong>disseminatum,</strong></span> <span class='ocrx_word' id='word_1_539' title='bbox 3533 3650 3780 3701; x_wconf 86' lang='lat' dir='ltr'><strong>actutum</strong></span> <span class='ocrx_word' id='word_1_540' title='bbox 3829 3639 3889 3694; x_wconf 86' lang='lat' dir='ltr'><strong>in</strong></span> 
     </span>
    </p>
   </div>
   <div class='ocr_carea' id='block_1_81' title="bbox 2287 3747 3887 3826">
    <p class='ocr_par' dir='ltr' id='par_1_81' title="bbox 2287 3747 3887 3826">
     <span class='ocr_line' id='line_1_81' title="bbox 2287 3747 3887 3826; baseline -0.02 -8"><span class='ocrx_word' id='word_1_541' title='bbox 2287 3777 2457 3818; x_wconf 88' lang='lat' dir='ltr'><strong>unum</strong></span> <span class='ocrx_word' id='word_1_542' title='bbox 2505 3757 2752 3826; x_wconf 85' lang='lat' dir='ltr'><strong>collegit.</strong></span> <span class='ocrx_word' id='word_1_543' title='bbox 2802 3755 2871 3809; x_wconf 83' lang='lat' dir='ltr'><strong>Et</strong></span> <span class='ocrx_word' id='word_1_544' title='bbox 2903 3766 3097 3807; x_wconf 88' lang='lat' dir='ltr'><strong>omnes</strong></span> <span class='ocrx_word' id='word_1_545' title='bbox 3136 3748 3295 3819; x_wconf 87' lang='lat' dir='ltr'><strong>quasi</strong></span> <span class='ocrx_word' id='word_1_546' title='bbox 3340 3760 3408 3800; x_wconf 86' lang='lat' dir='ltr'><strong>ex</strong></span> <span class='ocrx_word' id='word_1_547' title='bbox 3438 3755 3546 3796; x_wconf 87' lang='lat' dir='ltr'><strong>una</strong></span> <span class='ocrx_word' id='word_1_548' title='bbox 3577 3747 3887 3793; x_wconf 78' lang='lat' dir='ltr'><strong>consonan-</strong></span> 
     </span>
    </p>
   </div>
   <div class='ocr_carea' id='block_1_82' title="bbox 2289 3827 3889 3916">
    <p class='ocr_par' dir='ltr' id='par_1_82' title="bbox 2289 3827 3889 3916">
     <span class='ocr_line' id='line_1_82' title="bbox 2289 3827 3889 3916; baseline -0.018 -7"><span class='ocrx_word' id='word_1_549' title='bbox 2289 3856 2363 3909; x_wconf 88' lang='lat' dir='ltr'><strong>tia</strong></span> <span class='ocrx_word' id='word_1_550' title='bbox 2400 3851 2766 3908; x_wconf 76' lang='lat' dir='ltr'><strong>l&#39;audat-erunt.</strong></span> <span class='ocrx_word' id='word_1_551' title='bbox 2796 3845 3086 3916; x_wconf 86' lang='lat' dir='ltr'><strong>imperium</strong></span> <span class='ocrx_word' id='word_1_552' title='bbox 3115 3850 3168 3896; x_wconf 89' lang='lat' dir='ltr'><strong>ct</strong></span> <span class='ocrx_word' id='word_1_553' title='bbox 3194 3837 3574 3896; x_wconf 84' lang='lat' dir='ltr'><strong>fortitudinem</strong></span> <span class='ocrx_word' id='word_1_554' title='bbox 3597 3827 3889 3902; x_wconf 79' lang='lat' dir='ltr'><strong>principis.</strong></span> 
     </span>
    </p>
   </div>
   <div class='ocr_carea' id='block_1_83' title="bbox 2287 3921 3882 4017">
    <p class='ocr_par' dir='ltr' id='par_1_83' title="bbox 2287 3921 3882 4017">
     <span class='ocr_line' id='line_1_83' title="bbox 2287 3921 3882 4017; baseline -0.018 -17"><span class='ocrx_word' id='word_1_555' title='bbox 2287 3946 2408 4017; x_wconf 85' lang='lat' dir='ltr'><strong>Ipse</strong></span> <span class='ocrx_word' id='word_1_556' title='bbox 2474 3958 2607 4000; x_wconf 84' lang='lat' dir='ltr'><strong>vero</strong></span> <span class='ocrx_word' id='word_1_557' title='bbox 2671 3940 2854 3996; x_wconf 81' lang='lat' dir='ltr'><strong>verbis</strong></span> <span class='ocrx_word' id='word_1_558' title='bbox 2915 3937 3015 3992; x_wconf 91' lang='lat' dir='ltr'><strong>bos</strong></span> <span class='ocrx_word' id='word_1_559' title='bbox 3082 3932 3454 3988; x_wconf 87' lang='lat' dir='ltr'><strong>corroborans</strong></span> <span class='ocrx_word' id='word_1_560' title='bbox 3521 3921 3882 3996; x_wconf 81' lang='lat' dir='ltr'><strong>perhibebat:</strong></span> 
     </span>
    </p>
   </div>
   <div class='ocr_carea' id='block_1_84' title="bbox 2299 4015 3883 4107">
    <p class='ocr_par' dir='ltr' id='par_1_84' title="bbox 2299 4015 3883 4107">
     <span class='ocr_line' id='line_1_84' title="bbox 2299 4015 3883 4107; baseline -0.018 -15"><span class='ocrx_word' id='word_1_561' title='bbox 2299 4015 2502 4104; x_wconf 73' lang='lat' dir='ltr'><strong>l’idete,</strong></span> <span class='ocrx_word' id='word_1_562' title='bbox 2535 4037 2730 4107; x_wconf 78' lang='lat' dir='ltr'><strong>fratres</strong></span> <span class='ocrx_word' id='word_1_563' title='bbox 2771 4043 2819 4090; x_wconf 84' lang='lat' dir='ltr'><strong>et</strong></span> <span class='ocrx_word' id='word_1_564' title='bbox 2847 4031 2970 4102; x_wconf 82' lang='lat' dir='ltr'><strong>ﬁlii,</strong></span> <span class='ocrx_word' id='word_1_565' title='bbox 3012 4036 3137 4101; x_wconf 82' lang='lat' dir='ltr'><strong>quot</strong></span> <span class='ocrx_word' id='word_1_566' title='bbox 3166 4024 3375 4082; x_wconf 81' lang='lat' dir='ltr'><strong>inimici</strong></span> <span class='ocrx_word' id='word_1_567' title='bbox 3418 4021 3514 4076; x_wconf 80' lang='lat' dir='ltr'><strong>Dei</strong></span> <span class='ocrx_word' id='word_1_568' title='bbox 3542 4015 3883 4072; x_wconf 68' lang='lat' dir='ltr'><strong>conculcan-</strong></span> 
     </span>
    </p>
   </div>
   <div class='ocr_carea' id='block_1_85' title="bbox 2286 4107 3876 4204">
    <p class='ocr_par' dir='ltr' id='par_1_85' title="bbox 2286 4107 3876 4204">
     <span class='ocr_line' id='line_1_85' title="bbox 2286 4107 3876 4204; baseline -0.019 -18"><span class='ocrx_word' id='word_1_569' title='bbox 2286 4133 2401 4204; x_wconf 27' lang='lat' dir='ltr'><strong>lrint</strong></span> <span class='ocrx_word' id='word_1_570' title='bbox 2453 4131 2721 4201; x_wconf 76' lang='lat' dir='ltr'><strong>regionem</strong></span> <span class='ocrx_word' id='word_1_571' title='bbox 2780 4133 3043 4188; x_wconf 82' lang='lat' dir='ltr'><strong>nostram,</strong></span> <span class='ocrx_word' id='word_1_572' title='bbox 3095 4129 3146 4174; x_wconf 80' lang='lat' dir='ltr'><strong>et</strong></span> <span class='ocrx_word' id='word_1_573' title='bbox 3198 4118 3354 4174; x_wconf 74' lang='lat' dir='ltr'><strong>urbes</strong></span> <span class='ocrx_word' id='word_1_574' title='bbox 3399 4107 3876 4170; x_wconf 71' lang='lat' dir='ltr'><strong>exterminarerint,</strong></span> 
     </span>
    </p>
   </div>
   <div class='ocr_carea' id='block_1_86' title="bbox 2290 4204 3888 4288">
    <p class='ocr_par' dir='ltr' id='par_1_86' title="bbox 2290 4204 3888 4288">
     <span class='ocr_line' id='line_1_86' title="bbox 2290 4204 3888 4288; baseline -0.022 -8"><span class='ocrx_word' id='word_1_575' title='bbox 2290 4233 2341 4280; x_wconf 85' lang='lat' dir='ltr'><strong>et</strong></span> <span class='ocrx_word' id='word_1_576' title='bbox 2392 4221 2596 4279; x_wconf 80' lang='lat' dir='ltr'><strong>altaria</strong></span> <span class='ocrx_word' id='word_1_577' title='bbox 2627 4214 3093 4278; x_wconf 78' lang='lat' dir='ltr'><strong>concremavert‘nt,</strong></span> <span class='ocrx_word' id='word_1_578' title='bbox 3129 4218 3179 4266; x_wconf 79' lang='lat' dir='ltr'><strong>et</strong></span> <span class='ocrx_word' id='word_1_579' title='bbox 3232 4223 3441 4288; x_wconf 77' lang='lat' dir='ltr'><strong>mensas</strong></span> <span class='ocrx_word' id='word_1_580' title='bbox 3489 4204 3888 4258; x_wconf 79' lang='lat' dir='ltr'><strong>incruentormn</strong></span> 
     </span>
    </p>
   </div>
   <div class='ocr_carea' id='block_1_87' title="bbox 2289 4291 3894 4386">
    <p class='ocr_par' dir='ltr' id='par_1_87' title="bbox 2289 4291 3894 4386">
     <span class='ocr_line' id='line_1_87' title="bbox 2289 4291 3894 4386; baseline -0.019 -14"><span class='ocrx_word' id='word_1_581' title='bbox 2289 4315 2686 4386; x_wconf 75' lang='lat' dir='ltr'><strong>sacrificiorum</strong></span> <span class='ocrx_word' id='word_1_582' title='bbox 2725 4305 3074 4379; x_wconf 79' lang='lat' dir='ltr'><strong>sanguinibus</strong></span> <span class='ocrx_word' id='word_1_583' title='bbox 3120 4299 3527 4359; x_wconf 73' lang='lat' dir='ltr'><strong>homicidiorum</strong></span> <span class='ocrx_word' id='word_1_584' title='bbox 3554 4291 3894 4386; x_wconf 64' lang='lat' dir='ltr'><strong>repleverit&quot;,</strong></span> 
     </span>
    </p>
   </div>
   <div class='ocr_carea' id='block_1_88' title="bbox 2287 4384 3898 4475">
    <p class='ocr_par' dir='ltr' id='par_1_88' title="bbox 2287 4384 3898 4475">
     <span class='ocr_line' id='line_1_88' title="bbox 2287 4384 3898 4475; baseline -0.021 -7"><span class='ocrx_word' id='word_1_585' title='bbox 2287 4422 2338 4468; x_wconf 77' lang='lat' dir='ltr'><strong>et</strong></span> <span class='ocrx_word' id='word_1_586' title='bbox 2371 4384 2643 4471; x_wconf 73' lang='lat' dir='ltr'><strong>ecclesias,</strong></span> <span class='ocrx_word' id='word_1_587' title='bbox 2683 4419 2800 4475; x_wconf 68' lang='lat' dir='ltr'><strong>quia</strong></span> <span class='ocrx_word' id='word_1_588' title='bbox 2824 4400 3035 4472; x_wconf 80' lang='lat' dir='ltr'><strong>ﬂagitia</strong></span> <span class='ocrx_word' id='word_1_589' title='bbox 3081 4413 3186 4454; x_wconf 81' lang='lat' dir='ltr'><strong>non</strong></span> <span class='ocrx_word' id='word_1_590' title='bbox 3225 4393 3546 4475; x_wconf 78' lang='lat' dir='ltr'><strong>admittunt,</strong></span> <span class='ocrx_word' id='word_1_591' title='bbox 3577 4384 3898 4456; x_wconf 74' lang='lat' dir='ltr'><strong>ﬂagitiosis-</strong></span> 
     </span>
    </p>
   </div>
   <div class='ocr_carea' id='block_1_89' title="bbox 2289 4473 3898 4566">
    <p class='ocr_par' dir='ltr' id='par_1_89' title="bbox 2289 4473 3898 4566">
     <span class='ocr_line' id='line_1_89' title="bbox 2289 4473 3898 4566; baseline -0.019 -9"><span class='ocrx_word' id='word_1_592' title='bbox 2289 4502 2442 4557; x_wconf 87' lang='lat' dir='ltr'><strong>simis</strong></span> <span class='ocrx_word' id='word_1_593' title='bbox 2470 4473 2783 4566; x_wconf 66' lang='lat' dir='ltr'><strong>repleuerint</strong></span> <span class='ocrx_word' id='word_1_594' title='bbox 2817 4489 3198 4562; x_wconf 76' lang='lat' dir='ltr'><strong>voluptatibus.</strong></span> <span class='ocrx_word' id='word_1_595' title='bbox 3240 4473 3428 4553; x_wconf 76' lang='lat' dir='ltr'><strong>ltaq&#39;ue</strong></span> <span class='ocrx_word' id='word_1_596' title='bbox 3455 4493 3665 4535; x_wconf 84' lang='lat' dir='ltr'><strong>cuneos</strong></span> <span class='ocrx_word' id='word_1_597' title='bbox 3694 4489 3898 4530; x_wconf 83' lang='lat' dir='ltr'><strong>rursus</strong></span> 
     </span>
    </p>
   </div>
   <div class='ocr_carea' id='block_1_90' title="bbox 593 4573 3893 4670">
    <p class='ocr_par' dir='ltr' id='par_1_90' title="bbox 593 4573 3893 4670">
     <span class='ocr_line' id='line_1_90' title="bbox 593 4573 3893 4670; baseline -0.011 -12"><span class='ocrx_word' id='word_1_598' title='bbox 593 4602 806 4659; x_wconf 86' lang='lat' dir='ltr'><strong>foedera</strong></span> <span class='ocrx_word' id='word_1_599' title='bbox 855 4602 1018 4670; x_wconf 80' lang='lat' dir='ltr'><strong>legati</strong></span> <span class='ocrx_word' id='word_1_600' title='bbox 1073 4602 1126 4655; x_wconf 92' lang='lat' dir='ltr'><strong>in</strong></span> <span class='ocrx_word' id='word_1_601' title='bbox 1173 4612 1312 4667; x_wconf 88' lang='lat' dir='ltr'><strong>pace</strong></span> <span class='ocrx_word' id='word_1_602' title='bbox 1361 4597 1568 4654; x_wconf 86' lang='lat' dir='ltr'><strong>reversi</strong></span> <span class='ocrx_word' id='word_1_603' title='bbox 1606 4605 1755 4654; x_wconf 90' lang='lat' dir='ltr'><strong>sunt.</strong></span> <span class='ocrx_word' id='word_1_604' title='bbox 1799 4595 2000 4654; x_wconf 86' lang='lat' dir='ltr'><strong>Eodem</strong></span> <span class='ocrx_word' id='word_1_605' title='bbox 2035 4609 2182 4651; x_wconf 88' lang='lat' dir='ltr'><strong>anno</strong></span> <span class='ocrx_word' id='word_1_606' title='bbox 2208 4601 2263 4662; x_wconf 80' lang='lat' dir='ltr'><strong>D</strong></span> <span class='ocrx_word' id='word_1_607' title='bbox 2294 4597 2359 4650; x_wconf 85' lang='lat' dir='ltr'><strong>ad</strong></span> <span class='ocrx_word' id='word_1_608' title='bbox 2398 4594 2653 4649; x_wconf 88' lang='lat' dir='ltr'><strong>bellicum</strong></span> <span class='ocrx_word' id='word_1_609' title='bbox 2687 4587 3015 4644; x_wconf 76' lang='lat' dir='ltr'><strong>exercitium</strong></span> <span class='ocrx_word' id='word_1_610' title='bbox 3051 4587 3252 4641; x_wconf 87' lang='lat' dir='ltr'><strong>armat,</strong></span> <span class='ocrx_word' id='word_1_611' title='bbox 3293 4576 3510 4648; x_wconf 84' lang='lat' dir='ltr'><strong>agmina</strong></span> <span class='ocrx_word' id='word_1_612' title='bbox 3546 4573 3656 4628; x_wconf 91' lang='lat' dir='ltr'><strong>duo</strong></span> <span class='ocrx_word' id='word_1_613' title='bbox 3679 4577 3893 4624; x_wconf 81' lang='lat' dir='ltr'><strong>armata</strong></span> 
     </span>
    </p>
   </div>
   <div class='ocr_carea' id='block_1_91' title="bbox 596 4687 1836 4766">
    <p class='ocr_par' dir='ltr' id='par_1_91' title="bbox 596 4687 1836 4766">
     <span class='ocr_line' id='line_1_91' title="bbox 596 4687 1836 4766; baseline -0.004 -15"><span class='ocrx_word' id='word_1_614' title='bbox 596 4703 859 4766; x_wconf 83' lang='lat' dir='ltr'><strong>ceperunt</strong></span> <span class='ocrx_word' id='word_1_615' title='bbox 888 4693 1069 4748; x_wconf 82' lang='lat' dir='ltr'><strong>Persa:</strong></span> <span class='ocrx_word' id='word_1_616' title='bbox 1101 4691 1374 4763; x_wconf 84' lang='lat' dir='ltr'><strong>Ancyram</strong></span> <span class='ocrx_word' id='word_1_617' title='bbox 1413 4687 1641 4743; x_wconf 82' lang='lat' dir='ltr'><strong>Calatiae</strong></span> <span class='ocrx_word' id='word_1_618' title='bbox 1671 4687 1836 4746; x_wconf 82' lang='lat' dir='ltr'><strong>bello.</strong></span> 
     </span>
    </p>
   </div>
   <div class='ocr_carea' id='block_1_92' title="bbox 667 4779 2186 4855">
    <p class='ocr_par' dir='ltr' id='par_1_92' title="bbox 667 4779 2186 4855">
     <span class='ocr_line' id='line_1_92' title="bbox 667 4779 2186 4855; baseline -0.006 -11"><span class='ocrx_word' id='word_1_619' title='bbox 667 4787 828 4844; x_wconf 79' lang='lat' dir='ltr'><strong>Anno</strong></span> <span class='ocrx_word' id='word_1_620' title='bbox 860 4785 1073 4855; x_wconf 89' lang='lat' dir='ltr'><strong>imperii</strong></span> <span class='ocrx_word' id='word_1_621' title='bbox 1112 4782 1349 4839; x_wconf 86' lang='lat' dir='ltr'><strong>Heraclii</strong></span> <span class='ocrx_word' id='word_1_622' title='bbox 1379 4782 1438 4837; x_wconf 85' lang='grc'><strong>11</strong></span> <span class='ocrx_word' id='word_1_623' title='bbox 1469 4781 1668 4838; x_wconf 87' lang='lat' dir='ltr'><strong>durum</strong></span> <span class='ocrx_word' id='word_1_624' title='bbox 1694 4779 1971 4837; x_wconf 86' lang='lat' dir='ltr'><strong>Chosroes</strong></span> <span class='ocrx_word' id='word_1_625' title='bbox 1994 4780 2186 4851; x_wconf 87' lang='lat' dir='ltr'><strong>jugum</strong></span> 
     </span>
    </p>
   </div>
   <div class='ocr_carea' id='block_1_93' title="bbox 593 4870 2192 4948">
    <p class='ocr_par' dir='ltr' id='par_1_93' title="bbox 593 4870 2192 4948">
     <span class='ocr_line' id='line_1_93' title="bbox 593 4870 2192 4948; baseline -0.004 -16"><span class='ocrx_word' id='word_1_626' title='bbox 593 4890 986 4948; x_wconf 66' lang='lat' dir='ltr'><strong>suum-super</strong></span> <span class='ocrx_word' id='word_1_627' title='bbox 1030 4890 1224 4931; x_wconf 89' lang='lat' dir='ltr'><strong>omnes</strong></span> <span class='ocrx_word' id='word_1_628' title='bbox 1287 4872 1543 4928; x_wconf 90' lang='lat' dir='ltr'><strong>homines</strong></span> <span class='ocrx_word' id='word_1_629' title='bbox 1598 4870 1730 4927; x_wconf 87' lang='lat' dir='ltr'><strong>fecit</strong></span> <span class='ocrx_word' id='word_1_630' title='bbox 1797 4872 1852 4926; x_wconf 92' lang='lat' dir='ltr'><strong>in</strong></span> <span class='ocrx_word' id='word_1_631' title='bbox 1921 4871 2192 4928; x_wconf 71' lang='lat' dir='ltr'><strong>etiusione</strong></span> 
     </span>
    </p>
   </div>
   <div class='ocr_carea' id='block_1_94' title="bbox 595 4966 2186 5038">
    <p class='ocr_par' dir='ltr' id='par_1_94' title="bbox 595 4966 2186 5038">
     <span class='ocr_line' id='line_1_94' title="bbox 595 4966 2186 5038; baseline -0.001 -12"><span class='ocrx_word' id='word_1_632' title='bbox 595 4971 889 5038; x_wconf 77' lang='lat' dir='ltr'><strong>sanguinis</strong></span> <span class='ocrx_word' id='word_1_633' title='bbox 915 4976 970 5024; x_wconf 92' lang='lat' dir='ltr'><strong>et</strong></span> <span class='ocrx_word' id='word_1_634' title='bbox 1001 4971 1212 5026; x_wconf 88' lang='lat' dir='ltr'><strong>ratione</strong></span> <span class='ocrx_word' id='word_1_635' title='bbox 1248 4967 1442 5023; x_wconf 91' lang='lat' dir='ltr'><strong>tributi</strong></span> <span class='ocrx_word' id='word_1_636' title='bbox 1467 4985 1480 5021; x_wconf 94' lang='lat'><strong>:</strong></span> <span class='ocrx_word' id='word_1_637' title='bbox 1505 4967 1686 5022; x_wconf 84' lang='lat' dir='ltr'><strong>elatus</strong></span> <span class='ocrx_word' id='word_1_638' title='bbox 1715 4967 1860 5021; x_wconf 88' lang='lat' dir='ltr'><strong>enim</strong></span> <span class='ocrx_word' id='word_1_639' title='bbox 1902 4966 2186 5035; x_wconf 88' lang='lat' dir='ltr'><strong>triumpho</strong></span> 
     </span>
    </p>
   </div>
   <div class='ocr_carea' id='block_1_95' title="bbox 597 5057 2193 5128">
    <p class='ocr_par' dir='ltr' id='par_1_95' title="bbox 597 5057 2193 5128">
     <span class='ocr_line' id='line_1_95' title="bbox 597 5057 2193 5128; baseline -0.004 -10"><span class='ocrx_word' id='word_1_640' title='bbox 597 5065 916 5118; x_wconf 86' lang='lat' dir='ltr'><strong>nullatenus</strong></span> <span class='ocrx_word' id='word_1_641' title='bbox 942 5062 1084 5117; x_wconf 90' lang='lat' dir='ltr'><strong>ultra</strong></span> <span class='ocrx_word' id='word_1_642' title='bbox 1115 5063 1170 5116; x_wconf 91' lang='lat' dir='ltr'><strong>in</strong></span> <span class='ocrx_word' id='word_1_643' title='bbox 1217 5059 1537 5116; x_wconf 82' lang='lat' dir='ltr'><strong>constantia</strong></span> <span class='ocrx_word' id='word_1_644' title='bbox 1580 5074 1706 5114; x_wconf 84' lang='lat' dir='ltr'><strong>esse</strong></span> <span class='ocrx_word' id='word_1_645' title='bbox 1749 5066 1988 5128; x_wconf 87' lang='lat' dir='ltr'><strong>poterat.</strong></span> <span class='ocrx_word' id='word_1_646' title='bbox 2037 5057 2193 5114; x_wconf 83' lang='lat' dir='ltr'><strong>Tunc</strong></span> 
     </span>
    </p>
   </div>
   <div class='ocr_carea' id='block_1_96' title="bbox 598 5150 2193 5222">
    <p class='ocr_par' dir='ltr' id='par_1_96' title="bbox 598 5150 2193 5222">
     <span class='ocr_line' id='line_1_96' title="bbox 598 5150 2193 5222; baseline -0.004 -12"><span class='ocrx_word' id='word_1_647' title='bbox 598 5157 883 5214; x_wconf 84' lang='lat' dir='ltr'><strong>i-Ieraclius</strong></span> <span class='ocrx_word' id='word_1_648' title='bbox 948 5155 1068 5211; x_wconf 79' lang='lat' dir='ltr'><strong>zelo</strong></span> <span class='ocrx_word' id='word_1_649' title='bbox 1111 5154 1203 5210; x_wconf 89' lang='lat' dir='ltr'><strong>Dei</strong></span> <span class='ocrx_word' id='word_1_650' title='bbox 1263 5160 1547 5222; x_wconf 86' lang='lat' dir='ltr'><strong>suscepto,</strong></span> <span class='ocrx_word' id='word_1_651' title='bbox 1617 5159 1672 5207; x_wconf 88' lang='lat' dir='ltr'><strong>et</strong></span> <span class='ocrx_word' id='word_1_652' title='bbox 1730 5165 1856 5206; x_wconf 89' lang='lat' dir='ltr'><strong>cum</strong></span> <span class='ocrx_word' id='word_1_653' title='bbox 1921 5150 2193 5206; x_wconf 80' lang='lat' dir='ltr'><strong>Avaribus</strong></span> 
     </span>
    </p>
   </div>
   <div class='ocr_carea' id='block_1_97' title="bbox 598 5242 2194 5319">
    <p class='ocr_par' dir='ltr' id='par_1_97' title="bbox 598 5242 2194 5319">
     <span class='ocr_line' id='line_1_97' title="bbox 598 5242 2194 5319; baseline -0.002 -18"><span class='ocrx_word' id='word_1_654' title='bbox 598 5264 757 5319; x_wconf 86' lang='lat' dir='ltr'><strong>pace,</strong></span> <span class='ocrx_word' id='word_1_655' title='bbox 823 5256 884 5306; x_wconf 89' lang='lat' dir='ltr'><strong>ut</strong></span> <span class='ocrx_word' id='word_1_656' title='bbox 943 5247 1196 5319; x_wconf 86' lang='lat' dir='ltr'><strong>putabat,</strong></span> <span class='ocrx_word' id='word_1_657' title='bbox 1251 5251 1560 5308; x_wconf 75' lang='lat' dir='ltr'><strong>contracta,</strong></span> <span class='ocrx_word' id='word_1_658' title='bbox 1621 5242 1907 5299; x_wconf 88' lang='lat' dir='ltr'><strong>transtulit</strong></span> <span class='ocrx_word' id='word_1_659' title='bbox 1964 5243 2194 5298; x_wconf 85' lang='lat' dir='ltr'><strong>militias</strong></span> 
     </span>
    </p>
   </div>
   <div class='ocr_carea' id='block_1_98' title="bbox 601 5333 2196 5408">
    <p class='ocr_par' dir='ltr' id='par_1_98' title="bbox 601 5333 2196 5408">
     <span class='ocr_line' id='line_1_98' title="bbox 601 5333 2196 5408; baseline -0.004 -14"><span class='ocrx_word' id='word_1_660' title='bbox 601 5337 840 5408; x_wconf 80' lang='lat' dir='ltr'><strong>Europae</strong></span> <span class='ocrx_word' id='word_1_661' title='bbox 889 5337 944 5392; x_wconf 86' lang='lat' dir='ltr'><strong>in</strong></span> <span class='ocrx_word' id='word_1_662' title='bbox 999 5337 1210 5398; x_wconf 82' lang='lat' dir='ltr'><strong>Asiani,</strong></span> <span class='ocrx_word' id='word_1_663' title='bbox 1245 5344 1301 5392; x_wconf 87' lang='lat' dir='ltr'><strong>et</strong></span> <span class='ocrx_word' id='word_1_664' title='bbox 1360 5333 1640 5404; x_wconf 71' lang='lat' dir='ltr'><strong>cegitabat</strong></span> <span class='ocrx_word' id='word_1_665' title='bbox 1683 5333 1776 5395; x_wconf 88' lang='lat' dir='ltr'><strong>Dei</strong></span> <span class='ocrx_word' id='word_1_666' title='bbox 1807 5333 2196 5404; x_wconf 83' lang='lat' dir='ltr'><strong>eooperatione</strong></span> 
     </span>
    </p>
   </div>
   <div class='ocr_carea' id='block_1_99' title="bbox 598 5429 1494 5500">
    <p class='ocr_par' dir='ltr' id='par_1_99' title="bbox 598 5429 1494 5500">
     <span class='ocr_line' id='line_1_99' title="bbox 598 5429 1494 5500; baseline -0.006 -16"><span class='ocrx_word' id='word_1_667' title='bbox 598 5441 794 5485; x_wconf 83' lang='lat' dir='ltr'><strong>contra</strong></span> <span class='ocrx_word' id='word_1_668' title='bbox 840 5429 1124 5486; x_wconf 82' lang='lat' dir='ltr'><strong>Persidem</strong></span> <span class='ocrx_word' id='word_1_669' title='bbox 1174 5438 1494 5500; x_wconf 76' lang='lat' dir='ltr'><strong>properare.</strong></span> 
     </span>
    </p>
   </div>
   <div class='ocr_carea' id='block_1_100' title="bbox 675 5513 2193 5590">
    <p class='ocr_par' dir='ltr' id='par_1_100' title="bbox 675 5513 2193 5590">
     <span class='ocr_line' id='line_1_100' title="bbox 675 5513 2193 5590; baseline -0.003 -15"><span class='ocrx_word' id='word_1_670' title='bbox 675 5520 836 5575; x_wconf 83' lang='lat' dir='ltr'><strong>Anno</strong></span> <span class='ocrx_word' id='word_1_671' title='bbox 877 5519 1089 5590; x_wconf 79' lang='lat' dir='ltr'><strong>imperii</strong></span> <span class='ocrx_word' id='word_1_672' title='bbox 1131 5518 1217 5573; x_wconf 90' lang='lat' dir='ltr'><strong>sui</strong></span> <span class='ocrx_word' id='word_1_673' title='bbox 1255 5517 1342 5581; x_wconf 72' lang='grc'><strong>12,</strong></span> <span class='ocrx_word' id='word_1_674' title='bbox 1389 5531 1579 5580; x_wconf 79' lang='lat' dir='ltr'><strong>mense</strong></span> <span class='ocrx_word' id='word_1_675' title='bbox 1628 5514 1824 5586; x_wconf 74' lang='lat' dir='ltr'><strong>Aprili,</strong></span> <span class='ocrx_word' id='word_1_676' title='bbox 1847 5513 1938 5572; x_wconf 80' lang='lat' dir='ltr'><strong>die</strong></span> <span class='ocrx_word' id='word_1_677' title='bbox 1963 5515 2017 5581; x_wconf 76' lang='grc'><strong>4,</strong></span> <span class='ocrx_word' id='word_1_678' title='bbox 2051 5515 2193 5571; x_wconf 82' lang='lat' dir='ltr'><strong>iridi-</strong></span> 
     </span>
    </p>
   </div>
   <div class='ocr_carea' id='block_1_101' title="bbox 607 5607 2193 5681">
    <p class='ocr_par' dir='ltr' id='par_1_101' title="bbox 607 5607 2193 5681">
     <span class='ocr_line' id='line_1_101' title="bbox 607 5607 2193 5681; baseline -0.003 -17"><span class='ocrx_word' id='word_1_679' title='bbox 607 5612 792 5668; x_wconf 91' lang='lat' dir='ltr'><strong>ctione</strong></span> <span class='ocrx_word' id='word_1_680' title='bbox 821 5609 910 5678; x_wconf 82' lang='grc'><strong>10,</strong></span> <span class='ocrx_word' id='word_1_681' title='bbox 947 5612 1246 5681; x_wconf 78' lang='lat' dir='ltr'><strong>imperator</strong></span> <span class='ocrx_word' id='word_1_682' title='bbox 1293 5608 1584 5676; x_wconf 82' lang='lat' dir='ltr'><strong>Heraclius</strong></span> <span class='ocrx_word' id='word_1_683' title='bbox 1625 5607 1902 5666; x_wconf 85' lang='lat' dir='ltr'><strong>celebrata</strong></span> <span class='ocrx_word' id='word_1_684' title='bbox 1933 5608 2193 5662; x_wconf 88' lang='lat' dir='ltr'><strong>solemni-</strong></span> 
     </span>
    </p>
   </div>
   <div class='ocr_carea' id='block_1_102' title="bbox 604 5701 2193 5775">
    <p class='ocr_par' dir='ltr' id='par_1_102' title="bbox 604 5701 2193 5775">
     <span class='ocr_line' id='line_1_102' title="bbox 604 5701 2193 5775; baseline -0.003 -17"><span class='ocrx_word' id='word_1_685' title='bbox 604 5710 717 5762; x_wconf 81' lang='lat' dir='ltr'><strong>tate</strong></span> <span class='ocrx_word' id='word_1_686' title='bbox 751 5703 1017 5775; x_wconf 85' lang='lat' dir='ltr'><strong>paschali,</strong></span> <span class='ocrx_word' id='word_1_687' title='bbox 1045 5719 1174 5760; x_wconf 88' lang='lat' dir='ltr'><strong>mox</strong></span> <span class='ocrx_word' id='word_1_688' title='bbox 1209 5703 1454 5759; x_wconf 85' lang='lat' dir='ltr'><strong>secunda</strong></span> <span class='ocrx_word' id='word_1_689' title='bbox 1487 5701 1626 5758; x_wconf 89' lang='lat' dir='ltr'><strong>feria</strong></span> <span class='ocrx_word' id='word_1_690' title='bbox 1660 5701 1872 5773; x_wconf 84' lang='lat' dir='ltr'><strong>vesperi</strong></span> <span class='ocrx_word' id='word_1_691' title='bbox 1903 5709 2193 5762; x_wconf 84' lang='lat' dir='ltr'><strong>metusest</strong></span> 
     </span>
    </p>
   </div>
   <div class='ocr_carea' id='block_1_103' title="bbox 2235 4663 3896 4750">
    <p class='ocr_par' dir='ltr' id='par_1_103' title="bbox 2235 4663 3896 4750">
     <span class='ocr_line' id='line_1_103' title="bbox 2235 4663 3896 4750; baseline -0.016 -6"><span class='ocrx_word' id='word_1_692' title='bbox 2235 4705 2258 4725; x_wconf 72' lang='grc' dir='ltr'><em>ι</em></span> <span class='ocrx_word' id='word_1_693' title='bbox 2288 4687 2576 4750; x_wconf 87' lang='lat' dir='ltr'><strong>ordinans,</strong></span> <span class='ocrx_word' id='word_1_694' title='bbox 2609 4682 2770 4737; x_wconf 84' lang='lat' dir='ltr'><strong>tubas</strong></span> <span class='ocrx_word' id='word_1_695' title='bbox 2831 4692 3050 4748; x_wconf 83' lang='lat' dir='ltr'><strong>quoque</strong></span> <span class='ocrx_word' id='word_1_696' title='bbox 3101 4687 3166 4728; x_wconf 89' lang='lat' dir='ltr'><strong>ac</strong></span> <span class='ocrx_word' id='word_1_697' title='bbox 3211 4673 3526 4741; x_wconf 83' lang='lat' dir='ltr'><strong>clypeorum</strong></span> <span class='ocrx_word' id='word_1_698' title='bbox 3592 4663 3896 4734; x_wconf 85' lang='lat' dir='ltr'><strong>phalanges</strong></span> 
     </span>
    </p>
   </div>
   <div class='ocr_carea' id='block_1_104' title="bbox 2293 4753 3896 4845">
    <p class='ocr_par' dir='ltr' id='par_1_104' title="bbox 2293 4753 3896 4845">
     <span class='ocr_line' id='line_1_104' title="bbox 2293 4753 3896 4845; baseline -0.019 -8"><span class='ocrx_word' id='word_1_699' title='bbox 2293 4781 2556 4838; x_wconf 79' lang='lat' dir='ltr'><strong>elliciens.</strong></span> <span class='ocrx_word' id='word_1_700' title='bbox 2593 4775 2656 4830; x_wconf 81' lang='lat' dir='ltr'><strong>Et</strong></span> <span class='ocrx_word' id='word_1_701' title='bbox 2685 4773 2923 4845; x_wconf 90' lang='lat' dir='ltr'><strong>populus</strong></span> <span class='ocrx_word' id='word_1_702' title='bbox 2952 4771 3178 4824; x_wconf 86' lang='lat' dir='ltr'><strong>thorace</strong></span> <span class='ocrx_word' id='word_1_703' title='bbox 3211 4765 3441 4820; x_wconf 86' lang='lat' dir='ltr'><strong>indutus</strong></span> <span class='ocrx_word' id='word_1_704' title='bbox 3489 4758 3730 4815; x_wconf 84' lang='lat' dir='ltr'><strong>astabat.</strong></span> <span class='ocrx_word' id='word_1_705' title='bbox 3760 4753 3896 4808; x_wconf 82' lang='lat' dir='ltr'><strong>Nam</strong></span> 
     </span>
    </p>
   </div>
   <div class='ocr_carea' id='block_1_105' title="bbox 2297 4847 3902 4932">
    <p class='ocr_par' dir='ltr' id='par_1_105' title="bbox 2297 4847 3902 4932">
     <span class='ocr_line' id='line_1_105' title="bbox 2297 4847 3902 4932; baseline -0.019 -2"><span class='ocrx_word' id='word_1_706' title='bbox 2297 4890 2424 4932; x_wconf 91' lang='lat' dir='ltr'><strong>cum</strong></span> <span class='ocrx_word' id='word_1_707' title='bbox 2487 4871 2636 4926; x_wconf 88' lang='lat' dir='ltr'><strong>acies</strong></span> <span class='ocrx_word' id='word_1_708' title='bbox 2684 4867 2906 4922; x_wconf 79' lang='lat' dir='ltr'><strong>cautius</strong></span> <span class='ocrx_word' id='word_1_709' title='bbox 2947 4862 3295 4922; x_wconf 87' lang='lat' dir='ltr'><strong>statuissent,</strong></span> <span class='ocrx_word' id='word_1_710' title='bbox 3329 4853 3781 4926; x_wconf 65' lang='lat' dir='ltr'><strong>congressionem</strong></span> <span class='ocrx_word' id='word_1_711' title='bbox 3815 4847 3902 4901; x_wconf 79' lang='lat' dir='ltr'><strong>itt-</strong></span> 
     </span>
    </p>
   </div>
   <div class='ocr_carea' id='block_1_106' title="bbox 2300 4946 3904 5032">
    <p class='ocr_par' dir='ltr' id='par_1_106' title="bbox 2300 4946 3904 5032">
     <span class='ocr_line' id='line_1_106' title="bbox 2300 4946 3904 5032; baseline -0.017 -9"><span class='ocrx_word' id='word_1_712' title='bbox 2300 4969 2474 5023; x_wconf 86' lang='lat' dir='ltr'><strong>vicem</strong></span> <span class='ocrx_word' id='word_1_713' title='bbox 2507 4977 2670 5032; x_wconf 83' lang='lat' dir='ltr'><strong>agere</strong></span> <span class='ocrx_word' id='word_1_714' title='bbox 2693 4958 2885 5030; x_wconf 81' lang='lat' dir='ltr'><strong>jussit.</strong></span> <span class='ocrx_word' id='word_1_715' title='bbox 2931 4955 3298 5026; x_wconf 88' lang='lat' dir='ltr'><strong>lmpulsiones</strong></span> <span class='ocrx_word' id='word_1_716' title='bbox 3327 4957 3510 5006; x_wconf 87' lang='lat' dir='ltr'><strong>autem</strong></span> <span class='ocrx_word' id='word_1_717' title='bbox 3544 4946 3904 5002; x_wconf 80' lang='lat' dir='ltr'><strong>vehementes</strong></span> 
     </span>
    </p>
   </div>
   <div class='ocr_carea' id='block_1_107' title="bbox 2300 5036 3905 5125">
    <p class='ocr_par' dir='ltr' id='par_1_107' title="bbox 2300 5036 3905 5125">
     <span class='ocr_line' id='line_1_107' title="bbox 2300 5036 3905 5125; baseline -0.019 -13"><span class='ocrx_word' id='word_1_718' title='bbox 2300 5073 2365 5112; x_wconf 89' lang='lat' dir='ltr'><strong>ac</strong></span> <span class='ocrx_word' id='word_1_719' title='bbox 2432 5052 2821 5125; x_wconf 89' lang='lat' dir='ltr'><strong>percussiones</strong></span> <span class='ocrx_word' id='word_1_720' title='bbox 2889 5047 2944 5102; x_wconf 91' lang='lat' dir='ltr'><strong>in</strong></span> <span class='ocrx_word' id='word_1_721' title='bbox 3010 5046 3340 5100; x_wconf 87' lang='lat' dir='ltr'><strong>alterutrum</strong></span> <span class='ocrx_word' id='word_1_722' title='bbox 3391 5036 3791 5098; x_wconf 73' lang='lat' dir='ltr'><strong>etllciebantur,</strong></span> <span class='ocrx_word' id='word_1_723' title='bbox 3846 5037 3905 5086; x_wconf 86' lang='lat' dir='ltr'><strong>et</strong></span> 
     </span>
    </p>
   </div>
   <div class='ocr_carea' id='block_1_108' title="bbox 2297 5121 3905 5206">
    <p class='ocr_par' dir='ltr' id='par_1_108' title="bbox 2297 5121 3905 5206">
     <span class='ocr_line' id='line_1_108' title="bbox 2297 5121 3905 5206; baseline -0.02 -1"><span class='ocrx_word' id='word_1_724' title='bbox 2297 5121 2524 5206; x_wconf 79' lang='lat' dir='ltr'><strong>habitus</strong></span> <span class='ocrx_word' id='word_1_725' title='bbox 2561 5143 2689 5200; x_wconf 87' lang='lat' dir='ltr'><strong>belli</strong></span> <span class='ocrx_word' id='word_1_726' title='bbox 2717 5138 3176 5202; x_wconf 85' lang='lat' dir='ltr'><strong>ostendebantur,</strong></span> <span class='ocrx_word' id='word_1_727' title='bbox 3213 5139 3441 5201; x_wconf 87' lang='lat' dir='ltr'><strong>eratque</strong></span> <span class='ocrx_word' id='word_1_728' title='bbox 3481 5125 3748 5182; x_wconf 88' lang='lat' dir='ltr'><strong>horribile</strong></span> <span class='ocrx_word' id='word_1_729' title='bbox 3779 5121 3905 5176; x_wconf 83' lang='lat' dir='ltr'><strong>visu</strong></span> 
     </span>
    </p>
   </div>
   <div class='ocr_carea' id='block_1_109' title="bbox 2297 5217 3906 5313">
    <p class='ocr_par' dir='ltr' id='par_1_109' title="bbox 2297 5217 3906 5313">
     <span class='ocr_line' id='line_1_109' title="bbox 2297 5217 3906 5313; baseline -0.02 -14"><span class='ocrx_word' id='word_1_730' title='bbox 2297 5238 2697 5313; x_wconf 88' lang='lat' dir='ltr'><strong>spectaculum,</strong></span> <span class='ocrx_word' id='word_1_731' title='bbox 2749 5235 2872 5292; x_wconf 89' lang='lat' dir='ltr'><strong>sine</strong></span> <span class='ocrx_word' id='word_1_732' title='bbox 2916 5231 3116 5286; x_wconf 89' lang='lat' dir='ltr'><strong>timore</strong></span> <span class='ocrx_word' id='word_1_733' title='bbox 3146 5225 3475 5298; x_wconf 86' lang='lat' dir='ltr'><strong>periculum,</strong></span> <span class='ocrx_word' id='word_1_734' title='bbox 3507 5229 3561 5276; x_wconf 89' lang='lat' dir='ltr'><strong>et</strong></span> <span class='ocrx_word' id='word_1_735' title='bbox 3587 5217 3655 5272; x_wconf 88' lang='lat' dir='ltr'><strong>ad</strong></span> <span class='ocrx_word' id='word_1_736' title='bbox 3683 5223 3906 5285; x_wconf 78' lang='lat' dir='ltr'><strong>strages</strong></span> 
     </span>
    </p>
   </div>
   <div class='ocr_carea' id='block_1_110' title="bbox 2299 5313 3910 5404">
    <p class='ocr_par' dir='ltr' id='par_1_110' title="bbox 2299 5313 3910 5404">
     <span class='ocr_line' id='line_1_110' title="bbox 2299 5313 3910 5404; baseline -0.019 -15"><span class='ocrx_word' id='word_1_737' title='bbox 2299 5334 2542 5404; x_wconf 88' lang='lat' dir='ltr'><strong>impetus</strong></span> <span class='ocrx_word' id='word_1_738' title='bbox 2575 5330 2695 5385; x_wconf 88' lang='lat' dir='ltr'><strong>sine</strong></span> <span class='ocrx_word' id='word_1_739' title='bbox 2732 5324 3025 5397; x_wconf 85' lang='lat' dir='ltr'><strong>sanguine,</strong></span> <span class='ocrx_word' id='word_1_740' title='bbox 3057 5321 3153 5377; x_wconf 89' lang='lat' dir='ltr'><strong>sed</strong></span> <span class='ocrx_word' id='word_1_741' title='bbox 3189 5327 3320 5374; x_wconf 83' lang='lat' dir='ltr'><strong>ante</strong></span> <span class='ocrx_word' id='word_1_742' title='bbox 3354 5313 3750 5372; x_wconf 79' lang='lat' dir='ltr'><strong>necessitatem</strong></span> <span class='ocrx_word' id='word_1_743' title='bbox 3809 5324 3910 5362; x_wconf 87' lang='lat' dir='ltr'><strong>ne-</strong></span> 
     </span>
    </p>
   </div>
   <div class='ocr_carea' id='block_1_111' title="bbox 2299 5407 3903 5488">
    <p class='ocr_par' dir='ltr' id='par_1_111' title="bbox 2299 5407 3903 5488">
     <span class='ocr_line' id='line_1_111' title="bbox 2299 5407 3903 5488; baseline -0.021 -6"><span class='ocrx_word' id='word_1_744' title='bbox 2299 5423 2577 5482; x_wconf 87' lang='lat' dir='ltr'><strong>cessitatis</strong></span> <span class='ocrx_word' id='word_1_745' title='bbox 2631 5419 2806 5484; x_wconf 77' lang='lat' dir='ltr'><strong>modi,</strong></span> <span class='ocrx_word' id='word_1_746' title='bbox 2861 5426 3136 5488; x_wconf 82' lang='lat' dir='ltr'><strong>quatenus</strong></span> <span class='ocrx_word' id='word_1_747' title='bbox 3199 5407 3585 5477; x_wconf 85' lang='lat' dir='ltr'><strong>unusquisque</strong></span> <span class='ocrx_word' id='word_1_748' title='bbox 3639 5407 3903 5473; x_wconf 84' lang='lat' dir='ltr'><strong>percepta</strong></span> 
     </span>
    </p>
   </div>
   <div class='ocr_carea' id='block_1_112' title="bbox 2302 5492 3902 5573">
    <p class='ocr_par' dir='ltr' id='par_1_112' title="bbox 2302 5492 3902 5573">
     <span class='ocr_line' id='line_1_112' title="bbox 2302 5492 3902 5573; baseline -0.019 -1"><span class='ocrx_word' id='word_1_749' title='bbox 2302 5515 2594 5572; x_wconf 88' lang='lat' dir='ltr'><strong>occasione</strong></span> <span class='ocrx_word' id='word_1_750' title='bbox 2607 5511 2774 5567; x_wconf 57' lang='lat' dir='ltr'><strong>cadis</strong></span> <span class='ocrx_word' id='word_1_751' title='bbox 2804 5511 3056 5564; x_wconf 63' lang='lat' dir='ltr'><strong>innocuae</strong></span> <span class='ocrx_word' id='word_1_752' title='bbox 3083 5505 3252 5560; x_wconf 89' lang='lat' dir='ltr'><strong>tutior</strong></span> <span class='ocrx_word' id='word_1_753' title='bbox 3277 5503 3651 5573; x_wconf 84' lang='lat' dir='ltr'><strong>permaneret.</strong></span> <span class='ocrx_word' id='word_1_754' title='bbox 3675 5492 3902 5552; x_wconf 63' lang='lat' dir='ltr'><strong>Taliter</strong></span> 
     </span>
    </p>
   </div>
   <div class='ocr_carea' id='block_1_113' title="bbox 2303 5585 3904 5667">
    <p class='ocr_par' dir='ltr' id='par_1_113' title="bbox 2303 5585 3904 5667">
     <span class='ocr_line' id='line_1_113' title="bbox 2303 5585 3904 5667; baseline -0.019 -4"><span class='ocrx_word' id='word_1_755' title='bbox 2303 5617 2484 5664; x_wconf 83' lang='lat' dir='ltr'><strong>autent</strong></span> <span class='ocrx_word' id='word_1_756' title='bbox 2521 5605 2752 5660; x_wconf 84' lang='lat' dir='ltr'><strong>armatis</strong></span> <span class='ocrx_word' id='word_1_757' title='bbox 2797 5600 3056 5657; x_wconf 88' lang='lat' dir='ltr'><strong>omnibus</strong></span> <span class='ocrx_word' id='word_1_758' title='bbox 3100 5595 3357 5667; x_wconf 63' lang='lat' dir='ltr'><strong>praecepit</strong></span> <span class='ocrx_word' id='word_1_759' title='bbox 3391 5593 3459 5647; x_wconf 84' lang='lat' dir='ltr'><strong>ab</strong></span> <span class='ocrx_word' id='word_1_760' title='bbox 3501 5585 3780 5658; x_wconf 85' lang='lat' dir='ltr'><strong>injustitia</strong></span> <span class='ocrx_word' id='word_1_761' title='bbox 3811 5595 3904 5652; x_wconf 83' lang='lat' dir='ltr'><strong>pe-</strong></span> 
     </span>
    </p>
   </div>
   <div class='ocr_carea' id='block_1_114' title="bbox 2302 5679 3903 5761">
    <p class='ocr_par' dir='ltr' id='par_1_114' title="bbox 2302 5679 3903 5761">
     <span class='ocr_line' id='line_1_114' title="bbox 2302 5679 3903 5761; baseline -0.017 -5"><span class='ocrx_word' id='word_1_762' title='bbox 2302 5700 2454 5756; x_wconf 89' lang='lat' dir='ltr'><strong>nitus</strong></span> <span class='ocrx_word' id='word_1_763' title='bbox 2509 5695 2894 5752; x_wconf 88' lang='lat' dir='ltr'><strong>abstinendutn</strong></span> <span class='ocrx_word' id='word_1_764' title='bbox 2934 5704 2988 5750; x_wconf 89' lang='lat' dir='ltr'><strong>et</strong></span> <span class='ocrx_word' id='word_1_765' title='bbox 3029 5691 3288 5761; x_wconf 78' lang='lat' dir='ltr'><strong>pietatem</strong></span> <span class='ocrx_word' id='word_1_766' title='bbox 3327 5683 3671 5743; x_wconf 82' lang='lat' dir='ltr'><strong>sectandum.</strong></span> <span class='ocrx_word' id='word_1_767' title='bbox 3727 5679 3903 5735; x_wconf 82' lang='lat' dir='ltr'><strong>Porro</strong></span> 
     </span>
    </p>
   </div>
   <div class='ocr_carea' id='block_1_115' title="bbox 2231 5797 2273 5837">
    <p class='ocr_par' dir='ltr' id='par_1_115' title="bbox 2231 5797 2273 5837">
     <span class='ocr_line' id='line_1_115' title="bbox 2231 5797 2273 5837; baseline 0 0"><span class='ocrx_word' id='word_1_768' title='bbox 2231 5797 2273 5837; x_wconf 82' lang='grc' dir='ltr'><strong><em>τ</em></strong></span> 
     </span>
    </p>
   </div>
   <div class='ocr_carea' id='block_1_116' title="bbox 680 5795 3535 5959">
    <p class='ocr_par' dir='ltr' id='par_1_116' title="bbox 680 5795 3535 5959">
     <span class='ocr_line' id='line_1_116' title="bbox 2231 5797 2273 5837; baseline 0 0"><span class='ocrx_word' id='word_1_769' title='bbox 2231 5797 2273 5837; x_wconf 85' lang='grc' dir='ltr'><strong><em>τ</em></strong></span> 
     </span>
     <span class='ocr_line' id='line_1_117' title="bbox 680 5795 3535 5959; baseline -0.005 -19"><span class='ocrx_word' id='word_1_770' title='bbox 680 5883 792 5956; x_wconf 65' lang='grc'><strong>(4.9)</strong></span> <span class='ocrx_word' id='word_1_771' title='bbox 824 5887 1038 5953; x_wconf 78' lang='lat' dir='ltr'><strong>Aporia.</strong></span> <span class='ocrx_word' id='word_1_772' title='bbox 1080 5883 1210 5942; x_wconf 75' lang='lat' dir='ltr'><strong>Vide</strong></span> <span class='ocrx_word' id='word_1_773' title='bbox 1237 5886 1558 5956; x_wconf 76' lang='lat' dir='ltr'><strong>Spelmanni</strong></span> <span class='ocrx_word' id='word_1_774' title='bbox 1601 5887 1941 5948; x_wconf 78' lang='lat' dir='ltr'><strong>Glossarium</strong></span> <span class='ocrx_word' id='word_1_775' title='bbox 1967 5890 2024 5948; x_wconf 88' lang='lat' dir='ltr'><strong>in</strong></span> <span class='ocrx_word' id='word_1_776' title='bbox 2057 5795 2346 5959; x_wconf 23' lang='lat' dir='ltr'><strong>apggrﬂrf</strong></span> <span class='ocrx_word' id='word_1_777' title='bbox 2351 5895 2403 5943; x_wconf 86' lang='lat' dir='ltr'><strong>et</strong></span> <span class='ocrx_word' id='word_1_778' title='bbox 2439 5885 2720 5952; x_wconf 75' lang='lat' dir='ltr'><strong>Vossium,</strong></span> <span class='ocrx_word' id='word_1_779' title='bbox 2758 5882 2829 5936; x_wconf 81' lang='lat' dir='ltr'><strong>De</strong></span> <span class='ocrx_word' id='word_1_780' title='bbox 2865 5881 3004 5937; x_wconf 73' lang='lat' dir='ltr'><strong>vitiis</strong></span> <span class='ocrx_word' id='word_1_781' title='bbox 3039 5879 3320 5936; x_wconf 79' lang='lat' dir='ltr'><strong>sermonis.</strong></span> <span class='ocrx_word' id='word_1_782' title='bbox 3369 5872 3535 5929; x_wconf 70' lang='lat' dir='ltr'><strong>Frisii.</strong></span> 
     </span>
    </p>
   </div>
  </div>
