4088 6420
339 392 470 460 i331

1119 400 1496 462 HISTORIA
1534 399 2119 464 ECCLESLASTICA
2157 403 2262 464 EX
2293 403 2790 467 THEOPHANE.

3488 405 3627 470 1302

333 527 462 568 cum
500 511 842 581 pervenisset
877 513 944 567 ad
1001 525 1186 584 partes
1239 516 1538 583 Armenias,
1590 535 1933 590 praecurrere
1961 525 2008 582 Δ
2039 521 2367 576 henderunt.
2407 522 2689 591 Ceperunt
2717 531 2947 590 quoque
2985 526 3039 574 et
3083 517 3282 572 horum
3318 519 3620 575 exercitum

329 603 504 672 jussit
549 602 777 659 electos.
831 602 1235 662 Saracenorqu
1269 625 1399 663 vero
1435 620 1566 667 tunc
1609 613 1714 669 sub
1757 615 1932 686 pactis

333 693 628 749 Persarum
683 695 1114 752 constitutorum
1148 699 1448 756 multitudo
1484 703 1732 773 equitum
1790 705 1933 761 clam

333 789 391 842 in
446 786 836 857 imperatorem
891 789 1110 846 irruere
1143 792 1540 851 meditabatur.
1600 797 1714 853 Viri
1748 807 1930 854 autem

334 879 710 948 imperatoris,
778 879 874 950 qui
935 891 1363 952 praecurrerant,
1419 886 1505 941 his
1574 899 1934 948 occurrentes

330 978 620 1038 praetorem
674 971 918 1040 ipsorum
958 971 1200 1028 vinctum
1257 975 1325 1029 ad
1387 975 1704 1034 Heracliam
1759 981 1933 1036 addu.

332 1073 552 1127 xerunt,
587 1063 806 1135 illisque
832 1065 886 1120 in
923 1065 1108 1136 fugam
1151 1070 1330 1124 versis
1380 1071 1588 1128 multos
1633 1074 1932 1130 intereme-

333 1166 483 1211 runt.
549 1151 690 1224 Quia
749 1173 879 1214 vero
939 1159 1120 1216 hieme
1173 1163 1472 1219 accedente
1517 1167 1818 1236 imperator
1863 1169 1933 1224 ad

329 1247 622 1303 Ponticum
652 1249 814 1304 clima
857 1249 1103 1316 divertit,
1145 1253 1325 1308 visum
1373 1264 1459 1311 est
1494 1255 1752 1315 barbaris
1784 1259 1935 1316 obsi-

327 1341 466 1396 dere
501 1340 658 1395 illum
711 1342 765 1396 in
815 1342 922 1398 hoc
980 1343 1341 1402 biemantem.
1373 1349 1443 1403 At
1491 1350 1584 1405 ille
1613 1350 1813 1408 Persas
1849 1355 1932 1408 la-

319 1443 458 1489 tens
524 1441 690 1504 atque
761 1435 1046 1494 divertens
1110 1437 1396 1495 Persidem
1474 1453 1756 1514 properat.
1820 1443 1934 1502 Hoc

329 1524 571 1580 Barbari
633 1527 861 1597 cognito
939 1528 994 1584 in
1067 1545 1358 1587 raneorem
1424 1548 1594 1590 causa
1671 1536 1930 1608 insperati

326 1615 517 1671 aditus
562 1615 922 1675 devenerunt.
968 1617 1244 1678 Sarbarus
1277 1640 1426 1691 vero,
1460 1625 1755 1684 Persarum
1796 1647 1935 1701 prte-

327 1719 442 1770 tor,
500 1717 731 1780 accepto
795 1719 1092 1782 potentatu
1163 1730 1268 1771 suo
1327 1719 1477 1773 venit
1545 1721 1599 1775 in
1655 1720 1928 1794 Ciliciam,

325 1809 614 1870 quatenus
639 1803 692 1857 in
719 1802 1048 1860 Romaniam
1079 1822 1339 1876 egressus
1361 1811 1508 1867 hunc
1539 1813 1671 1869 dare
1698 1815 1924 1872 dorsum

325 1895 709 1964 compelleret.
771 1895 997 1954 Timens
1045 1909 1228 1956 autem
1263 1917 1332 1957 ne
1382 1919 1482 1974 per
1521 1868 1924 1967 Armeniamwi'n
1955 1868 2003 1929 Β

324 1985 610 2042 Persidem
649 1989 948 2059 imperator
991 1992 1276 2062 ingressus
1316 1995 1459 2052 hanc
1513 1999 1780 2070 turbaret,
1831 2017 1926 2060 co-

325 2089 500 2134 aetus
554 2090 640 2136 est
680 2084 836 2152 sequi
873 2092 1000 2154 post
1037 2084 1344 2142 Romanum
1395 2093 1721 2162 exercitum,
1753 2095 1927 2151 furari

323 2191 532 2231 curans
587 2176 814 2243 bellum,
844 2186 900 2232 at
946 2195 1045 2250 per
1081 2182 1378 2238 obscuram
1419 2187 1643 2257 aggredi
1683 2199 1925 2248 noctem.

326 2265 440 2324 Sed
485 2282 517 2323 e
549 2279 742 2326 contra
792 2272 968 2342 plenae
1000 2275 1144 2330 iuriae
1175 2283 1286 2331 tota
1321 2288 1482 2334 nocte
1509 2281 1632 2337 luce
1661 2282 1927 2355 fulgente,

322 2360 682 2456 cavillatimie
735 2365 1040 2423 frustratus
1094 2377 1203 2433 est,
1255 2380 1308 2427 et
1367 2373 1577 2439 lunam,
1635 2393 1760 2448 quae
1822 2381 1929 2456 sibi

323 2454 486 2523 prius
531 2455 586 2510 in
639 2458 790 2512 cultu
842 2460 1044 2527 fuerat,
1102 2462 1432 2530 infamabat,
1496 2485 1620 2538 qua:
1674 2454 1930 2529 videlicet

319 2544 580 2614 eclipsim
630 2563 696 2602 ex
742 2550 1031 2608 accidente
1081 2555 1335 2610 tulisset.
1387 2556 1463 2610 Ex
1508 2559 1612 2614 hoc
1654 2577 1785 2630 ergo
1813 2563 1931 2618 for-

324 2635 578 2691 midabat
631 2636 912 2694 Sarbarus
943 2655 1069 2696 cum
1104 2643 1439 2713 imperatore
1486 2648 1805 2704 conflictum
1837 2667 1932 2723 ag-

321 2726 506 2794 gredi,
553 2735 608 2783 et
657 2739 904 2787 montem.
949 2735 1279 2790 conscendit
1322 2739 1479 2808 quasi
1523 2739 1814 2806 dorcades,
1848 2745 1932 2798 in-

327 2819 508 2873 tuitus
557 2825 625 2874 ab
671 2824 893 2878 excelso
945 2825 1144 2880 bonam
1181 2836 1236 2881 et
1290 2830 1525 2900 sapienti
1566 2836 1929 2904 compositam

325 2925 452 2967 arte
483 2913 733 2967 militiam
783 2914 1182 2972 Romanorum.
1235 2920 1526 2992 Comperta
1580 2939 1710 2980 vero
1762 2927 1933 2998 impe-

327 3013 485 3058 ratur
510 3005 705 3061 horum
744 3008 1040 3067 formidine
1082 3014 1134 3068 in
1169 3015 1306 3072 locis
1351 3018 1672 3074 morabatur
1708 3021 1930 3092 requie-

327 3098 485 3152 tione
530 3099 768 3168 refertis,
805 3103 950 3159 hunc
995 3107 1062 3159 ad
1109 3108 1311 3162 bellum
1345 3110 1640 3181 instigans.
1694 3113 1931 3169 Descen-

2036 619 2090 667 et
2136 626 2353 667 omnem
2387 609 2786 679 supellectilem
2833 609 3104 678 ipsorum.
3148 606 3320 661 Porro
3353 603 3614 670 Romani,

2035 704 2283 760 extensis
2311 704 2367 758 in
2406 702 2684 758 excelsum
2716 700 2996 766 manibus,
3032 697 3150 753 Deo
3182 698 3387 767 gratias
3418 697 3623 752 refere-

2038 797 2190 861 bant,
2221 804 2272 852 et
2303 810 2402 864 pro
2432 797 2787 866 imperatore,
2823 793 2916 862 qui
2956 807 3016 848 se
3080 791 3218 847 bene
3280 797 3619 860 portaverat,

2037 888 2416 944 indeﬁcienter
2449 887 2702 942 orabant.
2763 885 2867 950 Qui
2905 885 3051 939 enim
3107 890 3264 937 antea
3303 897 3405 938 nec
3439 882 3623 936 Persi-

2035 997 2159 1038 cum
2216 981 2498 1038 audebant
2549 979 2736 1034 videre
2801 977 3104 1046 pulverem,
3175 991 3324 1031 nunc
3398 975 3620 1030 immota

2035 1091 2224 1131 eorum
2289 1077 2514 1130 inventa
2564 1071 2923 1127 tabernacula
2981 1071 3240 1141 spoliant.
3299 1067 3437 1135 Quis
3475 1067 3621 1122 enim

2036 1170 2278 1238 speravit
2350 1166 2647 1222 Persarum
2717 1165 3140 1236 inexpugnabile
3207 1179 3380 1235 genus
3459 1161 3623 1218 dorsa

2036 1263 2288 1314 daturum
2315 1273 2555 1329 unquam
2581 1255 2882 1313 Romanis?
2919 1255 3110 1325 Itaque
3141 1256 3438 1327 imperator
3464 1269 3624 1310 exer-

2034 1354 2145 1410 citu
2213 1367 2338 1408 eum
2393 1358 2626 1422 praetore
2703 1349 2770 1403 ad
2835 1349 3190 1404 hiemandum
3261 1349 3317 1403 in
3362 1349 3622 1404 Armenia

2034 1444 2299 1500 derelicto
2338 1444 2457 1514 ipse
2497 1441 2821 1512 Byzantium
2881 1440 3064 1494 rediit.

2107 1537 2298 1592 Mundi
2355 1549 2499 1590 anno
2551 1533 2712 1602 6114,
2753 1533 2957 1588 divina:
3021 1531 3424 1588 incarnationis
3482 1545 3630 1585 anno

2034 1627 2162 1693 614,
2219 1640 2369 1680 anno
2418 1623 2637 1694 imperii
2700 1624 2784 1680 sui
2835 1624 2902 1678 1⁸5
2935 1621 3225 1680 lleraclius
3265 1621 3548 1694 profectus
3589 1637 3628 1676 α

2035 1721 2185 1790 regia
2258 1719 2393 1774 urbe
2457 1718 2715 1774 celeriter
2799 1717 2854 1771 in
2916 1718 3234 1772 Armeniam
3291 1716 3626 1787 properavit.

2033 1813 2311 1868 Chosroes
2359 1819 2541 1866 autem
2604 1809 2902 1866 Persarum
2941 1825 3038 1865 rex
3083 1809 3234 1864 misit
3269 1809 3626 1864 Sarbanazan

2031 1919 2156 1960 cum
2201 1905 2449 1960 exercitu
2493 1918 2596 1960 suo
2631 1903 2686 1958 in
2733 1903 3108 1957 Romanorum
3134 1909 3335 1956 terram
3360 1899 3622 1956 intrandi.

2031 1996 2317 2052 lleraclius
2381 2004 2566 2051 autem
2618 1995 2898 2052 scribebat
2949 1995 3017 2049 ad
3075 1994 3362 2050 Cbosroen
3415 2001 3476 2048 ut
3533 1998 3629 2046 aut

2029 2109 2221 2165 pacem
2274 2093 2722 2164 amplecteretur,
2761 2099 2856 2146 aut
2885 2105 2946 2147 se
2992 2092 3158 2145 sciret
3209 2105 3338 2144 cum
3384 2089 3645 2144 exercitus

2031 2203 2133 2243 suo
2181 2185 2467 2241 Persidem
2521 2185 2928 2257 ingressurum.
2971 2182 3250 2239 Chosroes
3293 2194 3479 2237 autem
3528 2195 3632 2238 nec

2030 2293 2222 2350 pacem
2291 2279 2748 2349 amplectebatur,
2790 2291 2896 2332 nec
2944 2291 3142 2331 verum
3202 2273 3440 2330 Heraeiii
3509 2289 3630 2329 ser-

2033 2389 2251 2429 monem
2329 2372 2744 2428 arbitrabatur:
2802 2386 2914 2425 non
2987 2370 3137 2424 enim
3207 2367 3419 2422 audere
3475 2367 3629 2421 illum

2037 2464 2251 2520 Persidi
2326 2464 2774 2532 appropinquare
2832 2459 3081 2530 putabat.
3139 2457 3285 2513 Sane
3337 2457 3656 2526 imperator

2033 2576 2113 2616 ιιι
2140 2559 2509 2614 Kalendarum
2547 2557 2813 2611 Maiarum
2865 2556 3154 2626 ingressus
3197 2560 3282 2608 est
3327 2550 3628 2606 Persidem.

2033 2650 2155 2717 Quo
2195 2649 2470 2702 Chosroes
2499 2653 2788 2714 comperto
2823 2643 3182 2697 Sarbanazan
3215 2641 3414 2696 reverti
3440 2641 3647 2711 jussit,_

2033 2753 2088 2798 et
2117 2741 2365 2798 collectis
2393 2755 2458 2793 ex
2495 2745 2608 2792 tota
2643 2736 2868 2791 Perside
2908 2735 3123 2791 militiis
3158 2736 3296 2799 suis,
3327 2741 3386 2788 et
3411 2734 3651 2791 traditis-

2033 2835 2113 2891 eis
2143 2833 2293 2898 Sain,
2354 2831 2617 2886 velociter
2647 2828 2879 2884 adunari
2917 2842 3011 2883 eas
3065 2827 3401 2882 Sarbanazte
3441 2827 3629 2898 jussit.

2033 2934 2090 2982 et
2145 2929 2217 2980 ita
2265 2931 2460 2980 contra
2505 2922 2900 2992 imperatorem
2967 2919 3290 2991 procedere.
3342 2918 3629 2974 Heraclius

2035 3025 2218 3073 autem
2263 3017 2534 3072 advocato
2590 3014 2838 3070 exercitu
2880 3027 2984 3069 suo
3019 3013 3205 3069 verbis
3235 3010 3631 3067 exhortatoriis

2036 3110 2302 3166 incita-bat
2329 3123 2449 3174 eos,
2482 3107 2706 3162 dicens:
2758 3104 2873 3159 Viri
2918 3105 3137 3175 fratres,
3176 3104 3270 3158 Dei
3305 3102 3652 3156 timoremim

326 3191 528 3247 dentes
559 3201 743 3248 autem
779 3195 919 3249 clam
947 3196 1017 3252 de
1057 3208 1244 3255 monte
1285 3216 1428 3271 saepe
1467 3204 1757 3263 conﬂictus
1787 3222 1925 3263 con-
1953 3219 1997 3279 ο
2037 3214 2258 3257 mentem
2292 3217 2605 3266 sumamus;
2634 3197 2892 3269 injuriam
2937 3198 3052 3268 ejus
3105 3199 3368 3267 requirere
3417 3203 3636 3264 satagu-

325 3283 598 3350 citabant,
644 3286 742 3342 sed
790 3287 844 3343 in
905 3292 1132 3347 cunctis
1173 3292 1408 3350 Romani
1440 3297 1738 3366 primatum
1782 3308 1935 3357 tene-

331 3376 488 3440 bant,
519 3386 575 3431 et
628 3376 882 3434 tlduciam
914 3383 1258 3453 peramplius
1307 3387 1593 3444 exercitus
1623 3390 1932 3460 obtinebat,

329 3465 585 3525 videntes
623 3470 1014 3541 imperatorem
1045 3475 1427 3545 proficientem
1481 3478 1539 3535 in
1580 3482 1842 3539 omnibus
1880 3493 1935 3539 et

329 3561 601 3616 audacter
644 3562 1087 3634 belligerantem.
1132 3565 1300 3624 Persa
1361 3585 1491 3625 vero
1533 3572 1758 3642 quidam
1808 3585 1936 3630 ante

331 3654 504 3709 breve
546 3660 770 3724 tempus
816 3659 1084 3729 profugus
1133 3660 1280 3716 inter
1331 3664 1683 3733 imperatoris
1726 3669 1937 3722 exerci-

325 3759 450 3800 tum
481 3750 965 3805 annumerabatur.
1021 3751 1126 3807 Hic
1155 3752 1371 3824 fugiens
1404 3755 1470 3810 ad
1527 3755 1726 3814 Persas
1772 3758 1930 3826 abiit,

325 3841 664 3896 existimans
701 3857 798 3898 eos
846 3841 1220 3899 Romanorum
1265 3849 1732 3905 exterminaturos
1779 3867 1937 3907 eser-

327 3931 531 3987 citum.
578 3931 716 3988 Cum
778 3944 962 3991 autem
1021 3936 1376 3994 formidinem
1419 3955 1620 3997 eorum
1677 3941 1930 4010 vidisset,

333 4035 463 4092 post
492 4025 761 4080 decimum
799 4027 944 4083 diem
989 4029 1187 4085 iterum
1241 4033 1307 4087 ad
1340 4033 1730 4104 imperatorem
1766 4038 1933 4104 venit,

329 4124 392 4169 et
443 4132 660 4173 omnem
708 4118 917 4190 liquido
968 4120 1342 4180 Barbarorum
1410 4141 1673 4196 pavorem
1735 4130 1931 4187 edixit.

333 4209 408 4262 At
448 4224 578 4265 vero
607 4210 886 4268 Sarbarus
921 4213 1063 4270 ultra
1088 4218 1580 4274 commorationem
1614 4236 1723 4276 non
1757 4221 1937 4279 ferens

336 4317 369 4353 ει
421 4311 606 4357 tuente
664 4313 893 4361 coactus
947 4315 1034 4361 est
1084 4308 1153 4362 ad
1209 4309 1461 4378 praelium
1517 4311 1816 4380 proﬁcisci.
1875 4313 1932 4369 ln

337 4405 456 4450 tres
508 4404 692 4453 autem
752 4409 936 4468 partes
993 4399 1189 4458 divisis
1255 4405 1592 4461 exercitibus
1649 4406 1937 4465 descendit

337 4496 564 4557 repente
634 4489 994 4548 illucescente
1056 4493 1165 4559 die,
1231 4503 1360 4550 ante
1422 4497 1558 4552 solis
1617 4513 1932 4568 ascensum,

2037 3313 2178 3352 mus.
2227 3293 2439 3349 Stemus
2475 3291 2690 3363 fortiter
2731 3290 2985 3346 adversus
3017 3290 3287 3354 inimicos,
3327 3288 3418 3357 qui
3467 3288 3637 3340 multa

2037 3386 2160 3442 dira
2200 3388 2252 3440 in
2302 3385 2631 3441 Christianis
2671 3383 2879 3452 operati
2928 3391 3074 3436 sunt.
3127 3379 3481 3434 Revereamur
3525 3375 3634 3431 Ro-

2036 3493 2316 3533 manorum
2357 3477 2658 3546 imperium,
2683 3475 2825 3545 quod
2865 3473 2951 3528 sui
2998 3473 3162 3542 ipsius
3194 3483 3242 3526 et
3276 3485 3380 3524 non
3412 3469 3635 3523 alterius

2035 3580 2112 3626 est
2147 3570 2374 3631 domini,
2423 3577 2474 3622 et
2516 3579 2715 3622 stemus
2758 3566 3014 3620 adversus
3055 3566 3230 3620 hostes
3280 3564 3461 3634 impiis
3512 3562 3631 3616 telis

2038 3675 2298 3720 armatos.
2315 3661 2612 3716 Induamus
2628 3661 2785 3730 ﬁdem
2802 3659 3267 3727 interemptionum
3286 3656 3637 3726 interemptri-

2040 3774 2174 3812 eem.
2215 3754 2598 3828 Recogitemus,
2631 3753 2756 3824 quia
2779 3753 2922 3806 intra
2957 3750 3249 3805 Persarum
3283 3757 3480 3804 terram
3509 3763 3636 3801 con-

2037 3847 2299 3912 sistimus,
2333 3857 2382 3900 et
2417 3847 2600 3913 ingens
2658 3842 2787 3914 fuga
2814 3841 3109 3912 periculum
3139 3839 3265 3910 fert.
3298 3838 3634 3893 Vindicsmus

2039 3940 2404 4009 corruptiones
2430 3938 2720 4009 uirginum.
2737 3933 2926 3990 Reciso
2945 3933 3370 3990 commilitonum
3402 3935 3638 3986 membra

2044 4042 2348 4089 nostrorum
2377 4031 2608 4086 videntes
2637 4027 2886 4084 cordibus
2913 4027 3214 4081 doleamus.
3233 4024 3352 4079 Non
3384 4032 3508 4079 sunt
3527 4024 3638 4080 haec

2041 4125 2248 4179 nullam
2287 4123 2400 4196 (50)
2439 4122 2728 4178 mercedem
2766 4120 3042 4182 habentia,
3102 4117 3193 4172 sed
3237 4118 3358 4171 vita
3393 4116 3634 4186 perennis

2040 4217 2287 4286 prmuria.
2334 4213 2552 4269 Stemus
2571 4212 2820 4273 uiriliter,
2847 4219 2896 4263 et
2917 4209 3176 4262 Dominus
3201 4206 3343 4262 Deus
3374 4205 3536 4260 nobis.
3554 4221 3640 4260 ως

2041 4309 2364 4379 aperabitur,
2379 4305 2622 4376 eti-perdet
2638 4304 2879 4360 inimicos
2900 4300 3386 4368 uostros.Cumque
3402 4298 3636 4367 impera-

2041 4408 2130 4455 tor
2161 4401 2246 4455 bis
2278 4407 2332 4454 et
2358 4398 2482 4452 aliis
2517 4392 2942 4469 quamplurimis
2976 4386 3504 4446 commonitionibus
3527 4399 3627 4455 po-

2042 4494 2231 4564 pulum
2289 4490 2612 4546 exhortatus
2670 4493 2843 4552 esset,
2895 4481 3190 4547 respondit
3245 4480 3294 4536 ei
3331 4493 3476 4534 unus
3532 4491 3656 4548 pro,

335 4589 681 4650 prreparatus
735 4582 803 4637 ad
842 4583 1070 4639 bellum.
1135 4586 1209 4641 At
1261 4574 1579 4658 imperator,
1638 4592 1936 4661 pra-sciens
1969 4571 2015 4626 θ
2042 4587 2300 4643 omnibus
2339 4604 2352 4640 :
2385 4582 2714 4655 Ezpandisti
2746 4579 3053 4651 angustiam
3085 4573 3264 4630 cordis
3307 4571 3500 4637 nostri,
3533 4571 3636 4624 do-

338 4673 470 4738 boc,
521 4676 744 4731 ordinat
777 4679 1061 4736 exercitus
1097 4679 1152 4736 in
1192 4688 1307 4738 tres
1347 4697 1502 4753 atque
1540 4684 1838 4756 phalanges
1869 4687 1937 4742 ad

336 4782 602 4837 pugnam.
681 4768 818 4825 Orto
899 4779 1082 4827 autem
1149 4775 1288 4838 sole,
1349 4783 1405 4830 et
1465 4775 1799 4847 imperatore
1870 4779 1940 4834 ad

340 4861 622 4916 Orientem
663 4874 904 4932 reperto,
925 4862 1127 4920 Persas
1153 4866 1534 4923 obtenebravit
1560 4870 1748 4924 radius
1776 4886 1937 4941 quem

337 4953 649 5008 adorabant
694 4962 755 5008 ut
802 4955 994 5011 Deum.
1050 4957 1356 5026 imperator
1402 4968 1585 5015 autem
1639 4961 1800 5016 limit
1845 4975 1943 5032 ρος-

336 5046 529 5116 pulum
596 5061 759 5102 suum
833 5050 994 5120 quasi
1060 5049 1116 5104 in
1179 5050 1363 5123 fugam
1421 5066 1666 5109 versum.
1735 5053 1804 5109 At
1862 5053 1940 5109 Illi

339 5138 625 5194 solventes
668 5139 968 5211 phalanges
999 5143 1102 5199 bos
1147 5143 1268 5199 sine
1320 5145 1633 5201 retentione
1683 5145 1940 5217 persequi

338 5230 760 5287 existimabant.
815 5233 1086 5292 Conversi
1145 5251 1280 5306 ergo
1330 5235 1567 5292 Romani
1624 5238 1726 5293 hos
1783 5252 1947 5308 sequo

342 5323 530 5377 animo
577 5333 886 5389 verterunt,
939 5342 1006 5382 es
1052 5327 1140 5384 his
1183 5327 1373 5392 multis
1424 5333 1742 5401 peremptis.
1792 5329 1940 5386 Insc-

337 5425 576 5485 quentes
633 5424 814 5471 autem
867 5433 964 5474 eos
1019 5421 1074 5474 in
1112 5430 1374 5482 montem.
1419 5423 1475 5476 in
1527 5424 1832 5494 praecipitia
1881 5431 1937 5480 et

341 5508 464 5562 loca
497 5504 655 5562 devia
680 5507 1051 5574 immiserunt,
1096 5511 1316 5566 eunetis
1344 5511 1454 5568 illis
1481 5513 1760 5572 contritis.
1795 5515 1939 5570 inter

339 5613 406 5654 ea
463 5597 766 5669 praecipitia
823 5616 954 5656 vero
1001 5603 1178 5658 instar
1237 5617 1528 5676 caprarum
1587 5605 1932 5664 silvestrium

341 5691 728 5748 morabantur.
759 5691 960 5750 Multos
995 5704 1177 5751 autem
1206 5699 1374 5754 etiam
1405 5699 1656 5757 viventes
1689 5715 1941 5772 compre-

2043 4683 2203 4746 mine,
2237 4696 2295 4735 os
2336 4687 2484 4734 tuum
2509 4679 2565 4732 in
2601 4675 2964 4732 admonitione
3029 4671 3298 4726 dilatam.
3360 4667 3652 4722 Acuerunt‘

2043 4790 2308 4830 sermones
2340 4773 2416 4826 tui
2434 4771 2646 4842 gladios
2677 4777 2909 4833 nostros,
2929 4777 2977 4822 et
3006 4767 3101 4820 hos
3134 4767 3405 4819 animatos
3428 4763 3651 4832 operatit

2043 4875 2187 4922 sunt.
2223 4864 2516 4936 Expeditos
2538 4880 2634 4918 nos
2672 4862 2775 4916 tuis
2803 4860 2971 4915 verbis
2993 4857 3303 4925 exltibuisti.
3350 4853 3635 4910 Erubesci-

2046 4978 2166 5016 mus
2206 4970 2254 5015 te
2293 4960 2605 5030 aspicientes
2637 4957 2816 5012 nosin
2845 4955 3034 5026 pugnis
3071 4952 3385 5022 pmcedsre,
3432 4956 3482 5002 et
3503 4945 3650 5015 μοι.
3708 4949 3716 4955 “

2045 5055 2222 5108 siones
2254 5063 2373 5108 tuas
2410 5054 2466 5106 in
2499 5049 2744 5106 omnibus
2777 5062 3078 5118 sequemur.
3107 5043 3413 5114 Imperator
3445 5044 3646 5092 autem,

2047 5145 2285 5211 sumptis
2321 5143 2533 5200 militiis
2573 5156 2699 5197 mox
2734 5139 2802 5196 ad
2851 5137 3134 5196 Persidem
3180 5131 3499 5189 interiorem
3535 5142 3633 5183 ac-

2046 5239 2234 5302 cessit,
2287 5237 2412 5308 igne
2439 5235 2774 5290 comburens
2818 5232 2987 5288 urbes
3020 5237 3076 5286 et
3103 5236 3310 5284 castra.
3339 5223 3428 5280 Fit
3459 5222 3639 5278 etiam.

2043 5329 2134 5384 hic
2185 5327 2435 5383 terribile
2489 5326 2764 5398 quoddam
2823 5323 3154 5378 miraculum
3207 5339 3222 5375 :
3283 5319 3338 5373 in
3397 5315 3628 5372 aestivali

2046 5420 2247 5490 quippe
2266 5418 2509 5475 solstitio
2540 5432 2636 5474 aer
2662 5416 2867 5473 sudore
2895 5414 3076 5469 factus
3098 5420 3184 5467 est
3209 5408 3486 5473 madidus,
3509 5407 3632 5462 ani-

2049 5527 2168 5568 mos
2198 5511 2578 5566 Romanorum
2608 5509 2889 5566 exercitus
2928 5519 3209 5569 recreans,
3245 5500 3383 5558 adeo
3412 5509 3473 5556 ut
3501 5498 3631 5556 hinc

2049 5620 2199 5675 spem
2225 5605 2488 5676 optimam
2520 5610 2824 5660 sumerent.
2858 5599 3106 5656 Audiens
3160 5602 3425 5668 praeterea
3459 5591 3634 5647 Hera-

2049 5699 2193 5756 clius
2222 5698 2370 5772 quod
2426 5695 2704 5756 Cbosroes
2733 5693 2882 5767 apud
2935 5691 3147 5749 Gazaco
3193 5687 3472 5746 civitatem
3502 5699 3632 5740 cum

1881 5790 2114 5849 NOTAE.

418 5879 533 5955 (50)
570 5881 783 5940 Nullam
818 5883 885 5939 F.
924 5899 1021 5956 pro
1055 5885 1245 5940 ullam.
