4088 6442
556 385 711 455 .1303

1641 365 2038 448 ANASTA'SII
2085 344 2717 451 BIBLIO’I‘HECABH

3676 396 3793 466 ιωι

571 500 936 573 quadraginta
989 500 1233 557 millibus
1261 499 1651 556 bellicosorum
1683 506 1833 554 esset
1874 500 2145 565 virorum,
2173 498 2391 569 Aquod
2424 500 2620 556 militia
2648 501 2932 556 Persarum
2972 504 3025 558 iu
3048 502 3214 558 deviis
3246 502 3378 561 locis
3418 522 3676 576 pererrans
3702 527 3792 573 ter-

574 596 780 669 impetn
809 593 1075 649 adversus
1113 592 1265 648 illum
1298 591 1570 663 perrexit;
1621 598 1675 646 et
1729 590 2157 661 praemissiqui-

571 687 697 745 dam
731 687 799 742 ab
828 701 894 741 eo
922 685 1326 741 Saracenorum
1389 685 1493 740 sibi
1542 681 1959 752 subjugatorum
1987 680 2160 741 (lbos-

573 781 686 835 rois
730 786 1033 834 occurrunt
1086 777 1310 847 vigiliae,
1334 785 1389 831 et
1424 771 1907 845 hcrmnquosdam
1937 775 2158 830 occide-

570 875 718 932 runt,
742 868 1009 935 quosdam
1038 880 1167 919 vero
1220 865 1586 935 compedibus
1623 865 1839 920 vinctos
1860 878 1984 918 cum
2020 878 2157 935 pra-

571 972 691 1020 tore
714 963 957 1033 ipsorum
984 962 1299 1033 imperatori
1325 973 1822 1032 przesentaverunt.
1856 963 1980 1025 Hoc
2009 976 2160 1018 com-

550 1064 725 1125 .perto
751 1052 1047 1118 Chosroes,
1076 1053 1480 1127 derelictatam
1508 1053 1733 1107 civitate
1751 1068 1915 1123 quam
1936 1052 2155 1114 militia,

568 1144 697 1218 fuga
730 1162 867 1200 usus
899 1155 1002 1201 est.
1033 1145 1135 1201 Ast
1174 1162 1305 1201 vero
1350 1145 1637 1201 Heraclius
1675 1146 1964 1200 insecutus
1997 1159 2160 1214 quos-

568 1235 699 1293 dam
723 1244 1135 1308 prreoccupatos
1170 1240 1375 1293 occidit
1406 1257 1420 1308 :_
1448 1238 1631 1293 caeteri
1660 1245 1851 1293 autem
1877 1238 1979 1292 hac
2008 1237 2162 1290 illac-

569 1345 680 1400 que
712 1332 962 1400 palantes
1013 1330 1272 1399 dissipati
1314 1338 1466 1387 sunt.
1519 1329 1771 1401 Cumque
1821 1329 2160 1398 pervenisset

569 1423 872 1494 imperator
896 1424 960 1477 ad
987 1422 1387 1480 Gazacensium
1412 1423 1718 1487 civitatem,
1743 1422 1798 1476 in
1824 1420 2159 1475 suburbanis

570 1515 739 1587 hujus
766 1516 1047 1573 reﬁciebat
1071 1518 1379 1573 exercitum
1410 1532 1596 1571 suum.
1637 1514 1823 1571 Persze
1868 1529 2021 1578 vero,
2061 1510 2156 1583 qui

568 1611 937 1681 confugerant
989 1612 1057 1666 ad
1090 1625 1237 1676 eum,
1284 1591 1650 1680 .perhibebant
1697 1609 1844 1678 quod
1880 1608 2190 1663 Cbosroes’

573 1701 793 1773 fugiens
816 1702 942 1771 igne
961 1703 1373 1771 consumpserit
1403 1700 1587 1753 omnia
1618 1708 1738 1755 sata
1776 1700 1830 1753 in
1857 1698 1999 1754 locis
2024 1699 2154 1765 illis,

570 1802 624 1851 et
653 1794 965 1863 pervenerit
991 1792 1061 1849 ad
1109 1793 1391 1847 civitatem
1427 1788 1778 1847 Thebarman
1831 1789 1884 1845 in
1933 1790 2159 1845 Oriente

572 1890 762 1952 sitam,
795 1888 984 1957 inqua
1034 1892 1156 1941 erat
1195 1884 1457 1955 templum
1491 1882 1639 1955 ignis
1707 1892 1873 1954 atque
1906 1884 2160 1954 pecunia:

571 1979 749 2037 Crmsi
789 1979 1075 2052 Lydorum
1113 1980 1259 2049 regis
1284 1987 1342 2035 et
1369 1993 1528 2034 error
1562 1992 1897 2048 prunarum.
1936 1976 2036 2034 His
2066 1992 2162 2034 ae-

572 2075 747 2145 ceptis
780 2075 849 2130 ad
885 2083 1071 2144 partes
1119 2071 1423 2143 Dastagerd
1458 2073 1562 2127 iter
1607 2072 1821 2143 agebat.
1856 2072 2165 2142 Imperator

573 2178 760 2225 autem
812 2167 1097 2240 proiectus
1140 2181 1170 2221 a
1221 2166 1893 2231 Gazacensium‘civitate
1915 2164 2164 2236 pervenit

576 2260 971 2325 Thebarmeso,
1002 2268 1059 2316 et
1108 2261 1392 2331 ingressus
1426 2259 1479 2313 in
1517 2273 1638 2316 eam
1664 2258 1786 2329 igne
1816 2257 2164 2329 consumpsit

574 2355 837 2425 templum
863 2352 1038 2425 Ignis,
1068 2361 1124 2408 et
1149 2360 1267 2413 tota
1301 2353 1527 2409 civitate
1555 2352 1679 2423 igne
1709 2352 2000 2408 combusta
2036 2366 2162 2421 per-

576 2455 805 2505 secutus
833 2458 918 2501 est
942 2453 1066 2517 post
1093 2445 1380 2501 Cbosroen
1406 2444 1463 2499 in
1489 2444 1764 2513 angustiis
1786 2444 2028 2515 regionis
2050 2444 2163 2501 Me-

573 2538 796 2594 dorum.
826 2537 1108 2595 Chosroes
1163 2544 1349 2592 autem
1382 2538 1438 2592 in
1484 2536 1572 2592 bis
1598 2537 1814 2592 duabus
1845 2539 2163 2608 regionibus

571 2629 791 2686 deloco
822 2628 880 2683 in
912 2628 1094 2683 locum
1132 2642 1433 2698 peragrans
1473 2626 1748 2690 latitabat.
1784 2634 1840 2682 et
1873 2626 2161 2683 lleraclius

575 2725 724 2779 hunc
777 2736 1118 2794 persequens
1159 2720 1366 2776 multas
1421 2720 1679 2776 civitates
1733 2718 2052 2776 devastat-it
2107 2728 2162 2778 et

573 2817 850 2887 regiones.
880 2815 1073 2872 Hieme
1091 2829 1226 2869 vero
1267 2813 1567 2869 accedente
1596 2814 1890 2869 consilium
1924 2812 2161 2869 faciebat

576 2908 801 2965 ubinam
827 2906 1095 2962 hiemaret
1121 2919 1247 2960 cum
1276 2904 1524 2974 populo;
1558 2910 1613 2958 et
1646 2903 1873 2973 quidam
1906 2905 1961 2957 in
1993 2904 2165 2959 Alba-

574 3002 720 3056 niam
747 2998 1133 3072 perhibebant,
1163 2996 1388 3068 quidam
1430 3010 1563 3050 vero
1597 3006 1796 3050 contra
1820 2994 2001 3066 ipsum
2032 3010 2162 3063 pro-

575 3106 772 3164 perare
797 3091 1102 3151 Cbosroen.
1163 3089 1265 3146 Ast
1318 3088 1619 3158 imperator
1668 3085 1844 3156 jussit
1891 3087 2160 3157 pepulum

576 3187 760 3243 tribus
779 3184 977 3240 diebus
995 3183 1246 3238 divinum
1270 3181 1557 3238 oraculum
1585 3179 1996 3250 praestolantem
2011 3187 2164 3235 caste
2182 3226 2187 3235 ,

577 3294 644 3336 ac
666 3279 881 3351 puriter
920 3274 1273 3342 conversari,
1315 3274 1508 3345 sicque
1538 3286 1808 3342 responso
1840 3279 2074 3344 accepto
2110 3273 2165 3328 in

575 3373 812 3430 Albania
840 3372 1022 3428 hieme
1054 3367 1413 3427 commorari.
1467 3365 1608 3422 Dum
1643 3381 1777 3423 vero
1818 3366 1953 3439 illuc
1978 3365 2171 3427 abiens

577 3473 685 3524 iter
713 3473 923 3538 ageret,
946 3462 1166 3521 habens
1192 3477 1381 3518 secum
1412 3461 1694 3531 copiosam
1717 3459 2006 3516 Persarum
2027 3474 2170 3530 pra:-

577 3561 727 3627 dam,
765 3561 909 3615 haud
951 3571 1160 3629 paucos
1180 3556 1441 3612 incursus
1482 3569 1511 3608 a
1534 3551 1776 3610 Persicis
1823 3552 2017 3609 cuneis
2047 3566 2174 3623 per-

577 3652 728 3709 tulit.
752 3649 875 3721 Ipse
899 3665 1030 3707 vero
1067 3648 1254 3704 divina
1302 3646 1692 3718 cooperatione
1729 3644 2070 3715 triumphum
2105 3644 2172 3701 de

576 3743 841 3801 omnibus
865 3743 1013 3797 tulit.
1052 3740 1328 3797 Praeterea
1371 3754 1497 3795 cum
1535 3738 1834 3794 vehemens
1869 3744 2172 3807 tempestas

578 3850 749 3905 super
774 3850 899 3890 eum
926 3833 1220 3890 cecidisset
1245 3832 1300 3887 in
1326 3832 1436 3897 via,
1470 3841 1524 3886 et
1554 3830 1706 3886 hunc
1729 3829 1850 3901 gelu
1890 3843 2174 3899 praeoccu-

582 3933 776 3995 passet
819 3926 874 3980 in
908 3924 1168 3989 Albania,
1195 3923 1534 3993 haberetque
1560 3922 1962 3992 quinquaginta
1998 3919 2170 3975 millia

581 4014 1012 4078 vinculatorum,
1036 4004 1408 4083 compatienti'
1428 4011 1599 4068 corde
1629 4026 1735 4068 suo
1769 4012 2033 4067 misertus
2052 4010 2174 4065 vin-

578 4109 704 4165 cula
735 4107 1014 4170 dissolvit,
1047 4107 1391 4177 diligentiam
1420 4103 1642 4169 tribuit,
1675 4112 1730 4161 et
1760 4104 2009 4174 requiem
2067 4103 2177 4156 im-

581 4199 813 4271 pertitns
835 4207 941 4264 est,
978 4200 1051 4253 ita
1099 4207 1160 4253 ut
1193 4211 1389 4254 omnes
1429 4212 1554 4252 cum
1590 4195 1847 4267 lacrymis
1878 4199 2175 4249 exorarent

579 4293 749 4350 etiam
773 4292 1017 4350 Persidis
1040 4307 1165 4347 eum
1204 4291 1319 4347 ﬁeri
1350 4290 1728 4355 liberatorem,
1753 4286 1945 4343 mundi
1993 4294 2178 4342 exter-

581 4388 912 4443 minatorem
931 4385 1305 4442 trucidantem
1331 4382 1641 4438 Chosroen.

652 4479 811 4536 Anno
863 4478 1078 4550 imperii
1112 4476 1365 4533 Heraclii'
1400 4484 1601 4546 quarto
1638 4473 1858 4530 decimo
1886 4471 2170 4529 Cbosroes

2256 609 2448 662 equum
2468 610 2653 650 eorum
2680 595 2942 651 dissoluat
2971 613 3133 667 quam
3156 598 3299 666 ipsos
3327 612 3546 658 enervet.
3588 602 3690 662 Net
3715 626 3797 664 tnt-

2260 698 2366 744 tem
2416 687 2726 758 festinemus
2787 701 2975 745 contra
3038 688 3308 745 Chosroen
3353 708 3624 762 properare
3672 700 3801 759 ualde

2261 783 2524 848 celeriter,
2556 792 2616 836 ut
2645 798 2712 838 ea:
2743 784 3033 854 improuiso
3052 783 3318 839 irruentes
3349 785 3403 839 in
3421 801 3537 840 eum
3563 790 3801 849 turbem:

2254 876 2442 931 illum.
2473 878 2545 932 At
2577 892 2709 933 vero
2739 878 2977 949 populus
3021 878 3343 947 huiusmodi
3389 883 3669 951 spernebat
3691 900 3803 943 eon-

2267 970 2478 1032 silium,
2517 975 2572 1026 et
2598 970 2836 1025 maxime
2864 968 3134 1025 Lazorum
3173 980 3231 1026 et
3261 969 3632 1044 Hahasgornm
3667 986 3806 1049 atque

2265 1062 2597 1135 Hiberorum
2631 1071 3067 1119 concertatores.
3108 1063 3247 1119 Hinc
3285 1065 3340 1119 in
3396 1080 3661 1124 aerumnas
3689 1072 3809 1127 inci»

2265 1159 2406 1213 dunt
2433 1176 2447 1212 :
2478 1157 2727 1226 pervenit
2747 1157 2892 1210 enim
2918 1165 2972 1211 et
2998 1155 3335 1212 Sarbarazas
3357 1171 3477 1212 cum
3498 1161 3690 1228 populo
3704 1178 3808 1231 suo,

2264 1267 2408 1321 quos
2429 1252 2577 1307 omni
2614 1252 2871 1304 armavit-
2903 1251 3108 1306 virtute
3134 1250 3410 1306 Chosroes
3440 1260 3494 1307 et
3543 1253 3810 1314 destinarit

2267 1360 2365 1416 per
2418 1345 2734 1401 Armeniam
2774 1344 3042 1399 adversus
3094 1342 3429 1400 Heracliam.
3479 1344 3813 1421 Sarablaggas

2268 1457 2399 1497 vero
2436 1442 2767 1509 sequebatur
2814 1449 2939 1511 post
2983 1450 3196 1513 tergum
3229 1440 3491 1511 Heraclii,
3540 1451 3595 1498 et
3626 1456 3813 1502 nonest

2244 1536 2395 1590 'cum
2410 1550 2476 1589 eo
2501 1538 2552 1588 in
2576 1536 2893 1590 conﬂictum
2915 1546 3195 1606 egressus,
3217 1544 3542 1604 exspectans
3563 1538 3815 1594 uniriSar—

2270 1630 2488 1684 harazm
2526 1639 2580 1683 et
2614 1628 2687 1681 ita
2715 1627 3059 1683 constituere
3099 1628 3378 1696 praelium.
3417 1627 3640 1698 Cognito
3664 1639 3816 1685 autem

2270 1719 2505 1775 Romani
2525 1717 2847 1773 Sarbarazm
2871 1717 3079 1788 impetu
3106 1716 3175 1770 ad
3203 1726 3406 1771 metum
3431 1718 3674 1773 conversi
3692 1728 3818 1785 sunt,

2268 1821 2326 1867 et
2350 1811 2419 1865 ad
2470 1808 2639 1881 pedes
2659 1809 3016 1879 imperatoris
3040 1822 3166 1862 cum
3203 1804 3465 1879 lacrymis
3482 1808 3817 1878 prociderunt.

2266 1904 2507 1961 scientes
2525 1900 2685 1972 quale
2707 1899 2911 1955 malum
2936 1900 3009 1955 sit
3037 1914 3144 1954 non
3170 1900 3370 1954 cedere
3406 1913 3616 1953 servum
3645 1898 3819 1954 domini

2266 1995 2683 2059 voluntatibus,
2716 2002 2772 2049 et
2796 1991 3179 2063 paenitentiam
3207 1998 3436 2062 agentes
3466 2005 3628 2061 super
3659 1990 3820 2047 inube-

2265 2092 2472 2148 dientia
2495 2102 2617 2152 sua,
2636 2102 2803 2159 quam
2820 2086 3071 2156 nequiter
3091 2089 3567 2155 perpetrarerant,
3614 2091 3665 2138 et
3685 2081 3823 2143 dice.

2267 2182 2437 2239 bant:
2464 2179 2687 2235 Manum
2706 2177 2965 2241 tuam-da,
3007 2176 3238 2243 domine,
3260 2176 3569 2246 priusquam
3588 2189 3822 2243 pereamus

2268 2274 2451 2329 miseri
2484 2285 2503 2327 :
2538 2270 2775 2325 cedimus
2824 2267 2965 2322 enim
2989 2265 3085 2320 tibi
3112 2267 3169 2320 in
3185 2264 3580 2336 quibmcuuqtte
3602 2276 3825 2333 pracept-

2268 2366 2365 2419 ris.
2395 2362 2552 2417 Tunc
2579 2362 2884 2431 imperator
2903 2356 3234 2412 acceleravit
3255 2354 3525 2425 congredi
3545 2368 3664 2408 cum
3685 2351 3824 2407 Sara-

2263 2460 2484 2531 blagga,
2503 2456 2823 2528 priusquam
2847 2453 3104 2515 uniretur
3129 2450 3341 2524 populo
3367 2447 3586 2504 Sarbari
3606 2465 3622 2515 ;
3646 2455 3698 2502 et
3715 2444 3826 2500 mal.

2272 2554 2348 2610 tis
2382 2549 2800 2608 incursionibus
2829 2546 3099 2602 adversus
3138 2558 3265 2601 eum
3295 2541 3466 2598 factis
3496 2551 3651 2596 nocte
3679 2554 3736 2594 ac
3756 2536 3828 2593 die

2246 2646 2413 2701 whunc
2434 2645 2489 2700 in
2516 2640 2865 2698 formidinem
2890 2637 3121 2711 pepulit,
3146 2644 3203 2693 et
3227 2643 3385 2691 retro
3409 2633 3652 2703 utrisque
3664 2628 3825 2686 dimis-

2265 2739 2343 2795 sis
2379 2743 2576 2792 contra
2606 2734 2900 2789 Chosroen
2960 2729 3226 2786 velociter
3260 2728 3550 2784 insecutus
3582 2731 3680 2782 est.
3733 2721 3827 2776 Duo

2268 2846 2402 2887 vero
2428 2845 2495 2885 ex
2526 2826 2793 2882 Romanis
2808 2839 2873 2881 se
2897 2822 2964 2878 ad
2979 2821 3184 2878 Persas
3203 2819 3526 2884 conferunt,
3552 2825 3609 2872 et
3634 2827 3827 2886 perma-

2265 2925 2398 2982 dent
2454 2922 2537 2978 eis
2578 2918 2813 2976 credere
2877 2916 3155 2972 Romanos
3192 2930 3261 2971 ex
3305 2912 3611 2970 formidine
3653 2908 3827 2980 fugere-

2267 3015 2513 3086 Contigit
2536 3020 2723 3070 autem
2754 3012 2838 3067 eis
2865 3022 2921 3068 et
2956 3010 3130 3091 alium
3160 3007 3366 3064 audire
3406 3019 3692 3066 rumorem,
3721 3002 3828 3055 Sain

2269 3109 2482 3166 scilicet
2520 3105 2774 3177 praetoris
2822 3105 3120 3161 Persarum
3149 3100 3455 3156 adventum
3484 3113 3604 3154 cum
3629 3095 3725 3151 alia
3749 3095 3834 3148 mi-

2274 3201 2390 3257 litia
2420 3200 2474 3253 in
2503 3193 2879 3253 auxilium.Et
2926 3193 3032 3248 hoc
3084 3199 3379 3261 comperto
3418 3189 3762 3260 Sarablaggas
3785 3192 3832 3239 et

2278 3291 2560 3350 Sarbarus
2589 3286 2949 3343 decertabant
2974 3284 3288 3340 Heracliam
3337 3282 3605 3353 instigare
3628 3279 3689 3335 ad
3716 3292 3831 3347 prte-

2273 3385 2433 3446 lium,
2465 3382 2790 3451 priusquam
2818 3377 3131 3449 perveniret
3159 3374 3290 3433 Sain
3336 3383 3397 3430 et
3423 3375 3481 3429 in
3511 3384 3571 3430 se
3595 3369 3831 3428 transfer-

2275 3484 2358 3533 ret
2390 3472 2636 3531 victoria:
2659 3470 2919 3542 gloriam.
2943 3466 3248 3524 Credentes
3275 3478 3510 3537 quoque
3534 3478 3602 3521 ex
3622 3457 3832 3533 pml‘ugis

2273 3572 2644 3641 properarunt
2661 3565 2932 3620 adversus
2964 3560 3305 3627 Heracliam,
3344 3569 3402 3616 et
3420 3557 3832 3630 appropinquan-

2274 3669 2361 3717 tes
2405 3661 2457 3717 ei
2506 3667 2690 3715 castra
2732 3656 2922 3713 metati
2957 3661 3114 3717 sunt,
3154 3653 3413 3708 volentes
3458 3652 3514 3709 in
3541 3664 3657 3705 cum
3698 3643 3832 3704 simul

2274 3769 2405 3811 cum
2432 3768 2595 3809 mane
2622 3752 2861 3807 irruere.
2897 3751 2993 3804 Ast
3033 3746 3328 3803 Heraclius
3362 3743 3639 3816 profectus
3678 3757 3706 3792 λ
3760 3752 3834 3790 ve-

2278 3861 2443 3919 spera
2474 3847 2578 3903 iter
2601 3844 2732 3900 fecit
2760 3858 2857 3910 per
2881 3846 3308 3904 totamnoctem,
3347 3845 3406 3893 et
3444 3835 3631 3909 procul
3650 3830 3836 3890 enectus

2278 3939 2480 4012 abzeis,
2540 3938 2762 3992 invento
2792 3934 3078 3990 herbifero
3104 3947 3334 4003 campo,
3398 3938 3585 3986 castra
3637 3931 3832 3981 metatus

2279 4033 2469 4089 est'in
2522 4045 2608 4086 eo.
2664 4028 2839 4083 Porro
2880 4026 3107 4083 Barbari
3148 4026 3575 4080 exsistimantes
3631 4033 3745 4075 eum
3782 4028 3831 4070 ex

2282 4124 2577 4181 formidine
2637 4120 2850 4192 fugere,
2914 4118 3292 4188 incompoSite
3360 4115 3742 4187 sequebantur,
3787 4112 3826 4159 ut

2280 4212 2821 4287 comprehenderent
2857 4211 3037 4266 illum.
3083 4210 3207 4280 Ipse
3252 4214 3441 4265 antont
3464 4216 3755 4262 occurrens
3770 4197 3832 4253 eis

2280 4282 2484 4365 bellum
2548 4306 2670 4361 iniit
2712 4304 2981 4361 adversus
3035 4303 3184 4368 illos,
3228 4312 3285 4357 et
3340 4300 3687 4373 apprehenso
3725 4292 3835 4349 colle
3936 4282 3941 4289 “

2282 4402 2521 4472 quodam
2568 4412 2883 4460 nemoroso,
2929 4404 3380 4465 coacervatoque
3401 4393 3605 4465 popqu
3637 4391 3688 4445 in
3721 4388 3835 4456 ipse.

2281 4491 2674 4565 cooperatione
2704 4490 2801 4546 Dei
2838 4489 3114 4546 Barbaros
3136 4489 3321 4551 vertit,
3343 4497 3401 4544 et
3426 4498 3525 4558 per
3553 4484 3730 4539 fauces
3758 4478 3837 4531 llos

584 4569 963 4641 δπθωθεῧθη
998 4579 1288 4640 Vmorem
1323 4567 1635 4631 θοηθιίωίίν
1669 4566 1847 4619 Virum
1884 4563 2170 4619 faeinom'
2209 4583 2256 4640 D
2288 4563 2572 4641 insecutus
2614 4583 3022 4638 multitudinem
3067 4595 3134 4636 ex
3183 4579 3269 4635 his
3321 4581 3610 4648 copiosam
3647 4567 3836 4629 occidit-

578 4680 708 4720 eum
736 4674 792 4719 et
809 4664 979 4736 typho
1003 4663 1238 4716 multum
1282 4660 1513 4724 elatum,
1543 4658 1884 4728 tradensque
1915 4658 1966 4712 ei
2002 4671 2169 4714 exer-

583 4761 778 4818 citum.
818 4772 916 4813 eos
949 4755 1205 4811 videlicet
1234 4754 1326 4825 qui
1360 4753 1627 4809 dicuntur
1651 4752 2080 4820 Chosrohegetae
2107 4766 2174 4807 ac

585 4850 871 4915 Perozitte,
904 4847 961 4903 in
991 4847 1282 4902 Albaniam
1315 4846 1516 4903 direxit
1545 4845 1811 4901 adversus
1829 4843 2167 4900 Heraclium.

580 4941 833 5013 (Sinuque
868 4924 1106 5010 ingressi
1131 4947 1319 4995 essent
1354 4937 1408 4992 in
1451 4937 1586 4994 lines
1614 4936 1880 5002 Albaniae,
1907 4951 2017 4992 non
2037 4942 2171 4991 sunt

581 5036 704 5092 ausi
732 5035 799 5090 ad
839 5033 1151 5090 bellandum
1184 5042 1312 5088 ante
1364 5034 1563 5089 iaciem
1595 5032 1947 5103 imperatoris
1994 5041 2168 5096 stare,

583 5131 680 5184 sed
708 5128 1000 5183 clausuras
1032 5135 1332 5183 tenuerunt
1357 5141 1479 5197 qua:
1509 5129 1719 5181 ducunt
1781 5126 1837 5181 in
1866 5125 2170 5191 Persidem,

582 5221 915 5279 extimautes
956 5222 1009 5279 ei
1029 5221 1338 5276 obsidendo
1378 5218 1657 5275 insidiari.
1697 5220 1770 5275 At
1826 5235 1959 5277 vero
1992 5219 2171 5275 llera-

582 5316 743 5380 clins,
777 5331 903 5369 cum
939 5330 1067 5369 mox
1097 5330 1195 5370 ver
1218 5313 1572 5376 accessisset,
1600 5314 1884 5383 profectus
1907 5315 1978 5370 de
2002 5314 2173 5370 Alba-

581 5406 673 5463 nia
725 5422 824 5478 per
856 5404 1054 5477 thios
1093 5422 1322 5479 campos
1345 5415 1402 5463 et
1439 5407 1587 5463 escis
1619 5408 1846 5478 largiter
1881 5406 2170 5463 affluentes

581 5500 876 5554 transitum
920 5500 974 5553 in
1023 5500 1307 5555 Persidem
1336 5498 1598 5565 faciebat,
1629 5500 1759 5556 licet
1789 5499 2170 5569 longinquitas

581 5592 769 5649 multae
801 5592 1040 5663 spatium
1093 5593 1193 5649 vite
1239 5594 1597 5664 transegerit.
1630 5591 2005 5664 Sarahlaggas
2035 5608 2169 5648 vero

583 5699 682 5756 per
707 5684 937 5740 Arotum
967 5686 1069 5741 iter
1119 5695 1311 5758 utpote
1366 5688 1824 5755 compendiosum
1858 5687 2165 5759 satagebat,

584 5785 646 5831 ut
669 5788 1221 5847 pmoccupateteum
1245 5779 1302 5833 in
1331 5779 1577 5835 Persidis
1603 5782 1845 5851 regione.
1872 5778 2181 5841 Heraclius.

587 5876 771 5923 autem
790 5868 1046 5921 monebat
1088 5873 1349 5939 populum
1381 5873 1605 5927 dicens:
1633 5871 1912 5939 Nouimus,
1942 5874 2163 5943 fratres,

2285 4678 2445 4735 Cadit
2476 4687 2660 4732 autem
2719 4683 2774 4730 et
2823 4673 3189 4744 Sarablaggas
3247 4687 3385 4727 ense
3446 4669 3756 4725 vulneratus
3794 4658 3837 4711 in

2284 4771 2468 4826 dorso.
2496 4769 2702 4825 Etcum
2723 4769 2934 4823 hiintcr
2956 4781 3161 4835 agones
3182 4772 3394 4828 essent,
3422 4760 3670 4834 pervenit
3690 4754 3828 4812 etiam

2286 4863 2415 4919 Sain
2443 4878 2569 4918 eum
2602 4860 2847 4918 exercitu
2880 4873 3005 4914 suo.
3041 4857 3111 4912 Et
3142 4857 3249 4911 hoc
3279 4869 3449 4910 verso
3474 4847 3839 4923 imperator,“

2282 4968 2350 5009 ex
2380 4954 2466 5008 his
2505 4951 2695 5007 multis
2724 4950 2953 5014 occisis.
2989 4948 3233 5019 reliquos
3269 4945 3554 5016 fugientes
3582 4933 3837 5011 dispersit.

2283 5045 2439 5116 Cepit
2460 5060 2682 5116 quoque
2705 5052 2761 5100 et
2788 5052 3112 5114 apparatum
3148 5041 3387 5098 sarciam
3413 5038 3680 5108 ipsorum.
3698 5031 3842 5086 Porro

2282 5138 2619 5194 Sarbarazas
2650 5137 2843 5192 unitus
2870 5134 3003 5190 Sain
3032 5134 3257 5203 collegit
3287 5130 3594 5192 Barbaros,
3628 5123 3717 5196 qui
3749 5118 3841 5177 sal-

2282 5232 2394 5286 vati
2426 5230 2666 5294 fuerant,
2699 5238 2751 5284 et
2778 5228 2978 5283 iterum
3027 5223 3402 5298 disponebant
3443 5230 3638 5278 contra
3693 5213 3843 5270 Hera-

2281 5326 2450 5382 clium
2482 5322 2783 5396 proficisci.
2813 5321 2918 5378 Ast
2948 5320 3252 5391 imperator
3283 5318 3339 5372 in
3371 5317 3602 5389 regione
3641 5311 3845 5367 Hunno-

2282 5433 2405 5472 rum
2440 5424 2495 5472 et
2525 5431 2622 5487 per
2638 5416 2836 5470 horum
2863 5414 2983 5469 loca
3012 5411 3256 5471 dillicilia
3285 5408 3593 5464 festinabat
3612 5406 3666 5460 in
3709 5413 3848 5469 aspe-

2279 5508 2360 5563 ris
2383 5506 2518 5563 locis
2547 5520 2613 5560 ac
2643 5505 2843 5570 deviis,
2908 5502 3135 5561 Barbari
3168 5515 3296 5559 vero
3328 5499 3710 5570 sequebantur
3739 5494 3849 5563 post

2278 5614 2430 5655 eum.
2463 5597 2638 5653 Porro
2697 5597 2826 5653 Lazi
2866 5611 2974 5652 una
3033 5611 3162 5652 cum
3215 5593 3458 5664 Abasgis
3506 5589 3847 5647 l‘ortnidantes

2278 5691 2674 5749 subduxerunt
2725 5706 2788 5747 se
2825 5691 2897 5746 ab
2925 5690 3135 5746 auxilio
3161 5687 3570 5751 Romanorum,
3609 5689 3665 5740 et
3690 5682 3749 5737 in
3772 5690 3848 5731 re-

2275 5786 2498 5856 gionem
2533 5798 2692 5840 suam
2714 5783 2923 5840 reversi
2951 5790 3104 5841 sunt.
3138 5780 3268 5838 Sain
3295 5786 3487 5835 autem
3533 5778 3635 5832 hoc
3665 5772 3842 5829 adver-

2278 5887 2402 5932 tcns
2430 5874 2618 5934 furore
2654 5877 2825 5933 multo
2864 5892 2972 5938 una
2994 5890 3128 5933 cum
3155 5873 3399 5932 Sarbaro
3432 5866 3845 5944 persequebatur
