4088 6434
365 355 505 422 13οὄ

1157 365 1523 427 HISTORIA
1565 367 2148 434 ECCLESIASTICA
2171 372 2276 433 EX
2313 372 2802 436 THEOPHANE.

3495 369 3639 436 1306

365 471 700 532 lteraclium.
732 474 876 534 Sane
909 477 1206 550 imperator
1227 491 1449 535 caterva
1497 480 1728 536 collecta
1763 483 1945 536 verbis
1977 491 2018 544 Α
2053 500 2292 557 namque
2325 489 2426 542 viae
2473 489 2578 544 sibi
2630 486 2978 556 adjacebant,
3029 495 3278 558 angusta:
3330 500 3394 540 ac
3436 485 3632 550 deviaz,

363 565 468 623 hos
493 567 821 626 exhortatus
841 580 923 625 est
948 581 998 627 ct
1017 572 1317 628 monimine
1346 572 1616 636 delinivit,
1645 575 1902 642 inquiens
1928 589 1943 626 :

371 659 658 717 Uultitudo
690 680 802 726 vos,
830 666 1049 736 fratres,
1079 667 1415 720 inimicorum
1440 683 1540 720 non
1583 667 1798 720 turbet:
1839 668 1947 724 Deo

361 755 552 825 qu’ppe
600 756 804 809 volente
854 774 989 812 unus
1044 769 1387 826 persequetur
1423 759 1590 814 mille.
1643 759 1945 814 Mactemus

363 865 490 918 ergo
547 851 896 918 nosmetipsos
947 867 1042 918 pro
1097 852 1269 905 salute
1313 851 1545 920 fratrum
1605 861 1947 916 nostrorum;

365 957 640 996 mittamus
677 959 926 994 coronant
971 955 1288 1011 martyrum,
1319 961 1418 1015 quo
1471 954 1520 999 ct
1575 946 1818 1014 futurum
1853 961 1948 1000 ηοξ

363 1049 570 1104 tempus
599 1035 778 1088 laudet
809 1047 858 1090 et
887 1036 1025 1091 Deus
1059 1037 1244 1091 reddat
1293 1040 1574 1092 mercedes.
1613 1038 1710 1093 llis
1737 1047 1794 1092 et
1826 1039 1949 1096 aliis

364 1128 618 1196 pluribus
657 1127 839 1181 verbis
869 1128 1160 1182 audaciam
1193 1130 1464 1184 exercitui
1517 1130 1830 1195 conferens,
1868 1130 1951 1184 hi-

364 1219 469 1272 lari
497 1219 644 1272 vultu
699 1219 944 1289 praelium
987 1220 1228 1275 ordinat.
1265 1221 1332 1276 Et
1388 1221 1664 1276 distantes
1699 1222 1768 1276 ab
1807 1222 1949 1276 invi-

363 1325 485 1365 cem
517 1311 810 1367 intervallo
835 1312 1038 1383 pusillo
1065 1329 1095 1368 a
1149 1329 1310 1369 mane
1343 1331 1522 1384 usque
1565 1315 1631 1369 ad
1662 1330 1948 1386 vesperam

361 1402 608 1473 aggressi
645 1419 752 1458 non
777 1413 908 1460 sunt
945 1406 1001 1460 in
1033 1406 1382 1460 alterutrum.
1419 1405 1662 1476 Vespere
1688 1422 1819 1462 vero
1860 1422 1954 1462 ar-

361 1505 521 1565 repto
552 1497 850 1566 imperator
875 1497 1074 1552 itinere
1099 1499 1386 1570 pergebat.
1425 1497 1654 1554 Barbari
1676 1514 1803 1555 vero
1831 1508 1953 1570 post

359 1604 488 1644 eum
525 1590 722 1644 iterum
779 1591 1180 1660 sequebantur,
1217 1598 1272 1647 et
1333 1601 1748 1648 commutantes
1808 1592 1950 1647 viam

363 1683 510 1736 hunc
533 1697 915 1752 praeoccupare
940 1685 1184 1741 volentes
1219 1685 1472 1740 incidunt
1511 1687 1566 1740 in
1607 1687 1725 1741 loca
1777 1687 1906 1756 palu
1928 1715 1952 1728 -

360 1775 518 1838 atria,
561 1781 615 1829 et
648 1775 968 1832 aberrantes
1014 1778 1069 1832 in
1131 1793 1390 1848 magnum
1441 1778 1740 1833 discrimen
1785 1779 1950 1833 deve-

363 1864 543 1920 niunt.
569 1866 875 1937 Imperator
903 1884 1031 1924 vero
1055 1873 1337 1927 transiens
1367 1871 1504 1927 fines
1533 1871 1827 1927 Persarum
1856 1887 1952 1941 per

360 1961 680 2014 Armeniam
709 1962 1058 2033 peragrabat.
1089 1962 1225 2018 Cum
1273 1975 1456 2020 autem
1490 1971 1637 2019 terra
1676 1966 1763 2019 illa
1793 1974 1953 2020 tene-

362 2060 515 2107 retur
547 2066 580 2105 a
620 2051 827 2117 Persis,
863 2055 1020 2109 multi
1054 2071 1179 2110 cum
1228 2055 1471 2111 Sarbaro
1523 2068 1952 2128 concurrerunt,

361 2158 428 2200 ac
469 2159 563 2210 per
596 2145 700 2201 hoc
734 2147 908 2200 crevit
944 2147 1183 2216 populus
1241 2147 1385 2217 ejus.
1441 2145 1715 2204 Praeterea
1776 2150 1954 2207 hieme

362 2234 660 2290 accedente
681 2236 946 2306 dispersit
964 2237 1376 2294 multitudinem
1411 2255 1508 2310 per
1529 2241 1649 2304 loca
1677 2241 1953 2312 ipsorum,

362 2336 424 2382 ut
485 2330 902 2398 requiescerent
931 2331 985 2384 in
1018 2331 1277 2386 domibus
1331 2332 1472 2388 suis.
1519 2332 1640 2400 Quo
1676 2347 1955 2406 comperto

361 2421 652 2480 Heraclius
685 2434 851 2478 noctu
888 2423 1061 2495 furari
1098 2423 1472 2484 meditabatur
1524 2427 1750 2484 bellum.
1787 2429 1954 2485 Cum-

339 2533 470 2587 que
497 2517 659 2573 turbo
693 2516 1046 2586 tempestatis
1073 2516 1292 2574 adesset
1328 2525 1385 2573 et
1425 2517 1667 2575 Sarbaro
1704 2521 1955 2592 suspicio

360 2612 513 2666 nulla
580 2610 954 2672 incumberet,
991 2609 1183 2666 electis
1241 2610 1652 2670 robustissimis
1691 2613 1852 2682 equis
1899 2619 1955 2669 et

362 2701 692 2757 fortioribus
746 2701 815 2755 ab
855 2701 1131 2766 exercitu,
1191 2702 1494 2772 dupliciter
1545 2702 1648 2759 hos
1681 2718 1952 2771 'armans,

361 2793 633 2863 quosdam
655 2808 724 2848 ex
747 2791 833 2848 his
861 2793 1178 2862 praecedere
1200 2801 1397 2848 contra
1432 2792 1736 2849 Sarbarum
1758 2795 1951 2864 jussit,

363 2888 482 2956 ipse
520 2899 650 2940 vero
685 2899 809 2939 cum
841 2883 965 2939 aliis
999 2891 1124 2953 post
1153 2899 1249 2939 eos
1280 2885 1615 2939 subsecutus
1642 2891 1748 2939 est.
1779 2886 1954 2940 Acce-

361 2979 670 3034 lerantibus
706 2991 837 3046 ergo
862 2991 957 3045 per
995 2984 1240 3041 noctem,
1273 2984 1327 3030 et
1378 2976 1829 3045 pervenientibus
1883 2976 1952 3030 ad

362 3070 627 3142 praedium
669 3068 757 3122 cui
793 3068 1116 3122 vocabulum
1146 3073 1265 3122 erat
1291 3065 1627 3135 Lasbauum,
1667 3068 1803 3122 hora
1849 3082 1953 3122 no-

2055 572 2228 627 altera
2280 573 2502 643 quidem
2558 573 2858 630 Tarantum
2923 573 3162 637 ducens,
3190 575 3364 632 altera
3425 588 3554 630 vero
3585 575 3641 629 in

2054 671 2255 718 terram
2289 665 2577 737 Syrorum.
2630 665 2830 721 Verum
2860 668 2950 722 illa
2977 683 3098 739 quae
3129 666 3432 722 Tarantum
3461 667 3645 722 tende-

2053 755 2166 824 bat,
2191 758 2528 814 dilIereutior
2551 760 2770 830 quidem
2796 768 2940 826 erat,
2973 761 3068 816 sed
3093 769 3390 831 egestatem
3417 769 3646 816 cuncta-

2055 864 2175 903 rum
2213 851 2448 906 habebat
2468 867 2724 908 escarum
2764 869 2928 924 :quae
2975 868 3105 907 vero
3152 855 3206 906 in
3249 861 3454 908 terram
3494 853 3646 908 ducit

2057 943 2345 1014 Syrorum,
2408 945 2651 1000 Taurum
2689 947 2890 1001 transit
2936 955 2989 1002 et
3013 945 3410 1002 abundantiam
3437 960 3504 998 ac
3551 947 3646 999 da-

2055 1038 2354 1109 psililatem
2384 1048 2613 1108 praestat
2666 1041 3084 1096 alimentorum.
3123 1041 3278 1096 llanc
3340 1040 3645 1111 pra‘lerunt

2055 1144 2270 1194 omnes,
2292 1131 2425 1184 licet
2450 1132 2741 1201 abruptior
2763 1143 2909 1189 esset
2941 1142 2997 1188 et
3025 1135 3149 1188 nive
3169 1134 3339 1188 multa
3365 1135 3634 1190 severior.

2055 1217 2170 1272 Hac
2217 1221 2403 1290 itaque
2425 1219 2618 1276 labore
2657 1223 2830 1276 multo
2878 1231 3164 1278 transacta
3195 1224 3250 1278 in
3283 1233 3493 1294 septem
3526 1223 3650 1279 die-

2054 1311 2159 1367 bus
2184 1321 2558 1381 pervcnerunt
2588 1314 2653 1366 ad
2711 1314 2936 1368 ﬂuvium
2969 1315 3185 1386 Tigrin,
3244 1326 3298 1372 et
3336 1317 3479 1371 hunc
3518 1332 3643 1372 cum

2055 1413 2514 1472 transmeassent,
2543 1408 2774 1462 veniunt
2805 1406 3222 1479 Martyropulim
3275 1418 3329 1462 et
3367 1410 3643 1475 Amidam,

2055 1507 2111 1554 et
2140 1500 2436 1569 quiescunt
2471 1507 2581 1552 tam
2611 1501 2891 1554 exercitus
2937 1516 3100 1570 quam
3143 1501 3470 1570 captivitas.
3505 1500 3647 1554 llinc

2057 1602 2112 1648 et
2143 1593 2358 1648 litteras
2399 1593 2703 1663 imperator
2731 1593 3062 1665 Byzantium
3103 1596 3284 1664 potuit
3316 1595 3559 1658 mittere,
3593 1601 3648 1650 et

2055 1701 2178 1756 qua:
2207 1687 2357 1741 circa
2385 1701 2445 1742 se
2468 1697 2628 1741 erant
2652 1689 2840 1742 omnia
2863 1687 3138 1752 indicare,
3167 1695 3223 1742 et
3247 1687 3443 1756 ingens
3465 1687 3648 1744 facere

2058 1779 2320 1848 gaudium
2358 1778 2594 1833 civitati.
2619 1778 2897 1833 Sarbarus
2932 1786 3115 1834 autem
3153 1778 3358 1848 populo
3400 1793 3526 1843 suo,
3548 1779 3646 1849 qui

1982 1835 2024 1891 Β
2059 1835 2240 1920 iuerat
2263 1865 2568 1934 dispersus,
2599 1866 2834 1920 collecto
2876 1835 3181 1921 insurrexit
3219 1835 3274 1920 in
3312 1835 3646 1924 illtrnt.'Eie-

2059 1967 2204 2013 ctam
2246 1973 2380 2013 vero
2421 1957 2721 2028 imperator
2745 1958 2888 2012 alam
2931 1959 3168 2013 militum
3203 1960 3271 2014 ad
3321 1961 3647 2016 custodien-

2058 2048 2157 2104 das
2189 2048 2336 2102 misit
2361 2048 2799 2118 clausuras,qua:
2835 2051 2903 2104 ad
2931 2065 2992 2104 se
3029 2049 3328 2118 ducebant,
3352 2060 3408 2106 et
3438 2050 3647 2120 aditus,

2067 2141 2163 2211 qtti
2194 2140 2262 2194 ad
2291 2141 2576 2195 Orientem
2605 2149 2786 2196 erant.
2820 2141 2946 2212 Ipse
2982 2141 3311 2200 discurrens
3355 2145 3410 2198 in
3445 2143 3642 2200 faciem

2035 2231 2292 2300 edicitur
2322 2233 2584 2289 Sarbaro.
2607 2232 2861 2304 Cumque
2890 2242 3296 2291 transmeasset
3328 2235 3643 2307 Nymphiou

2061 2341 2302 2392 amnem,
2351 2326 2422 2381 ad
2462 2326 2800 2396 Euphratem
2860 2327 3132 2398 pervenit,
3175 2328 3230 2383 in
3269 2330 3475 2400 quibus
3530 2340 3651 2386 erat

2063 2435 2204 2490 pons
2236 2435 2412 2476 nexus
2452 2437 2518 2475 cx
2558 2419 2789 2477 funibus
2823 2421 2990 2477 simul
3025 2431 3080 2476 et
3119 2422 3376 2478 navibus.
3415 2423 3487 2477 At
3521 2438 3652 2478 vero

2061 2510 2336 2569 Sarbarus
2388 2511 2682 2567 dissolutis
2720 2511 2950 2569 funibus
2980 2512 3168 2582 pontis
3205 2513 3274 2568 ab
3318 2515 3491 2569 altera
3531 2515 3650 2582 ripa

2059 2601 2111 2655 in
2143 2604 2370 2658 alteram
2400 2610 2574 2657 totum
2605 2605 2886 2658 transtulit
2919 2614 3168 2676 pontem.
3199 2603 3448 2672 Cumque
3476 2605 3651 2676 impe-

2057 2703 2210 2749 rator
2247 2697 2488 2752 venisset
2539 2712 2643 2751 nec
2672 2698 2941 2752 valuisset
2985 2697 3227 2752 transire
3255 2713 3352 2766 per
3392 2707 3645 2765 pontem.

2057 2787 2378 2842 discurrens
2439 2789 2650 2842 invenit
2713 2797 2981 2853 meatum,
3042 2799 3096 2844 et
3153 2789 3302 2843 hunc
3361 2790 3650 2859 inopinate

2057 2877 2260 2934 Martio
2293 2895 2484 2935 mense
2509 2880 2629 2934 sine
2661 2880 2988 2936 discrimine
3018 2881 3427 2947 transl'retavit,
3470 2888 3526 2935 et
3545 2879 3651 2934 Sa-

2055 2980 2267 3027 mosata
2293 2973 2562 3042 pervenit.
2604 2972 2932 3044 Rursusque
2980 2989 3106 3045 cum
3144 2973 3386 3027 Taurum
3419 2980 3652 3044 praeter-

2055 3066 2234 3130 iisset,
2287 3067 2342 3120 in
2419 3065 2828 3120 Germaniciam
2893 3075 2980 3122 est
3038 3066 3349 3136 profectus,
3417 3074 3648 3120 etcum

360 3164 468 3219 ctis
498 3175 666 3227 nona,
697 3160 906 3225 Persae,
951 3159 1046 3230 qui
1089 3159 1145 3214 in
1178 3175 1245 3215 eo
1277 3167 1440 3214 erant
1467 3169 1522 3214 et
1562 3161 1828 3230 impetum
1861 3174 1956 3215 co-
1981 3175 2024 3232 C
2058 3159 2372 3213 transiisset
2409 3158 2475 3211 ad
2511 3158 2728 3226 Adana,
2761 3159 2914 3213 venit
2936 3157 3002 3211 ad
3032 3172 3248 3212 amnem
3284 3156 3482 3211 Saron.
3513 3155 3648 3211 Sat-

359 3261 688 3324 gnoverant,
755 3253 1188 3308 insurrexerunt
1223 3252 1279 3308 in
1315 3269 1431 3308 eos.
1472 3251 1576 3324 Ipsi
1635 3261 1817 3309 autem
1857 3253 1959 3309 hos

362 3348 788 3410 interfecerunt,
823 3361 936 3400 uno
962 3352 1216 3415 excepto,
1250 3345 1344 3416 qui
1380 3345 1486 3400 hoc
1530 3343 1775 3402 Sarbaro
1814 3361 1960 3400 nun-

362 3439 542 3495 tiavit.
573 3441 643 3492 At
671 3452 803 3493 vero
837 3435 1115 3492 Sarbarus
1163 3451 1393 3507 surgens
1446 3435 1696 3492 ascendit
1729 3453 1956 3507 equum,

358 3542 416 3589 et
440 3533 622 3588 nudus
646 3541 812 3603 atque
839 3530 1213 3586 discalceatus
1238 3528 1364 3600 fuga
1401 3528 1637 3585 salutem
1671 3539 1958 3585 mercatus

358 3633 466 3680 est.
516 3623 692 3693 llujns
727 3631 908 3676 autem
959 3621 1222 3676 mulieres
1281 3630 1335 3676 et
1403 3634 1619 3676 omnem
1671 3618 1956 3678 Persicum

357 3717 578 3782 ﬂorem,
604 3715 990 3785 principesque
1027 3727 1093 3767 ac
1120 3719 1375 3782 satrapas
1418 3727 1544 3766 cum
1586 3713 1776 3769 electis
1810 3714 1959 3768 mili-

359 3811 514 3867 tibus
553 3809 648 3880 qui
683 3811 738 3862 in
765 3808 1058 3862 domorum
1093 3813 1238 3861 tecta
1282 3805 1724 3862 conscenderant
1755 3815 1810 3861 at
1839 3807 1959 3862 bel-

359 3903 479 3960 lum
504 3910 700 3957 contra
731 3916 792 3956 se
823 3907 1298 3970 prmparaverant,
1328 3914 1426 3968 per
1457 3898 1635 3966 ignem
1665 3899 1952 3968 deposuit,

359 4003 420 4050 et
445 3995 584 4049 alios
604 3993 828 4063 quidem
849 3991 1078 4054 occidit.
1111 3991 1254 4046 alios
1275 4005 1406 4044 vero
1441 3989 1566 4062 igne
1588 3993 1959 4062 consumpsit,

359 4084 456 4139 alii
483 4091 666 4137 autem
695 4081 928 4135 manicis
956 4089 1010 4136 et
1032 4081 1396 4150 compedibus
1427 4082 1670 4152 colligati
1709 4091 1860 4150 sunt,
1887 4085 1962 4138 ita

358 4186 420 4232 ut
457 4191 592 4246 pene
622 4175 808 4230 nullus
842 4189 911 4228 ex
944 4173 1028 4229 his
1061 4173 1154 4242 qui
1199 4173 1426 4226 Sarbari
1455 4172 1676 4229 fuerant
1722 4175 1963 4230 salvare-

360 4279 479 4325 tur.
516 4269 868 4338 Acceperunt
900 4274 1082 4320 autem
1120 4273 1175 4320 et
1231 4281 1384 4319 arma
1421 4265 1675 4331 Sarbari,
1729 4281 1958 4322 aureum

360 4362 624 4422 videlicet
675 4361 960 4432 clypeum.
1014 4357 1345 4414 machaeram
1405 4359 1572 4412 etiam
1622 4365 1676 4412 et
1704 4359 1957 4414 lanceam

2063 3248 2232 3304 barus
2274 3257 2453 3303 autem
2491 3259 2658 3318 ponte
2690 3263 2886 3303 rursus
2925 3248 2980 3302 in
3007 3248 3232 3318 proprio
3266 3247 3389 3302 loco
3419 3254 3650 3300 extenso

2063 3341 2274 3412 absque
2324 3340 2610 3396 obstaculo
2645 3339 3032 3397 transfretavit
3064 3339 3425 3410 Euphratem,
3468 3345 3522 3391 et
3561 3353 3653 3392 se-

2061 3435 2334 3506 quebatur
2359 3441 2484 3503 post
2517 3447 2668 3488 eum.
2701 3435 2803 3487 Ast
2833 3433 3136 3503 imperator
3185 3445 3310 3486 cum
3353 3428 3654 3483 transisset

2061 3534 2282 3598 pontem
2321 3525 2468 3592 Sari,
2507 3525 2734 3580 inventa
2788 3524 2982 3594 requie
3015 3531 3128 3577 tam
3161 3521 3442 3579 exercitus
3483 3533 3650 3590 quam

2062 3618 2384 3674 animalium
2409 3617 2558 3671 circa
2583 3617 2766 3688 ipsum
2789 3623 2977 3670 castra
3003 3620 3245 3669 metatus
3268 3622 3373 3678 est,
3395 3610 3652 3666 reﬁciens

2062 3724 2178 3766 eos.
2212 3710 2472 3764 Pervenit
2503 3717 2684 3763 autem
2721 3719 2775 3764 et
2797 3707 3076 3764 Sarbarus
3113 3707 3168 3760 in
3201 3715 3412 3776 partem
3443 3717 3565 3774 qua:
3593 3703 3652 3758 in

2062 3813 2259 3861 contra
2289 3820 2414 3860 esse
2434 3818 2499 3860 ex
2526 3803 2706 3876 altera
2737 3800 3227 3873 partevidebatur.
3261 3798 3494 3853 lnvento
3520 3810 3654 3851 vero

2064 3907 2252 3970 ponte,
2285 3905 2340 3952 et
2368 3895 2800 3968 propugnaculis
2834 3908 2959 3963 qua:
2990 3894 3044 3948 in
3100 3892 3224 3962 ipso
3260 3897 3418 3944 erant
3472 3905 3500 3942 a
3536 3889 3654 3943 Ro-

2064 3993 2244 4046 manis
2277 3990 2546 4052 obtentis,
2602 3998 2790 4044 eastra
2844 3994 3086 4042 metatus
3139 3994 3246 4042 est.
3280 3983 3656 4038 Excurrentes

2065 4094 2248 4139 autem
2284 4083 2448 4138 multi
2481 4082 2864 4136 Romanorum
2908 4094 3006 4149 per
3051 4086 3277 4148 pontem
3337 4074 3654 4128 inordinate

2063 4193 2188 4232 cum
2224 4177 2410 4232 Persis
2443 4175 2801 4231 contulerunt
2832 4172 3177 4234 conﬂictum,
3216 4168 3392 4222 multa
3433 4168 3486 4220 in
3515 4166 3653 4236 ipsis

2062 4270 2212 4325 cazde
2243 4269 2567 4326 commissa.
2599 4266 2804 4321 Verum
2855 4265 3159 4334 imperator
3191 4262 3292 4316 hos
3336 4259 3653 4314 inordinate

2063 4363 2390 4434 prohibebat
2420 4361 2756 4426 discurrere,
2787 4372 2857 4412 ne
2890 4356 3032 4411 forte
3061 4355 3166 4410 iter
3194 4354 3346 4408 ﬁeret
3378 4351 3650 4405 adversa-

361 4471 521 4525 mque
549 4469 778 4509 auream
811 4461 866 4508 et
895 4459 1169 4522 comptam
1233 4451 1490 4521 pretiosis
1523 4450 1801 4520 lapidibus
1851 4466 1948 4506 zo—
1977 4451 2030 4512 D
2057 4457 2156 4511 riis
2183 4470 2304 4509 cum
2323 4455 2434 4508 illis
2457 4450 2821 4506 conveniendi
2853 4448 2918 4503 ad
2946 4454 3168 4518 pontem
3193 4455 3246 4498 et
3268 4443 3474 4513 pariter
3497 4455 3653 4496 com-

361 4563 514 4614 nam,
557 4547 920 4604 nihilominus
976 4552 1032 4599 et
1086 4545 1460 4600 calceamenta
1512 4543 1656 4614 ejus.
1713 4543 1813 4600 His
1876 4545 1950 4599 ita

359 4641 622 4698 erunibus
681 4639 918 4708 sumptis
982 4638 1230 4708 procedit
1267 4646 1462 4691 contra
1521 4636 1808 4706 dispersos
1856 4652 1954 4706 per

364 4738 547 4803 villas,
572 4736 665 4807 qui
700 4735 916 4791 scilicet
949 4740 1238 4803 comperta
1271 4730 1499 4786 Sarbari
1541 4729 1668 4802 fuga
1711 4733 1832 4787 sine
1861 4747 1948 4785 re-

361 4830 610 4886 tentione
651 4828 951 4903 fugiebant.
995 4825 1116 4896 Ipse
1165 4833 1349 4880 autem
1407 4823 1702 4879 insecutus
1746 4823 1952 4879 multos

361 4938 555 4978 eorum
589 4921 793 4976 occidit
815 4930 868 4974 et
891 4919 1107 4978 vinctos
1136 4917 1350 4987 accepit
1381 4935 1396 4972 :
1429 4917 1625 4988 reliqui
1662 4932 1786 4971 cum
1818 4931 1953 4973 con-

361 5013 584 5069 fusione
626 5012 682 5066 in
707 5010 992 5067 Persidem
1051 5007 1408 5079 repedarunt.
1454 5006 1953 5078 Porroimpcrator

361 5105 608 5162 exercitu
639 5120 741 5159 suo
770 5104 1004 5160 collecto
1047 5117 1174 5156 cum
1204 5102 1408 5172 gaudio
1461 5101 1517 5156 in
1560 5100 1700 5156 locis
1732 5099 1844 5155 illis
1870 5099 1955 5155 in-

362 5198 614 5266 trepidus
637 5197 924 5250 hiemavit.

437 5292 626 5346 Mundi
656 5307 804 5347 anno
825 5291 984 5354 6116,
1016 5291 1218 5346 divinae
1236 5290 1638 5348 incarnationis
1656 5304 1801 5346 anno
1823 5289 1951 5355 616,

363 5386 746 5456 annoimperii
770 5385 1010 5440 IIeraelii
1037 5385 1126 5451 l5,
1162 5385 1405 5441 Arabum
1433 5385 1692 5455 princeps
1713 5384 1954 5440 Muamet

363 5478 695 5535 habebatur.
727 5475 1018 5534 Heraclius
1072 5487 1254 5534 autem
1305 5485 1637 5533 coacervato
1696 5479 1944 5534 exercitu

361 5585 470 5628 suo
495 5570 790 5628 consilium
823 5569 1062 5626 faciebat
1089 5584 1328 5642 quanam
1359 5571 1444 5624 via
1470 5577 1726 5640 pergeret
1766 5591 1780 5627 :
1827 5571 1951 5627 duae

2054 4544 2294 4601 meandi.
2326 4541 2571 4613 Populus
2618 4548 2798 4595 autem
2849 4552 2957 4592 non
2985 4533 3379 4605 acquiescebat
3413 4532 3654 4600 impera-

2054 4638 2182 4694 tori.
2216 4637 2387 4692 Porro
2407 4634 2706 4698 Sarbarus,
2733 4630 3070 4706 quibusdam
3094 4626 3377 4683 exercitus
3399 4625 3486 4680 sui
3511 4623 3652 4679 clam

2053 4733 2113 4788 in
2147 4730 2281 4786 locis
2313 4730 2515 4785 abditis
2549 4726 2857 4790 collocatis,
2887 4721 3208 4780 ostenditse
3231 4719 3391 4790 quasi
3431 4717 3653 4788 fugien-

2058 4837 2195 4896 tem,
2231 4845 2296 4885 ac
2328 4829 2410 4886 sic
2465 4825 2740 4883 abstraxit
2775 4823 2980 4880 multos
3011 4822 3294 4878 Romanos
3319 4825 3520 4890 praeter
3547 4829 3653 4870 vo-

2057 4931 2177 4978 tum
2207 4919 2560 4991 imperatoris
2611 4918 2678 4974 ad
2709 4915 3116 4972 insccutionem
3152 4913 3237 4968 sui
3274 4915 3649 4968 transeuntes.

2058 5013 2342 5070 Reversus
2375 5020 2584 5076 autem,
2620 5019 2674 5066 et
2713 5011 2798 5065 his
2845 5009 2900 5064 in
2932 5008 3116 5076 fugam
3145 5004 3454 5064 conversis,
3481 5009 3650 5068 quot-

2063 5117 2200 5180 qttot
2248 5113 2402 5162 extra
2453 5112 2677 5174 pontem
2723 5102 3021 5170 occupavit
3061 5098 3290 5161 occidit,
3347 5093 3648 5151 vindictam

2065 5215 2360 5271 perpessos
2393 5198 2800 5254 inobedientite.
2832 5196 3141 5265 Imperator
3175 5205 3308 5246 vero
3341 5203 3466 5244 cum
3522 5187 3652 5242 bar-

2015 5317 2030 5352 :
2063 5294 2233 5349 baros
2257 5291 2489 5349 vidisset
2516 5290 2863 5348 insecutione
2897 5287 3123 5344 ordines
3144 5282 3486 5344 dissolvisse,
3509 5287 3650 5334 etex

2063 5385 2328 5439 riomauis
2359 5382 2639 5439 stantibus
2696 5382 2750 5436 in
2784 5375 3228 5434 antemuralihus
3279 5371 3392 5444 (5|)
3445 5369 3650 5423 multos

2063 5477 2396 5543 exstinctos,
2431 5485 2626 5532 contra
2659 5488 2758 5529 eos
2792 5470 3078 5542 profectus
3099 5477 3188 5524 est
3231 5464 3407 5520 Porro
3424 5459 3649 5532 quidam

2060 5571 2144 5624 vir
2168 5568 2336 5625 Persa
2367 5567 2656 5640 giganteus
2687 5563 3010 5636 imperatori
3058 5571 3361 5616 occurrens
3413 5553 3560 5608 hunc
3589 5550 3648 5607 in

1858 5687 2068 5745 NOTJE
2080 5726 2096 5742 .

461 5784 554 5849 fil)
595 5785 1049 5840 Antemuralibus.
1096 5784 1296 5840 Matth.
1341 5784 1466 5837 Par.
1509 5782 1836 5854 Hist.Angl.
1895 5785 1949 5838 in

368 5853 646 5910 Wiilelnto
679 5856 716 5910 il
751 5875 763 5910 :
811 5876 827 5908 ι
865 5857 1316 5913 Antemuralibus
1355 5854 1656 5911 confractis
1688 5853 1946 5925 cogerent

2056 5780 2386 5907 gerensores
2445 5778 2590 5836 intra
2622 5791 2810 5834 muros
2862 5773 3158 5844 interiores
3210 5786 3268 5826 se
3321 5765 3584 5837 recipere.
3618 5783 3640 5816 ι

2104 5867 2228 5907 ηις.

2104 5867 2228 5908 ABR.
