4088 6428
479 372 615 438 1307

1582 375 1985 436 ANA-STASII
2029 377 2102 437 BI
2115 375 2660 438 BLIOTHECARII

3627 373 3771 440 1303

477 492 662 546 medio
712 488 898 560 pontis
936 488 1283 559 aggreditur.
1330 488 1431 544 Ast
1465 488 1768 558 imperator
1795 494 1899 546 hoc
1939 507 2067 563 pcr-
2100 507 2145 560 Α
2175 493 2523 548 verberibus.
2556 489 2731 546 Porro
2764 489 2999 546 Chazari
3025 488 3295 559 disruptls
3335 488 3552 561 Caspiis
3587 493 3769 560 portis

478 595 647 636 cusso
692 581 748 634 in
795 581 976 636 amnis
1010 580 1216 634 fluenta
1252 579 1511 650 projecit.
1553 581 1670 636 [loc
1733 597 1843 637 uno
1875 593 2071 639 ruente

480 675 534 728 in
581 672 767 742 fugam
798 669 1028 726 Barbari
1064 671 1210 726 versi
1243 683 1393 738 sunt,
1427 679 1480 726 et
1504 688 1615 742 pra:
1646 673 1902 742 angustia
1934 690 2069 744 pon-

480 766 550 820 tis
613 772 671 816 ut
722 777 869 816 ranae
927 777 987 816 se
1029 761 1083 815 in
1119 761 1347 816 flumine
1404 761 1716 831 jaciebam;
1749 763 1842 818 alii
1885 775 2068 819 autem

477 859 642 912 etiam
670 857 867 927 gladiis
906 855 1357 910 trucidabantur.
1391 855 1565 910 Porro
1607 858 1906 912 multitudo
1938 857 2068 913 bar-

481 952 740 1004 barorum
789 963 886 1019 per
932 948 1176 1003 nurninis
1231 948 1380 1018 ripas
1408 947 1610 1004 diﬂ'usa
1654 949 1952 1020 sagittabat
2007 965 2072 1005 ac

477 1041 793 1105 resistebat,
817 1056 923 1095 non
953 1042 1142 1096 sinens
1171 1050 1514 1097 transmeare
1539 1041 1841 1098 Romanos.
1867 1041 2068 1098 Verum

477 1133 780 1200 imperator
811 1132 1086 1188 transiens
1113 1132 1350 1186 viriliter
1379 1131 1631 1187 barbaris
1667 1131 1903 1198 resistit,
1941 1147 2067 1187 cum

477 1225 669 1292 paucis
703 1224 1032 1294 quibusdam
1069 1225 1354 1281 societatis
1404 1241 1519 1280 suae
1569 1226 2061 1298 superagonizans,

477 1318 554 1370 ita
587 1327 647 1372 ut
692 1317 860 1371 etiam
897 1333 1064 1388 super
1095 1318 1197 1373 hoc
1228 1319 1504 1374 Sarbarus
1531 1319 1973 1390 obstupesceret,
2013 1330 2067 1375 et

479 1410 547 1465 ad
575 1409 836 1466 Cosmam
871 1412 1165 1482 quemdam
1195 1413 1353 1482 juxta
1400 1427 1459 1468 se
1497 1421 1755 1476 stantem,
1794 1412 2072 1469 Romano-

479 1521 599 1558 rum
629 1503 922 1576 profugmn
951 1519 1016 1559 ac
1082 1506 1437 1576 magaritam,
1473 1506 1682 1561 diceret
1717 1523 1732 1562 :
1777 1505 1952 1573 Vides,
1985 1508 2072 1561 in-

475 1598 697 1664 qaiens,
727 1596 1011 1664 Cresarem,
1039 1614 1068 1652 ο
1091 1597 1308 1662 Cosma,
1337 1614 1497 1667 quam
1532 1601 1716 1652 audax
1735 1599 1805 1653 ad
1839 1615 2071 1670 pugnam

478 1695 601 1752 alet,
635 1698 684 1742 et
711 1700 898 1742 contra
935 1698 1142 1742 tantam
1192 1690 1588 1745 multitudinem
1637 1691 1784 1744 solus
1817 1693 2069 1755 decertet,

475 1789 528 1833 et
555 1780 693 1833 velut
720 1782 869 1833 incus
889 1781 1078 1850 jar-uta
1107 1790 1296 1834 renuat
1320 1783 1345 1837 7
1371 1797 1435 1835 ex
1492 1783 1676 1838 rubris
1707 1783 1852 1837 enim
1892 1783 2071 1839 ocreis

2182 583 2472 641 Persidem
2511 584 2720 637 adeunt
2754 581 2809 636 in
2855 580 3136 652 regionem
3177 578 3471 649 Adrahigae
3498 595 3606 634 una
3639 594 3767 634 cum

2182 685 2416 748 praetore
2450 690 2552 731 suo
2578 672 2814 738 Zihebil,
2848 672 2941 742 qui
2964 671 3231 741 dignitate
3263 671 3540 727 secundus
3567 687 3596 726 a
3634 671 3774 725 cha-

2181 782 2357 838 gano;
2417 773 2472 821 et
2518 767 2573 820 in
2614 779 2957 835 qmecunque
3021 764 3144 818 loco
3204 762 3596 834 peragrabant,
3652 771 3768 816 tam

2181 860 2378 915 Persas
2399 857 2881 930 deprehendebant
2908 872 3074 928 quam
3107 855 3362 912 civitates
3385 865 3439 910 et
3472 855 3629 910 villas
3656 855 3772 921 igni

2179 953 2491 1010 tradebant.
2524 951 2817 1007 Profectus
2876 965 3007 1004 vero
3038 950 3336 1019 imperator
3367 962 3396 1002 a
3443 947 3646 1002 Lazica
3681 947 3771 1001 his

2181 1047 2446 1102 occurrit.
2483 1042 2698 1100 Zihebil
2723 1051 2905 1098 autem
2953 1042 3061 1097 hoc
3108 1041 3228 1096 viso
3257 1039 3574 1095 accclerans
3613 1054 3773 1094 com-

2179 1137 2440 1208 plectitur
2463 1137 2666 1192 collum
2698 1135 2821 1205 ejus
2848 1141 2902 1188 et
2935 1133 3130 1187 adorat
3163 1147 3312 1197 eum,
3361 1131 3544 1186 Persis
3567 1131 3772 1186 civita-

2181 1230 2252 1286 tis
2277 1227 2676 1301 aspicientibus
2711 1244 2726 1282 :
2763 1227 3064 1282 universus
3099 1233 3280 1280 autem
3313 1223 3620 1280 Turcorum
3655 1241 3774 1295 po-

2179 1325 2344 1396 pulus
2371 1324 2428 1380 in
2464 1334 2669 1379 terram
2720 1320 3012 1383 cadentes,
3045 1333 3110 1374 ac
3159 1317 3322 1389 proni
3375 1334 3542 1388 super
3566 1319 3772 1374 faciem

2179 1417 2407 1482 extenti,
2441 1416 2831 1486 imperatorem
2852 1413 3128 1466 honorant
3152 1411 3365 1466 honore
3394 1411 3486 1480 qui
3518 1419 3602 1466 est
3625 1411 3771 1481 apud

2180 1508 2416 1580 gentiles
2443 1513 2762 1563 extraneus.
2803 1500 3078 1558 Similiter
3126 1500 3406 1572 principes
3437 1514 3626 1554 eorum
3671 1513 3766 1555 su-

2180 1618 2279 1675 pra
2305 1596 3122 1669 saxajconseendentesfeodem
3147 1594 3427 1651 schemate
3455 1594 3787 1663 procidunt.

2179 1696 2590 1753 Obtnlitautem
2613 1691 2827 1746 Zihcbil
2849 1689 3163 1760 imperatori
3203 1689 3365 1744 etiam
3408 1687 3578 1741 filium
3609 1701 3772 1742 suum

2183 1790 2607 1860 primogenitum
2635 1827 2651 1852 ,
2716 1784 2885 1855 hujus
2929 1783 3283 1839 sermonibus
3330 1781 3664 1844 delectatus,
3714 1789 3773 1833 et

480 1875 912 1942 agnoscebatur,
967 1875 1283 1945 multasque
1330 1874 1635 1945 imperator
1670 1877 1880 1947 plagas,
1944 1877 2300 1951 licetBejus
2346 1890 2459 1935 tam
2521 1881 2737 1934 vultum
2799 1891 2963 1946 quam
3024 1874 3375 1946 prudentiam
3443 1873 3770 1928 admiratus.

479 1970 682 2022 nullam
725 1969 780 2023 in
819 1970 922 2024 hoc
975 1970 1166 2039 prmlio
1221 1971 1611 2037 periculosam,
1659 1971 1894 2042 accepit.
1936 1971 2074 2026 Tota

479 2075 613 2115 vero
645 2060 734 2115 die
763 2075 890 2115 cum
945 2062 1001 2114 in
1037 2061 1142 2117 hoc
1198 2063 1341 2117 bello
1375 2071 1738 2132 pugnassent,
1776 2063 2079 2120 accedente

481 2164 712 2220 vespera
745 2151 814 2204 ab
847 2151 1082 2205 invicem
1113 2154 1354 2223 separati
1385 2161 1537 2210 sunt.
1557 2153 1625 2208 Et
1655 2153 1933 2210 Sarbarus
1948 2156 2077 2226 qui-

477 2241 602 2296 dem
639 2242 839 2298 timens
872 2258 970 2313 per
994 2252 1214 2302 noctem
1246 2258 1398 2301 retro
1459 2263 1718 2304 reversus
1752 2256 1858 2314 est,
1900 2249 2081 2319 impe-

483 2340 637 2388 rator
673 2344 855 2388 autem
893 2337 1098 2415 populo
1122 2352 1226 2392 suo
1257 2347 1590 2394 cuacervato
1628 2341 1695 2395 ad
1723 2342 1919 2397 urbem
1949 2355 2080 2413 pro-

477 2427 692 2493 peravit
717 2425 1049 2494 Sebastiam,
1074 2437 1130 2486 et
1161 2445 1285 2485 cum
1307 2433 1444 2504 Alyn
1481 2433 1711 2489 fluvium
1739 2443 2080 2492 transmeas-

479 2523 586 2583 set,
650 2518 702 2573 in
740 2519 844 2573 hoc
874 2517 1076 2589 gaudlo
1117 2524 1289 2579 totius
1325 2526 1525 2582 hiemis
1553 2535 1800 2598 tempore
1832 2543 2082 2584 commo-

484 2618 639 2666 ratus
686 2618 793 2664 est.
853 2609 1031 2669 Porro
1080 2613 1358 2672 Chosroes
1396 2616 1585 2675 furens
1645 2618 1815 2686 misit,
1850 2629 1906 2674 et
1957 2620 2082 2675 tulit

481 2700 777 2757 thesauros
812 2715 1141 2760 cunctarum
1170 2708 1534 2764 ecclesiarum
1559 2710 1799 2781 regionis
1822 2726 1944 2781 quae
1977 2712 2082 2767 sub

477 2793 668 2848 Persis
702 2803 789 2850 est
846 2799 1174 2865 constituta,
1210 2810 1265 2854 et
1297 2802 1529 2871 cogebat
1579 2801 1932 2859 Christianos
1972 2802 2082 2859 Ne-

479 2886 639 2938 storii
675 2886 791 2941 ﬂeri
825 2897 1132 2946 sectatores
1163 2890 1229 2945 ad
1269 2893 1756 2963 perstringendum
1788 2894 1907 2951 sive
1958 2909 2083 2964 per-

481 2978 794 3034 eellendum
839 2980 1255 3052 imperatorem.

552 3070 716 3124 Anno
742 3073 957 3141 imperii
995 3073 1234 3131 Heraclii
1266 3077 1332 3131 l6
1366 3076 1644 3133 Chosroes
1667 3078 1963 3134 Persarum
1984 3094 2081 3134 rex

478 3177 680 3216 novam
713 3163 842 3218 fecit
869 3166 1146 3232 militiam,
1169 3168 1418 3239 praelium
1448 3169 1713 3234 initurus,
1755 3169 2083 3240 peregrinos

483 3269 548 3308 ac
583 3255 734 3309 cives
768 3264 821 3311 ct
845 3272 1035 3315 servos
1075 3275 1143 3314 ex
1175 3260 1325 3315 omni
1360 3260 1584 3316 natione
1611 3261 1757 3316 facta
1809 3263 2078 3320 electione

481 3361 858 3417 coacervatis;
892 3365 1001 3420 qua
1059 3351 1329 3408 electione
1380 3351 1515 3408 Sain
1563 3351 1770 3410 tradita
1826 3356 2074 3425 praetori,

481 3436 589 3488 alia
624 3436 694 3490 50
749 3439 925 3494 millia
968 3455 1034 3495 ex
1073 3441 1351 3514 phalange
1385 3441 1612 3499 Sarbari
1651 3445 1828 3501 electa
1870 3446 2074 3503 tollens

481 3529 616 3585 huic
638 3531 896 3598 sociavit,
939 3535 1358 3606 nominavitque
1387 3535 1513 3592 illos
1545 3552 1746 3594 aureos
1799 3539 2076 3606 camulos,

477 3624 654 3680 ethos
691 3625 960 3683 adversus
1015 3629 1407 3700 imperatorem
1441 3629 1664 3687 direxit.
1703 3632 1878 3687 Porro
1942 3630 2076 3686 Sar-

479 3719 678 3773 harum
708 3735 832 3774 cum
865 3721 1078 3792 reliquo
1100 3725 1348 3779 ex'ercitu
1368 3741 1472 3780 suo
1507 3734 1699 3781 contra
1745 3724 2074 3802 Constanti-

475 3809 722 3878 nopolim
781 3811 949 3879 misit,
991 3823 1266 3882 quatenus
1329 3818 1584 3883 Hunnos,
1643 3818 1738 3887 qui
1775 3828 1965 3875 essent
2018 3821 2073 3875 in

483 3901 806 3966 Occidente,
832 3919 974 3974 quos
1007 3907 1215 3963 Avares
1243 3917 1465 3985 vocant,
1497 3924 1626 3964 cum
1650 3908 1986 3982 Vulgaribus
2022 3921 2078 3968 et

484 3993 698 4050 Sclavis
725 4004 892 4067 atque
917 3997 1220 4067 Gipedibns
1252 4002 1549 4056 concordia
1593 4003 1855 4070 sociaret,
1885 4005 2077 4074 sicque

484 4089 749 4144 adversus
789 4090 978 4147 urbem
1009 4101 1405 4163 preperarent,
1445 4102 1502 4149 et
1535 4095 1680 4150 hanc
1738 4097 2078 4152 unanimiter

483 4182 826 4238 obsiderent.
861 4183 999 4240 Cum
1045 4198 1230 4240 autem
1284 4188 1386 4243 hoc
1415 4187 1705 4244 didicisset
1745 4189 2074 4260 imperator,

481 4277 783 4330 exercitum
815 4277 1206 4347 suum‘triplici
1241 4286 1394 4348 parte
1417 4279 1654 4334 divisum
1678 4280 1990 4336 transmisit
2007 4281 2075 4335 ad

480 4369 907 4425 custodiendum
953 4370 1168 4438 urbem,
1217 4369 1552 4444 quibusdam
1612 4379 1796 4428 autem
1850 4373 2076 4431 traditis

481 4462 777 4518 Theodoro
808 4461 965 4518 fratri
1007 4479 1110 4520 suo
1143 4472 1340 4520 contra
1371 4464 1501 4520 Sain
1537 4465 1747 4522 bellare
1771 4469 2072 4539 praecepit;

481 4553 769 4610 humiliori
823 4572 952 4612 vero
985 4565 1142 4626 parte
1172 4558 1291 4628 ipse
1321 4565 1552 4628 accepta
1581 4558 1638 4613 in
1666 4557 1922 4615 Lazicam
1949 4575 2078 4631 pro-

485 4658 657 4718 perat,
712 4657 768 4704 et
811 4650 867 4705 in
923 4652 1040 4720 ipsa
1071 4653 1278 4723 degens
1309 4652 1522 4710 Turcos
1553 4654 1622 4708 ab
1654 4652 1899 4720 Oriente,
1935 4671 2077 4726 quos

481 4743 766 4799 Chazaros
825 4754 1174 4815 nuncupant,
1233 4747 1288 4804 in
1319 4747 1586 4802 auxilium
1646 4748 1908 4804 advocat.
1938 4749 2077 4805 Sain

461 4842 619 4891 vero
642 4853 752 4899 una
775 4853 898 4895 cum
929 4839 1144 4894 noviter
1167 4839 1347 4896 electo
1377 4841 1628 4897 exercitu
1655 4842 1988 4913 perveniens
2012 4842 2080 4898 ad

486 4930 714 4985 fratrem
743 4931 1094 5000 imperatoris
1115 4932 1474 4989 Theodorum
1500 4933 1568 4988 ad
1586 4934 1792 4992 bellum
1819 4939 2076 4994 armavit.

486 5023 598 5081 Deo
622 5033 806 5080 autem
836 5041 934 5096 per
959 5026 1389 5083 intercessiones
1412 5043 1631 5100 semper
1653 5030 1954 5088 laudabilis
1981 5031 2080 5088 Dei

487 5118 796 5178 Genitricis
827 5121 1159 5192 opitulante,
1190 5121 1334 5177 bello
1364 5126 1690 5192 commisso,
1727 5128 1938 5197 grando
1980 5127 2084 5182 mi-

484 5213 740 5270 rabiliter
799 5223 995 5269 contra
1021 5214 1298 5270 barbaros
1331 5214 1531 5270 cecidit
1575 5231 1881 5290 eorumque
1916 5219 2086 5290 pluri-

487 5323 609 5364 mos
643 5307 901 5378 perculit.
934 5307 1004 5362 At
1037 5322 1169 5364 vero
1200 5308 1347 5365 acies
1374 5309 1754 5365 Romanorum
1804 5312 2083 5384 tranquil-

487 5401 642 5457 litate
693 5400 868 5471 potita
927 5410 1034 5458 est.
1075 5397 1306 5458 Vertunt
1364 5409 1545 5458 autem
1576 5401 1814 5458 Romani
1856 5403 2080 5472 Persas,

487 5501 544 5550 et
583 5492 928 5548 interficiunt
961 5493 1377 5551 multitudinem
1415 5496 1724 5564 copiosam.
1760 5493 1876 5551 Hoc
1932 5510 2086 5550 com-

489 5592 648 5657 perto
695 5585 974 5643 Chosroes
1018 5585 1280 5643 irascitur
1305 5595 1499 5644 contra
1533 5585 1688 5655 Sain,
1722 5587 1818 5659 qui
1849 5604 1914 5644 ex
1948 5589 2086 5643 mul-

493 5688 550 5734 to
605 5679 778 5734 animi
837 5679 1055 5736 defectu
1118 5681 1174 5735 in
1231 5679 1553 5750 languorem
1609 5680 1861 5738 incidens
1907 5683 2084 5738 morio

494 5775 623 5834 tur;
656 5769 818 5839 cujus
861 5771 1246 5843 eorpusjussu
1292 5773 1560 5830 Chosrois
1593 5774 1818 5830 salitum
1861 5776 1930 5831 ad
1957 5791 2080 5833 eum

495 5862 739 5917 delatum
775 5870 891 5931 est;
953 5879 1116 5934 quem
1161 5865 1252 5953 ille
1287 5875 1562 5920 mortuum
1601 5867 1787 5923 multis
1828 5868 2085 5926 submisit

2179 1972 2489 2043 Electisque
2523 1970 2744 2027 Zihcbil
2774 1969 3145 2040 quadraginta
3208 1966 3456 2020 millibus
3510 1966 3770 2019 virorum

2181 2065 2406 2120 fortium
2429 2065 2580 2120 dedit
2603 2078 2664 2118 ea
2696 2063 2750 2116 in
2770 2061 3035 2115 auxilium
3070 2057 3411 2129 imperatori.
3444 2054 3616 2112 Porro
3648 2057 3772 2124 ipso

2179 2175 2434 2216 reversus
2469 2169 2557 2214 est
2589 2157 2644 2211 in
2706 2156 2986 2227 regionem
3021 2169 3203 2210 suam.
3249 2153 3348 2209 [iis
3383 2160 3565 2208 autem
3604 2167 3772 2207 acceo

2183 2251 2292 2322 ptis
2342 2251 2647 2321 imperator
2698 2255 2894 2302 contra
2924 2245 3207 2301 Chosroen
3235 2245 3506 2316 procedit.
3539 2245 3608 2298 At
3639 2259 3772 2299 vero

2184 2343 2464 2399 Sarbarus
2509 2340 2916 2396 Chalcedonem
2972 2354 3304 2409 properans,
3361 2340 3681 2406 Avaresqne
3742 2353 3774 2392 a

2183 2436 2398 2492 Thrace
2435 2436 2560 2491 urbi
2616 2434 3078 2506 propinquantes,
3111 2432 3256 2499 hanc
3305 2430 3629 2502 depopulari
3667 2445 3770 2484 vo-

2181 2530 2328 2593 iunt,
2364 2537 2418 2582 et
2441 2525 2630 2580 multis
2654 2525 2930 2579 machinis
2954 2523 3226 2579 adversus
3279 2535 3399 2576 eam
3448 2521 3775 2588 commotis,

2183 2629 2238 2678 et
2271 2620 2493 2675 navium
2521 2617 2865 2687 sculptarum
2906 2632 2969 2671 ex
3006 2613 3149 2671 ISIro
3177 2613 3529 2669 multitudine
3560 2612 3774 2669 infinita

2185 2728 2280 2767 seu
2309 2709 2699 2767 innumerabili
2734 2709 2939 2774 delata,
2975 2709 3161 2764 sinum
3193 2721 3366 2761 cornu
3401 2708 3767 2776 repleverunt.

2186 2805 2383 2862 Decem
2423 2819 2556 2860 sane
2600 2803 2796 2858 diebus
2835 2801 3030 2857 urbem
3073 2799 3421 2865 obsidentes,
3455 2799 3774 2870 bellumque

2183 2910 2330 2956 terra
2351 2900 2598 2968 marique
2629 2904 2903 2967 gerentes,
2932 2892 3026 2948 Dei
3059 2893 3262 2948 virtute
3299 2893 3503 2962 pariter
3563 2900 3620 2946 et
3677 2907 3775 2947 co-

2186 2995 2529 3063 operatione,
2581 3005 2680 3045 nec
2710 3005 2818 3044 non
2853 2997 2908 3044 et
2959 2987 3300 3042 intemeratae
3342 2983 3437 3040 Dei
3489 2983 3678 3040 Matris
3717 2994 3776 3040 et

2188 3084 2428 3154 Virginis
2466 3081 2962 3137 intercessionibus
3013 3079 3264 3148 superati
3301 3086 3452 3149 sunt.
3509 3078 3657 3144 Quin
3718 3090 3774 3134 et

2187 3177 2540 3233 multitudine
2579 3176 2802 3246 copiosa
2834 3189 3063 3228 suorum
3101 3182 3210 3226 tam
3246 3173 3300 3226 in
3341 3180 3488 3235 terra
3520 3187 3686 3241 quam
3718 3173 3775 3227 in

2187 3270 2327 3326 mari
2347 3269 2622 3340 deposita,
2657 3283 2782 3323 cum
2812 3267 3023 3337 ingenti
3050 3264 3382 3321 confusione
3425 3264 3491 3318 ad
3516 3263 3636 3319 loca
3671 3279 3774 3320 sua

2190 3362 2401 3418 reversi
2422 3368 2569 3417 sunt.
2601 3359 2776 3416 Porro
2801 3357 3076 3417 Sarbarus
3090 3356 3494 3414 Chalcedonem
3511 3356 3776 3413 obsidens

2186 3471 2297 3512 non
2322 3455 2636 3525 emigravit,
2665 3454 2763 3510 sed
2794 3451 2998 3509 ibidem
3015 3451 3304 3513 hiemavit,
3339 3457 3452 3504 tam
3499 3449 3779 3507 incursio-

2186 3565 2286 3607 nes
2315 3564 2483 3618 agens
2506 3561 2782 3618 quamque
2803 3544 3133 3616 deprmdans
3159 3543 3463 3598 conﬂnales
3483 3553 3689 3622 partes,
3722 3554 3779 3599 et

2184 3644 2436 3699 civitates
2475 3643 2601 3713 igne
2623 3641 2956 3711 disperdens

2255 3733 2414 3786 Anno
2431 3730 2648 3801 imperii
2675 3730 2760 3785 sui
2787 3729 2854 3783 17
2871 3726 3154 3784 Heraclitus
3176 3745 3204 3783 a
3225 3742 3414 3784 mense
3430 3726 3778 3798 Septembrio

2181 3824 2468 3894 ingressus
2486 3821 2759 3879 Persidem
2779 3835 2888 3875 una
2906 3834 3031 3874 cum
3049 3819 3246 3876 Turcis
3263 3820 3544 3891 inopinate
3560 3830 3780 3890 propter

2182 3917 2420 3972 hiemem
2464 3917 2518 3970 in
2557 3914 2818 3970 ecstasim
2849 3912 3002 3967 misit
3031 3912 3314 3969 Chosroen
3336 3954 3350 3978 ,
3392 3928 3516 3968 cum
3549 3911 3656 3968 hoc
3688 3911 3780 3967 di-

2181 4009 2432 4064 dicisset.
2464 4008 2534 4062 At
2559 4022 2689 4063 vero
2721 4005 2890 4060 Turci
2918 4014 3031 4060 tam
3062 4005 3243 4062 hieme
3279 4020 3443 4076 quam
3472 4005 3777 4075 frequenti-

2181 4099 2287 4156 bus
2316 4099 2606 4155 Persarum
2626 4096 2950 4152 incursibus
2969 4094 3376 4164 contemplatis,
3400 4109 3508 4148 non
3539 4094 3778 4150 ferentes

2181 4192 2389 4265 pariter
2417 4205 2542 4246 cum
2579 4190 2939 4264 imperatore,
2983 4188 3242 4242 laborare
3272 4195 3561 4256 coeperunt
3591 4187 3780 4257 paula-

2181 4283 2394 4353 timque
2419 4280 2693 4346 dilﬂuere,
2724 4287 2780 4335 et
2808 4291 3002 4334 omnes
3031 4291 3096 4333 eo
3124 4277 3355 4333 dimisso
3386 4277 3591 4332 reversi
3621 4285 3776 4332 sunt.

2181 4374 2282 4429 Ast
2311 4374 2614 4445 imperator
2649 4372 2926 4427 allocutus
2957 4379 3044 4425 est
3071 4370 3335 4440 populum
3363 4384 3524 4424 suum
3549 4369 3777 4424 dicens:

2183 4465 2402 4532 Scitote,
2439 4465 2658 4535 fratres,
2681 4464 2809 4535 quia
2841 4478 2995 4518 nemo
3032 4462 3186 4516 nobis
3229 4465 3341 4517 vult
3379 4460 3640 4515 auxiliari
3673 4462 3779 4516 nisi

2183 4559 2330 4615 solus
2356 4559 2514 4622 Deus,
2553 4567 2604 4612 et
2649 4573 2766 4628 quae
2795 4559 2934 4610 hunc
2965 4557 3164 4627 peperit
3200 4556 3316 4610 sine
3350 4555 3548 4610 semine
3577 4553 3775 4619 Mater,

2185 4661 2243 4707 ut
2267 4651 2506 4706 ostendat
2533 4651 2824 4719 potentiam
2855 4666 3029 4716 suam,
3055 4649 3309 4719 quoniam
3327 4665 3430 4704 non
3455 4650 3509 4703 in
3537 4648 3780 4702 multitu-

2184 4745 2656 4816 dine,populorum
2695 4759 2786 4798 seu
2828 4759 3103 4797 armorum
3141 4750 3222 4796 est
3251 4742 3421 4805 salus,
3465 4743 3554 4796 sed
3595 4743 3650 4794 in
3687 4757 3777 4796 eos

2183 4838 2275 4909 qni
2290 4848 2503 4906 sperant
2529 4852 2685 4907 super
2709 4834 3084 4890 misericordia
3095 4834 3233 4905 ejus,
3253 4837 3421 4889 mittit
3440 4835 3779 4905 adjutoriurn

2184 4949 2362 4988 suum.
2395 4933 2464 4986 At
2495 4945 2626 4986 vero
2650 4931 2924 4985 Chosroes
2949 4930 3294 4985 coacervatis
3318 4929 3537 4984 cunctis
3561 4929 3779 4985 militiis

2185 5028 2304 5084 suis
2362 5034 2650 5097 pnetorem
2708 5023 2964 5093 provehit
3030 5038 3198 5093 super
3239 5023 3363 5078 illas
3411 5021 3776 5089 Rhazantem,

2185 5119 2365 5174 virum
2415 5115 2936 5173 bellicossissimum
2983 5129 3048 5170 ac
3089 5113 3491 5178 fortissimum,
3535 5122 3589 5168 et
3631 5114 3776 5170 hunc

2186 5212 2452 5266 adversus
2481 5208 2795 5265 Heracliam
2827 5209 3090 5263 destinat.
3111 5207 3180 5261 At
3199 5208 3498 5278 imperator
3525 5208 3777 5263 civitates

2185 5301 2432 5360 Persidis
2470 5311 2634 5373 atque
2665 5300 2890 5357 castella
2919 5300 3036 5372 igni
3078 5299 3325 5365 tradidit,
3365 5309 3420 5355 et
3450 5300 3777 5357 accedentes

2186 5399 2384 5455 Persas
2429 5398 2746 5467 rhomphaea
2797 5395 3112 5451 consumit.
3167 5392 3410 5464 Septima
3468 5408 3598 5448 vero
3639 5393 3773 5448 ldus

2184 5492 2443 5550 Octobris
2475 5489 2722 5564 pervenit
2740 5491 2796 5545 in
2837 5489 3115 5560 regionem
3131 5486 3476 5554 Chamaitha,
3494 5494 3550 5540 et
3565 5487 3781 5542 refecit-

2189 5587 2323 5642 lavit
2349 5585 2610 5657 populum
2642 5599 2742 5654 per
2771 5583 3040 5653 integram
3070 5578 3778 5636 hebdomadam.Rbazates

2187 5689 2371 5736 autem
2416 5680 2639 5735 veniens
2669 5675 3025 5732 Ganzachum
3059 5683 3184 5746 post
3230 5690 3355 5729 eum
3400 5672 3576 5730 lactus
3610 5681 3694 5728 est
3723 5682 3779 5726 ct

2189 5784 2436 5838 secutus,
2475 5772 2742 5828 Romanis
2773 5777 2902 5828 ante
2935 5769 3289 5842 pergentibus
3317 5775 3374 5824 et
3402 5766 3778 5822 consumami-

2191 5869 2295 5924 bus
2330 5879 2505 5923 escas.
2546 5864 2664 5936 Ipse
2697 5879 2829 5921 vero
2862 5871 2982 5935 post
3014 5869 3248 5934 tergum,
3289 5870 3348 5918 ut
3380 5858 3534 5916 canis
3572 5859 3770 5915 famem
