4088 6452
459 382 598 451 1309

1272 399 1642 461 HISTORIA
1676 401 2258 468 ECCLESIASTICA
2299 411 2402 470 ΕΧ
2435 412 2916 476 ΤΗΕΟΡΗΑΝΕ.

3597 417 3736 489 1310

455 504 688 568 patiens,
723 504 810 556 vix
845 504 912 558 de
961 505 1117 561 micis
1155 523 1344 562 eorum
1382 513 1766 579 nutriebatur;
1817 523 1871 570 et
1911 532 2035 569 cum
2064 519 2116 578 Α
2143 536 2260 576 rum
2301 522 2618 592 Persarum,
2653 543 2716 583 ac
2747 537 2940 583 octava
2973 527 3104 588 [mra
3135 530 3313 585 ιιοοιίς
3342 531 3475 584 muti
3505 533 3736 600 ναρρατ...

457 606 563 646 non
596 591 864 649 inveniret
887 609 1158 667 sumptus,
1186 600 1356 657 multa
1383 619 1446 657 ex
1464 605 1837 660 animantibus
1863 607 2038 675 ipsius

457 693 778 755 consumpta
806 699 954 742 sunt.
977 687 1236 748 Kalendis
1265 702 1443 749 autem
1477 694 1868 754 Decembribus
1893 701 2039 754 venit

452 776 752 847 imperator
780 779 846 834 ad
882 778 1108 838 ﬂuvium
1142 801 1398 856 magnum
1430 786 1635 850 Zaban,
1657 797 1708 843 et
1735 806 1858 844 cum
1892 791 2038 848 hunc

449 871 780 940 transiisset,
807 887 990 930 castra
1030 887 1271 935 metatus
1304 889 1388 937 est
1421 881 1578 951 juxta
1615 881 1814 939 Ninive
1844 885 2038 939 civita-

449 974 580 1020 tem.
608 963 774 1023 Venit
820 978 999 1024 autem
1039 969 1318 1029 Rhazates
1360 990 1527 1046 penes
1567 977 1766 1030 vadum
1812 988 2037 1034 secutus

446 1074 595 1122 eum,
631 1071 684 1116 et
717 1077 841 1118 cum
874 1063 1254 1122 descendisset
1298 1069 1474 1124 tribus
1507 1072 1807 1137 milliariis,
1833 1073 2036 1143 reperit

447 1153 595 1208 aliud
648 1156 849 1210 vadum
899 1164 956 1213 et
1013 1161 1292 1215 transivit.
1346 1161 1446 1218 Ast
1511 1165 1810 1234 imperator
1863 1167 2034 1223 misso

446 1243 654 1300 Bahani
694 1247 957 1317 magistro
991 1251 1226 1308 militum
1262 1269 1387 1308 cum
1423 1257 1619 1324 paucis
1653 1257 1844 1312 eleCtis
1885 1258 2032 1312 mili-

445 1337 616 1402 tibus,
648 1339 858 1404 invenit
887 1342 1128 1398 bandum
1154 1343 1472 1414 Persarum,
1496 1357 1689 1403 etcum
1705 1348 1824 1419 ejus
1855 1351 2033 1405 comi-

446 1439 553 1486 tem
589 1434 905 1500 occidisset,
943 1435 1139 1491 detulit
1170 1447 1336 1509 caput
1364 1440 1486 1509 ejus
1527 1450 1582 1495 et
1609 1451 1776 1496 totam
1807 1457 2028 1498 auream

443 1524 695 1594 spatham
729 1528 926 1596 ipsius,
947 1530 1342 1601 nonnullisque
1369 1535 1668 1604 peremptis
1702 1536 1853 1590 vivos
1874 1535 2031 1591 duxit

443 1619 511 1674 ad
562 1621 952 1691 imperatorem
989 1639 1084 1680 sex
1122 1638 1175 1681 et
1218 1627 1430 1695 viginti.
1470 1628 1525 1683 In
1576 1629 1777 1698 quibus
1808 1640 1927 1684 erat
1977 1639 2032 1686 et

439 1713 754 1781 Spatharius
809 1713 1063 1784 Rhazati,
1123 1719 1216 1788 qui
1275 1728 1328 1774 et
1383 1721 1656 1776 nuntiavit
1709 1723 2028 1793 imperatori

438 1805 587 1874 quod
638 1822 883 1880 pugnare
928 1821 1120 1866 contra
1166 1828 1290 1867 eum
1335 1811 1611 1870 Rhazates
1650 1815 1839 1880 vellet,
1885 1815 1965 1871 sic
1996 1830 2026 1870 a

2141 624 2340 671 verunt
2375 618 2440 673 ad
2486 628 2667 674 castra
2699 636 2799 677 sua
2827 663 2842 687 ,
2882 631 2938 676 et
2971 621 3056 677 his
3090 623 3329 691 acceptis
3367 623 3639 690 abierunt,
3679 633 3734 679 et

2141 719 2321 762 castra
2352 714 2537 767 mctati
2569 722 2700 769 sunt
2729 713 2795 767 ad
2829 715 3022 784 pedem
3055 717 3257 770 montis
3280 715 3456 786 asperi
3485 722 3728 770 metuen-

2141 809 2242 857 tes.
2287 803 2485 861 Multas
2515 817 2778 873 praeterea
2813 809 3039 878 spathas
3073 824 3208 863 auro
3235 811 3638 865 circumclusas
3668 816 3726 865 et

2140 910 2308 951 zonas
2335 913 2530 954 aureas
2562 914 2686 954 cum
2709 903 2941 972 gemmis
2963 911 3016 957 et
3046 911 3262 958 scutum
3291 903 3520 958 Rhazati
3551 910 3724 958 totum

2139 1002 2273 1041 auro
2305 1005 2618 1058 reSpersum
2667 1006 3020 1063 acceperunt,
3058 996 3265 1050 habens
3297 997 3471 1066 petala
3501 1004 3722 1050 centum

2139 1079 2352 1150 viginti.
2406 1091 2461 1136 et
2519 1083 2746 1138 loricam
2803 1086 2976 1154 ipsius
3021 1102 3088 1141 ex
3132 1103 3266 1142 auro
3304 1097 3639 1152 contextam,
3673 1095 3728 1142 et

2138 1176 2522 1245 scaramaggin
2569 1177 2689 1247 ejus
2741 1177 3058 1234 detulerunt
3104 1195 3229 1234 cum
3290 1181 3470 1252 capite
3526 1180 3721 1250 ipsius,

2136 1275 2302 1336 atque
2346 1266 2616 1323 dextralia
2666 1269 2800 1340 (ὃῖ),
2834 1277 2889 1326 et
2919 1272 3105 1326 sellam
3145 1280 3315 1327 totam
3360 1290 3426 1328 ex
3470 1288 3606 1328 auro
3647 1271 3730 1326 [a-

2137 1359 2462 1414 brel‘actant.
2521 1362 2693 1417 Porro
2760 1373 2944 1419 tentus
3014 1375 3100 1420 est
3153 1367 3303 1420 vivus
3363 1365 3725 1421 Barzamuses

2135 1451 2392 1522 princeps
2439 1451 2768 1510 [liberorum
2821 1455 2928 1510 sub
2960 1454 3144 1510 Persis
3169 1457 3506 1526 degentium.
3549 1455 3726 1510 Nemo

2133 1553 2316 1597 autem
2342 1544 2535 1599 recolit
2565 1545 2886 1615 hujusmodi
2935 1548 3138 1603 bellum
3172 1549 3314 1602 inter
3356 1545 3634 1601 Ennianos
3671 1555 3725 1600 et

2132 1635 2356 1702 Persas,
2393 1638 2537 1706 quod
2575 1638 2832 1694 videlicet
2861 1655 2958 1708 per
2987 1648 3160 1694 totum
3186 1640 3330 1694 diem
3374 1638 3564 1693 habuit
3607 1648 3726 1693 sta-

2133 1735 2268 1792 tum,
2305 1728 2665 1799 viceruntque
2709 1729 2966 1786 Romani.
3014 1731 3215 1786 Verum
3260 1730 3362 1785 hoc
3394 1729 3597 1785 factum
3639 1716 3747 1784 est

2133 1819 2250 1874 solo
2280 1819 2372 1875 Dei
2397 1820 2699 1891 juvamine.
2727 1823 3030 1892 Imperator
3053 1839 3183 1878 vero
3209 1837 3236 1878 a
3268 1838 3328 1878 se
3349 1822 3721 1880 confortatum

434 1898 680 1954 Chosroe
721 1900 932 1970 jussus,
983 1911 1037 1959 et
1067 1903 1174 1958 tria
1208 1904 1377 1958 millia
1423 1905 1476 1958 in
1511 1907 1774 1961 auxilium
1813 1916 2022 1964 armata
2062 1877 2105 1934 Β
2134 1911 2434 1966 exercitum
2472 1920 2665 1966 contra
2699 1913 2978 1968 Chosroen
3013 1913 3260 1967 minabat
3281 1914 3416 1982 (55),
3444 1923 3722 1981 quatenus

432 1989 654 2043 miserit
711 1990 783 2056 ei,
833 2008 956 2061 quae
1016 2005 1145 2050 tunc
1197 1995 1444 2050 nondum
1492 2005 1874 2065 pervenerant.
1927 1999 2025 2056 His

429 2082 729 2150 tempertis
780 2083 1080 2154 imperator
1113 2089 1378 2156 praemisit
1430 2090 1706 2144 sarcinam
1767 2100 1896 2146 ante
1939 2109 2020 2158 se,

429 2175 656 2253 ipseque
691 2175 1024 2233 subsecutus
1053 2188 1159 2243 est,
1198 2187 1449 2236 tractans
1489 2183 1727 2253 qualiter
1754 2184 2025 2240 inveniret

428 2252 614 2321 Iocum
650 2268 705 2322 in
737 2283 847 2338 quo
870 2285 1116 2340 pugnare
1153 2273 1398 2339 deberet,
1443 2274 1764 2344 priusquam
1795 2277 2024 2331 unireno

425 2366 518 2411 tur
549 2358 632 2414 eis
670 2359 760 2413 illa
805 2361 909 2416 tria
945 2362 1136 2417 millia.
1166 2361 1520 2435 Repertoque
1562 2381 1759 2436 campo
1789 2375 1918 2437 apto
1953 2369 2021 2424 ad

424 2451 698 2519 prtelium,
739 2452 1016 2509 allocutus
1056 2455 1315 2524 populum
1343 2456 1514 2512 aciem
1549 2457 1843 2514 ordinavit.
1873 2458 2021 2514 Rha-

423 2553 579 2599 zates
605 2560 734 2600 vero
757 2560 880 2601 cum
917 2548 1274 2616 pervenisset,
1311 2555 1367 2604 et
1396 2549 1514 2619 ipse
1544 2549 1794 2619 praelium
1830 2551 2020 2622 dirigit

420 2637 482 2693 in
511 2641 705 2694 cuneis
735 2640 934 2705 tribus,
973 2649 1026 2695 et
1055 2651 1251 2696 contra
1294 2642 1685 2712 imperatorem
1717 2645 2016 2714 processit.

419 2729 606 2784 Pridie
645 2745 779 2786 sane
824 2731 954 2788 ldus
982 2733 1298 2790 Decembris
1343 2743 1560 2806 gestum
1594 2736 1936 2804 estbellum,
1965 2747 2020 2794 et

421 2831 554 2878 ante
601 2837 795 2878 omnes
830 2825 1127 2894 prosiliens
1161 2827 1461 2896 imperator
1500 2828 1848 2899 principique
1887 2829 2021 2884 Per-

417 2930 607 2970 sarum
659 2931 979 2982 occurrens,
1019 2919 1205 2974 divina
1248 2919 1451 2975 virtute
1479 2920 1690 2991 Deique
1721 2919 2016 2977 Genitrieis

417 3007 788 3076 opitulatione
836 3011 983 3065 hunc
1021 3010 1244 3080 dejecit,
1284 3020 1339 3066 et
1385 3011 1480 3082 qui
1522 3026 1647 3067 cum
1689 3011 1819 3082 ipso
1856 3020 2015 3069 erant

415 3101 747 3157 exsilientes
768 3110 929 3157 antea
947 3101 1566 3175 fugerunt.Rursusque
1589 3105 1889 3176 imperator
1915 3107 2013 3164 alii

2130 1999 2278 2056 hunc
2339 2003 2658 2058 deterreret.
2720 2005 2889 2060 Porro
2942 2021 3040 2060 xttt
3097 2003 3367 2060 Kalendas
3425 2003 3723 2059 Ianuarias

2129 2101 2412 2162 comperto
2437 2094 2737 2163 imperator
2767 2094 2910 2164 quod
2953 2095 3190 2164 populus
3220 2091 3478 2154 Rhazati,
3519 2094 3614 2161 qtti
3651 2106 3717 2146 ex

2130 2183 2233 2237 hoc
2269 2183 2411 2238 bello
2440 2184 2634 2246 evasit,
2666 2186 2852 2238 unitus
2872 2185 3037 2240 fuerit
3065 2184 3239 2237 tribus
3271 2182 3513 2240 millibus
3537 2195 3658 2250 quae
3687 2194 3718 2232 a

2128 2276 2374 2332 Chosroc
2412 2277 2689 2332 destinata
2725 2278 2961 2340 fuerant,
3001 2284 3056 2330 et
3106 2286 3430 2345 sequeretur
3460 2282 3587 2344 post
3638 2288 3718 2338 se.

2126 2369 2483 2440 ceperintque
2527 2370 2745 2434 Ninive,
2798 2378 3145 2423 trausmeans
3201 2381 3458 2440 magnum
3509 2363 3717 2429 Zaban,

2128 2463 2298 2518 mittit
2343 2461 2637 2532 Georgium
2680 2460 3033 2516 turmarcheu
3061 2474 3187 2514 cum
3227 2458 3376 2512 mille
3425 2456 3718 2515 militibus.

2129 2572 2240 2627 quo
2295 2565 2545 2612 curreret
2578 2557 2643 2612 ad
2671 2556 3018 2611 retinendum
3051 2562 3246 2624 pontes
3274 2550 3503 2606 minoris
3533 2547 3718 2602 Zaban

2124 2647 2443 2717 priusquam
2486 2648 2537 2700 id
2590 2647 2870 2702 Chosroes
2905 2649 3288 2716 cognosceret.
3337 2641 3587 2711 Cumque
3618 2654 3716 2693 cu-

2123 2739 2392 2792 currisset
2448 2736 2720 2807 Georgius
2776 2745 2944 2790 noctu
3017 2735 3292 2790 milliariis
3341 2729 3715 2802 quadraginta

2121 2839 2267 2895 octo,
2301 2831 2477 2885 tenuit
2512 2840 2749 2900 quatuor
2785 2839 2980 2899 pentes
3029 2827 3260 2882 minoris
3295 2825 3478 2880 Zaban
3501 2866 3517 2889 ,
3550 2832 3604 2878 et
3633 2824 3719 2876 iu-

2122 2930 2311 2976 ventos
2343 2921 2397 2976 in
2430 2921 2671 2976 castellis
2698 2920 2894 2974 Persas
2919 2917 3178 2973 obtinuit.
3231 2917 3453 2972 Decimo
3475 2923 3707 2985 praeter.

2119 3028 2182 3068 ea
2228 3011 2593 3067 Kalendarum
2637 3011 3024 3069 Ianuariarum
3056 3012 3383 3082 perveniens
3417 3011 3716 3079 imperator

2121 3106 2187 3161 ad
2217 3115 2412 3176 pontes
2459 3103 2863 3170 transfretavit,
2896 3111 2950 3158 et
2979 3102 3198 3157 divertit
3229 3103 3283 3156 in
3323 3101 3515 3155 domos
3559 3100 3718 3155 Ilies-

415 3209 724 3256 occurrens
759 3203 814 3257 et
850 3195 998 3252 hunc
1027 3206 1250 3267 Quoque
1293 3199 1571 3268 deposuit.
1623 3199 1786 3254 lrruit
1829 3208 2014 3254 autem
2041 3215 2088 3274 ο
2123 3197 2270 3262 dem,
2319 3203 2385 3263 et,
2426 3195 2617 3250 reiecit
2656 3203 2764 3250 tam
2813 3194 3116 3249 exercitum
3160 3207 3324 3264 quam
3373 3190 3717 3255 animantia,

415 3285 688 3344 adversus
721 3303 847 3342 eum
872 3289 1040 3344 etiam
1072 3290 1295 3356 tertius,
1334 3292 1427 3360 qui
1474 3291 1626 3346 dedit
1653 3293 1705 3346 ei
1731 3307 1859 3348 cum
1894 3309 2014 3347 mu.

415 3392 590 3436 crone
613 3380 668 3434 in
695 3379 898 3436 iabium
935 3391 990 3437 et
1029 3382 1132 3438 hoc
1163 3383 1238 3437 illi
1282 3385 1494 3454 plagam
1527 3385 1742 3441 inﬂixit.
1782 3391 1882 3441 Ast
1912 3386 2014 3440 im-

413 3479 640 3538 perator
691 3482 748 3527 et
794 3473 942 3530 hunc
997 3476 1282 3530 exstinxit.
1319 3477 1386 3531 Et
1429 3478 1576 3532 tubis
1631 3478 2012 3547 clangentibus

414 3577 729 3634 congressae
761 3577 889 3622 sunt
921 3567 975 3622 in
1004 3569 1236 3624 invicem
1272 3579 1452 3640 partes
1485 3583 1750 3642 utraeque.
1775 3573 1840 3626 Et
1884 3587 2009 3630 cum

413 3673 598 3728 pugna
631 3658 810 3714 valida
849 3669 1152 3730 gereretur,
1197 3662 1352 3731 plaga
1394 3663 1716 3718 vulneratus
1745 3673 1826 3724 est
1856 3679 1885 3717 a
1915 3679 2010 3733 pe-

409 3750 625 3806 ditibus
676 3749 884 3805 Plialba
929 3752 1280 3820 imperatoris
1331 3769 1531 3822 equus,
1584 3754 1678 3823 qui
1717 3755 2010 3809 dicebatur

413 3843 651 3905 llorcon.
688 3843 741 3896 in
786 3841 992 3899 femore
1032 3843 1238 3899 lancea:
1283 3844 1394 3898 icttt
1445 3860 1764 3914 percussus.
1809 3845 2008 3903 Multas

405 3939 592 3993 autem
622 3939 678 3986 et
709 3935 1029 4000 spatltarum
1062 3932 1116 3986 in
1155 3933 1292 3988 facie
1357 3936 1745 4002 percussiones
1775 3935 2008 4005 accepit,

405 4023 510 4078 sed
562 4022 746 4078 ferens
805 4033 1022 4094 tegmen
1070 4041 1133 4080 ex
1199 4027 1380 4081 nervis
1429 4034 1744 4082 contextum
1795 4030 2008 4098 plagam

409 4115 751 4174 mortiferam
785 4131 895 4172 non
929 4119 1205 4173 sumebat.
1237 4117 1396 4173 Cadit
1429 4127 1612 4175 autem
1645 4120 1701 4175 in
1735 4119 1840 4175 hoc
1868 4121 2010 4176 bello

410 4205 688 4264 iiltazates
718 4219 772 4263 et
813 4217 928 4265 tres
959 4209 1292 4266 turmarchae
1317 4209 1613 4267 Persarum
1646 4221 1700 4267 et
1730 4213 2008 4282 principes

407 4301 528 4354 fere
569 4300 751 4354 cuncti
792 4308 958 4370 atque
998 4315 1128 4371 pars
1177 4301 1354 4370 major
1395 4302 1675 4358 exercitus
1733 4303 2004 4372 ipsorum.

405 4392 592 4448 Occisi
632 4401 813 4450 autem
855 4401 985 4450 sunt
1008 4394 1170 4450 etiam
1196 4392 1428 4449 Romani
1467 4409 1696 4449 numero
1723 4397 2001 4465 quinqua-

2121 3288 2362 3358 fecitque
2395 3285 2712 3342 Nativitatis
2757 3286 2962 3342 Christi
3016 3285 3366 3342 festivitatem
3420 3284 3474 3339 in
3523 3283 3715 3339 eodem

2117 3383 2259 3436 loco.
2300 3380 2592 3450 Comperto
2625 3394 2756 3434 vero
2787 3379 3063 3434 Chosroes
3105 3377 3252 3448 quod
3292 3375 3527 3432 Romani
3564 3385 3719 3434 tene-

2116 3481 2237 3528 rent
2283 3481 2477 3543 pontes
2513 3473 2743 3528 minoris
2794 3470 2976 3538 labar,
3014 3471 3163 3526 misit
3192 3470 3256 3524 ad
3309 3470 3586 3524 Persicum
3622 3487 3722 3541 po-

2121 3565 2332 3636 pulum,
2365 3564 2456 3619 cui
2489 3565 2760 3619 lthazates
2786 3571 3040 3634 pracrat,
3072 3572 3131 3616 ut
3160 3562 3362 3632 oppido
3391 3562 3717 3620 festinantes

2119 3657 2486 3730 praevenirent
2533 3657 2921 3726 imperatorem
2961 3663 3015 3711 et
3063 3655 3131 3710 ad
3168 3656 3346 3725 ipsum
3401 3665 3712 3726 pergerent.

2113 3750 2498 3804 Accelerantes
2535 3755 2717 3803 autem
2769 3747 2868 3810 illi,
2911 3760 2964 3802 et
2998 3756 3398 3803 transmeantes
3429 3748 3701 3804 minorem

2115 3840 2300 3896 Zaban
2327 3841 2382 3896 in
2411 3840 2536 3894 aliis
2553 3840 2711 3905 locis,
2731 3849 3115 3910 praevenerunt
3136 3841 3523 3910 imperatorem
3545 3848 3714 3912 atque

2117 3932 2402 4002 prteibant.
2459 3932 2710 4001 Cumque
2757 3931 3058 3999 imperator
3089 3931 3352 4002 palatium
3383 3929 3530 4001 quod
3557 3930 3713 3988 dice-

2115 4027 2278 4080 b.«.tur
2305 4022 2604 4078 Dezeridan
2635 4023 2893 4093 cepisset,
2930 4023 3034 4078 hoc
3068 4022 3342 4077 destruxit
3369 4031 3532 4093 atque
3557 4038 3714 4079 com-

2116 4118 2312 4174 bussit.
2346 4118 2414 4172 At
2446 4132 2574 4172 vero
2609 4114 2791 4172 Persa:
2817 4131 2942 4172 cum
2985 4125 3204 4186 pontem
3236 4115 3432 4170 Ternas
3458 4115 3707 4170 ﬂuminis

2115 4211 2566 4283 pertransissent,
2609 4209 2808 4268 ibidem
2839 4219 3022 4266 castra
3054 4209 3241 4262 metati
3273 4214 3423 4265 sunt.
3468 4207 3568 4262 Ast
3600 4207 3712 4262 im—

2105 4303 2335 4376 peratur
2377 4300 2778 4369 comprehenso
2825 4299 2932 4356 alio
2983 4297 3188 4367 palatio
3227 4295 3514 4362 Chosrois,
3561 4297 3709 4366 quod

2113 4394 2411 4448 vocabatur
2453 4392 2623 4457 Busa,
2669 4400 2723 4447 et
2775 4391 2880 4445 hoc
2929 4389 3217 4446 subvertit.
3251 4391 3520 4445 Caeterum
3554 4403 3712 4444 vere-

406 4487 582 4552 ginta,
641 4491 698 4542 et
752 4485 1023 4539 vulnerati
1077 4485 1351 4549 nonnulli,
1411 4499 1477 4540 ex
1535 4483 1737 4555 quibus
1794 4485 2006 4542 scilicet
2039 4517 2085 4576 ο
2115 4487 2277 4543 batur
2320 4483 2470 4555 quod
2502 4484 2557 4538 in
2599 4491 2766 4553 ponte
2796 4481 2994 4537 Tornae
3022 4481 3266 4536 ﬂuminis
3299 4483 3484 4538 hostes
3530 4480 3713 4536 forent

406 4575 614 4638 mortui
671 4585 802 4634 sunt
851 4574 1063 4631 decem.
1124 4573 1300 4630 Porro
1351 4575 1554 4630 bellum
1600 4585 1813 4646 gestuin
1845 4585 1931 4632 est
1975 4592 2006 4631 a

408 4687 574 4726 mane
617 4687 792 4741 usque
839 4669 903 4723 ad
958 4670 1148 4725 horam
1212 4684 1436 4724 nonam.
1479 4669 1753 4724 Tulerunt
1798 4669 2008 4726 interea

405 4759 643 4819 Romani
680 4764 858 4819 banda
894 4762 1189 4818 Persarum
1231 4761 1421 4833 viginti
1453 4770 1603 4827 octo,
1643 4763 1890 4832 exceptis
1919 4763 2006 4818 his

405 4867 533 4919 quae
561 4853 846 4906 confracta
881 4864 1029 4915 sunt,
1059 4859 1113 4909 et
1149 4851 1462 4919 dispoliatis
1507 4852 1742 4908 mortuis
1774 4867 2001 4921 accepe-

407 4951 541 4997 runt
579 4943 782 4999 loricas
812 4959 1002 5006 eorum
1050 4952 1105 4999 et
1136 4943 1404 5008 cassides,
1438 4959 1540 4999 nec
1570 4960 1680 4999 non
1726 4953 1782 5000 et
1810 4960 2006 5003 omnes

405 5053 609 5094 currus
653 5041 920 5108 ipsorum.
957 5036 1024 5092 Et
1056 5046 1383 5096 manserunt
1423 5038 1492 5092 ab
1531 5038 1764 5094 invicem
1797 5054 2000 5107 seque-

403 5130 568 5186 strati
618 5143 882 5200 quantum
941 5138 1030 5185 est
1089 5128 1286 5199 duplex
1336 5129 1549 5200 sagittae
1594 5129 1823 5199 jactus:
1873 5129 1999 5204 fuga

399 5235 646 5290 namque
686 5220 828 5276 facta
870 5235 981 5277 non
1019 5231 1122 5276 est.
1173 5219 1566 5282 Verumtamen
1601 5220 1833 5280 Romani
1881 5225 2026 5290 ante

401 5312 613 5374 p'iantia
645 5327 745 5368 sua
795 5321 956 5369 nocte
990 5319 1046 5368 et
1094 5313 1514 5384 adaquaverunt
1545 5321 1600 5370 et
1638 5325 1992 5386 acceperunt.

407 5405 635 5476 Equites
684 5419 818 5461 vero
849 5405 940 5476 qui
989 5409 1134 5461 ultra
1180 5414 1358 5470 erant,
1404 5415 1678 5464 steterunt
1711 5424 1887 5478 usque
1927 5411 1994 5466 ad

403 5499 692 5570 septimam
724 5498 916 5553 horam
943 5499 1120 5556 noctis
1153 5514 1320 5569 super
1356 5501 1712 5556 tabernacula
1749 5513 1995 5558 mortuo-

2047 4571 2072 4584 ⁷
2118 4586 2311 4635 contra
2369 4593 2430 4632 se
2473 4575 2753 4629 bellaturi.
2795 4574 2900 4629 Sed
2942 4573 3045 4628 hoc
3099 4571 3180 4626 illi
3225 4572 3465 4628 scientes
3515 4573 3712 4626 relicto

2117 4679 2284 4745 ponte
2315 4669 2596 4741 fugerunt.
2639 4669 2853 4724 interea
2891 4667 3193 4736 imperator
3227 4681 3350 4720 cum
3382 4665 3504 4721 sine
3537 4665 3711 4732 impe-

2115 4766 2363 4822 dimento
2423 4763 2763 4828 transiisset,
2823 4759 3187 4831 apprehendit
3236 4757 3386 4813 aliud
3441 4758 3711 4829 palatium

2115 4866 2480 4926 cognomento
2512 4854 2734 4919 Bechal,
2772 4853 2862 4911 ubi
2898 4860 2951 4908 et
2982 4851 3427 4923 hippodromium
3470 4850 3713 4906 aediﬁca-

2110 4954 2284 5003 verat.
2313 4943 2418 5001 Sed
2448 4952 2505 5000 et
2529 4944 2666 4999 illud
2695 4943 2849 4999 casui
2881 4942 3052 4997 dedit.
3098 4941 3244 4996 Sane
3275 4943 3500 5012 quidam
3523 4939 3711 4998 Arme-

2115 5040 2361 5105 niorum,
2392 5037 2485 5108 qui
2523 5051 2648 5092 cum
2691 5035 2874 5090 Persis
2916 5035 3466 5101 aderant,-venerunt
3495 5030 3565 5087 ad
3600 5034 3709 5088 im-

2110 5141 2416 5204 peratorem
2438 5138 2603 5185 noctu
2621 5128 2867 5184 dicentes
2889 5146 2901 5182 :
2923 5127 3180 5184 Chosroes
3200 5142 3317 5180 cum
3340 5125 3708 5194 dep/tantibus

2107 5235 2158 5278 et
2178 5223 2411 5277 exercitu
2429 5236 2525 5276 suo
2553 5222 2779 5292 quinque
2807 5218 3048 5274 millibus
3077 5220 3212 5273 citra
3232 5217 3491 5286 palatium
3525 5232 3706 5280 suum,

2105 5314 2360 5374 uocabulo
2400 5313 2722 5384 Dastagerd,
2755 5313 2808 5366 in
2865 5311 2980 5365 loco
3027 5317 3328 5380 nuncupata
3381 5307 3687 5363 Baraarach

2103 5419 2278 5466 castra
2293 5416 2633 5472 metatusest,
2669 5415 2720 5460 et
2763 5403 3032 5458 mandavit
3084 5400 3381 5456 totumillic
3415 5399 3705 5453 exerci'um

2109 5505 2403 5571 convenire,
2438 5512 2494 5557 ut
2524 5501 2776 5556 adversus
2802 5509 2850 5554 te
2875 5499 3151 5568 prwlietur
3183 5513 3202 5551 :
3242 5504 3321 5552 est
3345 5497 3484 5550 enim
3519 5494 3633 5550 illic
3652 5503 3709 5552 σε

1890 5643 2130 5708 ΝΟΤᾺΕ.

479 5733 592 5802 (52)
617 5733 1142 5791 Dextralia.Gloss:e
1164 5734 1359 5792 lsidori
1388 5755 1401 5791 :
1432 5735 1722 5800 dextralia,
1749 5737 1996 5793 brachia-

406 5809 502 5859 It'a.
539 5806 688 5859 Adde
723 5803 1014 5861 Flodoard.
1051 5805 1194 5862 Ιιὶδι.
1225 5804 1372 5860 Rem.
1400 5823 1459 5871 ll,
1491 5807 1545 5860 6.
1574 5805 1742 5869 ΕΔΜ.

486 5876 596 5947 (53)
628 5873 891 5932 Mittebat,
926 5877 1046 5932 Act.
1088 5878 1282 5959 Apost.
1315 5893 1469 5944 xvnt,
1517 5878 1579 5933 t6
1608 5897 1620 5932 :
1675 5878 1738 5932 Et
1774 5880 1990 5934 minari:

2104 5759 2212 5798 eas.
2274 5738 2463 5866 Utitpr
2505 5745 2662 5798 vetus
2713 5735 2993 5804 Juvcnalis
3049 5735 3224 5794 schol.
3269 5734 3330 5790 ν.
3375 5734 3596 5804 Papiam
3643 5724 3697 5780 in

2105 5815 2366 5869 Abiacus.
2419 5827 2472 5865 ι).

2105 5815 2366 5884 Abigcus.
2398 5815 2472 5866 In.
