  <div class='ocr_page' id='page_1' title='image "/cluster/home/n/w/nwhite01/storage/ocr_20150623/108/coo.31924054870120/661.png"; bbox 0 0 4088 6432; ppageno 0'>
   <div class='ocr_carea' id='block_1_1' title="bbox 438 375 569 442">
    <p class='ocr_par' dir='ltr' id='par_1_1' title="bbox 438 375 569 442">
     <span class='ocr_line' id='line_1_1' title="bbox 438 375 569 442; baseline 0 0"><span class='ocrx_word' id='word_1_1' title='bbox 438 375 569 442; x_wconf 84' lang='grc'><strong>1311</strong></span> 
     </span>
    </p>
   </div>
   <div class='ocr_carea' id='block_1_2' title="bbox 1521 388 2606 453">
    <p class='ocr_par' dir='ltr' id='par_1_2' title="bbox 1521 388 2606 453">
     <span class='ocr_line' id='line_1_2' title="bbox 1521 388 2606 453; baseline 0 0"><span class='ocrx_word' id='word_1_2' title='bbox 1521 389 1921 453; x_wconf 81' lang='lat' dir='ltr'><strong>ANASTASII</strong></span> <span class='ocrx_word' id='word_1_3' title='bbox 1975 388 2606 453; x_wconf 79' lang='lat' dir='ltr'><strong>BIBLIOTHECARII</strong></span> 
     </span>
    </p>
   </div>
   <div class='ocr_carea' id='block_1_3' title="bbox 3565 394 3708 462">
    <p class='ocr_par' dir='ltr' id='par_1_3' title="bbox 3565 394 3708 462">
     <span class='ocr_line' id='line_1_3' title="bbox 3565 394 3708 462; baseline 0.007 -1"><span class='ocrx_word' id='word_1_4' title='bbox 3565 394 3708 462; x_wconf 67' lang='lat'><strong>1312</strong></span> 
     </span>
    </p>
   </div>
   <div class='ocr_carea' id='block_1_4' title="bbox 432 490 3705 572">
    <p class='ocr_par' dir='ltr' id='par_1_4' title="bbox 432 490 3705 572">
     <span class='ocr_line' id='line_1_4' title="bbox 432 490 3705 572; baseline 0.006 -29"><span class='ocrx_word' id='word_1_5' title='bbox 432 490 624 559; x_wconf 74' lang='lat' dir='ltr'><strong>ﬂuvius</strong></span> <span class='ocrx_word' id='word_1_6' title='bbox 657 493 915 550; x_wconf 78' lang='lat' dir='ltr'><strong>meatibus</strong></span> <span class='ocrx_word' id='word_1_7' title='bbox 957 511 1165 562; x_wconf 78' lang='lat' dir='ltr'><strong>carens,</strong></span> <span class='ocrx_word' id='word_1_8' title='bbox 1215 500 1306 565; x_wconf 79' lang='lat' dir='ltr'><strong>qui</strong></span> <span class='ocrx_word' id='word_1_9' title='bbox 1337 509 1514 555; x_wconf 83' lang='lat' dir='ltr'><strong>artum</strong></span> <span class='ocrx_word' id='word_1_10' title='bbox 1550 512 1763 568; x_wconf 80' lang='lat' dir='ltr'><strong>pontem</strong></span> <span class='ocrx_word' id='word_1_11' title='bbox 1797 501 1950 556; x_wconf 77' lang='lat' dir='ltr'><strong>habet</strong></span> <span class='ocrx_word' id='word_1_12' title='bbox 1973 511 2022 557; x_wconf 88' lang='lat' dir='ltr'><strong>et</strong></span> <span class='ocrx_word' id='word_1_13' title='bbox 2052 503 2098 560; x_wconf 82' lang='grc' dir='ltr'><strong>Α</strong></span> <span class='ocrx_word' id='word_1_14' title='bbox 2128 500 2252 556; x_wconf 85' lang='lat' dir='ltr'><strong>aliis</strong></span> <span class='ocrx_word' id='word_1_15' title='bbox 2299 501 2526 558; x_wconf 85' lang='lat' dir='ltr'><strong>urbibus</strong></span> <span class='ocrx_word' id='word_1_16' title='bbox 2571 501 2954 557; x_wconf 86' lang='lat' dir='ltr'><strong>multitudines</strong></span> <span class='ocrx_word' id='word_1_17' title='bbox 3003 501 3258 572; x_wconf 78' lang='lat' dir='ltr'><strong>cepioste.</strong></span> <span class='ocrx_word' id='word_1_18' title='bbox 3300 501 3450 561; x_wconf 80' lang='lat' dir='ltr'><strong>Fecit</strong></span> <span class='ocrx_word' id='word_1_19' title='bbox 3500 505 3705 565; x_wconf 84' lang='lat' dir='ltr'><strong>interea</strong></span> 
     </span>
    </p>
   </div>
   <div class='ocr_carea' id='block_1_5' title="bbox 431 587 2016 666">
    <p class='ocr_par' dir='ltr' id='par_1_5' title="bbox 431 587 2016 666">
     <span class='ocr_line' id='line_1_5' title="bbox 431 587 2016 666; baseline 0.007 -27"><span class='ocrx_word' id='word_1_20' title='bbox 431 587 709 655; x_wconf 73' lang='lat' dir='ltr'><strong>angustias</strong></span> <span class='ocrx_word' id='word_1_21' title='bbox 744 605 853 658; x_wconf 73' lang='lat' dir='ltr'><strong>pra:</strong></span> <span class='ocrx_word' id='word_1_22' title='bbox 873 589 1289 648; x_wconf 75' lang='lat' dir='ltr'><strong>habitationibus</strong></span> <span class='ocrx_word' id='word_1_23' title='bbox 1321 597 1541 662; x_wconf 79' lang='lat' dir='ltr'><strong>multas,</strong></span> <span class='ocrx_word' id='word_1_24' title='bbox 1583 612 1673 650; x_wconf 84' lang='lat' dir='ltr'><strong>nec</strong></span> <span class='ocrx_word' id='word_1_25' title='bbox 1700 613 1805 652; x_wconf 84' lang='lat' dir='ltr'><strong>non</strong></span> <span class='ocrx_word' id='word_1_26' title='bbox 1834 606 1881 651; x_wconf 80' lang='lat' dir='ltr'><strong>et</strong></span> <span class='ocrx_word' id='word_1_27' title='bbox 1917 596 2016 666; x_wconf 72' lang='lat' dir='ltr'><strong>{tr-</strong></span> 
     </span>
    </p>
   </div>
   <div class='ocr_carea' id='block_1_6' title="bbox 436 679 2017 760">
    <p class='ocr_par' dir='ltr' id='par_1_6' title="bbox 436 679 2017 760">
     <span class='ocr_line' id='line_1_6' title="bbox 436 679 2017 760; baseline 0.009 -28"><span class='ocrx_word' id='word_1_28' title='bbox 436 679 536 733; x_wconf 84' lang='lat' dir='ltr'><strong>tdi</strong></span> <span class='ocrx_word' id='word_1_29' title='bbox 576 681 696 735; x_wconf 81' lang='lat' dir='ltr'><strong>rivi.</strong></span> <span class='ocrx_word' id='word_1_30' title='bbox 737 681 1032 752; x_wconf 84' lang='lat' dir='ltr'><strong>Imperator</strong></span> <span class='ocrx_word' id='word_1_31' title='bbox 1077 701 1209 755; x_wconf 85' lang='lat' dir='ltr'><strong>ergo</strong></span> <span class='ocrx_word' id='word_1_32' title='bbox 1246 688 1480 742; x_wconf 90' lang='lat' dir='ltr'><strong>consilio</strong></span> <span class='ocrx_word' id='word_1_33' title='bbox 1517 704 1642 742; x_wconf 90' lang='lat' dir='ltr'><strong>cum</strong></span> <span class='ocrx_word' id='word_1_34' title='bbox 1675 689 2017 760; x_wconf 85' lang='lat' dir='ltr'><strong>principibus</strong></span> 
     </span>
    </p>
   </div>
   <div class='ocr_carea' id='block_1_7' title="bbox 437 771 2019 852">
    <p class='ocr_par' dir='ltr' id='par_1_7' title="bbox 437 771 2019 852">
     <span class='ocr_line' id='line_1_7' title="bbox 437 771 2019 852; baseline 0.009 -29"><span class='ocrx_word' id='word_1_35' title='bbox 437 771 577 826; x_wconf 89' lang='lat' dir='ltr'><strong>inito</strong></span> <span class='ocrx_word' id='word_1_36' title='bbox 607 781 660 827; x_wconf 85' lang='lat' dir='ltr'><strong>et</strong></span> <span class='ocrx_word' id='word_1_37' title='bbox 705 775 948 828; x_wconf 82' lang='lat' dir='ltr'><strong>exercitu</strong></span> <span class='ocrx_word' id='word_1_38' title='bbox 982 776 1121 830; x_wconf 82' lang='lat' dir='ltr'><strong>sedit</strong></span> <span class='ocrx_word' id='word_1_39' title='bbox 1173 777 1228 830; x_wconf 91' lang='lat' dir='ltr'><strong>in</strong></span> <span class='ocrx_word' id='word_1_40' title='bbox 1276 779 1480 846; x_wconf 88' lang='lat' dir='ltr'><strong>palatio</strong></span> <span class='ocrx_word' id='word_1_41' title='bbox 1520 778 1714 835; x_wconf 87' lang='lat' dir='ltr'><strong>Beehal</strong></span> <span class='ocrx_word' id='word_1_42' title='bbox 1752 798 1766 833; x_wconf 87' lang='lat'><strong>:</strong></span> <span class='ocrx_word' id='word_1_43' title='bbox 1816 784 2019 852; x_wconf 89' lang='lat' dir='ltr'><strong>reperit</strong></span> 
     </span>
    </p>
   </div>
   <div class='ocr_carea' id='block_1_8' title="bbox 435 863 2019 943">
    <p class='ocr_par' dir='ltr' id='par_1_8' title="bbox 435 863 2019 943">
     <span class='ocr_line' id='line_1_8' title="bbox 435 863 2019 943; baseline 0.009 -27"><span class='ocrx_word' id='word_1_44' title='bbox 435 863 636 932; x_wconf 86' lang='lat' dir='ltr'><strong>quippe</strong></span> <span class='ocrx_word' id='word_1_45' title='bbox 673 865 725 918; x_wconf 91' lang='lat' dir='ltr'><strong>in</strong></span> <span class='ocrx_word' id='word_1_46' title='bbox 777 881 883 920; x_wconf 91' lang='lat' dir='ltr'><strong>una</strong></span> <span class='ocrx_word' id='word_1_47' title='bbox 932 883 996 922; x_wconf 73' lang='lat' dir='ltr'><strong>ex</strong></span> <span class='ocrx_word' id='word_1_48' title='bbox 1046 870 1351 938; x_wconf 88' lang='lat' dir='ltr'><strong>porticibus</strong></span> <span class='ocrx_word' id='word_1_49' title='bbox 1391 872 1512 942; x_wconf 86' lang='lat' dir='ltr'><strong>ejus</strong></span> <span class='ocrx_word' id='word_1_50' title='bbox 1561 875 1838 943; x_wconf 90' lang='lat' dir='ltr'><strong>saginatas</strong></span> <span class='ocrx_word' id='word_1_51' title='bbox 1890 892 2019 931; x_wconf 81' lang='lat' dir='ltr'><strong>aves</strong></span> 
     </span>
    </p>
   </div>
   <div class='ocr_carea' id='block_1_9' title="bbox 436 959 2019 1039">
    <p class='ocr_par' dir='ltr' id='par_1_9' title="bbox 436 959 2019 1039">
     <span class='ocr_line' id='line_1_9' title="bbox 436 959 2019 1039; baseline 0.013 -32"><span class='ocrx_word' id='word_1_52' title='bbox 436 964 734 1023; x_wconf 84' lang='lat' dir='ltr'><strong>trecentas,</strong></span> <span class='ocrx_word' id='word_1_53' title='bbox 795 967 869 1012; x_wconf 76' lang='lat' dir='ltr'><strong>et-</strong></span> <span class='ocrx_word' id='word_1_54' title='bbox 905 959 957 1013; x_wconf 88' lang='lat' dir='ltr'><strong>in</strong></span> <span class='ocrx_word' id='word_1_55' title='bbox 1013 962 1117 1015; x_wconf 84' lang='lat' dir='ltr'><strong>alia</strong></span> <span class='ocrx_word' id='word_1_56' title='bbox 1181 968 1396 1030; x_wconf 87' lang='lat' dir='ltr'><strong>porticu</strong></span> <span class='ocrx_word' id='word_1_57' title='bbox 1455 981 1681 1037; x_wconf 84' lang='lat' dir='ltr'><strong>capreas</strong></span> <span class='ocrx_word' id='word_1_58' title='bbox 1741 969 2019 1039; x_wconf 84' lang='lat' dir='ltr'><strong>saginatas</strong></span> 
     </span>
    </p>
   </div>
   <div class='ocr_carea' id='block_1_10' title="bbox 435 1046 2015 1130">
    <p class='ocr_par' dir='ltr' id='par_1_10' title="bbox 435 1046 2015 1130">
     <span class='ocr_line' id='line_1_10' title="bbox 435 1046 2015 1130; baseline 0.013 -33"><span class='ocrx_word' id='word_1_59' title='bbox 435 1046 789 1117; x_wconf 86' lang='lat' dir='ltr'><strong>quingentas,</strong></span> <span class='ocrx_word' id='word_1_60' title='bbox 821 1064 986 1118; x_wconf 84' lang='lat' dir='ltr'><strong>porro</strong></span> <span class='ocrx_word' id='word_1_61' title='bbox 1027 1052 1078 1105; x_wconf 91' lang='lat' dir='ltr'><strong>in</strong></span> <span class='ocrx_word' id='word_1_62' title='bbox 1116 1054 1220 1107; x_wconf 87' lang='lat' dir='ltr'><strong>alia</strong></span> <span class='ocrx_word' id='word_1_63' title='bbox 1254 1057 1537 1124; x_wconf 86' lang='lat' dir='ltr'><strong>saginatos</strong></span> <span class='ocrx_word' id='word_1_64' title='bbox 1569 1074 1738 1130; x_wconf 85' lang='lat' dir='ltr'><strong>agnos</strong></span> <span class='ocrx_word' id='word_1_65' title='bbox 1773 1071 2015 1127; x_wconf 85' lang='lat' dir='ltr'><strong>centum,</strong></span> 
     </span>
    </p>
   </div>
   <div class='ocr_carea' id='block_1_11' title="bbox 435 1141 2018 1210">
    <p class='ocr_par' dir='ltr' id='par_1_11' title="bbox 435 1141 2018 1210">
     <span class='ocr_line' id='line_1_11' title="bbox 435 1141 2018 1210; baseline 0.013 -22"><span class='ocrx_word' id='word_1_66' title='bbox 435 1154 554 1206; x_wconf 63' lang='lat' dir='ltr'><strong>quae</strong></span> <span class='ocrx_word' id='word_1_67' title='bbox 578 1141 778 1209; x_wconf 87' lang='lat' dir='ltr'><strong>populo</strong></span> <span class='ocrx_word' id='word_1_68' title='bbox 814 1152 1010 1197; x_wconf 88' lang='lat' dir='ltr'><strong>cuncta</strong></span> <span class='ocrx_word' id='word_1_69' title='bbox 1043 1145 1286 1199; x_wconf 82' lang='lat' dir='ltr'><strong>donavit.</strong></span> <span class='ocrx_word' id='word_1_70' title='bbox 1317 1149 1383 1201; x_wconf 84' lang='lat' dir='ltr'><strong>Et</strong></span> <span class='ocrx_word' id='word_1_71' title='bbox 1413 1149 1688 1207; x_wconf 84' lang='lat' dir='ltr'><strong>Kalendas</strong></span> <span class='ocrx_word' id='word_1_72' title='bbox 1729 1149 2018 1210; x_wconf 69' lang='lat' dir='ltr'><strong>ianuarias</strong></span> 
     </span>
    </p>
   </div>
   <div class='ocr_carea' id='block_1_12' title="bbox 436 1229 2021 1316">
    <p class='ocr_par' dir='ltr' id='par_1_12' title="bbox 436 1229 2021 1316">
     <span class='ocr_line' id='line_1_12' title="bbox 436 1229 2021 1316; baseline 0.011 -30"><span class='ocrx_word' id='word_1_73' title='bbox 436 1231 548 1286; x_wconf 86' lang='lat' dir='ltr'><strong>illic</strong></span> <span class='ocrx_word' id='word_1_74' title='bbox 573 1229 843 1290; x_wconf 86' lang='lat' dir='ltr'><strong>fecerunt.</strong></span> <span class='ocrx_word' id='word_1_75' title='bbox 886 1236 1130 1307; x_wconf 78' lang='lat' dir='ltr'><strong>Denique</strong></span> <span class='ocrx_word' id='word_1_76' title='bbox 1176 1240 1414 1296; x_wconf 79' lang='lat' dir='ltr'><strong>inventis</strong></span> <span class='ocrx_word' id='word_1_77' title='bbox 1441 1244 1637 1300; x_wconf 88' lang='lat' dir='ltr'><strong>ovibus</strong></span> <span class='ocrx_word' id='word_1_78' title='bbox 1671 1253 1722 1298; x_wconf 85' lang='lat' dir='ltr'><strong>ct</strong></span> <span class='ocrx_word' id='word_1_79' title='bbox 1757 1247 1938 1316; x_wconf 78' lang='lat' dir='ltr'><strong>porcis</strong></span> <span class='ocrx_word' id='word_1_80' title='bbox 1967 1259 2021 1303; x_wconf 89' lang='lat' dir='ltr'><strong>et</strong></span> 
     </span>
    </p>
   </div>
   <div class='ocr_carea' id='block_1_13' title="bbox 433 1320 2025 1412">
    <p class='ocr_par' dir='ltr' id='par_1_13' title="bbox 433 1320 2025 1412">
     <span class='ocr_line' id='line_1_13' title="bbox 433 1320 2025 1412; baseline 0.011 -35"><span class='ocrx_word' id='word_1_81' title='bbox 433 1320 632 1384; x_wconf 83' lang='lat' dir='ltr'><strong>bobus.</strong></span> <span class='ocrx_word' id='word_1_82' title='bbox 667 1342 904 1396; x_wconf 89' lang='lat' dir='ltr'><strong>quorum</strong></span> <span class='ocrx_word' id='word_1_83' title='bbox 940 1346 1047 1385; x_wconf 92' lang='lat' dir='ltr'><strong>non</strong></span> <span class='ocrx_word' id='word_1_84' title='bbox 1078 1342 1198 1385; x_wconf 88' lang='lat' dir='ltr'><strong>erat</strong></span> <span class='ocrx_word' id='word_1_85' title='bbox 1231 1349 1516 1400; x_wconf 87' lang='lat' dir='ltr'><strong>numerus,</strong></span> <span class='ocrx_word' id='word_1_86' title='bbox 1550 1339 1820 1406; x_wconf 74' lang='lat' dir='ltr'><strong>requievit</strong></span> <span class='ocrx_word' id='word_1_87' title='bbox 1857 1357 2025 1412; x_wconf 81' lang='lat' dir='ltr'><strong>popu-</strong></span> 
     </span>
    </p>
   </div>
   <div class='ocr_carea' id='block_1_14' title="bbox 433 1411 2022 1495">
    <p class='ocr_par' dir='ltr' id='par_1_14' title="bbox 433 1411 2022 1495">
     <span class='ocr_line' id='line_1_14' title="bbox 433 1411 2022 1495; baseline 0.014 -30"><span class='ocrx_word' id='word_1_88' title='bbox 433 1411 522 1468; x_wconf 88' lang='lat' dir='ltr'><strong>lus</strong></span> <span class='ocrx_word' id='word_1_89' title='bbox 568 1416 899 1481; x_wconf 85' lang='lat' dir='ltr'><strong>universus,</strong></span> <span class='ocrx_word' id='word_1_90' title='bbox 953 1421 1238 1489; x_wconf 86' lang='lat' dir='ltr'><strong>epulantes</strong></span> <span class='ocrx_word' id='word_1_91' title='bbox 1297 1433 1351 1477; x_wconf 88' lang='lat' dir='ltr'><strong>et</strong></span> <span class='ocrx_word' id='word_1_92' title='bbox 1406 1426 1777 1495; x_wconf 80' lang='lat' dir='ltr'><strong>glorificantes</strong></span> <span class='ocrx_word' id='word_1_93' title='bbox 1829 1411 2022 1489; x_wconf 87' lang='lat' dir='ltr'><strong>Deum.</strong></span> 
     </span>
    </p>
   </div>
   <div class='ocr_carea' id='block_1_15' title="bbox 423 1507 2022 1588">
    <p class='ocr_par' dir='ltr' id='par_1_15' title="bbox 423 1507 2022 1588">
     <span class='ocr_line' id='line_1_15' title="bbox 423 1507 2022 1588; baseline 0.009 -25"><span class='ocrx_word' id='word_1_94' title='bbox 423 1507 706 1564; x_wconf 67' lang='lat' dir='ltr'><strong>Praeterea</strong></span> <span class='ocrx_word' id='word_1_95' title='bbox 759 1514 1172 1582; x_wconf 81' lang='lat' dir='ltr'><strong>comprehensis</strong></span> <span class='ocrx_word' id='word_1_96' title='bbox 1213 1517 1295 1572; x_wconf 88' lang='lat' dir='ltr'><strong>eis</strong></span> <span class='ocrx_word' id='word_1_97' title='bbox 1341 1520 1432 1588; x_wconf 89' lang='lat' dir='ltr'><strong>qui</strong></span> <span class='ocrx_word' id='word_1_98' title='bbox 1493 1519 1597 1574; x_wconf 90' lang='lat' dir='ltr'><strong>ista</strong></span> <span class='ocrx_word' id='word_1_99' title='bbox 1647 1522 2022 1587; x_wconf 85' lang='lat' dir='ltr'><strong>conferebant,</strong></span> 
     </span>
    </p>
   </div>
   <div class='ocr_carea' id='block_1_16' title="bbox 435 1599 2026 1678">
    <p class='ocr_par' dir='ltr' id='par_1_16' title="bbox 435 1599 2026 1678">
     <span class='ocr_line' id='line_1_16' title="bbox 435 1599 2026 1678; baseline 0.011 -23"><span class='ocrx_word' id='word_1_100' title='bbox 435 1599 749 1656; x_wconf 86' lang='lat' dir='ltr'><strong>didicerunt</strong></span> <span class='ocrx_word' id='word_1_101' title='bbox 781 1605 849 1656; x_wconf 86' lang='lat' dir='ltr'><strong>ab</strong></span> <span class='ocrx_word' id='word_1_102' title='bbox 881 1605 987 1658; x_wconf 86' lang='lat' dir='ltr'><strong>illis</strong></span> <span class='ocrx_word' id='word_1_103' title='bbox 1017 1607 1280 1675; x_wconf 82' lang='lat' dir='ltr'><strong>liquidius</strong></span> <span class='ocrx_word' id='word_1_104' title='bbox 1302 1611 1447 1678; x_wconf 86' lang='lat' dir='ltr'><strong>quod</strong></span> <span class='ocrx_word' id='word_1_105' title='bbox 1472 1611 1745 1670; x_wconf 81' lang='lat' dir='ltr'><strong>Chosroes</strong></span> <span class='ocrx_word' id='word_1_106' title='bbox 1779 1631 1806 1667; x_wconf 88' lang='lat' dir='ltr'><strong>a</strong></span> <span class='ocrx_word' id='word_1_107' title='bbox 1837 1615 1908 1670; x_wconf 72' lang='grc'><strong>25</strong></span> <span class='ocrx_word' id='word_1_108' title='bbox 1939 1616 2026 1672; x_wconf 89' lang='lat' dir='ltr'><strong>die</strong></span> 
     </span>
    </p>
   </div>
   <div class='ocr_carea' id='block_1_17' title="bbox 435 1692 2027 1776">
    <p class='ocr_par' dir='ltr' id='par_1_17' title="bbox 435 1692 2027 1776">
     <span class='ocr_line' id='line_1_17' title="bbox 435 1692 2027 1776; baseline 0.009 -27"><span class='ocrx_word' id='word_1_109' title='bbox 435 1692 757 1750; x_wconf 72' lang='lat' dir='ltr'><strong>Decembris</strong></span> <span class='ocrx_word' id='word_1_110' title='bbox 783 1698 1016 1763; x_wconf 83' lang='lat' dir='ltr'><strong>mensis,</strong></span> <span class='ocrx_word' id='word_1_111' title='bbox 1043 1710 1323 1770; x_wconf 89' lang='lat' dir='ltr'><strong>comperto</strong></span> <span class='ocrx_word' id='word_1_112' title='bbox 1353 1705 1500 1772; x_wconf 89' lang='lat' dir='ltr'><strong>quod</strong></span> <span class='ocrx_word' id='word_1_113' title='bbox 1524 1707 1823 1776; x_wconf 84' lang='lat' dir='ltr'><strong>imperator</strong></span> <span class='ocrx_word' id='word_1_114' title='bbox 1851 1720 2027 1764; x_wconf 82' lang='lat' dir='ltr'><strong>trans-</strong></span> 
     </span>
    </p>
   </div>
   <div class='ocr_carea' id='block_1_18' title="bbox 436 1786 2023 1858">
    <p class='ocr_par' dir='ltr' id='par_1_18' title="bbox 436 1786 2023 1858">
     <span class='ocr_line' id='line_1_18' title="bbox 436 1786 2023 1858; baseline 0.01 -17"><span class='ocrx_word' id='word_1_115' title='bbox 436 1786 591 1842; x_wconf 85' lang='lat' dir='ltr'><strong>iisset</strong></span> <span class='ocrx_word' id='word_1_116' title='bbox 629 1797 852 1857; x_wconf 91' lang='lat' dir='ltr'><strong>pontem</strong></span> <span class='ocrx_word' id='word_1_117' title='bbox 897 1789 1133 1858; x_wconf 75' lang='lat' dir='ltr'><strong>Tornte,</strong></span> <span class='ocrx_word' id='word_1_118' title='bbox 1179 1795 1470 1851; x_wconf 78' lang='lat' dir='ltr'><strong>confestim</strong></span> <span class='ocrx_word' id='word_1_119' title='bbox 1515 1809 1698 1854; x_wconf 83' lang='lat' dir='ltr'><strong>motus</strong></span> <span class='ocrx_word' id='word_1_120' title='bbox 1745 1801 1906 1856; x_wconf 90' lang='lat' dir='ltr'><strong>fuerit</strong></span> <span class='ocrx_word' id='word_1_121' title='bbox 1955 1803 2023 1857; x_wconf 86' lang='lat' dir='ltr'><strong>de</strong></span> 
     </span>
    </p>
   </div>
   <div class='ocr_carea' id='block_1_19' title="bbox 2124 594 3708 675">
    <p class='ocr_par' dir='ltr' id='par_1_19' title="bbox 2124 594 3708 675">
     <span class='ocr_line' id='line_1_19' title="bbox 2124 594 3708 675; baseline 0.006 -27"><span class='ocrx_word' id='word_1_122' title='bbox 2124 595 2425 665; x_wconf 84' lang='lat' dir='ltr'><strong>imperator</strong></span> <span class='ocrx_word' id='word_1_123' title='bbox 2467 594 2822 675; x_wconf 82' lang='lat' dir='ltr'><strong>festivitatem</strong></span> <span class='ocrx_word' id='word_1_124' title='bbox 2855 595 3149 652; x_wconf 88' lang='lat' dir='ltr'><strong>Luminum</strong></span> <span class='ocrx_word' id='word_1_125' title='bbox 3192 614 3359 669; x_wconf 81' lang='lat' dir='ltr'><strong>penes</strong></span> <span class='ocrx_word' id='word_1_126' title='bbox 3407 600 3708 674; x_wconf 80' lang='lat' dir='ltr'><strong>Dastagerd</strong></span> 
     </span>
    </p>
   </div>
   <div class='ocr_carea' id='block_1_20' title="bbox 2120 685 3710 763">
    <p class='ocr_par' dir='ltr' id='par_1_20' title="bbox 2120 685 3710 763">
     <span class='ocr_line' id='line_1_20' title="bbox 2120 685 3710 763; baseline 0.008 -25"><span class='ocrx_word' id='word_1_127' title='bbox 2120 685 2356 752; x_wconf 63' lang='lat' dir='ltr'><strong>iatatus,</strong></span> <span class='ocrx_word' id='word_1_128' title='bbox 2400 695 2455 742; x_wconf 92' lang='lat' dir='ltr'><strong>et</strong></span> <span class='ocrx_word' id='word_1_129' title='bbox 2481 702 2738 744; x_wconf 82' lang='lat' dir='ltr'><strong>recreans</strong></span> <span class='ocrx_word' id='word_1_130' title='bbox 2777 697 2888 743; x_wconf 89' lang='lat' dir='ltr'><strong>tam</strong></span> <span class='ocrx_word' id='word_1_131' title='bbox 2931 691 3188 759; x_wconf 88' lang='lat' dir='ltr'><strong>populum</strong></span> <span class='ocrx_word' id='word_1_132' title='bbox 3227 708 3391 762; x_wconf 86' lang='lat' dir='ltr'><strong>quam</strong></span> <span class='ocrx_word' id='word_1_133' title='bbox 3429 693 3710 763; x_wconf 84' lang='lat' dir='ltr'><strong>jumenta,</strong></span> 
     </span>
    </p>
   </div>
   <div class='ocr_carea' id='block_1_21' title="bbox 2122 778 3713 851">
    <p class='ocr_par' dir='ltr' id='par_1_21' title="bbox 2122 778 3713 851">
     <span class='ocr_line' id='line_1_21' title="bbox 2122 778 3713 851; baseline 0.008 -21"><span class='ocrx_word' id='word_1_134' title='bbox 2122 779 2254 848; x_wconf 90' lang='lat' dir='ltr'><strong>quin</strong></span> <span class='ocrx_word' id='word_1_135' title='bbox 2289 789 2340 833; x_wconf 92' lang='lat' dir='ltr'><strong>et</strong></span> <span class='ocrx_word' id='word_1_136' title='bbox 2367 778 2630 835; x_wconf 84' lang='lat' dir='ltr'><strong>Chosrois</strong></span> <span class='ocrx_word' id='word_1_137' title='bbox 2665 781 2866 851; x_wconf 89' lang='lat' dir='ltr'><strong>palatia</strong></span> <span class='ocrx_word' id='word_1_138' title='bbox 2902 782 3220 846; x_wconf 90' lang='lat' dir='ltr'><strong>destruens.</strong></span> <span class='ocrx_word' id='word_1_139' title='bbox 3262 785 3490 841; x_wconf 83' lang='lat' dir='ltr'><strong>aedificia</strong></span> <span class='ocrx_word' id='word_1_140' title='bbox 3521 788 3713 843; x_wconf 77' lang='lat' dir='ltr'><strong>videli-</strong></span> 
     </span>
    </p>
   </div>
   <div class='ocr_carea' id='block_1_22' title="bbox 2111 875 3715 943">
    <p class='ocr_par' dir='ltr' id='par_1_22' title="bbox 2111 875 3715 943">
     <span class='ocr_line' id='line_1_22' title="bbox 2111 875 3715 943; baseline 0.008 -18"><span class='ocrx_word' id='word_1_141' title='bbox 2111 881 2209 925; x_wconf 74' lang='lat' dir='ltr'><strong>‘cet</strong></span> <span class='ocrx_word' id='word_1_142' title='bbox 2242 887 2360 942; x_wconf 72' lang='lat' dir='ltr'><strong>qua:</strong></span> <span class='ocrx_word' id='word_1_143' title='bbox 2408 881 2564 927; x_wconf 89' lang='lat' dir='ltr'><strong>erant</strong></span> <span class='ocrx_word' id='word_1_144' title='bbox 2593 875 2970 943; x_wconf 88' lang='lat' dir='ltr'><strong>comptissima</strong></span> <span class='ocrx_word' id='word_1_145' title='bbox 3002 885 3050 930; x_wconf 91' lang='lat' dir='ltr'><strong>et</strong></span> <span class='ocrx_word' id='word_1_146' title='bbox 3089 876 3414 932; x_wconf 89' lang='lat' dir='ltr'><strong>admiranda</strong></span> <span class='ocrx_word' id='word_1_147' title='bbox 3435 921 3448 942; x_wconf 90' lang='lat'><strong>,</strong></span> <span class='ocrx_word' id='word_1_148' title='bbox 3490 879 3715 938; x_wconf 84' lang='lat' dir='ltr'><strong>domos-</strong></span> 
     </span>
    </p>
   </div>
   <div class='ocr_carea' id='block_1_23' title="bbox 2124 960 3718 1042">
    <p class='ocr_par' dir='ltr' id='par_1_23' title="bbox 2124 960 3718 1042">
     <span class='ocr_line' id='line_1_23' title="bbox 2124 960 3718 1042; baseline 0.009 -31"><span class='ocrx_word' id='word_1_149' title='bbox 2124 973 2232 1028; x_wconf 87' lang='lat' dir='ltr'><strong>que</strong></span> <span class='ocrx_word' id='word_1_150' title='bbox 2266 960 2564 1028; x_wconf 86' lang='lat' dir='ltr'><strong>stupendas</strong></span> <span class='ocrx_word' id='word_1_151' title='bbox 2591 1003 2605 1026; x_wconf 90' lang='lat'><strong>,</strong></span> <span class='ocrx_word' id='word_1_152' title='bbox 2644 977 2783 1032; x_wconf 89' lang='lat' dir='ltr'><strong>quas</strong></span> <span class='ocrx_word' id='word_1_153' title='bbox 2819 978 2992 1033; x_wconf 91' lang='lat' dir='ltr'><strong>usque</strong></span> <span class='ocrx_word' id='word_1_154' title='bbox 3036 965 3101 1019; x_wconf 89' lang='lat' dir='ltr'><strong>ad</strong></span> <span class='ocrx_word' id='word_1_155' title='bbox 3145 968 3512 1036; x_wconf 83' lang='lat' dir='ltr'><strong>pavimentum</strong></span> <span class='ocrx_word' id='word_1_156' title='bbox 3544 973 3718 1042; x_wconf 81' lang='lat' dir='ltr'><strong>depo-</strong></span> 
     </span>
    </p>
   </div>
   <div class='ocr_carea' id='block_1_24' title="bbox 2128 1048 3715 1128">
    <p class='ocr_par' dir='ltr' id='par_1_24' title="bbox 2128 1048 3715 1128">
     <span class='ocr_line' id='line_1_24' title="bbox 2128 1048 3715 1128; baseline 0.011 -27"><span class='ocrx_word' id='word_1_157' title='bbox 2128 1048 2236 1102; x_wconf 88' lang='lat' dir='ltr'><strong>suit</strong></span> <span class='ocrx_word' id='word_1_158' title='bbox 2269 1059 2541 1116; x_wconf 78' lang='lat' dir='ltr'><strong>quatenus</strong></span> <span class='ocrx_word' id='word_1_159' title='bbox 2569 1049 2846 1108; x_wconf 87' lang='lat' dir='ltr'><strong>Chosroes</strong></span> <span class='ocrx_word' id='word_1_160' title='bbox 2879 1055 3147 1110; x_wconf 87' lang='lat' dir='ltr'><strong>edisceret</strong></span> <span class='ocrx_word' id='word_1_161' title='bbox 3176 1073 3338 1128; x_wconf 89' lang='lat' dir='ltr'><strong>quam</strong></span> <span class='ocrx_word' id='word_1_162' title='bbox 3374 1060 3571 1116; x_wconf 90' lang='lat' dir='ltr'><strong>durum</strong></span> <span class='ocrx_word' id='word_1_163' title='bbox 3617 1065 3715 1118; x_wconf 82' lang='lat' dir='ltr'><strong>ha-</strong></span> 
     </span>
    </p>
   </div>
   <div class='ocr_carea' id='block_1_25' title="bbox 2113 1139 3720 1233">
    <p class='ocr_par' dir='ltr' id='par_1_25' title="bbox 2113 1139 3720 1233">
     <span class='ocr_line' id='line_1_25' title="bbox 2113 1139 3720 1233; baseline 0.011 -39"><span class='ocrx_word' id='word_1_164' title='bbox 2113 1139 2346 1194; x_wconf 77' lang='lat' dir='ltr'><strong>buerint</strong></span> <span class='ocrx_word' id='word_1_165' title='bbox 2378 1141 2613 1198; x_wconf 78' lang='lat' dir='ltr'><strong>Romani</strong></span> <span class='ocrx_word' id='word_1_166' title='bbox 2659 1145 2903 1233; x_wconf 72' lang='lat' dir='ltr'><strong>dolorem</strong></span> <span class='ocrx_word' id='word_1_167' title='bbox 2936 1148 3166 1203; x_wconf 84' lang='lat' dir='ltr'><strong>urbibus</strong></span> <span class='ocrx_word' id='word_1_168' title='bbox 3199 1152 3316 1206; x_wconf 90' lang='lat' dir='ltr'><strong>suis</strong></span> <span class='ocrx_word' id='word_1_169' title='bbox 3349 1153 3611 1210; x_wconf 82' lang='lat' dir='ltr'><strong>desolatis</strong></span> <span class='ocrx_word' id='word_1_170' title='bbox 3648 1157 3720 1213; x_wconf 91' lang='lat' dir='ltr'><strong>ab</strong></span> 
     </span>
    </p>
   </div>
   <div class='ocr_carea' id='block_1_26' title="bbox 2125 1233 3716 1304">
    <p class='ocr_par' dir='ltr' id='par_1_26' title="bbox 2125 1233 3716 1304">
     <span class='ocr_line' id='line_1_26' title="bbox 2125 1233 3716 1304; baseline 0.01 -16"><span class='ocrx_word' id='word_1_171' title='bbox 2125 1247 2192 1288; x_wconf 88' lang='lat' dir='ltr'><strong>eo</strong></span> <span class='ocrx_word' id='word_1_172' title='bbox 2216 1233 2573 1291; x_wconf 87' lang='lat' dir='ltr'><strong>nihilominus</strong></span> <span class='ocrx_word' id='word_1_173' title='bbox 2607 1247 2664 1292; x_wconf 92' lang='lat' dir='ltr'><strong>et</strong></span> <span class='ocrx_word' id='word_1_174' title='bbox 2696 1238 2960 1294; x_wconf 86' lang='lat' dir='ltr'><strong>incensis.</strong></span> <span class='ocrx_word' id='word_1_175' title='bbox 2997 1239 3154 1296; x_wconf 90' lang='lat' dir='ltr'><strong>Tenti</strong></span> <span class='ocrx_word' id='word_1_176' title='bbox 3186 1252 3366 1298; x_wconf 90' lang='lat' dir='ltr'><strong>autem</strong></span> <span class='ocrx_word' id='word_1_177' title='bbox 3404 1256 3534 1302; x_wconf 89' lang='lat' dir='ltr'><strong>sunt</strong></span> <span class='ocrx_word' id='word_1_178' title='bbox 3564 1257 3618 1302; x_wconf 88' lang='lat' dir='ltr'><strong>et</strong></span> <span class='ocrx_word' id='word_1_179' title='bbox 3649 1265 3716 1304; x_wconf 78' lang='lat' dir='ltr'><strong>ex</strong></span> 
     </span>
    </p>
   </div>
   <div class='ocr_carea' id='block_1_27' title="bbox 2127 1325 3718 1405">
    <p class='ocr_par' dir='ltr' id='par_1_27' title="bbox 2127 1325 3718 1405">
     <span class='ocr_line' id='line_1_27' title="bbox 2127 1325 3718 1405; baseline 0.013 -27"><span class='ocrx_word' id='word_1_180' title='bbox 2127 1325 2320 1382; x_wconf 86' lang='lat' dir='ltr'><strong>aulicis</strong></span> <span class='ocrx_word' id='word_1_181' title='bbox 2350 1327 2535 1396; x_wconf 84' lang='lat' dir='ltr'><strong>palatii</strong></span> <span class='ocrx_word' id='word_1_182' title='bbox 2564 1331 2742 1394; x_wconf 89' lang='lat' dir='ltr'><strong>multi,</strong></span> <span class='ocrx_word' id='word_1_183' title='bbox 2770 1333 2862 1401; x_wconf 89' lang='lat' dir='ltr'><strong>qui</strong></span> <span class='ocrx_word' id='word_1_184' title='bbox 2899 1332 3221 1404; x_wconf 84' lang='lat' dir='ltr'><strong>interrogati</strong></span> <span class='ocrx_word' id='word_1_185' title='bbox 3251 1338 3470 1405; x_wconf 86' lang='lat' dir='ltr'><strong>quando</strong></span> <span class='ocrx_word' id='word_1_186' title='bbox 3499 1339 3718 1397; x_wconf 86' lang='lat' dir='ltr'><strong>disces-</strong></span> 
     </span>
    </p>
   </div>
   <div class='ocr_carea' id='block_1_28' title="bbox 2127 1419 3720 1494">
    <p class='ocr_par' dir='ltr' id='par_1_28' title="bbox 2127 1419 3720 1494">
     <span class='ocr_line' id='line_1_28' title="bbox 2127 1419 3720 1494; baseline 0.011 -21"><span class='ocrx_word' id='word_1_187' title='bbox 2127 1419 2260 1473; x_wconf 87' lang='lat' dir='ltr'><strong>serit</strong></span> <span class='ocrx_word' id='word_1_188' title='bbox 2297 1421 2570 1478; x_wconf 81' lang='lat' dir='ltr'><strong>Chosroes</strong></span> <span class='ocrx_word' id='word_1_189' title='bbox 2615 1438 2644 1476; x_wconf 92' lang='lat' dir='ltr'><strong>a</strong></span> <span class='ocrx_word' id='word_1_190' title='bbox 2695 1427 3011 1494; x_wconf 80' lang='lat' dir='ltr'><strong>llastagcrd,</strong></span> <span class='ocrx_word' id='word_1_191' title='bbox 3055 1439 3412 1483; x_wconf 88' lang='lat' dir='ltr'><strong>asserucrnnt</strong></span> <span class='ocrx_word' id='word_1_192' title='bbox 3454 1451 3467 1486; x_wconf 87' lang='lat'><strong>:</strong></span> <span class='ocrx_word' id='word_1_193' title='bbox 3513 1433 3649 1488; x_wconf 82' lang='lat' dir='ltr'><strong>Ante</strong></span> <span class='ocrx_word' id='word_1_194' title='bbox 3684 1435 3720 1490; x_wconf 87' lang='lat'>9</span> 
     </span>
    </p>
   </div>
   <div class='ocr_carea' id='block_1_29' title="bbox 2125 1510 3722 1584">
    <p class='ocr_par' dir='ltr' id='par_1_29' title="bbox 2125 1510 3722 1584">
     <span class='ocr_line' id='line_1_29' title="bbox 2125 1510 3722 1584; baseline 0.011 -21"><span class='ocrx_word' id='word_1_195' title='bbox 2125 1510 2238 1564; x_wconf 81' lang='lat' dir='ltr'><strong>dies</strong></span> <span class='ocrx_word' id='word_1_196' title='bbox 2271 1513 2419 1579; x_wconf 86' lang='lat' dir='ltr'><strong>prius</strong></span> <span class='ocrx_word' id='word_1_197' title='bbox 2461 1531 2621 1584; x_wconf 79' lang='lat' dir='ltr'><strong>quam</strong></span> <span class='ocrx_word' id='word_1_198' title='bbox 2655 1533 2742 1570; x_wconf 77' lang='lat' dir='ltr'><strong>vos</strong></span> <span class='ocrx_word' id='word_1_199' title='bbox 2768 1518 3031 1572; x_wconf 83' lang='lat' dir='ltr'><strong>reniretis.</strong></span> <span class='ocrx_word' id='word_1_200' title='bbox 3065 1521 3261 1574; x_wconf 79' lang='lat' dir='ltr'><strong>Audito</strong></span> <span class='ocrx_word' id='word_1_201' title='bbox 3298 1523 3523 1578; x_wconf 79' lang='lat' dir='ltr'><strong>adventu</strong></span> <span class='ocrx_word' id='word_1_202' title='bbox 3547 1537 3722 1581; x_wconf 71' lang='lat' dir='ltr'><strong>vestro</strong></span> 
     </span>
    </p>
   </div>
   <div class='ocr_carea' id='block_1_30' title="bbox 2129 1602 3719 1685">
    <p class='ocr_par' dir='ltr' id='par_1_30' title="bbox 2129 1602 3719 1685">
     <span class='ocr_line' id='line_1_30' title="bbox 2129 1602 3719 1685; baseline 0.009 -29"><span class='ocrx_word' id='word_1_203' title='bbox 2129 1602 2352 1656; x_wconf 76' lang='lat' dir='ltr'><strong>latenter</strong></span> <span class='ocrx_word' id='word_1_204' title='bbox 2373 1614 2584 1674; x_wconf 83' lang='lat' dir='ltr'><strong>pertuso</strong></span> <span class='ocrx_word' id='word_1_205' title='bbox 2607 1623 2757 1660; x_wconf 84' lang='lat' dir='ltr'><strong>muro</strong></span> <span class='ocrx_word' id='word_1_206' title='bbox 2773 1611 3030 1673; x_wconf 81' lang='lat' dir='ltr'><strong>civitatis,</strong></span> <span class='ocrx_word' id='word_1_207' title='bbox 3051 1611 3144 1679; x_wconf 84' lang='lat' dir='ltr'><strong>qui</strong></span> <span class='ocrx_word' id='word_1_208' title='bbox 3165 1613 3412 1681; x_wconf 75' lang='lat' dir='ltr'><strong>estjuxta</strong></span> <span class='ocrx_word' id='word_1_209' title='bbox 3430 1617 3719 1685; x_wconf 74' lang='lat' dir='ltr'><strong>palatium,</strong></span> 
     </span>
    </p>
   </div>
   <div class='ocr_carea' id='block_1_31' title="bbox 2133 1695 3724 1773">
    <p class='ocr_par' dir='ltr' id='par_1_31' title="bbox 2133 1695 3724 1773">
     <span class='ocr_line' id='line_1_31' title="bbox 2133 1695 3724 1773; baseline 0.012 -29"><span class='ocrx_word' id='word_1_210' title='bbox 2133 1700 2324 1745; x_wconf 82' lang='lat' dir='ltr'><strong>temere</strong></span> <span class='ocrx_word' id='word_1_211' title='bbox 2347 1709 2440 1760; x_wconf 85' lang='lat' dir='ltr'><strong>per</strong></span> <span class='ocrx_word' id='word_1_212' title='bbox 2471 1695 2651 1750; x_wconf 83' lang='lat' dir='ltr'><strong>[tortos</strong></span> <span class='ocrx_word' id='word_1_213' title='bbox 2677 1697 2858 1760; x_wconf 74' lang='lat' dir='ltr'><strong>exivit,</strong></span> <span class='ocrx_word' id='word_1_214' title='bbox 2890 1700 2998 1767; x_wconf 84' lang='lat' dir='ltr'><strong>ipse</strong></span> <span class='ocrx_word' id='word_1_215' title='bbox 3019 1709 3067 1754; x_wconf 86' lang='lat' dir='ltr'><strong>ct</strong></span> <span class='ocrx_word' id='word_1_216' title='bbox 3126 1718 3260 1755; x_wconf 72' lang='lat' dir='ltr'><strong>uxor</strong></span> <span class='ocrx_word' id='word_1_217' title='bbox 3287 1715 3334 1757; x_wconf 86' lang='lat' dir='ltr'><strong>et</strong></span> <span class='ocrx_word' id='word_1_218' title='bbox 3359 1705 3461 1772; x_wconf 81' lang='lat' dir='ltr'><strong>filii</strong></span> <span class='ocrx_word' id='word_1_219' title='bbox 3489 1708 3623 1773; x_wconf 70' lang='lat' dir='ltr'><strong>eius,</strong></span> <span class='ocrx_word' id='word_1_220' title='bbox 3657 1725 3724 1763; x_wconf 74' lang='lat' dir='ltr'><strong>ns</strong></span> 
     </span>
    </p>
   </div>
   <div class='ocr_carea' id='block_1_32' title="bbox 2134 1782 3724 1864">
    <p class='ocr_par' dir='ltr' id='par_1_32' title="bbox 2134 1782 3724 1864">
     <span class='ocr_line' id='line_1_32' title="bbox 2134 1782 3724 1864; baseline 0.011 -30"><span class='ocrx_word' id='word_1_221' title='bbox 2134 1782 2278 1850; x_wconf 80' lang='lat' dir='ltr'><strong>ﬁeret</strong></span> <span class='ocrx_word' id='word_1_222' title='bbox 2306 1783 2562 1838; x_wconf 84' lang='lat' dir='ltr'><strong>tumultus</strong></span> <span class='ocrx_word' id='word_1_223' title='bbox 2599 1787 2652 1839; x_wconf 83' lang='lat' dir='ltr'><strong>in</strong></span> <span class='ocrx_word' id='word_1_224' title='bbox 2681 1787 2912 1840; x_wconf 78' lang='lat' dir='ltr'><strong>civitate.</strong></span> <span class='ocrx_word' id='word_1_225' title='bbox 2964 1789 3030 1842; x_wconf 85' lang='lat' dir='ltr'><strong>Et</strong></span> <span class='ocrx_word' id='word_1_226' title='bbox 3060 1806 3234 1859; x_wconf 79' lang='lat' dir='ltr'><strong>neque</strong></span> <span class='ocrx_word' id='word_1_227' title='bbox 3288 1795 3492 1849; x_wconf 77' lang='lat' dir='ltr'><strong>militia:</strong></span> <span class='ocrx_word' id='word_1_228' title='bbox 3544 1796 3724 1864; x_wconf 83' lang='lat' dir='ltr'><strong>ipsius</strong></span> 
     </span>
    </p>
   </div>
   <div class='ocr_carea' id='block_1_33' title="bbox 433 1851 3722 1964">
    <p class='ocr_par' dir='ltr' id='par_1_33' title="bbox 433 1851 3722 1964">
     <span class='ocr_line' id='line_1_33' title="bbox 433 1851 3722 1964; baseline 0.009 -51"><span class='ocrx_word' id='word_1_229' title='bbox 433 1881 640 1950; x_wconf 57' lang='lat' dir='ltr'><strong>palmo</strong></span> <span class='ocrx_word' id='word_1_230' title='bbox 670 1882 816 1952; x_wconf 67' lang='lat' dir='ltr'><strong>quod</strong></span> <span class='ocrx_word' id='word_1_231' title='bbox 861 1895 981 1939; x_wconf 52' lang='lat' dir='ltr'><strong>erat</strong></span> <span class='ocrx_word' id='word_1_232' title='bbox 1017 1886 1072 1940; x_wconf 63' lang='lat' dir='ltr'><strong>in</strong></span> <span class='ocrx_word' id='word_1_233' title='bbox 1107 1888 1429 1959; x_wconf 54' lang='lat' dir='ltr'><strong>Dasmgerd’</strong></span> <span class='ocrx_word' id='word_1_234' title='bbox 1465 1906 1588 1945; x_wconf 69' lang='lat' dir='ltr'><strong>cum</strong></span> <span class='ocrx_word' id='word_1_235' title='bbox 1630 1909 1825 1964; x_wconf 64' lang='lat' dir='ltr'><strong>magna</strong></span> <span class='ocrx_word' id='word_1_236' title='bbox 1865 1894 2026 1949; x_wconf 49' lang='lat' dir='ltr'><strong>(nisi,</strong></span> <span class='ocrx_word' id='word_1_237' title='bbox 2062 1851 2102 1906; x_wconf 70' lang='grc' dir='ltr'><strong>Β</strong></span> <span class='ocrx_word' id='word_1_238' title='bbox 2135 1888 2635 1948; x_wconf 84' lang='lat' dir='ltr'><strong>cognovereneque</strong></span> <span class='ocrx_word' id='word_1_239' title='bbox 2653 1880 2931 1950; x_wconf 88' lang='lat' dir='ltr'><strong>principes</strong></span> <span class='ocrx_word' id='word_1_240' title='bbox 2961 1883 3100 1952; x_wconf 84' lang='lat' dir='ltr'><strong>ejus,</strong></span> <span class='ocrx_word' id='word_1_241' title='bbox 3132 1900 3414 1955; x_wconf 87' lang='lat' dir='ltr'><strong>usquequo</strong></span> <span class='ocrx_word' id='word_1_242' title='bbox 3445 1889 3722 1946; x_wconf 85' lang='lat' dir='ltr'><strong>milliariis</strong></span> 
     </span>
    </p>
   </div>
   <div class='ocr_carea' id='block_1_34' title="bbox 435 1975 2026 2048">
    <p class='ocr_par' dir='ltr' id='par_1_34' title="bbox 435 1975 2026 2048">
     <span class='ocr_line' id='line_1_34' title="bbox 435 1975 2026 2048; baseline 0.012 -24"><span class='ocrx_word' id='word_1_243' title='bbox 435 1975 694 2042; x_wconf 89' lang='lat' dir='ltr'><strong>phontem</strong></span> <span class='ocrx_word' id='word_1_244' title='bbox 727 1976 1010 2031; x_wconf 85' lang='lat' dir='ltr'><strong>celeritate</strong></span> <span class='ocrx_word' id='word_1_245' title='bbox 1049 1980 1318 2048; x_wconf 91' lang='lat' dir='ltr'><strong>petiturus</strong></span> <span class='ocrx_word' id='word_1_246' title='bbox 1345 2020 1359 2042; x_wconf 88' lang='lat'><strong>,</strong></span> <span class='ocrx_word' id='word_1_247' title='bbox 1399 1985 1616 2040; x_wconf 88' lang='lat' dir='ltr'><strong>onustis</strong></span> <span class='ocrx_word' id='word_1_248' title='bbox 1663 2001 1726 2040; x_wconf 80' lang='lat' dir='ltr'><strong>ex</strong></span> <span class='ocrx_word' id='word_1_249' title='bbox 1770 1989 2026 2043; x_wconf 85' lang='lat' dir='ltr'><strong>omnibus</strong></span> 
     </span>
    </p>
   </div>
   <div class='ocr_carea' id='block_1_35' title="bbox 433 2066 2028 2147">
    <p class='ocr_par' dir='ltr' id='par_1_35' title="bbox 433 2066 2028 2147">
     <span class='ocr_line' id='line_1_35' title="bbox 433 2066 2028 2147; baseline 0.013 -32"><span class='ocrx_word' id='word_1_250' title='bbox 433 2066 710 2134; x_wconf 83' lang='lat' dir='ltr'><strong>pecnniis,</strong></span> <span class='ocrx_word' id='word_1_251' title='bbox 739 2084 878 2138; x_wconf 84' lang='lat' dir='ltr'><strong>quas</strong></span> <span class='ocrx_word' id='word_1_252' title='bbox 905 2071 1139 2126; x_wconf 85' lang='lat' dir='ltr'><strong>habebat</strong></span> <span class='ocrx_word' id='word_1_253' title='bbox 1169 2074 1221 2126; x_wconf 92' lang='lat' dir='ltr'><strong>in</strong></span> <span class='ocrx_word' id='word_1_254' title='bbox 1249 2074 1474 2143; x_wconf 92' lang='lat' dir='ltr'><strong>palatio,</strong></span> <span class='ocrx_word' id='word_1_255' title='bbox 1502 2083 1612 2130; x_wconf 87' lang='lat' dir='ltr'><strong>tam</strong></span> <span class='ocrx_word' id='word_1_256' title='bbox 1646 2078 2028 2147; x_wconf 85' lang='lat' dir='ltr'><strong>elephantibus</strong></span> 
     </span>
    </p>
   </div>
   <div class='ocr_carea' id='block_1_36' title="bbox 434 2161 2026 2240">
    <p class='ocr_par' dir='ltr' id='par_1_36' title="bbox 434 2161 2026 2240">
     <span class='ocr_line' id='line_1_36' title="bbox 434 2161 2026 2240; baseline 0.009 -28"><span class='ocrx_word' id='word_1_257' title='bbox 434 2173 599 2228; x_wconf 86' lang='lat' dir='ltr'><strong>quam</strong></span> <span class='ocrx_word' id='word_1_258' title='bbox 631 2161 859 2216; x_wconf 86' lang='lat' dir='ltr'><strong>camelis</strong></span> <span class='ocrx_word' id='word_1_259' title='bbox 889 2173 1052 2231; x_wconf 86' lang='lat' dir='ltr'><strong>atque</strong></span> <span class='ocrx_word' id='word_1_260' title='bbox 1085 2164 1428 2222; x_wconf 84' lang='lat' dir='ltr'><strong>burdonibus</strong></span> <span class='ocrx_word' id='word_1_261' title='bbox 1457 2168 1568 2239; x_wconf 69' lang='grc' dir='ltr'><strong>(ὕᾷ)</strong></span> <span class='ocrx_word' id='word_1_262' title='bbox 1598 2171 1885 2226; x_wconf 87' lang='lat' dir='ltr'><strong>ministerii</strong></span> <span class='ocrx_word' id='word_1_263' title='bbox 1918 2173 2026 2240; x_wconf 91' lang='lat' dir='ltr'><strong>sui,</strong></span> 
     </span>
    </p>
   </div>
   <div class='ocr_carea' id='block_1_37' title="bbox 435 2250 2028 2330">
    <p class='ocr_par' dir='ltr' id='par_1_37' title="bbox 435 2250 2028 2330">
     <span class='ocr_line' id='line_1_37' title="bbox 435 2250 2028 2330; baseline 0.01 -28"><span class='ocrx_word' id='word_1_264' title='bbox 435 2250 690 2305; x_wconf 81' lang='lat' dir='ltr'><strong>scribens</strong></span> <span class='ocrx_word' id='word_1_265' title='bbox 729 2263 781 2306; x_wconf 91' lang='lat' dir='ltr'><strong>et</strong></span> <span class='ocrx_word' id='word_1_266' title='bbox 827 2254 1028 2322; x_wconf 88' lang='lat' dir='ltr'><strong>populo</strong></span> <span class='ocrx_word' id='word_1_267' title='bbox 1067 2254 1277 2311; x_wconf 84' lang='lat' dir='ltr'><strong>Rhazat</strong></span> <span class='ocrx_word' id='word_1_268' title='bbox 1321 2266 1382 2311; x_wconf 92' lang='lat' dir='ltr'><strong>ut</strong></span> <span class='ocrx_word' id='word_1_269' title='bbox 1415 2261 1842 2330; x_wconf 80' lang='lat' dir='ltr'><strong>ingrederentur</strong></span> <span class='ocrx_word' id='word_1_270' title='bbox 1883 2263 2028 2318; x_wconf 89' lang='lat' dir='ltr'><strong>idem</strong></span> 
     </span>
    </p>
   </div>
   <div class='ocr_carea' id='block_1_38' title="bbox 434 2344 2030 2424">
    <p class='ocr_par' dir='ltr' id='par_1_38' title="bbox 434 2344 2030 2424">
     <span class='ocr_line' id='line_1_38' title="bbox 434 2344 2030 2424; baseline 0.009 -29"><span class='ocrx_word' id='word_1_271' title='bbox 434 2344 698 2414; x_wconf 89' lang='lat' dir='ltr'><strong>palatium</strong></span> <span class='ocrx_word' id='word_1_272' title='bbox 737 2355 789 2399; x_wconf 91' lang='lat' dir='ltr'><strong>et</strong></span> <span class='ocrx_word' id='word_1_273' title='bbox 824 2349 1134 2416; x_wconf 89' lang='lat' dir='ltr'><strong>principum</strong></span> <span class='ocrx_word' id='word_1_274' title='bbox 1179 2350 1393 2417; x_wconf 77' lang='lat' dir='ltr'><strong>domos,</strong></span> <span class='ocrx_word' id='word_1_275' title='bbox 1443 2361 1498 2406; x_wconf 90' lang='lat' dir='ltr'><strong>et</strong></span> <span class='ocrx_word' id='word_1_276' title='bbox 1544 2355 1810 2424; x_wconf 86' lang='lat' dir='ltr'><strong>quidquid</strong></span> <span class='ocrx_word' id='word_1_277' title='bbox 1847 2356 1900 2409; x_wconf 93' lang='lat' dir='ltr'><strong>in</strong></span> <span class='ocrx_word' id='word_1_278' title='bbox 1945 2355 2030 2410; x_wconf 88' lang='lat' dir='ltr'><strong>his</strong></span> 
     </span>
    </p>
   </div>
   <div class='ocr_carea' id='block_1_39' title="bbox 435 2435 2030 2515">
    <p class='ocr_par' dir='ltr' id='par_1_39' title="bbox 435 2435 2030 2515">
     <span class='ocr_line' id='line_1_39' title="bbox 435 2435 2030 2515; baseline 0.009 -27"><span class='ocrx_word' id='word_1_279' title='bbox 435 2435 780 2494; x_wconf 78' lang='lat' dir='ltr'><strong>inveniretur</strong></span> <span class='ocrx_word' id='word_1_280' title='bbox 817 2439 1118 2495; x_wconf 89' lang='lat' dir='ltr'><strong>auferrent.</strong></span> <span class='ocrx_word' id='word_1_281' title='bbox 1165 2443 1354 2513; x_wconf 87' lang='lat' dir='ltr'><strong>itaque</strong></span> <span class='ocrx_word' id='word_1_282' title='bbox 1400 2445 1702 2515; x_wconf 78' lang='lat' dir='ltr'><strong>imperator</strong></span> <span class='ocrx_word' id='word_1_283' title='bbox 1733 2447 2030 2503; x_wconf 91' lang='lat' dir='ltr'><strong>dimidium</strong></span> 
     </span>
    </p>
   </div>
   <div class='ocr_carea' id='block_1_40' title="bbox 437 2529 2033 2610">
    <p class='ocr_par' dir='ltr' id='par_1_40' title="bbox 437 2529 2033 2610">
     <span class='ocr_line' id='line_1_40' title="bbox 437 2529 2033 2610; baseline 0.009 -28"><span class='ocrx_word' id='word_1_284' title='bbox 437 2529 661 2598; x_wconf 89' lang='lat' dir='ltr'><strong>quidem</strong></span> <span class='ocrx_word' id='word_1_285' title='bbox 711 2535 1013 2588; x_wconf 84' lang='lat' dir='ltr'><strong>exercitum</strong></span> <span class='ocrx_word' id='word_1_286' title='bbox 1065 2536 1214 2591; x_wconf 91' lang='lat' dir='ltr'><strong>misit</strong></span> <span class='ocrx_word' id='word_1_287' title='bbox 1241 2538 1306 2591; x_wconf 89' lang='lat' dir='ltr'><strong>ad</strong></span> <span class='ocrx_word' id='word_1_288' title='bbox 1355 2537 1681 2609; x_wconf 86' lang='lat' dir='ltr'><strong>Dastagerd,</strong></span> <span class='ocrx_word' id='word_1_289' title='bbox 1731 2541 1851 2610; x_wconf 89' lang='lat' dir='ltr'><strong>ipse</strong></span> <span class='ocrx_word' id='word_1_290' title='bbox 1901 2557 2033 2597; x_wconf 87' lang='lat' dir='ltr'><strong>vero</strong></span> 
     </span>
    </p>
   </div>
   <div class='ocr_carea' id='block_1_41' title="bbox 437 2623 2033 2704">
    <p class='ocr_par' dir='ltr' id='par_1_41' title="bbox 437 2623 2033 2704">
     <span class='ocr_line' id='line_1_41' title="bbox 437 2623 2033 2704; baseline 0.009 -27"><span class='ocrx_word' id='word_1_291' title='bbox 437 2639 537 2694; x_wconf 83' lang='lat' dir='ltr'><strong>per</strong></span> <span class='ocrx_word' id='word_1_292' title='bbox 570 2623 732 2677; x_wconf 86' lang='lat' dir='ltr'><strong>aliam</strong></span> <span class='ocrx_word' id='word_1_293' title='bbox 777 2629 918 2680; x_wconf 85' lang='lat' dir='ltr'><strong>viam</strong></span> <span class='ocrx_word' id='word_1_294' title='bbox 956 2629 1090 2683; x_wconf 86' lang='lat' dir='ltr'><strong>abiit</strong></span> <span class='ocrx_word' id='word_1_295' title='bbox 1133 2630 1199 2684; x_wconf 90' lang='lat' dir='ltr'><strong>ad</strong></span> <span class='ocrx_word' id='word_1_296' title='bbox 1234 2631 1383 2685; x_wconf 92' lang='lat' dir='ltr'><strong>aliud</strong></span> <span class='ocrx_word' id='word_1_297' title='bbox 1438 2633 1698 2701; x_wconf 87' lang='lat' dir='ltr'><strong>palatium</strong></span> <span class='ocrx_word' id='word_1_298' title='bbox 1734 2634 1881 2704; x_wconf 89' lang='lat' dir='ltr'><strong>quod</strong></span> <span class='ocrx_word' id='word_1_299' title='bbox 1933 2649 2033 2690; x_wconf 90' lang='lat' dir='ltr'><strong>co-</strong></span> 
     </span>
    </p>
   </div>
   <div class='ocr_carea' id='block_1_42' title="bbox 440 2719 2032 2797">
    <p class='ocr_par' dir='ltr' id='par_1_42' title="bbox 440 2719 2032 2797">
     <span class='ocr_line' id='line_1_42' title="bbox 440 2719 2032 2797; baseline 0.009 -28"><span class='ocrx_word' id='word_1_300' title='bbox 440 2719 868 2785; x_wconf 85' lang='lat' dir='ltr'><strong>gnominabatur</strong></span> <span class='ocrx_word' id='word_1_301' title='bbox 923 2719 1266 2777; x_wconf 85' lang='lat' dir='ltr'><strong>Bebdarach.</strong></span> <span class='ocrx_word' id='word_1_302' title='bbox 1326 2725 1391 2778; x_wconf 84' lang='lat' dir='ltr'><strong>Et</strong></span> <span class='ocrx_word' id='word_1_303' title='bbox 1445 2725 1534 2778; x_wconf 87' lang='lat' dir='ltr'><strong>his</strong></span> <span class='ocrx_word' id='word_1_304' title='bbox 1584 2726 1764 2781; x_wconf 85' lang='lat' dir='ltr'><strong>ruinis</strong></span> <span class='ocrx_word' id='word_1_305' title='bbox 1809 2735 1864 2782; x_wconf 89' lang='lat' dir='ltr'><strong>et</strong></span> <span class='ocrx_word' id='word_1_306' title='bbox 1916 2726 2032 2797; x_wconf 83' lang='lat' dir='ltr'><strong>igni</strong></span> 
     </span>
    </p>
   </div>
   <div class='ocr_carea' id='block_1_43' title="bbox 439 2807 2035 2884">
    <p class='ocr_par' dir='ltr' id='par_1_43' title="bbox 439 2807 2035 2884">
     <span class='ocr_line' id='line_1_43' title="bbox 439 2807 2035 2884; baseline 0.011 -26"><span class='ocrx_word' id='word_1_307' title='bbox 439 2807 655 2863; x_wconf 82' lang='lat' dir='ltr'><strong>traditis</strong></span> <span class='ocrx_word' id='word_1_308' title='bbox 689 2810 894 2878; x_wconf 84' lang='lat' dir='ltr'><strong>gratias</strong></span> <span class='ocrx_word' id='word_1_309' title='bbox 942 2827 1103 2882; x_wconf 86' lang='lat' dir='ltr'><strong>egere</strong></span> <span class='ocrx_word' id='word_1_310' title='bbox 1147 2813 1294 2879; x_wconf 89' lang='lat' dir='ltr'><strong>Deo,</strong></span> <span class='ocrx_word' id='word_1_311' title='bbox 1329 2817 1421 2884; x_wconf 90' lang='lat' dir='ltr'><strong>qui</strong></span> <span class='ocrx_word' id='word_1_312' title='bbox 1468 2831 1564 2883; x_wconf 89' lang='lat' dir='ltr'><strong>per</strong></span> <span class='ocrx_word' id='word_1_313' title='bbox 1611 2817 2035 2876; x_wconf 86' lang='lat' dir='ltr'><strong>intercessiones</strong></span> 
     </span>
    </p>
   </div>
   <div class='ocr_carea' id='block_1_44' title="bbox 445 2899 2036 2980">
    <p class='ocr_par' dir='ltr' id='par_1_44' title="bbox 445 2899 2036 2980">
     <span class='ocr_line' id='line_1_44' title="bbox 445 2899 2036 2980; baseline 0.008 -27"><span class='ocrx_word' id='word_1_314' title='bbox 445 2899 535 2955; x_wconf 85' lang='lat' dir='ltr'><strong>Dei</strong></span> <span class='ocrx_word' id='word_1_315' title='bbox 579 2902 878 2959; x_wconf 88' lang='lat' dir='ltr'><strong>Genitricis</strong></span> <span class='ocrx_word' id='word_1_316' title='bbox 932 2908 1062 2961; x_wconf 88' lang='lat' dir='ltr'><strong>talia</strong></span> <span class='ocrx_word' id='word_1_317' title='bbox 1114 2908 1382 2962; x_wconf 89' lang='lat' dir='ltr'><strong>miracula</strong></span> <span class='ocrx_word' id='word_1_318' title='bbox 1435 2917 1666 2978; x_wconf 89' lang='lat' dir='ltr'><strong>patrat:</strong></span> <span class='ocrx_word' id='word_1_319' title='bbox 1715 2911 1840 2980; x_wconf 90' lang='lat' dir='ltr'><strong>quis</strong></span> <span class='ocrx_word' id='word_1_320' title='bbox 1888 2913 2036 2967; x_wconf 86' lang='lat' dir='ltr'><strong>enim</strong></span> 
     </span>
    </p>
   </div>
   <div class='ocr_carea' id='block_1_45' title="bbox 441 2997 2036 3070">
    <p class='ocr_par' dir='ltr' id='par_1_45' title="bbox 441 2997 2036 3070">
     <span class='ocr_line' id='line_1_45' title="bbox 441 2997 2036 3070; baseline 0.011 -25"><span class='ocrx_word' id='word_1_321' title='bbox 441 2997 682 3062; x_wconf 63' lang='lat' dir='ltr'><strong>Speravit</strong></span> <span class='ocrx_word' id='word_1_322' title='bbox 723 3013 961 3067; x_wconf 84' lang='lat' dir='ltr'><strong>unquam</strong></span> <span class='ocrx_word' id='word_1_323' title='bbox 1005 2999 1190 3070; x_wconf 84' lang='lat' dir='ltr'><strong>fugere</strong></span> <span class='ocrx_word' id='word_1_324' title='bbox 1227 3000 1511 3055; x_wconf 88' lang='lat' dir='ltr'><strong>Chosroen</strong></span> <span class='ocrx_word' id='word_1_325' title='bbox 1553 3016 1581 3054; x_wconf 87' lang='lat' dir='ltr'><strong>a</strong></span> <span class='ocrx_word' id='word_1_326' title='bbox 1620 3000 1761 3058; x_wconf 86' lang='lat' dir='ltr'><strong>faeie</strong></span> <span class='ocrx_word' id='word_1_327' title='bbox 1804 3001 2036 3063; x_wconf 78' lang='lat' dir='ltr'><strong>Romani</strong></span> 
     </span>
    </p>
   </div>
   <div class='ocr_carea' id='block_1_46' title="bbox 441 3086 2034 3164">
    <p class='ocr_par' dir='ltr' id='par_1_46' title="bbox 441 3086 2034 3164">
     <span class='ocr_line' id='line_1_46' title="bbox 441 3086 2034 3164; baseline 0.007 -28"><span class='ocrx_word' id='word_1_328' title='bbox 441 3086 707 3155; x_wconf 88' lang='lat' dir='ltr'><strong>principis</strong></span> <span class='ocrx_word' id='word_1_329' title='bbox 740 3087 808 3143; x_wconf 90' lang='lat' dir='ltr'><strong>de</strong></span> <span class='ocrx_word' id='word_1_330' title='bbox 858 3088 1074 3157; x_wconf 87' lang='lat' dir='ltr'><strong>palatiis</strong></span> <span class='ocrx_word' id='word_1_331' title='bbox 1108 3091 1225 3144; x_wconf 87' lang='lat' dir='ltr'><strong>suis</strong></span> <span class='ocrx_word' id='word_1_332' title='bbox 1258 3106 1380 3160; x_wconf 71' lang='lat' dir='ltr'><strong>qua:</strong></span> <span class='ocrx_word' id='word_1_333' title='bbox 1420 3099 1579 3145; x_wconf 84' lang='lat' dir='ltr'><strong>erant</strong></span> <span class='ocrx_word' id='word_1_334' title='bbox 1616 3092 1670 3145; x_wconf 92' lang='lat' dir='ltr'><strong>in</strong></span> <span class='ocrx_word' id='word_1_335' title='bbox 1713 3092 2034 3164; x_wconf 84' lang='lat' dir='ltr'><strong>Dastagerd,</strong></span> 
     </span>
    </p>
   </div>
   <div class='ocr_carea' id='block_1_47' title="bbox 2131 1967 3725 2048">
    <p class='ocr_par' dir='ltr' id='par_1_47' title="bbox 2131 1967 3725 2048">
     <span class='ocr_line' id='line_1_47' title="bbox 2131 1967 3725 2048; baseline 0.011 -30"><span class='ocrx_word' id='word_1_336' title='bbox 2131 1967 2375 2036; x_wconf 89' lang='lat' dir='ltr'><strong>quinque</strong></span> <span class='ocrx_word' id='word_1_337' title='bbox 2413 1970 2691 2037; x_wconf 74' lang='lat' dir='ltr'><strong>perrexit,</strong></span> <span class='ocrx_word' id='word_1_338' title='bbox 2745 1971 3014 2040; x_wconf 89' lang='lat' dir='ltr'><strong>siquidem</strong></span> <span class='ocrx_word' id='word_1_339' title='bbox 3047 1983 3176 2028; x_wconf 92' lang='lat' dir='ltr'><strong>tunc</strong></span> <span class='ocrx_word' id='word_1_340' title='bbox 3206 1978 3479 2030; x_wconf 83' lang='lat' dir='ltr'><strong>mandavit</strong></span> <span class='ocrx_word' id='word_1_341' title='bbox 3512 1994 3621 2048; x_wconf 89' lang='lat' dir='ltr'><strong>quo</strong></span> <span class='ocrx_word' id='word_1_342' title='bbox 3661 1995 3725 2035; x_wconf 87' lang='lat' dir='ltr'><strong>se</strong></span> 
     </span>
    </p>
   </div>
   <div class='ocr_carea' id='block_1_48' title="bbox 2133 2060 3722 2140">
    <p class='ocr_par' dir='ltr' id='par_1_48' title="bbox 2133 2060 3722 2140">
     <span class='ocr_line' id='line_1_48' title="bbox 2133 2060 3722 2140; baseline 0.008 -28"><span class='ocrx_word' id='word_1_343' title='bbox 2133 2069 2495 2126; x_wconf 85' lang='lat' dir='ltr'><strong>sequerentur</strong></span> <span class='ocrx_word' id='word_1_344' title='bbox 2535 2060 2934 2131; x_wconf 86' lang='lat' dir='ltr'><strong>Ctisiphontem</strong></span> <span class='ocrx_word' id='word_1_345' title='bbox 2967 2065 3274 2122; x_wconf 86' lang='lat' dir='ltr'><strong>tendentes.</strong></span> <span class='ocrx_word' id='word_1_346' title='bbox 3311 2068 3377 2121; x_wconf 89' lang='lat' dir='ltr'><strong>Et</strong></span> <span class='ocrx_word' id='word_1_347' title='bbox 3405 2070 3454 2124; x_wconf 87' lang='lat' dir='ltr'><strong>is</strong></span> <span class='ocrx_word' id='word_1_348' title='bbox 3481 2072 3571 2140; x_wconf 88' lang='lat' dir='ltr'><strong>qui</strong></span> <span class='ocrx_word' id='word_1_349' title='bbox 3613 2087 3722 2126; x_wconf 89' lang='lat' dir='ltr'><strong>non</strong></span> 
     </span>
    </p>
   </div>
   <div class='ocr_carea' id='block_1_49' title="bbox 2132 2152 3725 2233">
    <p class='ocr_par' dir='ltr' id='par_1_49' title="bbox 2132 2152 3725 2233">
     <span class='ocr_line' id='line_1_49' title="bbox 2132 2152 3725 2233; baseline 0.011 -32"><span class='ocrx_word' id='word_1_350' title='bbox 2132 2158 2348 2219; x_wconf 82' lang='lat' dir='ltr'><strong>poterat</strong></span> <span class='ocrx_word' id='word_1_351' title='bbox 2375 2152 2617 2222; x_wconf 88' lang='lat' dir='ltr'><strong>quinque</strong></span> <span class='ocrx_word' id='word_1_352' title='bbox 2651 2154 2907 2209; x_wconf 85' lang='lat' dir='ltr'><strong>milliaria</strong></span> <span class='ocrx_word' id='word_1_353' title='bbox 2959 2155 3140 2212; x_wconf 88' lang='lat' dir='ltr'><strong>facere</strong></span> <span class='ocrx_word' id='word_1_354' title='bbox 3171 2173 3268 2228; x_wconf 89' lang='lat' dir='ltr'><strong>per</strong></span> <span class='ocrx_word' id='word_1_355' title='bbox 3302 2161 3467 2224; x_wconf 82' lang='lat' dir='ltr'><strong>dicat,</strong></span> <span class='ocrx_word' id='word_1_356' title='bbox 3507 2163 3725 2233; x_wconf 87' lang='lat' dir='ltr'><strong>fugiens</strong></span> 
     </span>
    </p>
   </div>
   <div class='ocr_carea' id='block_1_50' title="bbox 2133 2241 3726 2329">
    <p class='ocr_par' dir='ltr' id='par_1_50' title="bbox 2133 2241 3726 2329">
     <span class='ocr_line' id='line_1_50' title="bbox 2133 2241 3726 2329; baseline 0.009 -32"><span class='ocrx_word' id='word_1_357' title='bbox 2133 2241 2263 2297; x_wconf 80' lang='lat' dir='ltr'><strong>fecit</strong></span> <span class='ocrx_word' id='word_1_358' title='bbox 2290 2243 2478 2314; x_wconf 81' lang='lat' dir='ltr'><strong>viginti</strong></span> <span class='ocrx_word' id='word_1_359' title='bbox 2511 2246 2770 2316; x_wconf 85' lang='lat' dir='ltr'><strong>quinque,</strong></span> <span class='ocrx_word' id='word_1_360' title='bbox 2807 2250 3178 2322; x_wconf 85' lang='lat' dir='ltr'><strong>mulieresque</strong></span> <span class='ocrx_word' id='word_1_361' title='bbox 3222 2269 3285 2308; x_wconf 90' lang='lat' dir='ltr'><strong>ac</strong></span> <span class='ocrx_word' id='word_1_362' title='bbox 3320 2256 3413 2309; x_wconf 90' lang='lat' dir='ltr'><strong>lilii</strong></span> <span class='ocrx_word' id='word_1_363' title='bbox 3450 2258 3590 2325; x_wconf 84' lang='lat' dir='ltr'><strong>ejus,</strong></span> <span class='ocrx_word' id='word_1_364' title='bbox 3632 2259 3726 2329; x_wconf 87' lang='lat' dir='ltr'><strong>qui</strong></span> 
     </span>
    </p>
   </div>
   <div class='ocr_carea' id='block_1_51' title="bbox 2133 2335 3725 2410">
    <p class='ocr_par' dir='ltr' id='par_1_51' title="bbox 2133 2335 3725 2410">
     <span class='ocr_line' id='line_1_51' title="bbox 2133 2335 3725 2410; baseline 0.009 -20"><span class='ocrx_word' id='word_1_365' title='bbox 2133 2349 2193 2390; x_wconf 86' lang='lat' dir='ltr'><strong>se</strong></span> <span class='ocrx_word' id='word_1_366' title='bbox 2220 2335 2372 2404; x_wconf 89' lang='lat' dir='ltr'><strong>prius</strong></span> <span class='ocrx_word' id='word_1_367' title='bbox 2415 2338 2714 2394; x_wconf 84' lang='lat' dir='ltr'><strong>alterutros</strong></span> <span class='ocrx_word' id='word_1_368' title='bbox 2760 2357 2868 2396; x_wconf 90' lang='lat' dir='ltr'><strong>non</strong></span> <span class='ocrx_word' id='word_1_369' title='bbox 2899 2344 3176 2410; x_wconf 82' lang='lat' dir='ltr'><strong>videbant,</strong></span> <span class='ocrx_word' id='word_1_370' title='bbox 3216 2355 3349 2402; x_wconf 82' lang='lat' dir='ltr'><strong>ttmc</strong></span> <span class='ocrx_word' id='word_1_371' title='bbox 3381 2349 3590 2404; x_wconf 77' lang='lat' dir='ltr'><strong>mixtim</strong></span> <span class='ocrx_word' id='word_1_372' title='bbox 3636 2352 3725 2405; x_wconf 57' lang='lat' dir='ltr'><strong>fu-</strong></span> 
     </span>
    </p>
   </div>
   <div class='ocr_carea' id='block_1_52' title="bbox 2135 2426 3726 2510">
    <p class='ocr_par' dir='ltr' id='par_1_52' title="bbox 2135 2426 3726 2510">
     <span class='ocr_line' id='line_1_52' title="bbox 2135 2426 3726 2510; baseline 0.014 -32"><span class='ocrx_word' id='word_1_373' title='bbox 2135 2426 2361 2498; x_wconf 84' lang='lat' dir='ltr'><strong>giebant</strong></span> <span class='ocrx_word' id='word_1_374' title='bbox 2388 2429 2620 2487; x_wconf 89' lang='lat' dir='ltr'><strong>invicem</strong></span> <span class='ocrx_word' id='word_1_375' title='bbox 2641 2434 3003 2504; x_wconf 85' lang='lat' dir='ltr'><strong>impellentes.</strong></span> <span class='ocrx_word' id='word_1_376' title='bbox 3031 2437 3276 2510; x_wconf 85' lang='lat' dir='ltr'><strong>Cumque</strong></span> <span class='ocrx_word' id='word_1_377' title='bbox 3309 2458 3417 2495; x_wconf 82' lang='lat' dir='ltr'><strong>nox</strong></span> <span class='ocrx_word' id='word_1_378' title='bbox 3451 2444 3726 2499; x_wconf 86' lang='lat' dir='ltr'><strong>accessis-</strong></span> 
     </span>
    </p>
   </div>
   <div class='ocr_carea' id='block_1_53' title="bbox 2127 2521 3724 2603">
    <p class='ocr_par' dir='ltr' id='par_1_53' title="bbox 2127 2521 3724 2603">
     <span class='ocr_line' id='line_1_53' title="bbox 2127 2521 3724 2603; baseline 0.011 -27"><span class='ocrx_word' id='word_1_379' title='bbox 2127 2529 2242 2585; x_wconf 76' lang='lat' dir='ltr'><strong>set,</strong></span> <span class='ocrx_word' id='word_1_380' title='bbox 2277 2521 2524 2578; x_wconf 86' lang='lat' dir='ltr'><strong>introivit</strong></span> <span class='ocrx_word' id='word_1_381' title='bbox 2549 2525 2828 2583; x_wconf 88' lang='lat' dir='ltr'><strong>Chosroes</strong></span> <span class='ocrx_word' id='word_1_382' title='bbox 2861 2529 2914 2583; x_wconf 93' lang='lat' dir='ltr'><strong>in</strong></span> <span class='ocrx_word' id='word_1_383' title='bbox 2937 2530 3163 2586; x_wconf 87' lang='lat' dir='ltr'><strong>domum</strong></span> <span class='ocrx_word' id='word_1_384' title='bbox 3188 2534 3441 2603; x_wconf 70' lang='lat' dir='ltr'><strong>agricola:</strong></span> <span class='ocrx_word' id='word_1_385' title='bbox 3465 2537 3641 2601; x_wconf 91' lang='lat' dir='ltr'><strong>nihili,</strong></span> <span class='ocrx_word' id='word_1_386' title='bbox 3667 2539 3724 2593; x_wconf 88' lang='lat' dir='ltr'><strong>in</strong></span> 
     </span>
    </p>
   </div>
   <div class='ocr_carea' id='block_1_54' title="bbox 2137 2617 3726 2701">
    <p class='ocr_par' dir='ltr' id='par_1_54' title="bbox 2137 2617 3726 2701">
     <span class='ocr_line' id='line_1_54' title="bbox 2137 2617 3726 2701; baseline 0.013 -30"><span class='ocrx_word' id='word_1_387' title='bbox 2137 2617 2303 2687; x_wconf 88' lang='lat' dir='ltr'><strong>cujus</strong></span> <span class='ocrx_word' id='word_1_388' title='bbox 2345 2620 2490 2676; x_wconf 91' lang='lat' dir='ltr'><strong>ostio</strong></span> <span class='ocrx_word' id='word_1_389' title='bbox 2536 2621 2629 2677; x_wconf 80' lang='lat' dir='ltr'><strong>vix</strong></span> <span class='ocrx_word' id='word_1_390' title='bbox 2676 2637 2900 2681; x_wconf 87' lang='lat' dir='ltr'><strong>manere</strong></span> <span class='ocrx_word' id='word_1_391' title='bbox 2943 2629 3278 2697; x_wconf 83' lang='lat' dir='ltr'><strong>praevaluit;</strong></span> <span class='ocrx_word' id='word_1_392' title='bbox 3338 2634 3481 2701; x_wconf 90' lang='lat' dir='ltr'><strong>quod</strong></span> <span class='ocrx_word' id='word_1_393' title='bbox 3533 2635 3726 2692; x_wconf 87' lang='lat' dir='ltr'><strong>videns</strong></span> 
     </span>
    </p>
   </div>
   <div class='ocr_carea' id='block_1_55' title="bbox 2138 2711 3723 2781">
    <p class='ocr_par' dir='ltr' id='par_1_55' title="bbox 2138 2711 3723 2781">
     <span class='ocr_line' id='line_1_55' title="bbox 2138 2711 3723 2781; baseline 0.013 -20"><span class='ocrx_word' id='word_1_394' title='bbox 2138 2711 2489 2778; x_wconf 90' lang='lat' dir='ltr'><strong>postmodum</strong></span> <span class='ocrx_word' id='word_1_395' title='bbox 2509 2712 2794 2771; x_wconf 83' lang='lat' dir='ltr'><strong>Heraclius</strong></span> <span class='ocrx_word' id='word_1_396' title='bbox 2824 2715 3127 2774; x_wconf 89' lang='lat' dir='ltr'><strong>admiratus</strong></span> <span class='ocrx_word' id='word_1_397' title='bbox 3151 2729 3254 2778; x_wconf 90' lang='lat' dir='ltr'><strong>est.</strong></span> <span class='ocrx_word' id='word_1_398' title='bbox 3277 2720 3380 2778; x_wconf 87' lang='lat' dir='ltr'><strong>Per</strong></span> <span class='ocrx_word' id='word_1_399' title='bbox 3397 2731 3510 2781; x_wconf 88' lang='lat' dir='ltr'><strong>tres</strong></span> <span class='ocrx_word' id='word_1_400' title='bbox 3541 2735 3723 2781; x_wconf 88' lang='lat' dir='ltr'><strong>autem</strong></span> 
     </span>
    </p>
   </div>
   <div class='ocr_carea' id='block_1_56' title="bbox 2141 2800 3722 2886">
    <p class='ocr_par' dir='ltr' id='par_1_56' title="bbox 2141 2800 3722 2886">
     <span class='ocr_line' id='line_1_56' title="bbox 2141 2800 3722 2886; baseline 0.011 -31"><span class='ocrx_word' id='word_1_401' title='bbox 2141 2800 2258 2857; x_wconf 77' lang='lat' dir='ltr'><strong>dies</strong></span> <span class='ocrx_word' id='word_1_402' title='bbox 2287 2803 2423 2858; x_wconf 86' lang='lat' dir='ltr'><strong>adiit</strong></span> <span class='ocrx_word' id='word_1_403' title='bbox 2460 2804 2890 2874; x_wconf 84' lang='lat' dir='ltr'><strong>Ctisiphontem.</strong></span> <span class='ocrx_word' id='word_1_404' title='bbox 2919 2807 3063 2864; x_wconf 86' lang='lat' dir='ltr'><strong>Sane</strong></span> <span class='ocrx_word' id='word_1_405' title='bbox 3100 2810 3374 2869; x_wconf 86' lang='lat' dir='ltr'><strong>Chosroes</strong></span> <span class='ocrx_word' id='word_1_406' title='bbox 3399 2831 3722 2886; x_wconf 88' lang='lat' dir='ltr'><strong>responsum</strong></span> 
     </span>
    </p>
   </div>
   <div class='ocr_carea' id='block_1_57' title="bbox 2142 2895 3727 2977">
    <p class='ocr_par' dir='ltr' id='par_1_57' title="bbox 2142 2895 3727 2977">
     <span class='ocr_line' id='line_1_57' title="bbox 2142 2895 3727 2977; baseline 0.014 -34"><span class='ocrx_word' id='word_1_407' title='bbox 2142 2901 2432 2962; x_wconf 85' lang='lat' dir='ltr'><strong>acceperat</strong></span> <span class='ocrx_word' id='word_1_408' title='bbox 2460 2909 2490 2948; x_wconf 89' lang='lat' dir='ltr'><strong>a</strong></span> <span class='ocrx_word' id='word_1_409' title='bbox 2526 2895 2792 2952; x_wconf 84' lang='lat' dir='ltr'><strong>maleficis</strong></span> <span class='ocrx_word' id='word_1_410' title='bbox 2822 2907 2876 2953; x_wconf 88' lang='lat' dir='ltr'><strong>et</strong></span> <span class='ocrx_word' id='word_1_411' title='bbox 2914 2902 3206 2972; x_wconf 83' lang='lat' dir='ltr'><strong>astrologis</strong></span> <span class='ocrx_word' id='word_1_412' title='bbox 3241 2913 3369 2960; x_wconf 90' lang='lat' dir='ltr'><strong>ante</strong></span> <span class='ocrx_word' id='word_1_413' title='bbox 3408 2915 3645 2977; x_wconf 88' lang='lat' dir='ltr'><strong>quatuor</strong></span> <span class='ocrx_word' id='word_1_414' title='bbox 3669 2918 3727 2966; x_wconf 88' lang='lat' dir='ltr'><strong>et</strong></span> 
     </span>
    </p>
   </div>
   <div class='ocr_carea' id='block_1_58' title="bbox 2143 2984 3729 3066">
    <p class='ocr_par' dir='ltr' id='par_1_58' title="bbox 2143 2984 3729 3066">
     <span class='ocr_line' id='line_1_58' title="bbox 2143 2984 3729 3066; baseline 0.011 -28"><span class='ocrx_word' id='word_1_415' title='bbox 2143 2984 2368 3040; x_wconf 90' lang='lat' dir='ltr'><strong>vicenos</strong></span> <span class='ocrx_word' id='word_1_416' title='bbox 2391 3000 2588 3054; x_wconf 89' lang='lat' dir='ltr'><strong>annos,</strong></span> <span class='ocrx_word' id='word_1_417' title='bbox 2625 2990 2843 3058; x_wconf 88' lang='lat' dir='ltr'><strong>quando</strong></span> <span class='ocrx_word' id='word_1_418' title='bbox 2874 2990 3052 3049; x_wconf 88' lang='lat' dir='ltr'><strong>Dacos</strong></span> <span class='ocrx_word' id='word_1_419' title='bbox 3078 2995 3443 3066; x_wconf 87' lang='lat' dir='ltr'><strong>depopulatus</strong></span> <span class='ocrx_word' id='word_1_420' title='bbox 3471 3009 3553 3054; x_wconf 77' lang='lat' dir='ltr'><strong>est</strong></span> <span class='ocrx_word' id='word_1_421' title='bbox 3588 3010 3729 3056; x_wconf 85' lang='lat' dir='ltr'><strong>tem-</strong></span> 
     </span>
    </p>
   </div>
   <div class='ocr_carea' id='block_1_59' title="bbox 2144 3080 3728 3165">
    <p class='ocr_par' dir='ltr' id='par_1_59' title="bbox 2144 3080 3728 3165">
     <span class='ocr_line' id='line_1_59' title="bbox 2144 3080 3728 3165; baseline 0.013 -35"><span class='ocrx_word' id='word_1_422' title='bbox 2144 3080 2376 3148; x_wconf 86' lang='lat' dir='ltr'><strong>poribus</strong></span> <span class='ocrx_word' id='word_1_423' title='bbox 2408 3080 2603 3136; x_wconf 73' lang='lat' dir='ltr'><strong>Phoca:</strong></span> <span class='ocrx_word' id='word_1_424' title='bbox 2637 3081 2867 3138; x_wconf 71' lang='lat' dir='ltr'><strong>llatnani</strong></span> <span class='ocrx_word' id='word_1_425' title='bbox 2889 3088 3171 3156; x_wconf 89' lang='lat' dir='ltr'><strong>principis,</strong></span> <span class='ocrx_word' id='word_1_426' title='bbox 3192 3091 3337 3158; x_wconf 89' lang='lat' dir='ltr'><strong>quod</strong></span> <span class='ocrx_word' id='word_1_427' title='bbox 3359 3099 3601 3162; x_wconf 86' lang='lat' dir='ltr'><strong>tempore</strong></span> <span class='ocrx_word' id='word_1_428' title='bbox 3617 3111 3728 3165; x_wconf 87' lang='lat' dir='ltr'><strong>quo</strong></span> 
     </span>
    </p>
   </div>
   <div class='ocr_carea' id='block_1_60' title="bbox 388 3171 3728 3266">
    <p class='ocr_par' dir='ltr' id='par_1_60' title="bbox 388 3171 3728 3266">
     <span class='ocr_line' id='line_1_60' title="bbox 388 3171 3728 3266; baseline 0.01 -54"><span class='ocrx_word' id='word_1_429' title='bbox 388 3208 392 3212; x_wconf 86' lang='lat'><strong>.</strong></span> <span class='ocrx_word' id='word_1_430' title='bbox 442 3185 496 3230; x_wconf 66' lang='grc' dir='ltr'>ει</span> <span class='ocrx_word' id='word_1_431' title='bbox 529 3189 714 3247; x_wconf 56' lang='lat' dir='ltr'><strong>pem&quot;,</strong></span> <span class='ocrx_word' id='word_1_432' title='bbox 749 3181 1177 3258; x_wconf 50' lang='lat' dir='ltr'><strong>Ctisiphontem,</strong></span> <span class='ocrx_word' id='word_1_433' title='bbox 1212 3183 1339 3237; x_wconf 64' lang='lat' dir='ltr'><strong>dum</strong></span> <span class='ocrx_word' id='word_1_434' title='bbox 1368 3199 1399 3236; x_wconf 57' lang='grc' dir='ltr'><strong>τι</strong></span> <span class='ocrx_word' id='word_1_435' title='bbox 1433 3184 1626 3253; x_wconf 53' lang='lat' dir='ltr'><strong>viginti</strong></span> <span class='ocrx_word' id='word_1_436' title='bbox 1667 3194 1901 3254; x_wconf 57' lang='lat' dir='ltr'><strong>qualum.</strong></span> <span class='ocrx_word' id='word_1_437' title='bbox 1928 3203 2025 3241; x_wconf 69' lang='lat' dir='ltr'><strong>an-</strong></span> <span class='ocrx_word' id='word_1_438' title='bbox 2056 3208 2100 3266; x_wconf 67' lang='grc' dir='ltr'>ο</span> <span class='ocrx_word' id='word_1_439' title='bbox 2141 3171 2314 3266; x_wconf 72' lang='lat' dir='ltr'><strong>adiret</strong></span> <span class='ocrx_word' id='word_1_440' title='bbox 2349 3171 2745 3243; x_wconf 88' lang='lat' dir='ltr'><strong>Ctisiphontem</strong></span> <span class='ocrx_word' id='word_1_441' title='bbox 2771 3179 3063 3246; x_wconf 87' lang='lat' dir='ltr'><strong>periret.El</strong></span> <span class='ocrx_word' id='word_1_442' title='bbox 3086 3181 3290 3236; x_wconf 89' lang='lat' dir='ltr'><strong>idcirco</strong></span> <span class='ocrx_word' id='word_1_443' title='bbox 3308 3196 3728 3256; x_wconf 82' lang='lat' dir='ltr'><strong>noncstpassus</strong></span> 
     </span>
    </p>
   </div>
   <div class='ocr_carea' id='block_1_61' title="bbox 441 3269 2025 3343">
    <p class='ocr_par' dir='ltr' id='par_1_61' title="bbox 441 3269 2025 3343">
     <span class='ocr_line' id='line_1_61' title="bbox 441 3269 2025 3343; baseline 0.008 -22"><span class='ocrx_word' id='word_1_444' title='bbox 441 3269 530 3324; x_wconf 89' lang='lat' dir='ltr'><strong>nis</strong></span> <span class='ocrx_word' id='word_1_445' title='bbox 559 3283 755 3338; x_wconf 76' lang='lat' dir='ltr'><strong>passus</strong></span> <span class='ocrx_word' id='word_1_446' title='bbox 788 3271 1189 3341; x_wconf 89' lang='lat' dir='ltr'><strong>Ctisiphontem</strong></span> <span class='ocrx_word' id='word_1_447' title='bbox 1231 3275 1417 3330; x_wconf 84' lang='lat' dir='ltr'><strong>videre</strong></span> <span class='ocrx_word' id='word_1_448' title='bbox 1459 3289 1568 3330; x_wconf 90' lang='lat' dir='ltr'><strong>non</strong></span> <span class='ocrx_word' id='word_1_449' title='bbox 1603 3275 1805 3343; x_wconf 90' lang='lat' dir='ltr'><strong>fuerit,</strong></span> <span class='ocrx_word' id='word_1_450' title='bbox 1845 3277 1940 3333; x_wconf 88' lang='lat' dir='ltr'><strong>sed</strong></span> <span class='ocrx_word' id='word_1_451' title='bbox 1972 3281 2025 3333; x_wconf 92' lang='lat' dir='ltr'><strong>iu</strong></span> 
     </span>
    </p>
   </div>
   <div class='ocr_carea' id='block_1_62' title="bbox 441 3362 2026 3435">
    <p class='ocr_par' dir='ltr' id='par_1_62' title="bbox 441 3362 2026 3435">
     <span class='ocr_line' id='line_1_62' title="bbox 441 3362 2026 3435; baseline 0.006 -19"><span class='ocrx_word' id='word_1_452' title='bbox 441 3362 744 3432; x_wconf 69' lang='lat' dir='ltr'><strong>Dastagvrd</strong></span> <span class='ocrx_word' id='word_1_453' title='bbox 799 3365 1000 3434; x_wconf 80' lang='lat' dir='ltr'><strong>regalia</strong></span> <span class='ocrx_word' id='word_1_454' title='bbox 1047 3365 1167 3435; x_wconf 88' lang='lat' dir='ltr'><strong>ejus</strong></span> <span class='ocrx_word' id='word_1_455' title='bbox 1217 3367 1412 3422; x_wconf 81' lang='lat' dir='ltr'><strong>erant?</strong></span> <span class='ocrx_word' id='word_1_456' title='bbox 1469 3366 1801 3423; x_wconf 89' lang='lat' dir='ltr'><strong>invenerunt</strong></span> <span class='ocrx_word' id='word_1_457' title='bbox 1846 3377 2026 3425; x_wconf 86' lang='lat' dir='ltr'><strong>autem</strong></span> 
     </span>
    </p>
   </div>
   <div class='ocr_carea' id='block_1_63' title="bbox 444 3454 2027 3534">
    <p class='ocr_par' dir='ltr' id='par_1_63' title="bbox 444 3454 2027 3534">
     <span class='ocr_line' id='line_1_63' title="bbox 444 3454 2027 3534; baseline 0.009 -29"><span class='ocrx_word' id='word_1_458' title='bbox 444 3455 627 3522; x_wconf 87' lang='lat' dir='ltr'><strong>populi</strong></span> <span class='ocrx_word' id='word_1_459' title='bbox 666 3454 1034 3512; x_wconf 78' lang='lat' dir='ltr'><strong>Rontanorum</strong></span> <span class='ocrx_word' id='word_1_460' title='bbox 1063 3459 1117 3512; x_wconf 91' lang='lat' dir='ltr'><strong>in</strong></span> <span class='ocrx_word' id='word_1_461' title='bbox 1150 3459 1368 3529; x_wconf 87' lang='lat' dir='ltr'><strong>palatiis</strong></span> <span class='ocrx_word' id='word_1_462' title='bbox 1400 3460 1520 3529; x_wconf 90' lang='lat' dir='ltr'><strong>ejus</strong></span> <span class='ocrx_word' id='word_1_463' title='bbox 1551 3461 1693 3530; x_wconf 87' lang='lat' dir='ltr'><strong>apud</strong></span> <span class='ocrx_word' id='word_1_464' title='bbox 1731 3461 2027 3534; x_wconf 87' lang='lat' dir='ltr'><strong>Dastagerd</strong></span> 
     </span>
    </p>
   </div>
   <div class='ocr_carea' id='block_1_64' title="bbox 444 3545 2032 3624">
    <p class='ocr_par' dir='ltr' id='par_1_64' title="bbox 444 3545 2032 3624">
     <span class='ocr_line' id='line_1_64' title="bbox 444 3545 2032 3624; baseline 0.005 -22"><span class='ocrx_word' id='word_1_465' title='bbox 444 3545 550 3602; x_wconf 71' lang='lat'><strong>300</strong></span> <span class='ocrx_word' id='word_1_466' title='bbox 583 3546 956 3603; x_wconf 76' lang='lat' dir='ltr'><strong>Romanorum</strong></span> <span class='ocrx_word' id='word_1_467' title='bbox 989 3550 1188 3617; x_wconf 81' lang='lat' dir='ltr'><strong>banda,</strong></span> <span class='ocrx_word' id='word_1_468' title='bbox 1224 3567 1344 3622; x_wconf 73' lang='lat' dir='ltr'><strong>qua:</strong></span> <span class='ocrx_word' id='word_1_469' title='bbox 1388 3569 1484 3624; x_wconf 88' lang='lat' dir='ltr'><strong>per</strong></span> <span class='ocrx_word' id='word_1_470' title='bbox 1521 3554 1737 3609; x_wconf 85' lang='lat' dir='ltr'><strong>diversa</strong></span> <span class='ocrx_word' id='word_1_471' title='bbox 1767 3562 2032 3624; x_wconf 88' lang='lat' dir='ltr'><strong>ceperunt</strong></span> 
     </span>
    </p>
   </div>
   <div class='ocr_carea' id='block_1_65' title="bbox 445 3639 2031 3716">
    <p class='ocr_par' dir='ltr' id='par_1_65' title="bbox 445 3639 2031 3716">
     <span class='ocr_line' id='line_1_65' title="bbox 445 3639 2031 3716; baseline 0.009 -28"><span class='ocrx_word' id='word_1_472' title='bbox 445 3643 716 3706; x_wconf 84' lang='lat' dir='ltr'><strong>tempora.</strong></span> <span class='ocrx_word' id='word_1_473' title='bbox 755 3639 1089 3696; x_wconf 87' lang='lat' dir='ltr'><strong>invenerunt</strong></span> <span class='ocrx_word' id='word_1_474' title='bbox 1116 3643 1279 3698; x_wconf 87' lang='lat' dir='ltr'><strong>etiam</strong></span> <span class='ocrx_word' id='word_1_475' title='bbox 1308 3654 1362 3699; x_wconf 91' lang='lat' dir='ltr'><strong>et</strong></span> <span class='ocrx_word' id='word_1_476' title='bbox 1392 3646 1624 3715; x_wconf 88' lang='lat' dir='ltr'><strong>species,</strong></span> <span class='ocrx_word' id='word_1_477' title='bbox 1656 3662 1778 3716; x_wconf 69' lang='lat' dir='ltr'><strong>quae</strong></span> <span class='ocrx_word' id='word_1_478' title='bbox 1809 3663 2031 3702; x_wconf 90' lang='lat' dir='ltr'><strong>reman—</strong></span> 
     </span>
    </p>
   </div>
   <div class='ocr_carea' id='block_1_66' title="bbox 445 3734 2034 3811">
    <p class='ocr_par' dir='ltr' id='par_1_66' title="bbox 445 3734 2034 3811">
     <span class='ocr_line' id='line_1_66' title="bbox 445 3734 2034 3811; baseline 0.008 -26"><span class='ocrx_word' id='word_1_479' title='bbox 445 3741 654 3796; x_wconf 85' lang='lat' dir='ltr'><strong>serant,</strong></span> <span class='ocrx_word' id='word_1_480' title='bbox 688 3734 915 3801; x_wconf 86' lang='lat' dir='ltr'><strong>multas,</strong></span> <span class='ocrx_word' id='word_1_481' title='bbox 940 3737 1089 3792; x_wconf 88' lang='lat' dir='ltr'><strong>aloes</strong></span> <span class='ocrx_word' id='word_1_482' title='bbox 1117 3738 1327 3793; x_wconf 85' lang='lat' dir='ltr'><strong>scilicet</strong></span> <span class='ocrx_word' id='word_1_483' title='bbox 1358 3739 1612 3805; x_wconf 90' lang='lat' dir='ltr'><strong>multam,</strong></span> <span class='ocrx_word' id='word_1_484' title='bbox 1643 3751 1694 3794; x_wconf 84' lang='lat' dir='ltr'><strong>et</strong></span> <span class='ocrx_word' id='word_1_485' title='bbox 1726 3741 1868 3811; x_wconf 88' lang='lat' dir='ltr'><strong>ligna</strong></span> <span class='ocrx_word' id='word_1_486' title='bbox 1912 3741 2034 3797; x_wconf 88' lang='lat' dir='ltr'><strong>aloe</strong></span> 
     </span>
    </p>
   </div>
   <div class='ocr_carea' id='block_1_67' title="bbox 444 3827 2033 3901">
    <p class='ocr_par' dir='ltr' id='par_1_67' title="bbox 444 3827 2033 3901">
     <span class='ocr_line' id='line_1_67' title="bbox 444 3827 2033 3901; baseline 0.008 -25"><span class='ocrx_word' id='word_1_487' title='bbox 444 3838 667 3893; x_wconf 87' lang='lat' dir='ltr'><strong>magna,</strong></span> <span class='ocrx_word' id='word_1_488' title='bbox 704 3842 768 3877; x_wconf 79' lang='lat' dir='ltr'><strong>ex</strong></span> <span class='ocrx_word' id='word_1_489' title='bbox 808 3827 1007 3895; x_wconf 86' lang='lat' dir='ltr'><strong>quibus</strong></span> <span class='ocrx_word' id='word_1_490' title='bbox 1046 3832 1482 3901; x_wconf 88' lang='lat' dir='ltr'><strong>unumquodque</strong></span> <span class='ocrx_word' id='word_1_491' title='bbox 1514 3831 1580 3885; x_wconf 84' lang='lat'><strong>70</strong></span> <span class='ocrx_word' id='word_1_492' title='bbox 1613 3834 1825 3901; x_wconf 91' lang='lat' dir='ltr'><strong>pondus</strong></span> <span class='ocrx_word' id='word_1_493' title='bbox 1865 3833 2033 3888; x_wconf 87' lang='lat' dir='ltr'><strong>habe-</strong></span> 
     </span>
    </p>
   </div>
   <div class='ocr_carea' id='block_1_68' title="bbox 445 3914 2034 3996">
    <p class='ocr_par' dir='ltr' id='par_1_68' title="bbox 445 3914 2034 3996">
     <span class='ocr_line' id='line_1_68' title="bbox 445 3914 2034 3996; baseline 0.004 -26"><span class='ocrx_word' id='word_1_494' title='bbox 445 3914 536 3970; x_wconf 87' lang='lat' dir='ltr'><strong>bat</strong></span> <span class='ocrx_word' id='word_1_495' title='bbox 569 3916 650 3970; x_wconf 79' lang='lat' dir='ltr'><strong>vel</strong></span> <span class='ocrx_word' id='word_1_496' title='bbox 676 3917 744 3972; x_wconf 87' lang='lat'><strong>80</strong></span> <span class='ocrx_word' id='word_1_497' title='bbox 775 3918 1059 3985; x_wconf 90' lang='lat' dir='ltr'><strong>librarum,</strong></span> <span class='ocrx_word' id='word_1_498' title='bbox 1085 3929 1138 3976; x_wconf 90' lang='lat' dir='ltr'><strong>et</strong></span> <span class='ocrx_word' id='word_1_499' title='bbox 1166 3925 1398 3977; x_wconf 88' lang='lat' dir='ltr'><strong>sericum</strong></span> <span class='ocrx_word' id='word_1_500' title='bbox 1429 3925 1737 3992; x_wconf 86' lang='lat' dir='ltr'><strong>copiosum,</strong></span> <span class='ocrx_word' id='word_1_501' title='bbox 1765 3940 1826 3978; x_wconf 90' lang='lat' dir='ltr'><strong>ac</strong></span> <span class='ocrx_word' id='word_1_502' title='bbox 1857 3926 2034 3996; x_wconf 89' lang='lat' dir='ltr'><strong>piper,</strong></span> 
     </span>
    </p>
   </div>
   <div class='ocr_carea' id='block_1_69' title="bbox 445 4008 2035 4087">
    <p class='ocr_par' dir='ltr' id='par_1_69' title="bbox 445 4008 2035 4087">
     <span class='ocr_line' id='line_1_69' title="bbox 445 4008 2035 4087; baseline 0.009 -28"><span class='ocrx_word' id='word_1_503' title='bbox 445 4017 500 4060; x_wconf 80' lang='lat' dir='ltr'><strong>rt</strong></span> <span class='ocrx_word' id='word_1_504' title='bbox 531 4008 837 4065; x_wconf 75' lang='lat' dir='ltr'><strong>t-italhasias</strong></span> <span class='ocrx_word' id='word_1_505' title='bbox 865 4010 976 4083; x_wconf 72' lang='lat'><strong>(55)</strong></span> <span class='ocrx_word' id='word_1_506' title='bbox 1016 4014 1272 4070; x_wconf 90' lang='lat' dir='ltr'><strong>camisias</strong></span> <span class='ocrx_word' id='word_1_507' title='bbox 1312 4015 1536 4080; x_wconf 87' lang='lat' dir='ltr'><strong>multas,</strong></span> <span class='ocrx_word' id='word_1_508' title='bbox 1578 4019 1776 4071; x_wconf 87' lang='lat' dir='ltr'><strong>sachar</strong></span> <span class='ocrx_word' id='word_1_509' title='bbox 1809 4033 2035 4087; x_wconf 87' lang='lat' dir='ltr'><strong>quoque</strong></span> 
     </span>
    </p>
   </div>
   <div class='ocr_carea' id='block_1_70' title="bbox 446 4101 2036 4172">
    <p class='ocr_par' dir='ltr' id='par_1_70' title="bbox 446 4101 2036 4172">
     <span class='ocr_line' id='line_1_70' title="bbox 446 4101 2036 4172; baseline 0.008 -22"><span class='ocrx_word' id='word_1_510' title='bbox 446 4106 610 4168; x_wconf 86' lang='lat' dir='ltr'><strong>atque</strong></span> <span class='ocrx_word' id='word_1_511' title='bbox 642 4101 903 4168; x_wconf 80' lang='lat' dir='ltr'><strong>&#39;zingiber</strong></span> <span class='ocrx_word' id='word_1_512' title='bbox 927 4111 981 4157; x_wconf 92' lang='lat' dir='ltr'><strong>et</strong></span> <span class='ocrx_word' id='word_1_513' title='bbox 1008 4104 1145 4158; x_wconf 87' lang='lat' dir='ltr'><strong>alias</strong></span> <span class='ocrx_word' id='word_1_514' title='bbox 1177 4105 1387 4172; x_wconf 85' lang='lat' dir='ltr'><strong>species</strong></span> <span class='ocrx_word' id='word_1_515' title='bbox 1431 4105 1573 4159; x_wconf 88' lang='lat' dir='ltr'><strong>ultra</strong></span> <span class='ocrx_word' id='word_1_516' title='bbox 1605 4121 1921 4161; x_wconf 87' lang='lat' dir='ltr'><strong>mensuram</strong></span> <span class='ocrx_word' id='word_1_517' title='bbox 1951 4109 2036 4162; x_wconf 86' lang='lat' dir='ltr'><strong>vel</strong></span> 
     </span>
    </p>
   </div>
   <div class='ocr_carea' id='block_1_71' title="bbox 443 4191 2036 4264">
    <p class='ocr_par' dir='ltr' id='par_1_71' title="bbox 443 4191 2036 4264">
     <span class='ocr_line' id='line_1_71' title="bbox 443 4191 2036 4264; baseline 0.007 -23"><span class='ocrx_word' id='word_1_518' title='bbox 443 4203 734 4243; x_wconf 80' lang='lat' dir='ltr'><strong>ntunerum</strong></span> <span class='ocrx_word' id='word_1_519' title='bbox 762 4207 777 4255; x_wconf 87' lang='lat'><strong>;</strong></span> <span class='ocrx_word' id='word_1_520' title='bbox 811 4191 1033 4260; x_wconf 80' lang='lat' dir='ltr'><strong>quitiam</strong></span> <span class='ocrx_word' id='word_1_521' title='bbox 1073 4207 1203 4248; x_wconf 88' lang='lat' dir='ltr'><strong>vero</strong></span> <span class='ocrx_word' id='word_1_522' title='bbox 1234 4201 1287 4248; x_wconf 90' lang='lat' dir='ltr'><strong>et</strong></span> <span class='ocrx_word' id='word_1_523' title='bbox 1315 4201 1600 4264; x_wconf 84' lang='lat' dir='ltr'><strong>argentum</strong></span> <span class='ocrx_word' id='word_1_524' title='bbox 1631 4206 1685 4249; x_wconf 88' lang='lat' dir='ltr'><strong>et</strong></span> <span class='ocrx_word' id='word_1_525' title='bbox 1725 4196 2036 4253; x_wconf 88' lang='lat' dir='ltr'><strong>holoseriea</strong></span> 
     </span>
    </p>
   </div>
   <div class='ocr_carea' id='block_1_72' title="bbox 444 4284 2036 4359">
    <p class='ocr_par' dir='ltr' id='par_1_72' title="bbox 444 4284 2036 4359">
     <span class='ocr_line' id='line_1_72' title="bbox 444 4284 2036 4359; baseline 0.006 -25"><span class='ocrx_word' id='word_1_526' title='bbox 444 4284 769 4338; x_wconf 84' lang='lat' dir='ltr'><strong>vestimenta</strong></span> <span class='ocrx_word' id='word_1_527' title='bbox 799 4325 812 4348; x_wconf 94' lang='lat'><strong>,</strong></span> <span class='ocrx_word' id='word_1_528' title='bbox 846 4285 1182 4340; x_wconf 86' lang='lat' dir='ltr'><strong>lectisternia</strong></span> <span class='ocrx_word' id='word_1_529' title='bbox 1221 4303 1315 4342; x_wconf 88' lang='lat' dir='ltr'><strong>seu</strong></span> <span class='ocrx_word' id='word_1_530' title='bbox 1359 4303 1459 4342; x_wconf 89' lang='lat' dir='ltr'><strong>acu</strong></span> <span class='ocrx_word' id='word_1_531' title='bbox 1511 4290 1711 4359; x_wconf 86' lang='lat' dir='ltr'><strong>tapetia</strong></span> <span class='ocrx_word' id='word_1_532' title='bbox 1754 4300 2036 4356; x_wconf 81' lang='lat' dir='ltr'><strong>contexta,</strong></span> 
     </span>
    </p>
   </div>
   <div class='ocr_carea' id='block_1_73' title="bbox 444 4379 2036 4450">
    <p class='ocr_par' dir='ltr' id='par_1_73' title="bbox 444 4379 2036 4450">
     <span class='ocr_line' id='line_1_73' title="bbox 444 4379 2036 4450; baseline 0.008 -23"><span class='ocrx_word' id='word_1_533' title='bbox 444 4389 678 4444; x_wconf 89' lang='lat' dir='ltr'><strong>quorum</strong></span> <span class='ocrx_word' id='word_1_534' title='bbox 697 4386 814 4431; x_wconf 87' lang='lat' dir='ltr'><strong>erat</strong></span> <span class='ocrx_word' id='word_1_535' title='bbox 829 4379 984 4447; x_wconf 90' lang='lat' dir='ltr'><strong>copia</strong></span> <span class='ocrx_word' id='word_1_536' title='bbox 1009 4380 1202 4443; x_wconf 81' lang='lat' dir='ltr'><strong>multa,</strong></span> <span class='ocrx_word' id='word_1_537' title='bbox 1219 4389 1484 4450; x_wconf 82' lang='lat' dir='ltr'><strong>erantque</strong></span> <span class='ocrx_word' id='word_1_538' title='bbox 1499 4382 1679 4436; x_wconf 87' lang='lat' dir='ltr'><strong>omnia</strong></span> <span class='ocrx_word' id='word_1_539' title='bbox 1700 4383 1843 4437; x_wconf 91' lang='lat' dir='ltr'><strong>bona</strong></span> <span class='ocrx_word' id='word_1_540' title='bbox 1861 4385 2036 4450; x_wconf 88' lang='lat' dir='ltr'><strong>valde,</strong></span> 
     </span>
    </p>
   </div>
   <div class='ocr_carea' id='block_1_74' title="bbox 445 4473 2039 4544">
    <p class='ocr_par' dir='ltr' id='par_1_74' title="bbox 445 4473 2039 4544">
     <span class='ocr_line' id='line_1_74' title="bbox 445 4473 2039 4544; baseline 0.008 -25"><span class='ocrx_word' id='word_1_541' title='bbox 445 4483 566 4536; x_wconf 74' lang='lat' dir='ltr'><strong>qua:</strong></span> <span class='ocrx_word' id='word_1_542' title='bbox 606 4480 889 4540; x_wconf 83' lang='lat' dir='ltr'><strong>propterea</strong></span> <span class='ocrx_word' id='word_1_543' title='bbox 921 4473 1064 4541; x_wconf 89' lang='lat' dir='ltr'><strong>quod</strong></span> <span class='ocrx_word' id='word_1_544' title='bbox 1105 4475 1292 4543; x_wconf 87' lang='lat' dir='ltr'><strong>gravia</strong></span> <span class='ocrx_word' id='word_1_545' title='bbox 1331 4483 1551 4538; x_wconf 82' lang='lat' dir='ltr'><strong>essent,</strong></span> <span class='ocrx_word' id='word_1_546' title='bbox 1585 4475 1804 4544; x_wconf 86' lang='lat' dir='ltr'><strong>penitus</strong></span> <span class='ocrx_word' id='word_1_547' title='bbox 1846 4477 2039 4532; x_wconf 88' lang='lat' dir='ltr'><strong>incen-</strong></span> 
     </span>
    </p>
   </div>
   <div class='ocr_carea' id='block_1_75' title="bbox 2131 3263 3730 3340">
    <p class='ocr_par' dir='ltr' id='par_1_75' title="bbox 2131 3263 3730 3340">
     <span class='ocr_line' id='line_1_75' title="bbox 2131 3263 3730 3340; baseline 0.011 -22"><span class='ocrx_word' id='word_1_548' title='bbox 2131 3279 2164 3318; x_wconf 88' lang='lat' dir='ltr'><strong>a</strong></span> <span class='ocrx_word' id='word_1_549' title='bbox 2190 3263 2486 3334; x_wconf 84' lang='lat' dir='ltr'><strong>Dastagcrd</strong></span> <span class='ocrx_word' id='word_1_550' title='bbox 2511 3273 2712 3321; x_wconf 79' lang='lat' dir='ltr'><strong>extunc</strong></span> <span class='ocrx_word' id='word_1_551' title='bbox 2742 3269 2796 3323; x_wconf 93' lang='lat' dir='ltr'><strong>in</strong></span> <span class='ocrx_word' id='word_1_552' title='bbox 2823 3279 3032 3340; x_wconf 85' lang='lat' dir='ltr'><strong>partem</strong></span> <span class='ocrx_word' id='word_1_553' title='bbox 3068 3273 3212 3326; x_wconf 84' lang='lat' dir='ltr'><strong>illam</strong></span> <span class='ocrx_word' id='word_1_554' title='bbox 3237 3290 3348 3331; x_wconf 92' lang='lat' dir='ltr'><strong>uno</strong></span> <span class='ocrx_word' id='word_1_555' title='bbox 3379 3279 3570 3333; x_wconf 88' lang='lat' dir='ltr'><strong>sal-tem</strong></span> <span class='ocrx_word' id='word_1_556' title='bbox 3603 3281 3730 3335; x_wconf 87' lang='lat' dir='ltr'><strong>mil-</strong></span> 
     </span>
    </p>
   </div>
   <div class='ocr_carea' id='block_1_76' title="bbox 2135 3356 3729 3432">
    <p class='ocr_par' dir='ltr' id='par_1_76' title="bbox 2135 3356 3729 3432">
     <span class='ocr_line' id='line_1_76' title="bbox 2135 3356 3729 3432; baseline 0.009 -22"><span class='ocrx_word' id='word_1_557' title='bbox 2135 3356 2296 3412; x_wconf 90' lang='lat' dir='ltr'><strong>iiario</strong></span> <span class='ocrx_word' id='word_1_558' title='bbox 2324 3371 2584 3428; x_wconf 82' lang='lat' dir='ltr'><strong>pergere,</strong></span> <span class='ocrx_word' id='word_1_559' title='bbox 2617 3359 2714 3414; x_wconf 90' lang='lat' dir='ltr'><strong>sed</strong></span> <span class='ocrx_word' id='word_1_560' title='bbox 2746 3361 2875 3416; x_wconf 91' lang='lat' dir='ltr'><strong>hinc</strong></span> <span class='ocrx_word' id='word_1_561' title='bbox 2909 3361 3129 3432; x_wconf 83' lang='lat' dir='ltr'><strong>fugiens</strong></span> <span class='ocrx_word' id='word_1_562' title='bbox 3159 3365 3224 3419; x_wconf 86' lang='lat' dir='ltr'><strong>ad</strong></span> <span class='ocrx_word' id='word_1_563' title='bbox 3259 3367 3399 3422; x_wconf 89' lang='lat' dir='ltr'><strong>hanc</strong></span> <span class='ocrx_word' id='word_1_564' title='bbox 3435 3370 3589 3423; x_wconf 88' lang='lat' dir='ltr'><strong>ahiit.</strong></span> <span class='ocrx_word' id='word_1_565' title='bbox 3631 3369 3729 3426; x_wconf 80' lang='lat' dir='ltr'><strong>Ve‘</strong></span> 
     </span>
    </p>
   </div>
   <div class='ocr_carea' id='block_1_77' title="bbox 2134 3450 3726 3522">
    <p class='ocr_par' dir='ltr' id='par_1_77' title="bbox 2134 3450 3726 3522">
     <span class='ocr_line' id='line_1_77' title="bbox 2134 3450 3726 3522; baseline 0.01 -20"><span class='ocrx_word' id='word_1_566' title='bbox 2134 3463 2256 3502; x_wconf 87' lang='lat' dir='ltr'><strong>rum</strong></span> <span class='ocrx_word' id='word_1_567' title='bbox 2287 3465 2388 3504; x_wconf 90' lang='lat' dir='ltr'><strong>nec</strong></span> <span class='ocrx_word' id='word_1_568' title='bbox 2415 3450 2466 3503; x_wconf 92' lang='lat' dir='ltr'><strong>in</strong></span> <span class='ocrx_word' id='word_1_569' title='bbox 2501 3450 2616 3520; x_wconf 89' lang='lat' dir='ltr'><strong>ipsa</strong></span> <span class='ocrx_word' id='word_1_570' title='bbox 2656 3453 2955 3520; x_wconf 83' lang='lat' dir='ltr'><strong>persistere</strong></span> <span class='ocrx_word' id='word_1_571' title='bbox 2978 3471 3149 3512; x_wconf 91' lang='lat' dir='ltr'><strong>ausus</strong></span> <span class='ocrx_word' id='word_1_572' title='bbox 3181 3465 3285 3522; x_wconf 87' lang='lat' dir='ltr'><strong>est,</strong></span> <span class='ocrx_word' id='word_1_573' title='bbox 3320 3461 3414 3515; x_wconf 86' lang='lat' dir='ltr'><strong>sed</strong></span> <span class='ocrx_word' id='word_1_574' title='bbox 3450 3462 3726 3518; x_wconf 87' lang='lat' dir='ltr'><strong>transiens</strong></span> 
     </span>
    </p>
   </div>
   <div class='ocr_carea' id='block_1_78' title="bbox 2135 3541 3724 3624">
    <p class='ocr_par' dir='ltr' id='par_1_78' title="bbox 2135 3541 3724 3624">
     <span class='ocr_line' id='line_1_78' title="bbox 2135 3541 3724 3624; baseline 0.01 -30"><span class='ocrx_word' id='word_1_575' title='bbox 2135 3551 2355 3611; x_wconf 88' lang='lat' dir='ltr'><strong>pontem</strong></span> <span class='ocrx_word' id='word_1_576' title='bbox 2406 3541 2647 3612; x_wconf 84' lang='lat' dir='ltr'><strong>Tigridis</strong></span> <span class='ocrx_word' id='word_1_577' title='bbox 2684 3543 2929 3602; x_wconf 90' lang='lat' dir='ltr'><strong>lluminis</strong></span> <span class='ocrx_word' id='word_1_578' title='bbox 2975 3549 3254 3605; x_wconf 86' lang='lat' dir='ltr'><strong>civitatem</strong></span> <span class='ocrx_word' id='word_1_579' title='bbox 3308 3553 3450 3607; x_wconf 87' lang='lat' dir='ltr'><strong>ultra</strong></span> <span class='ocrx_word' id='word_1_580' title='bbox 3491 3555 3724 3624; x_wconf 88' lang='lat' dir='ltr'><strong>positam</strong></span> 
     </span>
    </p>
   </div>
   <div class='ocr_carea' id='block_1_79' title="bbox 2138 3635 3727 3716">
    <p class='ocr_par' dir='ltr' id='par_1_79' title="bbox 2138 3635 3727 3716">
     <span class='ocr_line' id='line_1_79' title="bbox 2138 3635 3727 3716; baseline 0.01 -28"><span class='ocrx_word' id='word_1_581' title='bbox 2138 3635 2294 3697; x_wconf 90' lang='lat' dir='ltr'><strong>adiit,</strong></span> <span class='ocrx_word' id='word_1_582' title='bbox 2321 3651 2442 3705; x_wconf 85' lang='lat' dir='ltr'><strong>quae</strong></span> <span class='ocrx_word' id='word_1_583' title='bbox 2473 3636 2696 3704; x_wconf 87' lang='lat' dir='ltr'><strong>quidem</strong></span> <span class='ocrx_word' id='word_1_584' title='bbox 2735 3638 2878 3707; x_wconf 87' lang='lat' dir='ltr'><strong>apud</strong></span> <span class='ocrx_word' id='word_1_585' title='bbox 2910 3657 3010 3697; x_wconf 89' lang='lat' dir='ltr'><strong>nos</strong></span> <span class='ocrx_word' id='word_1_586' title='bbox 3041 3643 3315 3710; x_wconf 82' lang='lat' dir='ltr'><strong>Seleucia,</strong></span> <span class='ocrx_word' id='word_1_587' title='bbox 3352 3648 3495 3716; x_wconf 86' lang='lat' dir='ltr'><strong>apud</strong></span> <span class='ocrx_word' id='word_1_588' title='bbox 3528 3647 3727 3705; x_wconf 87' lang='lat' dir='ltr'><strong>Persas</strong></span> 
     </span>
    </p>
   </div>
   <div class='ocr_carea' id='block_1_80' title="bbox 2136 3727 3732 3806">
    <p class='ocr_par' dir='ltr' id='par_1_80' title="bbox 2136 3727 3732 3806">
     <span class='ocr_line' id='line_1_80' title="bbox 2136 3727 3732 3806; baseline 0.008 -26"><span class='ocrx_word' id='word_1_589' title='bbox 2136 3742 2266 3781; x_wconf 87' lang='lat' dir='ltr'><strong>vero</strong></span> <span class='ocrx_word' id='word_1_590' title='bbox 2293 3727 2541 3782; x_wconf 70' lang='lat' dir='ltr'><strong>(iulaeser</strong></span> <span class='ocrx_word' id='word_1_591' title='bbox 2579 3727 2877 3795; x_wconf 81' lang='lat' dir='ltr'><strong>vocitatur,</strong></span> <span class='ocrx_word' id='word_1_592' title='bbox 2913 3731 3094 3802; x_wconf 87' lang='lat' dir='ltr'><strong>inqua</strong></span> <span class='ocrx_word' id='word_1_593' title='bbox 3131 3748 3324 3789; x_wconf 91' lang='lat' dir='ltr'><strong>omnes</strong></span> <span class='ocrx_word' id='word_1_594' title='bbox 3347 3737 3610 3806; x_wconf 87' lang='lat' dir='ltr'><strong>pecunias</strong></span> <span class='ocrx_word' id='word_1_595' title='bbox 3642 3753 3732 3794; x_wconf 90' lang='lat' dir='ltr'><strong>re-</strong></span> 
     </span>
    </p>
   </div>
   <div class='ocr_carea' id='block_1_81' title="bbox 2138 3818 3730 3890">
    <p class='ocr_par' dir='ltr' id='par_1_81' title="bbox 2138 3818 3730 3890">
     <span class='ocr_line' id='line_1_81' title="bbox 2138 3818 3730 3890; baseline 0.01 -18"><span class='ocrx_word' id='word_1_596' title='bbox 2138 3819 2343 3889; x_wconf 89' lang='lat' dir='ltr'><strong>posuit.</strong></span> <span class='ocrx_word' id='word_1_597' title='bbox 2374 3818 2636 3890; x_wconf 86' lang='lat' dir='ltr'><strong>Seditque</strong></span> <span class='ocrx_word' id='word_1_598' title='bbox 2668 3821 2782 3876; x_wconf 91' lang='lat' dir='ltr'><strong>illic</strong></span> <span class='ocrx_word' id='word_1_599' title='bbox 2809 3837 2934 3876; x_wconf 91' lang='lat' dir='ltr'><strong>cum</strong></span> <span class='ocrx_word' id='word_1_600' title='bbox 2971 3823 3146 3879; x_wconf 88' lang='lat' dir='ltr'><strong>Sirem</strong></span> <span class='ocrx_word' id='word_1_601' title='bbox 3185 3842 3355 3882; x_wconf 79' lang='lat' dir='ltr'><strong>uxore</strong></span> <span class='ocrx_word' id='word_1_602' title='bbox 3386 3843 3481 3882; x_wconf 86' lang='lat' dir='ltr'><strong>sua</strong></span> <span class='ocrx_word' id='word_1_603' title='bbox 3518 3839 3572 3884; x_wconf 89' lang='lat' dir='ltr'><strong>et</strong></span> <span class='ocrx_word' id='word_1_604' title='bbox 3605 3831 3730 3888; x_wconf 85' lang='lat' dir='ltr'><strong>aliis</strong></span> 
     </span>
    </p>
   </div>
   <div class='ocr_carea' id='block_1_82' title="bbox 2139 3913 3730 3988">
    <p class='ocr_par' dir='ltr' id='par_1_82' title="bbox 2139 3913 3730 3988">
     <span class='ocr_line' id='line_1_82' title="bbox 2139 3913 3730 3988; baseline 0.008 -22"><span class='ocrx_word' id='word_1_605' title='bbox 2139 3914 2318 3968; x_wconf 87' lang='lat' dir='ltr'><strong>tribus</strong></span> <span class='ocrx_word' id='word_1_606' title='bbox 2363 3913 2706 3978; x_wconf 89' lang='lat' dir='ltr'><strong>mulieribus,</strong></span> <span class='ocrx_word' id='word_1_607' title='bbox 2765 3930 2886 3985; x_wconf 71' lang='lat' dir='ltr'><strong>qua:</strong></span> <span class='ocrx_word' id='word_1_608' title='bbox 2915 3924 2970 3970; x_wconf 89' lang='lat' dir='ltr'><strong>et</strong></span> <span class='ocrx_word' id='word_1_609' title='bbox 3006 3917 3128 3970; x_wconf 66' lang='lat' dir='ltr'><strong>tiliae</strong></span> <span class='ocrx_word' id='word_1_610' title='bbox 3167 3919 3341 3988; x_wconf 84' lang='lat' dir='ltr'><strong>ipsius</strong></span> <span class='ocrx_word' id='word_1_611' title='bbox 3361 3929 3559 3988; x_wconf 86' lang='lat' dir='ltr'><strong>erant;</strong></span> <span class='ocrx_word' id='word_1_612' title='bbox 3597 3923 3730 3978; x_wconf 90' lang='lat' dir='ltr'><strong>reii-</strong></span> 
     </span>
    </p>
   </div>
   <div class='ocr_carea' id='block_1_83' title="bbox 2139 4004 3734 4078">
    <p class='ocr_par' dir='ltr' id='par_1_83' title="bbox 2139 4004 3734 4078">
     <span class='ocr_line' id='line_1_83' title="bbox 2139 4004 3734 4078; baseline 0.009 -24"><span class='ocrx_word' id='word_1_613' title='bbox 2139 4019 2275 4074; x_wconf 90' lang='lat' dir='ltr'><strong>quas</strong></span> <span class='ocrx_word' id='word_1_614' title='bbox 2298 4018 2429 4059; x_wconf 86' lang='lat' dir='ltr'><strong>vero</strong></span> <span class='ocrx_word' id='word_1_615' title='bbox 2470 4004 2730 4059; x_wconf 90' lang='lat' dir='ltr'><strong>mulieres</strong></span> <span class='ocrx_word' id='word_1_616' title='bbox 2785 4021 2914 4060; x_wconf 88' lang='lat' dir='ltr'><strong>suas</strong></span> <span class='ocrx_word' id='word_1_617' title='bbox 2966 4007 3288 4078; x_wconf 88' lang='lat' dir='ltr'><strong>multosque</strong></span> <span class='ocrx_word' id='word_1_618' title='bbox 3335 4010 3538 4066; x_wconf 84' lang='lat' dir='ltr'><strong>liberos</strong></span> <span class='ocrx_word' id='word_1_619' title='bbox 3597 4028 3734 4068; x_wconf 89' lang='lat' dir='ltr'><strong>suos</strong></span> 
     </span>
    </p>
   </div>
   <div class='ocr_carea' id='block_1_84' title="bbox 2139 4098 3732 4170">
    <p class='ocr_par' dir='ltr' id='par_1_84' title="bbox 2139 4098 3732 4170">
     <span class='ocr_line' id='line_1_84' title="bbox 2139 4098 3732 4170; baseline 0.006 -19"><span class='ocrx_word' id='word_1_620' title='bbox 2139 4098 2504 4168; x_wconf 86' lang='lat' dir='ltr'><strong>quadraginta</strong></span> <span class='ocrx_word' id='word_1_621' title='bbox 2531 4099 2771 4153; x_wconf 89' lang='lat' dir='ltr'><strong>millibus</strong></span> <span class='ocrx_word' id='word_1_622' title='bbox 2801 4099 2959 4170; x_wconf 78' lang='lat' dir='ltr'><strong>longe</strong></span> <span class='ocrx_word' id='word_1_623' title='bbox 2977 4103 3280 4156; x_wconf 88' lang='lat' dir='ltr'><strong>transmisit</strong></span> <span class='ocrx_word' id='word_1_624' title='bbox 3311 4104 3378 4157; x_wconf 87' lang='lat' dir='ltr'><strong>ad</strong></span> <span class='ocrx_word' id='word_1_625' title='bbox 3413 4105 3732 4162; x_wconf 87' lang='lat' dir='ltr'><strong>interiorem</strong></span> 
     </span>
    </p>
   </div>
   <div class='ocr_carea' id='block_1_85' title="bbox 2142 4190 3730 4264">
    <p class='ocr_par' dir='ltr' id='par_1_85' title="bbox 2142 4190 3730 4264">
     <span class='ocr_line' id='line_1_85' title="bbox 2142 4190 3730 4264; baseline 0.006 -19"><span class='ocrx_word' id='word_1_626' title='bbox 2142 4201 2353 4262; x_wconf 88' lang='lat' dir='ltr'><strong>partem</strong></span> <span class='ocrx_word' id='word_1_627' title='bbox 2385 4190 2626 4246; x_wconf 85' lang='lat' dir='ltr'><strong>Orientis</strong></span> <span class='ocrx_word' id='word_1_628' title='bbox 2671 4192 2726 4246; x_wconf 88' lang='lat' dir='ltr'><strong>in</strong></span> <span class='ocrx_word' id='word_1_629' title='bbox 2771 4195 3202 4250; x_wconf 85' lang='lat' dir='ltr'><strong>munitissimum</strong></span> <span class='ocrx_word' id='word_1_630' title='bbox 3251 4197 3457 4251; x_wconf 84' lang='lat' dir='ltr'><strong>locum.</strong></span> <span class='ocrx_word' id='word_1_631' title='bbox 3496 4200 3730 4264; x_wconf 78' lang='lat' dir='ltr'><strong>Quidam</strong></span> 
     </span>
    </p>
   </div>
   <div class='ocr_carea' id='block_1_86' title="bbox 2141 4285 3728 4359">
    <p class='ocr_par' dir='ltr' id='par_1_86' title="bbox 2141 4285 3728 4359">
     <span class='ocr_line' id='line_1_86' title="bbox 2141 4285 3728 4359; baseline 0.004 -17"><span class='ocrx_word' id='word_1_632' title='bbox 2141 4300 2274 4342; x_wconf 88' lang='lat' dir='ltr'><strong>sane</strong></span> <span class='ocrx_word' id='word_1_633' title='bbox 2301 4285 2593 4342; x_wconf 79' lang='lat' dir='ltr'><strong>Persarum</strong></span> <span class='ocrx_word' id='word_1_634' title='bbox 2631 4287 3032 4357; x_wconf 84' lang='lat' dir='ltr'><strong>derogaverunt</strong></span> <span class='ocrx_word' id='word_1_635' title='bbox 3063 4288 3302 4344; x_wconf 82' lang='lat' dir='ltr'><strong>Sarbaro</strong></span> <span class='ocrx_word' id='word_1_636' title='bbox 3350 4307 3515 4359; x_wconf 84' lang='lat' dir='ltr'><strong>penes</strong></span> <span class='ocrx_word' id='word_1_637' title='bbox 3543 4293 3728 4348; x_wconf 80' lang='lat' dir='ltr'><strong>Chas-</strong></span> 
     </span>
    </p>
   </div>
   <div class='ocr_carea' id='block_1_87' title="bbox 2144 4374 3730 4453">
    <p class='ocr_par' dir='ltr' id='par_1_87' title="bbox 2144 4374 3730 4453">
     <span class='ocr_line' id='line_1_87' title="bbox 2144 4374 3730 4453; baseline 0.004 -23"><span class='ocrx_word' id='word_1_638' title='bbox 2144 4391 2297 4439; x_wconf 85' lang='lat' dir='ltr'><strong>roen,</strong></span> <span class='ocrx_word' id='word_1_639' title='bbox 2356 4375 2500 4445; x_wconf 90' lang='lat' dir='ltr'><strong>quod</strong></span> <span class='ocrx_word' id='word_1_640' title='bbox 2522 4391 2647 4430; x_wconf 91' lang='lat' dir='ltr'><strong>cum</strong></span> <span class='ocrx_word' id='word_1_641' title='bbox 2667 4374 2933 4432; x_wconf 79' lang='lat' dir='ltr'><strong>Romanis</strong></span> <span class='ocrx_word' id='word_1_642' title='bbox 2953 4380 3182 4434; x_wconf 87' lang='lat' dir='ltr'><strong>sentiret</strong></span> <span class='ocrx_word' id='word_1_643' title='bbox 3207 4389 3260 4434; x_wconf 89' lang='lat' dir='ltr'><strong>et</strong></span> <span class='ocrx_word' id='word_1_644' title='bbox 3286 4381 3357 4434; x_wconf 90' lang='lat' dir='ltr'><strong>illi</strong></span> <span class='ocrx_word' id='word_1_645' title='bbox 3384 4380 3730 4453; x_wconf 74' lang='lat' dir='ltr'><strong>detraheret;</strong></span> 
     </span>
    </p>
   </div>
   <div class='ocr_carea' id='block_1_88' title="bbox 2144 4469 3731 4541">
    <p class='ocr_par' dir='ltr' id='par_1_88' title="bbox 2144 4469 3731 4541">
     <span class='ocr_line' id='line_1_88' title="bbox 2144 4469 3731 4541; baseline 0.004 -19"><span class='ocrx_word' id='word_1_646' title='bbox 2144 4478 2199 4522; x_wconf 92' lang='lat' dir='ltr'><strong>et</strong></span> <span class='ocrx_word' id='word_1_647' title='bbox 2227 4469 2376 4523; x_wconf 84' lang='lat' dir='ltr'><strong>misit</strong></span> <span class='ocrx_word' id='word_1_648' title='bbox 2415 4469 2759 4538; x_wconf 83' lang='lat' dir='ltr'><strong>spathariuut</strong></span> <span class='ocrx_word' id='word_1_649' title='bbox 2803 4485 2964 4524; x_wconf 90' lang='lat' dir='ltr'><strong>suum</strong></span> <span class='ocrx_word' id='word_1_650' title='bbox 2997 4487 3120 4526; x_wconf 91' lang='lat' dir='ltr'><strong>cum</strong></span> <span class='ocrx_word' id='word_1_651' title='bbox 3149 4472 3399 4541; x_wconf 88' lang='lat' dir='ltr'><strong>jussione</strong></span> <span class='ocrx_word' id='word_1_652' title='bbox 3427 4476 3490 4528; x_wconf 88' lang='lat' dir='ltr'><strong>ad</strong></span> <span class='ocrx_word' id='word_1_653' title='bbox 3522 4474 3731 4530; x_wconf 86' lang='lat' dir='ltr'><strong>Carda-</strong></span> 
     </span>
    </p>
   </div>
   <div class='ocr_carea' id='block_1_89' title="bbox 445 4551 3736 4634">
    <p class='ocr_par' dir='ltr' id='par_1_89' title="bbox 445 4551 3736 4634">
     <span class='ocr_line' id='line_1_89' title="bbox 445 4551 3736 4634; baseline 0.002 -21"><span class='ocrx_word' id='word_1_654' title='bbox 445 4558 668 4613; x_wconf 87' lang='lat' dir='ltr'><strong>derunl.</strong></span> <span class='ocrx_word' id='word_1_655' title='bbox 693 4557 796 4613; x_wconf 90' lang='lat' dir='ltr'><strong>Sed</strong></span> <span class='ocrx_word' id='word_1_656' title='bbox 819 4560 1122 4630; x_wconf 72' lang='lat' dir='ltr'><strong>etjtcntoria</strong></span> <span class='ocrx_word' id='word_1_657' title='bbox 1145 4560 1411 4617; x_wconf 83' lang='lat' dir='ltr'><strong>Chosrois</strong></span> <span class='ocrx_word' id='word_1_658' title='bbox 1431 4571 1594 4631; x_wconf 90' lang='lat' dir='ltr'><strong>atque</strong></span> <span class='ocrx_word' id='word_1_659' title='bbox 1617 4564 1881 4629; x_wconf 82' lang='lat' dir='ltr'><strong>cortinas,</strong></span> <span class='ocrx_word' id='word_1_660' title='bbox 1901 4579 2038 4633; x_wconf 89' lang='lat' dir='ltr'><strong>quas</strong></span> <span class='ocrx_word' id='word_1_661' title='bbox 2066 4551 2119 4611; x_wconf 86' lang='lat' dir='ltr'><strong>D</strong></span> <span class='ocrx_word' id='word_1_662' title='bbox 2146 4561 2340 4632; x_wconf 84' lang='lat' dir='ltr'><strong>rigam,</strong></span> <span class='ocrx_word' id='word_1_663' title='bbox 2378 4569 2791 4630; x_wconf 86' lang='lat' dir='ltr'><strong>compraetorem</strong></span> <span class='ocrx_word' id='word_1_664' title='bbox 2833 4563 3080 4628; x_wconf 81' lang='lat' dir='ltr'><strong>Sarbari,</strong></span> <span class='ocrx_word' id='word_1_665' title='bbox 3115 4565 3539 4634; x_wconf 84' lang='lat' dir='ltr'><strong>Chaieedonem,</strong></span> <span class='ocrx_word' id='word_1_666' title='bbox 3587 4567 3736 4622; x_wconf 83' lang='lat' dir='ltr'><strong>scri-</strong></span> 
     </span>
    </p>
   </div>
   <div class='ocr_carea' id='block_1_90' title="bbox 447 4651 2036 4725">
    <p class='ocr_par' dir='ltr' id='par_1_90' title="bbox 447 4651 2036 4725">
     <span class='ocr_line' id='line_1_90' title="bbox 447 4651 2036 4725; baseline 0.001 -18"><span class='ocrx_word' id='word_1_667' title='bbox 447 4653 503 4707; x_wconf 87' lang='lat' dir='ltr'><strong>in</strong></span> <span class='ocrx_word' id='word_1_668' title='bbox 542 4651 763 4705; x_wconf 88' lang='lat' dir='ltr'><strong>modum</strong></span> <span class='ocrx_word' id='word_1_669' title='bbox 811 4653 1064 4707; x_wconf 89' lang='lat' dir='ltr'><strong>tendebat</strong></span> <span class='ocrx_word' id='word_1_670' title='bbox 1109 4653 1684 4724; x_wconf 89' lang='lat' dir='ltr'><strong>porticuum,quando</strong></span> <span class='ocrx_word' id='word_1_671' title='bbox 1726 4655 1780 4708; x_wconf 91' lang='lat' dir='ltr'><strong>in</strong></span> <span class='ocrx_word' id='word_1_672' title='bbox 1841 4669 2036 4725; x_wconf 89' lang='lat' dir='ltr'><strong>campo</strong></span> 
     </span>
    </p>
   </div>
   <div class='ocr_carea' id='block_1_91' title="bbox 447 4745 2036 4818">
    <p class='ocr_par' dir='ltr' id='par_1_91' title="bbox 447 4745 2036 4818">
     <span class='ocr_line' id='line_1_91' title="bbox 447 4745 2036 4818; baseline 0.004 -20"><span class='ocrx_word' id='word_1_673' title='bbox 447 4745 776 4811; x_wconf 86' lang='lat' dir='ltr'><strong>metabatur,</strong></span> <span class='ocrx_word' id='word_1_674' title='bbox 809 4756 1006 4800; x_wconf 90' lang='lat' dir='ltr'><strong>cuncta</strong></span> <span class='ocrx_word' id='word_1_675' title='bbox 1046 4756 1361 4802; x_wconf 88' lang='lat' dir='ltr'><strong>cremarunt</strong></span> <span class='ocrx_word' id='word_1_676' title='bbox 1387 4789 1402 4813; x_wconf 94' lang='lat'><strong>,</strong></span> <span class='ocrx_word' id='word_1_677' title='bbox 1431 4749 1562 4816; x_wconf 90' lang='lat' dir='ltr'><strong>quin</strong></span> <span class='ocrx_word' id='word_1_678' title='bbox 1596 4755 1650 4802; x_wconf 92' lang='lat' dir='ltr'><strong>et</strong></span> <span class='ocrx_word' id='word_1_679' title='bbox 1678 4757 1889 4804; x_wconf 88' lang='lat' dir='ltr'><strong>statuas</strong></span> <span class='ocrx_word' id='word_1_680' title='bbox 1916 4750 2036 4818; x_wconf 86' lang='lat' dir='ltr'><strong>ejus</strong></span> 
     </span>
    </p>
   </div>
   <div class='ocr_carea' id='block_1_92' title="bbox 446 4839 2034 4911">
    <p class='ocr_par' dir='ltr' id='par_1_92' title="bbox 446 4839 2034 4911">
     <span class='ocr_line' id='line_1_92' title="bbox 446 4839 2034 4911; baseline 0.001 -17"><span class='ocrx_word' id='word_1_681' title='bbox 446 4841 674 4894; x_wconf 72' lang='lat' dir='ltr'><strong>turritas.</strong></span> <span class='ocrx_word' id='word_1_682' title='bbox 717 4839 1047 4894; x_wconf 88' lang='lat' dir='ltr'><strong>invenerunt</strong></span> <span class='ocrx_word' id='word_1_683' title='bbox 1077 4852 1256 4897; x_wconf 89' lang='lat' dir='ltr'><strong>autem</strong></span> <span class='ocrx_word' id='word_1_684' title='bbox 1287 4851 1341 4896; x_wconf 89' lang='lat' dir='ltr'><strong>et</strong></span> <span class='ocrx_word' id='word_1_685' title='bbox 1370 4842 1423 4894; x_wconf 92' lang='lat' dir='ltr'><strong>in</strong></span> <span class='ocrx_word' id='word_1_686' title='bbox 1455 4841 1542 4894; x_wconf 90' lang='lat' dir='ltr'><strong>his</strong></span> <span class='ocrx_word' id='word_1_687' title='bbox 1575 4842 1791 4911; x_wconf 89' lang='lat' dir='ltr'><strong>palatiis</strong></span> <span class='ocrx_word' id='word_1_688' title='bbox 1826 4843 2034 4896; x_wconf 85' lang='lat' dir='ltr'><strong>aviaria</strong></span> 
     </span>
    </p>
   </div>
   <div class='ocr_carea' id='block_1_93' title="bbox 447 4931 2033 5003">
    <p class='ocr_par' dir='ltr' id='par_1_93' title="bbox 447 4931 2033 5003">
     <span class='ocr_line' id='line_1_93' title="bbox 447 4931 2033 5003; baseline 0.001 -16"><span class='ocrx_word' id='word_1_689' title='bbox 447 4940 503 4988; x_wconf 89' lang='lat' dir='ltr'><strong>et</strong></span> <span class='ocrx_word' id='word_1_690' title='bbox 534 4931 804 4988; x_wconf 86' lang='lat' dir='ltr'><strong>dorcades</strong></span> <span class='ocrx_word' id='word_1_691' title='bbox 832 4939 887 4986; x_wconf 89' lang='lat' dir='ltr'><strong>et</strong></span> <span class='ocrx_word' id='word_1_692' title='bbox 919 4932 1106 4987; x_wconf 87' lang='lat' dir='ltr'><strong>asinos</strong></span> <span class='ocrx_word' id='word_1_693' title='bbox 1137 4940 1382 5002; x_wconf 80' lang='lat' dir='ltr'><strong>agrestes</strong></span> <span class='ocrx_word' id='word_1_694' title='bbox 1421 4940 1474 4987; x_wconf 88' lang='lat' dir='ltr'><strong>et</strong></span> <span class='ocrx_word' id='word_1_695' title='bbox 1506 4949 1747 5003; x_wconf 86' lang='lat' dir='ltr'><strong>pavones</strong></span> <span class='ocrx_word' id='word_1_696' title='bbox 1785 4943 1840 4987; x_wconf 87' lang='lat' dir='ltr'><strong>et</strong></span> <span class='ocrx_word' id='word_1_697' title='bbox 1869 4933 2033 4990; x_wconf 88' lang='lat' dir='ltr'><strong>fasia-</strong></span> 
     </span>
    </p>
   </div>
   <div class='ocr_carea' id='block_1_94' title="bbox 449 5023 2034 5096">
    <p class='ocr_par' dir='ltr' id='par_1_94' title="bbox 449 5023 2034 5096">
     <span class='ocr_line' id='line_1_94' title="bbox 449 5023 2034 5096; baseline 0.002 -17"><span class='ocrx_word' id='word_1_698' title='bbox 449 5041 552 5080; x_wconf 87' lang='lat' dir='ltr'><strong>nos</strong></span> <span class='ocrx_word' id='word_1_699' title='bbox 585 5023 812 5079; x_wconf 61' lang='lat' dir='ltr'><strong>inﬁnitae</strong></span> <span class='ocrx_word' id='word_1_700' title='bbox 842 5023 1212 5089; x_wconf 89' lang='lat' dir='ltr'><strong>multitudinis</strong></span> <span class='ocrx_word' id='word_1_701' title='bbox 1238 5064 1254 5091; x_wconf 89' lang='lat'><strong>,</strong></span> <span class='ocrx_word' id='word_1_702' title='bbox 1300 5040 1401 5080; x_wconf 86' lang='lat' dir='ltr'><strong>nec</strong></span> <span class='ocrx_word' id='word_1_703' title='bbox 1432 5039 1540 5079; x_wconf 91' lang='lat' dir='ltr'><strong>non</strong></span> <span class='ocrx_word' id='word_1_704' title='bbox 1575 5027 1628 5079; x_wconf 93' lang='lat' dir='ltr'><strong>in</strong></span> <span class='ocrx_word' id='word_1_705' title='bbox 1664 5026 1874 5080; x_wconf 85' lang='lat' dir='ltr'><strong>vivario</strong></span> <span class='ocrx_word' id='word_1_706' title='bbox 1911 5026 2034 5096; x_wconf 86' lang='lat' dir='ltr'><strong>ejus</strong></span> 
     </span>
    </p>
   </div>
   <div class='ocr_carea' id='block_1_95' title="bbox 447 5118 2036 5189">
    <p class='ocr_par' dir='ltr' id='par_1_95' title="bbox 447 5118 2036 5189">
     <span class='ocr_line' id='line_1_95' title="bbox 447 5118 2036 5189; baseline 0 -15"><span class='ocrx_word' id='word_1_707' title='bbox 447 5119 632 5174; x_wconf 83' lang='lat' dir='ltr'><strong>leones</strong></span> <span class='ocrx_word' id='word_1_708' title='bbox 683 5135 747 5174; x_wconf 89' lang='lat' dir='ltr'><strong>ac</strong></span> <span class='ocrx_word' id='word_1_709' title='bbox 801 5118 1029 5188; x_wconf 87' lang='lat' dir='ltr'><strong>tigrides</strong></span> <span class='ocrx_word' id='word_1_710' title='bbox 1078 5119 1230 5172; x_wconf 68' lang='lat' dir='ltr'><strong>mir-.‘e</strong></span> <span class='ocrx_word' id='word_1_711' title='bbox 1280 5119 1679 5189; x_wconf 88' lang='lat' dir='ltr'><strong>magnitudinis</strong></span> <span class='ocrx_word' id='word_1_712' title='bbox 1725 5119 1900 5175; x_wconf 87' lang='lat' dir='ltr'><strong>vivos.</strong></span> <span class='ocrx_word' id='word_1_713' title='bbox 1962 5119 2036 5174; x_wconf 90' lang='lat' dir='ltr'><strong>De</strong></span> 
     </span>
    </p>
   </div>
   <div class='ocr_carea' id='block_1_96' title="bbox 449 5210 2036 5282">
    <p class='ocr_par' dir='ltr' id='par_1_96' title="bbox 449 5210 2036 5282">
     <span class='ocr_line' id='line_1_96' title="bbox 449 5210 2036 5282; baseline 0 -17"><span class='ocrx_word' id='word_1_714' title='bbox 449 5221 648 5266; x_wconf 72' lang='lat' dir='ltr'><strong>caetero</strong></span> <span class='ocrx_word' id='word_1_715' title='bbox 706 5210 1073 5281; x_wconf 87' lang='lat' dir='ltr'><strong>confugerunt</strong></span> <span class='ocrx_word' id='word_1_716' title='bbox 1125 5213 1190 5267; x_wconf 91' lang='lat' dir='ltr'><strong>ad</strong></span> <span class='ocrx_word' id='word_1_717' title='bbox 1251 5212 1638 5282; x_wconf 87' lang='lat' dir='ltr'><strong>imperatorem</strong></span> <span class='ocrx_word' id='word_1_718' title='bbox 1697 5213 1918 5282; x_wconf 90' lang='lat' dir='ltr'><strong>plurimi</strong></span> <span class='ocrx_word' id='word_1_719' title='bbox 1968 5227 2036 5266; x_wconf 79' lang='lat' dir='ltr'><strong>ex</strong></span> 
     </span>
    </p>
   </div>
   <div class='ocr_carea' id='block_1_97' title="bbox 449 5308 2029 5378">
    <p class='ocr_par' dir='ltr' id='par_1_97' title="bbox 449 5308 2029 5378">
     <span class='ocr_line' id='line_1_97' title="bbox 449 5308 2029 5378; baseline 0 -16"><span class='ocrx_word' id='word_1_720' title='bbox 449 5309 700 5378; x_wconf 83' lang='lat' dir='ltr'><strong>captivis,</strong></span> <span class='ocrx_word' id='word_1_721' title='bbox 746 5309 967 5364; x_wconf 77' lang='lat' dir='ltr'><strong>Etlesini</strong></span> <span class='ocrx_word' id='word_1_722' title='bbox 1009 5309 1221 5365; x_wconf 86' lang='lat' dir='ltr'><strong>scilicet</strong></span> <span class='ocrx_word' id='word_1_723' title='bbox 1246 5316 1300 5364; x_wconf 88' lang='lat' dir='ltr'><strong>et</strong></span> <span class='ocrx_word' id='word_1_724' title='bbox 1326 5308 1703 5374; x_wconf 78' lang='lat' dir='ltr'><strong>Alexandrini,</strong></span> <span class='ocrx_word' id='word_1_725' title='bbox 1735 5309 1830 5362; x_wconf 89' lang='lat' dir='ltr'><strong>sed</strong></span> <span class='ocrx_word' id='word_1_726' title='bbox 1877 5317 1933 5362; x_wconf 89' lang='lat' dir='ltr'><strong>et</strong></span> <span class='ocrx_word' id='word_1_727' title='bbox 1962 5323 2029 5362; x_wconf 77' lang='lat' dir='ltr'><strong>ex</strong></span> 
     </span>
    </p>
   </div>
   <div class='ocr_carea' id='block_1_98' title="bbox 2144 4653 3733 4727">
    <p class='ocr_par' dir='ltr' id='par_1_98' title="bbox 2144 4653 3733 4727">
     <span class='ocr_line' id='line_1_98' title="bbox 2144 4653 3733 4727; baseline 0.003 -19"><span class='ocrx_word' id='word_1_728' title='bbox 2144 4655 2282 4709; x_wconf 87' lang='lat' dir='ltr'><strong>beus</strong></span> <span class='ocrx_word' id='word_1_729' title='bbox 2308 4654 2357 4709; x_wconf 87' lang='lat' dir='ltr'><strong>ei</strong></span> <span class='ocrx_word' id='word_1_730' title='bbox 2403 4661 2462 4707; x_wconf 90' lang='lat' dir='ltr'><strong>ut</strong></span> <span class='ocrx_word' id='word_1_731' title='bbox 2514 4653 2814 4708; x_wconf 89' lang='lat' dir='ltr'><strong>Sarbarum</strong></span> <span class='ocrx_word' id='word_1_732' title='bbox 2860 4655 3228 4721; x_wconf 88' lang='lat' dir='ltr'><strong>interficeret,</strong></span> <span class='ocrx_word' id='word_1_733' title='bbox 3261 4666 3313 4711; x_wconf 91' lang='lat' dir='ltr'><strong>et</strong></span> <span class='ocrx_word' id='word_1_734' title='bbox 3354 4659 3471 4727; x_wconf 90' lang='lat' dir='ltr'><strong>ipse</strong></span> <span class='ocrx_word' id='word_1_735' title='bbox 3527 4658 3733 4727; x_wconf 88' lang='lat' dir='ltr'><strong>populo</strong></span> 
     </span>
    </p>
   </div>
   <div class='ocr_carea' id='block_1_99' title="bbox 2143 4745 3738 4814">
    <p class='ocr_par' dir='ltr' id='par_1_99' title="bbox 2143 4745 3738 4814">
     <span class='ocr_line' id='line_1_99' title="bbox 2143 4745 3738 4814; baseline 0.003 -14"><span class='ocrx_word' id='word_1_736' title='bbox 2143 4745 2436 4800; x_wconf 87' lang='lat' dir='ltr'><strong>Persarum</strong></span> <span class='ocrx_word' id='word_1_737' title='bbox 2470 4755 2693 4814; x_wconf 75' lang='lat' dir='ltr'><strong>recepto</strong></span> <span class='ocrx_word' id='word_1_738' title='bbox 2721 4748 3056 4801; x_wconf 83' lang='lat' dir='ltr'><strong>acceleraret</strong></span> <span class='ocrx_word' id='word_1_739' title='bbox 3095 4748 3148 4800; x_wconf 92' lang='lat' dir='ltr'><strong>in</strong></span> <span class='ocrx_word' id='word_1_740' title='bbox 3180 4747 3460 4803; x_wconf 83' lang='lat' dir='ltr'><strong>Persidem</strong></span> <span class='ocrx_word' id='word_1_741' title='bbox 3490 4749 3544 4803; x_wconf 91' lang='lat' dir='ltr'><strong>in</strong></span> <span class='ocrx_word' id='word_1_742' title='bbox 3575 4750 3738 4805; x_wconf 79' lang='lat' dir='ltr'><strong>auxi-</strong></span> 
     </span>
    </p>
   </div>
   <div class='ocr_carea' id='block_1_100' title="bbox 2143 4836 3737 4907">
    <p class='ocr_par' dir='ltr' id='par_1_100' title="bbox 2143 4836 3737 4907">
     <span class='ocr_line' id='line_1_100' title="bbox 2143 4836 3737 4907; baseline 0.001 -15"><span class='ocrx_word' id='word_1_743' title='bbox 2143 4839 2278 4892; x_wconf 91' lang='lat' dir='ltr'><strong>lium</strong></span> <span class='ocrx_word' id='word_1_744' title='bbox 2308 4837 2414 4892; x_wconf 89' lang='lat' dir='ltr'><strong>sui.</strong></span> <span class='ocrx_word' id='word_1_745' title='bbox 2451 4836 2498 4891; x_wconf 90' lang='lat' dir='ltr'><strong>is</strong></span> <span class='ocrx_word' id='word_1_746' title='bbox 2528 4847 2709 4891; x_wconf 88' lang='lat' dir='ltr'><strong>autem</strong></span> <span class='ocrx_word' id='word_1_747' title='bbox 2742 4838 2833 4907; x_wconf 93' lang='lat' dir='ltr'><strong>qui</strong></span> <span class='ocrx_word' id='word_1_748' title='bbox 2869 4838 3082 4894; x_wconf 87' lang='lat' dir='ltr'><strong>litteras</strong></span> <span class='ocrx_word' id='word_1_749' title='bbox 3119 4838 3396 4893; x_wconf 80' lang='lat' dir='ltr'><strong>deferebat</strong></span> <span class='ocrx_word' id='word_1_750' title='bbox 3435 4841 3583 4895; x_wconf 88' lang='lat' dir='ltr'><strong>circa</strong></span> <span class='ocrx_word' id='word_1_751' title='bbox 3626 4840 3737 4895; x_wconf 89' lang='lat' dir='ltr'><strong>Ga-</strong></span> 
     </span>
    </p>
   </div>
   <div class='ocr_carea' id='block_1_101' title="bbox 2135 4929 3735 5002">
    <p class='ocr_par' dir='ltr' id='par_1_101' title="bbox 2135 4929 3735 5002">
     <span class='ocr_line' id='line_1_101' title="bbox 2135 4929 3735 5002; baseline 0.001 -17"><span class='ocrx_word' id='word_1_752' title='bbox 2135 4931 2316 4986; x_wconf 89' lang='lat' dir='ltr'><strong>latiam</strong></span> <span class='ocrx_word' id='word_1_753' title='bbox 2338 4929 2821 5000; x_wconf 89' lang='lat' dir='ltr'><strong>comprehenditur</strong></span> <span class='ocrx_word' id='word_1_754' title='bbox 2848 4945 2876 4982; x_wconf 89' lang='lat' dir='ltr'><strong>a</strong></span> <span class='ocrx_word' id='word_1_755' title='bbox 2899 4929 3165 4985; x_wconf 79' lang='lat' dir='ltr'><strong>Romanis</strong></span> <span class='ocrx_word' id='word_1_756' title='bbox 3189 4974 3202 5000; x_wconf 93' lang='lat'><strong>,</strong></span> <span class='ocrx_word' id='word_1_757' title='bbox 3234 4947 3344 5002; x_wconf 89' lang='lat' dir='ltr'><strong>quo</strong></span> <span class='ocrx_word' id='word_1_758' title='bbox 3369 4933 3735 5001; x_wconf 87' lang='lat' dir='ltr'><strong>comprehen-</strong></span> 
     </span>
    </p>
   </div>
   <div class='ocr_carea' id='block_1_102' title="bbox 2133 5021 3732 5095">
    <p class='ocr_par' dir='ltr' id='par_1_102' title="bbox 2133 5021 3732 5095">
     <span class='ocr_line' id='line_1_102' title="bbox 2133 5021 3732 5095; baseline -0.001 -16"><span class='ocrx_word' id='word_1_759' title='bbox 2133 5038 2216 5090; x_wconf 90' lang='lat' dir='ltr'><strong>so,</strong></span> <span class='ocrx_word' id='word_1_760' title='bbox 2251 5031 2306 5077; x_wconf 90' lang='lat' dir='ltr'><strong>et</strong></span> <span class='ocrx_word' id='word_1_761' title='bbox 2323 5023 2700 5077; x_wconf 87' lang='lat' dir='ltr'><strong>nescientibus</strong></span> <span class='ocrx_word' id='word_1_762' title='bbox 2729 5021 2937 5087; x_wconf 87' lang='lat' dir='ltr'><strong>Persis,</strong></span> <span class='ocrx_word' id='word_1_763' title='bbox 2963 5023 3108 5077; x_wconf 83' lang='lat' dir='ltr'><strong>hunc</strong></span> <span class='ocrx_word' id='word_1_764' title='bbox 3130 5022 3450 5095; x_wconf 82' lang='lat' dir='ltr'><strong>Byzantium</strong></span> <span class='ocrx_word' id='word_1_765' title='bbox 3484 5022 3732 5077; x_wconf 74' lang='lat' dir='ltr'><strong>deduxe-</strong></span> 
     </span>
    </p>
   </div>
   <div class='ocr_carea' id='block_1_103' title="bbox 2133 5116 3736 5187">
    <p class='ocr_par' dir='ltr' id='par_1_103' title="bbox 2133 5116 3736 5187">
     <span class='ocr_line' id='line_1_103' title="bbox 2133 5116 3736 5187; baseline 0.001 -16"><span class='ocrx_word' id='word_1_766' title='bbox 2133 5126 2262 5172; x_wconf 89' lang='lat' dir='ltr'><strong>runt</strong></span> <span class='ocrx_word' id='word_1_767' title='bbox 2287 5127 2340 5172; x_wconf 88' lang='lat' dir='ltr'><strong>et</strong></span> <span class='ocrx_word' id='word_1_768' title='bbox 2368 5116 2717 5186; x_wconf 87' lang='lat' dir='ltr'><strong>imperatoris</strong></span> <span class='ocrx_word' id='word_1_769' title='bbox 2751 5117 2862 5169; x_wconf 84' lang='lat' dir='ltr'><strong>filio</strong></span> <span class='ocrx_word' id='word_1_770' title='bbox 2891 5117 3259 5172; x_wconf 88' lang='lat' dir='ltr'><strong>tradiderunt.</strong></span> <span class='ocrx_word' id='word_1_771' title='bbox 3293 5118 3392 5172; x_wconf 86' lang='lat' dir='ltr'><strong>Ast</strong></span> <span class='ocrx_word' id='word_1_772' title='bbox 3432 5119 3736 5187; x_wconf 85' lang='lat' dir='ltr'><strong>imperator</strong></span> 
     </span>
    </p>
   </div>
   <div class='ocr_carea' id='block_1_104' title="bbox 2135 5209 3732 5280">
    <p class='ocr_par' dir='ltr' id='par_1_104' title="bbox 2135 5209 3732 5280">
     <span class='ocr_line' id='line_1_104' title="bbox 2135 5209 3732 5280; baseline 0.001 -16"><span class='ocrx_word' id='word_1_773' title='bbox 2135 5226 2165 5264; x_wconf 92' lang='lat' dir='ltr'><strong>a</strong></span> <span class='ocrx_word' id='word_1_774' title='bbox 2183 5211 2355 5266; x_wconf 91' lang='lat' dir='ltr'><strong>misso</strong></span> <span class='ocrx_word' id='word_1_775' title='bbox 2371 5210 2593 5280; x_wconf 85' lang='lat' dir='ltr'><strong>cognita</strong></span> <span class='ocrx_word' id='word_1_776' title='bbox 2611 5209 2842 5264; x_wconf 86' lang='lat' dir='ltr'><strong>veritate</strong></span> <span class='ocrx_word' id='word_1_777' title='bbox 2859 5211 3119 5280; x_wconf 88' lang='lat' dir='ltr'><strong>protinus</strong></span> <span class='ocrx_word' id='word_1_778' title='bbox 3141 5211 3436 5266; x_wconf 79' lang='lat' dir='ltr'><strong>Sarbarum</strong></span> <span class='ocrx_word' id='word_1_779' title='bbox 3457 5211 3696 5266; x_wconf 89' lang='lat' dir='ltr'><strong>accessit</strong></span> <span class='ocrx_word' id='word_1_780' title='bbox 3718 5228 3732 5266; x_wconf 89' lang='lat'><strong>:</strong></span> 
     </span>
    </p>
   </div>
   <div class='ocr_carea' id='block_1_105' title="bbox 2138 5302 3738 5376">
    <p class='ocr_par' dir='ltr' id='par_1_105' title="bbox 2138 5302 3738 5376">
     <span class='ocr_line' id='line_1_105' title="bbox 2138 5302 3738 5376; baseline 0 -18"><span class='ocrx_word' id='word_1_781' title='bbox 2138 5305 2235 5376; x_wconf 88' lang='lat' dir='ltr'><strong>qui</strong></span> <span class='ocrx_word' id='word_1_782' title='bbox 2275 5319 2401 5358; x_wconf 90' lang='lat' dir='ltr'><strong>cum</strong></span> <span class='ocrx_word' id='word_1_783' title='bbox 2443 5302 2768 5371; x_wconf 88' lang='lat' dir='ltr'><strong>introisset,</strong></span> <span class='ocrx_word' id='word_1_784' title='bbox 2814 5304 2990 5360; x_wconf 81' lang='lat' dir='ltr'><strong>astitit</strong></span> <span class='ocrx_word' id='word_1_785' title='bbox 3045 5304 3386 5376; x_wconf 86' lang='lat' dir='ltr'><strong>imperatori.</strong></span> <span class='ocrx_word' id='word_1_786' title='bbox 3430 5305 3738 5375; x_wconf 89' lang='lat' dir='ltr'><strong>imperator</strong></span> 
     </span>
    </p>
   </div>
   <div class='ocr_carea' id='block_1_106' title="bbox 1984 5467 2218 5524">
    <p class='ocr_par' dir='ltr' id='par_1_106' title="bbox 1984 5467 2218 5524">
     <span class='ocr_line' id='line_1_106' title="bbox 1984 5467 2218 5524; baseline 0.004 -1"><span class='ocrx_word' id='word_1_787' title='bbox 1984 5467 2218 5524; x_wconf 67' lang='lat' dir='ltr'><strong>NOTAE.</strong></span> 
     </span>
    </p>
   </div>
   <div class='ocr_carea' id='block_1_107' title="bbox 523 5585 2033 5662">
    <p class='ocr_par' dir='ltr' id='par_1_107' title="bbox 523 5585 2033 5662">
     <span class='ocr_line' id='line_1_107' title="bbox 523 5585 2033 5662; baseline -0.004 -16"><span class='ocrx_word' id='word_1_788' title='bbox 523 5592 633 5662; x_wconf 74' lang='lat' dir='ltr'><strong>(iii)</strong></span> <span class='ocrx_word' id='word_1_789' title='bbox 667 5590 1026 5646; x_wconf 81' lang='lat' dir='ltr'><strong>Burdonibus.</strong></span> <span class='ocrx_word' id='word_1_790' title='bbox 1074 5591 1258 5647; x_wconf 90' lang='lat' dir='ltr'><strong>Utitur</strong></span> <span class='ocrx_word' id='word_1_791' title='bbox 1309 5588 1572 5662; x_wconf 69' lang='lat' dir='ltr'><strong>Ulpianus</strong></span> <span class='ocrx_word' id='word_1_792' title='bbox 1613 5585 2033 5662; x_wconf 2' lang='lat' dir='ltr'><strong>inqieg.tlA9.De</strong></span> 
     </span>
    </p>
   </div>
   <div class='ocr_carea' id='block_1_108' title="bbox 451 5654 2032 5733">
    <p class='ocr_par' dir='ltr' id='par_1_108' title="bbox 451 5654 2032 5733">
     <span class='ocr_line' id='line_1_108' title="bbox 451 5654 2032 5733; baseline -0.004 -16"><span class='ocrx_word' id='word_1_793' title='bbox 451 5654 718 5728; x_wconf 44' lang='lat' dir='ltr'><strong>leg&#39;at.&#39;5;</strong></span> <span class='ocrx_word' id='word_1_794' title='bbox 752 5663 1184 5733; x_wconf 79' lang='lat' dir='ltr'><strong>Chrysostomus</strong></span> <span class='ocrx_word' id='word_1_795' title='bbox 1226 5654 1415 5733; x_wconf 25' lang='lat' dir='ltr'><strong>epgili</strong></span> <span class='ocrx_word' id='word_1_796' title='bbox 1440 5676 1453 5712; x_wconf 91' lang='lat'>:</span> <span class='ocrx_word' id='word_1_797' title='bbox 1481 5654 1643 5733; x_wconf 66' lang='grc' dir='ltr'><strong>⁸Εἶτα</strong></span> <span class='ocrx_word' id='word_1_798' title='bbox 1680 5660 1709 5711; x_wconf 78' lang='grc' dir='ltr'><strong><em>ὁ</em></strong></span> <span class='ocrx_word' id='word_1_799' title='bbox 1755 5654 1965 5733; x_wconf 64' lang='grc' dir='ltr'>βρρδων</span> <span class='ocrx_word' id='word_1_800' title='bbox 1988 5659 2032 5733; x_wconf 33' lang='grc' dir='ltr'><strong>-ὁ</strong></span> 
     </span>
    </p>
   </div>
   <div class='ocr_carea' id='block_1_109' title="bbox 451 5729 2034 5802">
    <p class='ocr_par' dir='ltr' id='par_1_109' title="bbox 451 5729 2034 5802">
     <span class='ocr_line' id='line_1_109' title="bbox 451 5729 2034 5802; baseline -0.004 -17"><span class='ocrx_word' id='word_1_801' title='bbox 451 5738 646 5802; x_wconf 48' lang='grc' dir='ltr'>φέρων</span> <span class='ocrx_word' id='word_1_802' title='bbox 671 5733 826 5802; x_wconf 76' lang='grc' dir='ltr'><strong>ἡμῶν</strong></span> <span class='ocrx_word' id='word_1_803' title='bbox 863 5729 929 5785; x_wconf 49' lang='lat' dir='ltr'><strong>“Eb</strong></span> <span class='ocrx_word' id='word_1_804' title='bbox 959 5729 1696 5802; x_wconf 51' lang='lat' dir='ltr'><strong>lemlxtov.Theophanes:</strong></span> <span class='ocrx_word' id='word_1_805' title='bbox 1753 5729 2034 5802; x_wconf 52' lang='lat' dir='ltr'><strong>&quot;Drauci;</strong></span> 
     </span>
    </p>
   </div>
   <div class='ocr_carea' id='block_1_110' title="bbox 455 5799 2028 5872">
    <p class='ocr_par' dir='ltr' id='par_1_110' title="bbox 455 5799 2028 5872">
     <span class='ocr_line' id='line_1_110' title="bbox 455 5799 2028 5872; baseline -0.003 -16"><span class='ocrx_word' id='word_1_806' title='bbox 455 5799 1142 5872; x_wconf 14' lang='grc' dir='ltr'><strong>βούρδώνήνίκαοέζωμαι.</strong></span> <span class='ocrx_word' id='word_1_807' title='bbox 1191 5801 1596 5872; x_wconf 79' lang='lat' dir='ltr'><strong>Constantinus</strong></span> <span class='ocrx_word' id='word_1_808' title='bbox 1627 5799 1788 5872; x_wconf 47' lang='lat' dir='ltr'><strong>Tact:</strong></span> <span class='ocrx_word' id='word_1_809' title='bbox 1827 5816 1880 5868; x_wconf 89' lang='lat' dir='ltr'><strong>p.</strong></span> <span class='ocrx_word' id='word_1_810' title='bbox 1921 5799 2028 5854; x_wconf 79' lang='lat' dir='ltr'><strong>i2:</strong></span> 
     </span>
    </p>
   </div>
   <div class='ocr_carea' id='block_1_111' title="bbox 457 5869 2033 5942">
    <p class='ocr_par' dir='ltr' id='par_1_111' title="bbox 457 5869 2033 5942">
     <span class='ocr_line' id='line_1_111' title="bbox 457 5869 2033 5942; baseline -0.001 -17"><span class='ocrx_word' id='word_1_811' title='bbox 457 5869 587 5940; x_wconf 60' lang='lat' dir='ltr'><strong>&#39;1&#39;le</strong></span> <span class='ocrx_word' id='word_1_812' title='bbox 621 5873 677 5924; x_wconf 76' lang='grc' dir='ltr'><strong>δὲ</strong></span> <span class='ocrx_word' id='word_1_813' title='bbox 709 5871 804 5925; x_wconf 69' lang='grc' dir='ltr'><strong>κού.</strong></span> <span class='ocrx_word' id='word_1_814' title='bbox 851 5869 1096 5942; x_wconf 63' lang='grc' dir='ltr'><strong>βορδόεᾶια</strong></span> <span class='ocrx_word' id='word_1_815' title='bbox 1143 5873 1236 5924; x_wconf 65' lang='grc' dir='ltr'>καὶ</span> <span class='ocrx_word' id='word_1_816' title='bbox 1275 5870 1532 5942; x_wconf 72' lang='grc' dir='ltr'><strong>ἱππάρῑα.</strong></span> <span class='ocrx_word' id='word_1_817' title='bbox 1576 5871 1722 5925; x_wconf 81' lang='lat' dir='ltr'><strong>Adde</strong></span> <span class='ocrx_word' id='word_1_818' title='bbox 1768 5869 2033 5925; x_wconf 79' lang='lat' dir='ltr'><strong>Joannem</strong></span> 
     </span>
    </p>
   </div>
   <div class='ocr_carea' id='block_1_112' title="bbox 2141 5578 3735 5649">
    <p class='ocr_par' dir='ltr' id='par_1_112' title="bbox 2141 5578 3735 5649">
     <span class='ocr_line' id='line_1_112' title="bbox 2141 5578 3735 5649; baseline -0.004 -7"><span class='ocrx_word' id='word_1_819' title='bbox 2141 5585 2424 5642; x_wconf 82' lang='lat' dir='ltr'><strong>Moschum</strong></span> <span class='ocrx_word' id='word_1_820' title='bbox 2478 5582 2696 5639; x_wconf 89' lang='lat' dir='ltr'><strong>Limon.</strong></span> <span class='ocrx_word' id='word_1_821' title='bbox 2745 5583 2838 5638; x_wconf 89' lang='lat' dir='ltr'><strong>lOI</strong></span> <span class='ocrx_word' id='word_1_822' title='bbox 2890 5593 2942 5636; x_wconf 90' lang='lat' dir='ltr'><strong>et</strong></span> <span class='ocrx_word' id='word_1_823' title='bbox 2977 5583 3118 5649; x_wconf 71' lang='lat'><strong>125,</strong></span> <span class='ocrx_word' id='word_1_824' title='bbox 3172 5582 3317 5636; x_wconf 82' lang='lat' dir='ltr'><strong>Hist.</strong></span> <span class='ocrx_word' id='word_1_825' title='bbox 3357 5581 3495 5649; x_wconf 85' lang='lat' dir='ltr'><strong>Trip.</strong></span> <span class='ocrx_word' id='word_1_826' title='bbox 3530 5596 3627 5645; x_wconf 86' lang='lat' dir='ltr'><strong>vn,</strong></span> <span class='ocrx_word' id='word_1_827' title='bbox 3675 5578 3735 5636; x_wconf 84' lang='lat'><strong>5.</strong></span> 
     </span>
    </p>
   </div>
   <div class='ocr_carea' id='block_1_113' title="bbox 2141 5656 3734 5798">
    <p class='ocr_par' dir='ltr' id='par_1_113' title="bbox 2141 5656 3734 5798">
     <span class='ocr_line' id='line_1_113' title="bbox 2141 5656 3291 5734; baseline -0.012 -22"><span class='ocrx_word' id='word_1_828' title='bbox 2141 5656 2310 5712; x_wconf 78' lang='lat' dir='ltr'><strong>FABR.</strong></span> <span class='ocrx_word' id='word_1_829' title='bbox 3005 5673 3007 5676; x_wconf 60' lang='grc' dir='ltr'>ί</span> <span class='ocrx_word' id='word_1_830' title='bbox 3281 5723 3291 5734; x_wconf 67' lang='lat'>_</span> 
     </span>
     <span class='ocr_line' id='line_1_114' title="bbox 2215 5720 3734 5798; baseline -0.003 -16"><span class='ocrx_word' id='word_1_831' title='bbox 2215 5728 2339 5798; x_wconf 78' lang='lat'><strong>(55)</strong></span> <span class='ocrx_word' id='word_1_832' title='bbox 2368 5725 2724 5798; x_wconf 71' lang='lat' dir='ltr'><strong>Chalbasias._</strong></span> <span class='ocrx_word' id='word_1_833' title='bbox 2752 5724 2817 5798; x_wconf 66' lang='grc' dir='ltr'><strong>Υ.</strong></span> <span class='ocrx_word' id='word_1_834' title='bbox 2845 5723 3179 5798; x_wconf 15' lang='grc' dir='ltr'><strong>ίιῐίατρηγηιί</strong></span> <span class='ocrx_word' id='word_1_835' title='bbox 3211 5721 3496 5793; x_wconf 79' lang='lat' dir='ltr'><strong>epistolam</strong></span> <span class='ocrx_word' id='word_1_836' title='bbox 3526 5720 3593 5776; x_wconf 89' lang='lat' dir='ltr'><strong>ad</strong></span> <span class='ocrx_word' id='word_1_837' title='bbox 3626 5720 3734 5778; x_wconf 80' lang='lat' dir='ltr'><strong>Fa—</strong></span> 
     </span>
    </p>
   </div>
   <div class='ocr_carea' id='block_1_114' title="bbox 2146 5795 3086 5856">
    <p class='ocr_par' dir='ltr' id='par_1_114' title="bbox 2146 5795 3086 5856">
     <span class='ocr_line' id='line_1_115' title="bbox 2146 5795 3086 5856; baseline -0.007 -1"><span class='ocrx_word' id='word_1_838' title='bbox 2146 5795 2345 5856; x_wconf 75' lang='lat' dir='ltr'><strong>bidlam</strong></span> <span class='ocrx_word' id='word_1_839' title='bbox 2372 5805 2427 5854; x_wconf 84' lang='lat' dir='ltr'><strong>et</strong></span> <span class='ocrx_word' id='word_1_840' title='bbox 2451 5797 2631 5852; x_wconf 81' lang='lat' dir='ltr'><strong>Gloss.</strong></span> <span class='ocrx_word' id='word_1_841' title='bbox 2662 5796 2726 5850; x_wconf 89' lang='lat' dir='ltr'><strong>ad</strong></span> <span class='ocrx_word' id='word_1_842' title='bbox 2750 5797 2984 5853; x_wconf 88' lang='lat' dir='ltr'><strong>Cedren.</strong></span> <span class='ocrx_word' id='word_1_843' title='bbox 3014 5795 3086 5849; x_wconf 80' lang='lat' dir='ltr'><strong>In.</strong></span> 
     </span>
    </p>
   </div>
  </div>
