4088 6422
386 357 523 424 1313
1167 351 1536 412 HISTORIA
1577 348 2000 410 ECCLESIAST

2043 347 2151 406 [CA
2180 347 2283 406 EX
2319 347 2816 408 ΤΗΕΟΡΠΑΝΕ.
3521 355 3657 420 li?”

381 486 564 528 autem
589 472 713 526 huic
745 471 995 539 cpistola,
1024 486 1187 542 quam
1219 469 1492 525 Chosrocs
1515 471 1582 522 ad
1607 467 1962 536 Cardarigam
1997 470 2039 525 Α
2069 462 2245 516 Serem
2278 473 2326 516 et
2347 464 2509 516 alium
2529 463 2701 533 filiam
2719 464 2832 531 ejus
2858 463 2969 516 Anii
2997 465 3444 535 ,‘primogenitnm
3478 483 3658 525 autem

384 568 624 632 miserat,
661 565 881 629 tradita,
914 566 1195 634 missoque
1219 570 1470 628 ostenso,
1497 561 1628 629 legit
1653 561 1962 629 epistolam.
2071 557 2242 625 filium
2288 556 2511 609 Sirolren
2553 566 2602 609 et
2636 557 2831 625 fratres
2874 557 3020 626 ejus,
3051 574 3143 612 nec
3179 575 3280 612 non
3330 570 3379 614 et
3414 566 3658 620 mulieres

379 657 554 710 Atille
576 657 1003 711 certusveritate
1026 654 1968 717 reielTectus,continuoconversus
2071 666 2216 712 suas,
2272 650 2476 703 dimisit
2533 649 2675 702 ultra
2729 651 2947 718 flumen.
3006 651 3386 723 Compertoque
3445 653 3660 711 Siro/ies

383 732 584 803 hedera
614 763 737 802 cuni
776 747 886 802 lilio
928 747 1192 816 principis
1223 755 1277 800 et
1317 744 1624 815 patriarcha
1651 742 1781 797 fecit
1817 759 1832 807 ;
1872 743 1964 812 qui
2070 743 2208 810 quod
2244 742 2530 797 .llerdasan
2562 761 2820 798 coronare
2854 744 3025 805 vellet,
3063 749 3312 800 turbatus
3359 757 3458 809 est,
3481 759 3534 800 et
3563 750 3661 801 mi-

379 842 514 895 lalsa
545 839 809 894 Chosrois
827 840 1056 908 cpistola
1082 839 1248 904 facta,
1281 837 1432 891 addit
1463 838 1516 891 in
1547 852 1609 892 ea
1633 837 1798 891 etiam
1827 835 1966 889 alios
2071 835 2139 887 sit
2179 838 2564 890 colluctaneum
2599 853 2755 889 suum
2811 836 2877 888 ad
2917 834 3350 901 Gundabn‘ndan,
3399 839 3660 896 mandans

379 932 814 1001 quadringentos
845 939 1094 1000 satrapas
1123 938 1176 985 ct
1213 931 1490 1000 principes
1523 940 1577 982 et
1618 929 1871 984 tribunos
1913 935 1967 982 et
2068 930 2116 981 ei
2146 945 2207 980 ac
2232 927 2406 981 dicens
2440 945 2458 981 :
2507 946 2525 978 ι
2579 928 2706 982 l’rni
2741 929 2818 982 cis
2850 929 3066 996 fiumen,
3102 932 3365 1000 utloquar
3400 943 3592 987 tecum.
3639 953 3658 985 ι

379 1024 728 1078 centuriones
775 1022 1170 1079 interimendos
1193 1062 1209 1086 ,
1270 1030 1324 1075 et
1374 1021 1630 1090 imposito
1681 1019 1968 1091 ingeniose
2073 1023 2138 1072 At
2171 1019 2259 1072 ille
2294 1022 2474 1074 timuit
2501 1020 2799 1093 Cltosroen,
2824 1033 2872 1074 et
2909 1025 3295 1089 nontransicit,
3326 1025 3416 1079 sed
3441 1027 3662 1081 mandat

377 1118 673 1170 adinvento
731 1115 1047 1185 signaculo,
1114 1115 1568 1186 congregatisqne
1624 1113 1858 1167 ducibus
1913 1120 1968 1166 ct
2071 1115 2170 1166 ei:
2214 1132 2232 1163 ‹
2287 1113 2489 1178 Scribe,
2520 1115 2933 1182 inquiens,milii
2955 1133 3048 1184 per
3077 1117 3463 1172 cotlactaneum
3488 1136 3662 1175 meum

377 1209 502 1278 ipso
526 1208 844 1276 Cardariga,
891 1216 944 1262 et
974 1208 1110 1260 lecta
1137 1207 1367 1276 epistola
1393 1246 1408 1269 ,
1441 1206 1579 1259 dixit
1605 1204 1674 1258 ad
1715 1205 1970 1259 Cardari-
2071 1203 2324 1272 quidquid
2365 1205 2614 1258 volueris.
2655 1223 2674 1255 ι
2715 1205 2783 1258 Et
2825 1209 3038 1275 scripsit
3077 1210 3125 1262 ei
3162 1208 3368 1263 Siroliis
3413 1214 3664 1282 quoniam

375 1315 501 1370 gum
537 1319 549 1354 :
606 1299 869 1367 Perspicis
923 1309 979 1351 ut
1027 1299 1123 1352 hoc
1164 1299 1360 1366 facias.
1411 1297 1481 1350 At
1521 1314 1651 1352 vero
1689 1298 1967 1367 principes
2073 1294 2486 1364 Nostiqualiter
2506 1313 2586 1350 res
2624 1297 2834 1365 publica
2877 1299 3162 1354 Persarum
3201 1318 3290 1370 per
3316 1320 3540 1372 nequam
3569 1305 3666 1358 Iw-

376 1390 568 1447 l'urore
605 1393 812 1455 referti,
848 1392 1098 1446 abdicato
1127 1393 1375 1447 (Jhosroe
1404 1432 1420 1454 ,
1465 1391 1776 1460 imperatori
1817 1391 1967 1459 paci-
2070 1389 2260 1440 minem
2293 1389 2450 1440 istum
2483 1386 2758 1443 Cliosroen
2790 1401 2987 1457 pereat,
3016 1401 3062 1445 et
3095 1392 3198 1444 vnlt
3233 1410 3485 1449 coronare
3514 1394 3666 1450 Her-

376 1484 478 1538 lica
510 1493 667 1554 pacta
693 1493 1000 1553 patrarunt,
1036 1491 1090 1538 et
1118 1493 1309 1537 mutuo
1341 1483 1475 1536 inito
1502 1482 1734 1538 consilio
1759 1481 1968 1551 placuit
2070 1486 2264 1545 rtasan,
2303 1491 2353 1535 et
2395 1499 2474 1534 me
2503 1483 2920 1552 primogenitum
2953 1502 3106 1538 suum
3143 1492 3474 1556 contempsit.
3509 1486 3578 1542 Et
3616 1490 3664 1544 si

380 1574 805 1630 ntChalcedone
829 1573 1176 1630 discederent
1202 1584 1256 1628 et
1285 1575 1348 1628 ad
1373 1574 1595 1645 propria
1619 1572 1962 1644 repedarent,
2071 1573 2336 1626 allocutus
2367 1573 2532 1641 fueris
2569 1576 2859 1628 exercitum
2897 1586 2955 1628 ut
2995 1578 3256 1643 recipiant
3301 1596 3398 1641 me,
3437 1590 3484 1634 et
3512 1597 3666 1650 rogas

379 1668 514 1720 nihil
573 1666 1015 1722 cxterminaturi.
1082 1666 1356 1722 Prmterca
1412 1665 1697 1721 Ileraclins
1743 1665 1965 1734 scripsit
2069 1681 2248 1717 eorum
2279 1665 2498 1735 augebo,
2529 1676 2578 1719 et
2609 1682 2790 1734 pacem
2811 1684 2928 1719 cum
2957 1667 3317 1722 Romanorum
3346 1671 3668 1738 imperatore

374 1758 645 1813 Chosroi:
700 1759 809 1830 Ego
856 1776 1138 1831 persequor
1176 1769 1227 1814 et
1283 1758 1351 1812 ad
1397 1776 1578 1828 pacem
1629 1774 1827 1811 curro:
1862 1773 1964 1810 non
2002 1815 2039 1831 η
2072 1773 2132 1808 ac
2187 1756 2372 1811 Turcis
2431 1759 2650 1828 faciam,
2707 1769 2758 1812 et
2802 1759 2927 1813 bene
2962 1761 3211 1816 vivemus.
3245 1763 3310 1816 Et
3347 1767 3501 1818 stude
3544 1782 3664 1820 cum

374 1855 512 1907 enim
569 1853 899 1908 voluntarius
947 1855 1064 1923 igne
1107 1869 1358 1906 consumo
1399 1852 1690 1916 Persidem,
1734 1850 1824 1904 sed
1868 1851 1967 1903 vim
2001 1815 2040 1869 Β
2070 1851 2260 1921 populo
2289 1860 2378 1905 tuo
2421 1862 2474 1904 ut
2504 1869 2596 1921 ego
2627 1869 2855 1922 regnem,
2885 1863 2933 1907 et
2963 1871 3141 1908 omnes
3179 1872 3263 1909 ros
3307 1858 3585 1922 prore/tam
3615 1868 3666 1912 et

370 1961 565 2012 passus
603 1945 695 1999 abs
740 1957 807 1998 te.
846 1944 1205 2013 l’rojiciamus
1237 1961 1358 2014 ergo
1389 1944 1576 1997 saltent
1619 1959 1756 1996 nunc
1791 1959 1963 2007 arma,
2071 1945 2398 2009 aua‘iliabor,
2431 1954 2480 1998 et
2506 1946 2770 2015 pramipue
2798 1957 2864 2000 te.
2883 1946 3238 2006 Gundabnsas
3259 1960 3434 2002 autem
3461 1952 3664 2008 remisit

373 2045 424 2088 et
446 2052 626 2105 pacem
675 2035 1074 2103 ainplectamur.
1129 2035 1543 2104 Exstinguamus
1580 2035 1749 2104 ignem
1789 2035 1967 2102 prius-
2070 2037 2117 2090 ei
2146 2053 2237 2104 per
2265 2037 2650 2090 collactaneum
2677 2055 2830 2091 suum
2860 2041 3123 2092 dicensn
3158 2039 3424 2109 Quidquid
3449 2058 3664 2109 possunt

373 2143 536 2198 quant
561 2127 804 2180 universa
825 2126 1139 2195 inflammet.
1165 2126 1412 2195 Cumque
1430 2126 1704 2180 Cliosroes
1737 2128 1835 2178 hoc
1861 2140 1968 2178 non
2073 2129 2262 2199 loquar
2288 2146 2405 2182 cum
2436 2141 2683 2198 primore,
2718 2144 2764 2184 et
2793 2131 3058 2184 sollicitus
3093 2131 3192 2195 fui,
3227 2143 3275 2185 et
3305 2133 3513 2188 locutus
3547 2151 3663 2188 sum

374 2218 716 2281 admisisset,
749 2231 1076 2285 magnopere
1100 2215 1284 2270 odium
1321 2215 1504 2284 populi
1531 2213 1771 2268 Persidis
1799 2214 1971 2267 crevit
2073 2238 2192 2274 cum
2230 2222 2415 2290 viginti
2445 2221 2650 2276 duobus
2685 2224 2986 2286 comitibus,
3018 2233 3066 2277 et
3092 2224 3192 2292 feci
3215 2240 3302 2277 eos
3327 2242 3456 2278 mea;
3483 2225 3666 2280 υοιιιη-

374 2309 646 2364 adversus
680 2324 826 2362 eum.
865 2308 1032 2362 Movit
1060 2325 1190 2377 ergo
1226 2307 1504 2361 Chosroes
1539 2307 1791 2360 homines
1823 2306 1972 2374 prin-

2076 2315 2202 2368 tatis
2234 2331 2346 2368 esse
2373 2317 2512 2379 ;.sed
2535 2325 2585 2368 et
2609 2315 2745 2368 alios
2786 2315 3049 2382 principes
3077 2327 3125 2370 et
3160 2316 3354 2370 milites
3385 2318 3601 2372 multos.
3641 2338 3660 2372 ι

373 2406 560 2472 cipnm
619 2417 844 2478 suorum
901 2411 956 2457 et
1000 2416 1162 2455 omne
1223 2400 1553 2468 obsequium
1600 2414 1762 2452 suum
1811 2408 1972 2469 atque
2078 2407 2276 2462 Etha’c
2301 2407 2510 2478 quidem
2547 2405 2904 2462 Gundabusas
2947 2407 3220 2462 mandavit
3257 2407 3456 2463 Sim/ti.
3483 2409 3666 2463 Atille

375 2495 672 2548 mulierum
718 2509 966 2558 suarum,
1003 2501 1056 2548 et
1093 2493 1194 2547 hos
1225 2499 1467 2546 armatos
1506 2501 1736 2546 cunctos
1771 2489 1972 2545 direxit

2076 2500 2276 2554 remisit
2303 2501 2353 2552 ei
2387 2499 2568 2554 dicens
2613 2509 2670 2552 ut
2698 2500 2902 2554 decimo
2937 2501 3306 2554 Kalendarum
3335 2501 3664 2561 Apriliarum

375 2588 647 2642 exercitui
691 2588 959 2641 uniendos
990 2585 1242 2648 [thazati,
1286 2596 1340 2640 et
1380 2593 1622 2640 staturos
1657 2585 1799 2655 apud
1832 2583 1972 2637 Nar-
2075 2590 2586 2659 sumeretjuniores,
2619 2599 2668 2644 et
2704 2592 2846 2660 apud
2886 2601 3098 2656 pontem
3128 2593 3176 2645 ei
3226 2590 3456 2661 Tigridis
3481 2609 3668 2646 πων..

376 2678 503 2733 bam
521 2677 746 2732 ﬂuvium
800 2675 1090 2732 duodecim
1139 2676 1386 2730 millibus
1429 2691 1460 2729 a
1517 2673 1862 2744 Ctisiphonte
1892 2674 1974 2728 di—
2075 2693 2210 2738 reret
2263 2682 2525 2751 ﬂuminis,
2569 2690 2624 2734 ut
2672 2682 3000 2750 susciperent
3046 2700 3163 2736 eum
3203 2684 3256 2736 in
3296 2686 3585 2738 exercitum
3615 2695 3665 2739 et

376 2780 642 2832 stantem,
667 2770 907 2833 etjussit
929 2770 1010 2823 eis
1039 2777 1119 2833 ut,
1148 2769 1275 2822 dum
1295 2783 1508 2821 amnem
1531 2767 1788 2820 transiret
1807 2766 1978 2835 impc‘
2077 2785 2408 2828 moverentur
2437 2771 2685 2826 adversus
2711 2772 2998 2829 Cliosroen.
3033 2771 3310 2842 Referebat
3334 2785 3505 2828 autem
3527 2775 3667 2846 quod

376 2871 554 2926 ΐθῐοτν
615 2863 928 2916 illeidcrent
981 2873 1196 2930 pontes.
1247 2864 1346 2915 Ast
1399 2860 1695 2929 imperator
1739 2860 1974 2929 septimo
2074 2883 2195 2920 cum
2229 2865 2630 2929 ,Siroliiessent
2694 2867 2857 2919 etiam
2915 2866 3021 2920 duo
3076 2868 3178 2937 filii
3229 2867 3575 2922 Sarbarazan
3618 2879 3667 2922 et

380 2957 514 3012 ldus
560 2954 855 3012 Ianuarias
903 2963 1086 3010 motus
1133 2969 1163 3008 a
1206 2954 1530 3026 Dastagerd,
1572 2969 1697 3008 cum
1749 2954 1978 3038 abiis-set
2075 2961 2224 3029 ﬁlius
2277 2957 2527 3014 Hiesdem
2563 2967 2613 3012 et
2659 2959 2758 3012 alii
2797 2959 2953 3015 multi
2996 2961 3294 3028 principum
3356 2962 3457 3030 ﬁlii
3514 2971 3670 3030 atque

379 3049 562 3104 tribus
585 3047 800 3108 diebus,
824 3055 1008 3102 castra
1040 3053 1278 3100 metatus
1295 3054 1378 3100 est
1407 3045 1699 3099 duodecim
1731 3045 1976 3098 millibus
2080 3050 2226 3121 ﬁlius
2254 3054 2444 3113 Aram,
2471 3067 2646 3103 omnes
2670 3050 2844 3112 electi,
2870 3060 2919 3104 et
2945 3051 3084 3121 quod
3114 3054 3376 3122 siquidem
3403 3055 3670 3122 potuerint

383 3142 580 3214 procul
614 3156 642 3194 a
679 3139 860 3193 Narba
887 3138 1136 3203 ﬂumine,
1168 3139 1262 3193 ubi
1297 3148 1412 3193 erat
1442 3136 1735 3193 Persarum
1767 3139 1978 3194 exerci-
2005 3152 2047 3210 (ς
2083 3144 2348 3199 (Iliosroen
2383 3145 2660 3214 perimere,
2688 3145 2874 3200 beneet
2897 3149 3125 3215 optime:
3157 3146 3238 3199 sin
3266 3155 3466 3208 autem,
3494 3163 3672 3200 omnes

377 3242 493 3301 tus,
535 3235 682 3288 inter
721 3249 861 3304 quos
901 3233 1181 3288 habebant
1208 3233 1374 3288 etiam
1416 3241 1470 3288 et
1517 3233 1838 3303 elephantes
1877 3233 1977 3287 du-
2077 3254 2194 3290 cum
2240 3236 2422 3291 Sirolii
2468 3237 2734 3306 con/luent
2769 3238 2837 3292 ad
2870 3240 3271 3307 imperatorem.
3300 3237 3370 3292 Et
3407 3239 3552 3293 misit
3593 3256 3674 3294 me

379 3339 596 3384 centos.
632 3327 697 3381 Et
745 3326 897 3381 misit
937 3327 1236 3396 imperator
1273 3323 1570 3394 Georgium
1621 3323 1974 3377 turmarchen
2077 3329 2289 3384 Similis
2323 3330 2396 3383 ad
2433 3339 2501 3392 te,
2541 3330 2752 3384 domine
2781 3346 2799 3383 :
2829 3342 3037 3385 veretur
3063 3332 3202 3384 enim
3235 3331 3516 3399 imperium
3560 3330 3670 3386 Ηυ-

379 3420 860 3484 Armeniacorum,
881 3426 941 3472 ut
971 3419 1076 3470 iret
1105 3432 1280 3486 usque
1309 3415 1376 3468 ad
1406 3414 1631 3478 ﬂumen,
1655 3421 1709 3468 et
1736 3414 1978 3468 disceret
2079 3438 2377 3489 manorum,
2425 3423 2710 3491 quoniam,
2759 3423 3025 3492 inquiens,
3075 3423 3344 3476 Cliosroen
3401 3424 3668 3492 quondam

381 3520 570 3568 utrum
616 3509 825 3566 Narbas
869 3509 1071 3565 vadum
1120 3509 1365 3562 haberet.
1401 3508 1468 3562 Et
1502 3523 1627 3560 cum
1669 3507 1976 3562 invenisset
2076 3515 2324 3580 salvavit,
2353 3525 2403 3568 et
2425 3516 2592 3567 multa
2623 3530 2688 3568 ea:
2717 3531 2776 3568 eo
2809 3515 2953 3568 mala
2995 3515 3354 3570 Romanorum
3387 3525 3530 3570 terra
3552 3531 3677 3582 per-

379 3605 530 3677 quod
576 3612 775 3676 poatcs
826 3605 1149 3658 incidissent
1199 3611 1252 3656 et
1286 3602 1483 3656 vadum
1537 3617 1649 3656 non
1689 3609 1858 3665 esset,
1907 3601 1975 3654 ad
2073 3609 2558 3673 pessaest,etquia
2576 3616 2787 3674 propter
2806 3606 2951 3660 illius
2977 3606 3411 3676 ingratitudinem
3430 3624 3522 3663 nec
3541 3607 3674 3662 mihi

379 3698 774 3765 imperatorem
834 3696 1038 3749 reversi
1087 3703 1262 3758 sunt;
1313 3693 1406 3762 qui
1470 3701 1654 3747 motus
1703 3693 1972 3746 Siazuron
2071 3699 2286 3765 credere
2311 3697 2466 3751 habet
2490 3698 2800 3767 imperator.
2821 3698 3023 3753 Verum
3056 3698 3146 3753 ille
3169 3699 3316 3754 hunc
3345 3699 3414 3754 ad
3442 3699 3672 3757 Sirohiu

379 3788 520 3852 adit.
547 3797 601 3842 ει
622 3788 893 3842 Circuibal
935 3786 1230 3840 incendens
1279 3785 1556 3853 rei-tionem
1594 3791 1648 3838 ει
1677 3784 1839 3840 Ul'bes
1879 3800 1976 3854 per
2080 3808 2274 3848 rursus
2305 3792 2564 3853 absolvit,
2591 3790 2861 3846 mandans
2890 3791 2938 3844 ei
2972 3799 3030 3843 ut
3056 3805 3312 3846 carceres
3342 3792 3598 3862 aperiret,
3621 3805 3677 3848 ct

382 3890 560 3936 totum
589 3880 955 3935 Februarium
981 3894 1248 3933 mensem.
1270 3877 1465 3933 Martio
1488 3893 1618 3933 vero
1640 3893 1830 3934 mense
1850 3893 1976 3932 cum
2080 3893 2323 3938 retentos
2348 3883 2403 3937 in
2435 3883 2516 3937 eis
2548 3881 2829 3936 [tornanos
2862 3883 3124 3936 educeret
3153 3923 3166 3947 ,
3199 3893 3255 3937 et
3287 3897 3440 3937 arma
3467 3884 3547 3938 eis
3577 3884 3676 3937 ιιιί-

381 3975 626 4029 venisset
662 3973 716 4026 in
759 3973 1023 4042 praedium
1058 3971 1207 4040 quod
1244 3970 1527 4026 dicebatur
1559 3971 1794 4037 Barzan,
1831 3971 1978 4026 face-
2081 3977 2292 4041 hucret,
2325 3976 2517 4044 sicque
2545 3983 2736 4029 contra
2761 3974 3045 4028 Chosroen
3073 3989 3192 4028 sese
3215 3986 3478 4029 moveret.
3503 3973 3676 4030 Porro

383 4082 446 4122 re
475 4065 588 4143 (:36)
622 4075 830 4134 septem
864 4064 982 4118 dies
1009 4104 1022 4125 ,
1057 4071 1111 4117 et
1142 4063 1294 4117 misit
1323 4062 1644 4116 Mezeticnm
1687 4069 1978 4132 praetorem

2083 4067 2297 4122 Sirohis
2326 4065 2592 4122 obediens
2623 4066 2967 4135 imperatori,
3001 4067 3238 4121 retrusis
3267 4065 3504 4132 eductis,
3537 4081 3670 4137 pro-

381 4162 444 4215 in
492 4174 741 4220 cursum,
773 4167 826 4211 et
866 4157 1158 4225 adjunctus
1195 4163 1280 4210 est
1322 4156 1371 4210 ei
1411 4153 1829 4209 Gundabundas
1858 4153 1979 4208 chi-
2083 4159 2295 4228 peravit
2329 4167 2521 4214 contra
2563 4158 2888 4228 patricidam
2924 4168 3172 4228 patrem,
3201 4157 3486 4212 Chosroen
3519 4159 3674 4213 sciti-

383 4249 635 4305 liarchus
667 4247 874 4302 militiae
908 4245 1130 4300 Barbari
1174 4260 1300 4298 cum
1338 4244 1466 4298 aliis
1507 4243 1773 4314 quinque,
1803 4243 1980 4296 tribus
2082 4259 2191 4307 ρει,
2239 4252 2486 4321 cumque
2535 4251 2625 4304 ille
2673 4249 2862 4319 fugere
2916 4257 3185 4304 tentasset
3233 4263 3334 4304 nec
3383 4249 3673 4315 valuisset,

383 4341 610 4410 quidem
643 4339 962 4400 comitibus,
995 4335 1212 4390 duobus
1239 4351 1366 4390 vero
1391 4335 1740 4388 axiomaticis
1760 4334 1898 4405 (57),
1925 4343 1980 4389 et
2085 4354 2270 4400 ιεηιυε
2301 4352 2356 4399 ει
2384 4343 2562 4398 valide
2592 4343 2812 4396 γίηριυε
2843 4341 3038 4397 [armis
3065 4348 3150 4397 es;
3173 4341 3532 4411 compedibus
3564 4353 3672 4396 lam

385 4436 547 4491 duxit
586 4449 682 4489 eos
724 4434 791 4487 ad
839 4434 1248 4502 illlpel'nwl‘em-
1300 4428 1426 4494 Ωυί,
1454 4427 1715 4484 Videlicel
1754 4427 1978 4482 Gunda'
2014 4499 2043 4504 η
2067 4444 2207 4504 post
2241 4444 2452 4503 tergum
2479 4433 2740 4487 manibus
2768 4447 2936 4500 quam
2971 4430 3204 4499 pedibus
3234 4430 3554 4499 colligatis;
3583 4433 3672 4486 cui

385 4528 626 4592 bundas,
676 4539 765 4581 res
828 4524 1176 4579 necessarias
1231 4521 1553 4591 imperatori
1600 4521 1976 4587 annuntiavit,
2012 4499 2054 4554 ι)
2084 4534 2134 4580 et
2167 4525 2318 4579 circa
2359 4524 2563 4578 collum
2597 4522 2840 4592 pondera
2887 4521 3062 4576 ferrea
3095 4520 3414 4587 imponunt,
3463 4528 3518 4575 et
3553 4521 3679 4575 mit--

385 4619 581 4674 dicens
616 4634 629 4670 :
679 4616 902 4682 Quando
932 4615 1066 4684 fugit
1097 4613 1354 4667 Cliosroes
1384 4630 1417 4667 a
1442 4611 1740 4683 Dastagerd
1765 4624 1814 4666 et
1842 4612 1976 4666 adiit
2089 4622 2210 4669 tunt
2233 4628 2358 4668 eum
2385 4612 2441 4666 in
2476 4611 2699 4665 domum
2722 4611 3096 4675 tenebrarum,
3119 4625 3282 4679 quam
3303 4611 3421 4680 ipse
3446 4611 3680 4666 munivit

385 4708 776 4778 Ctisipliontem
840 4717 994 4777 atque
1034 4706 1364 4771 Seleuciam,
1406 4705 1719 4776 dysenteria:
1754 4705 1978 4776 languo-
2085 4723 2114 4760 a
2159 4705 2401 4759 novitate
2443 4713 2769 4758 construens
2808 4701 2876 4755 ad
2946 4701 3327 4770 recondendas
3379 4701 3676 4771 pecunias,

389 4821 504 4859 rem
540 4803 786 4864 incurrit,
814 4811 860 4855 et
895 4801 1056 4854 voluit
1086 4801 1259 4869 ﬁlium
1293 4816 1446 4853 suum
1487 4798 1794 4864 ;’llerdasan,
1822 4815 1974 4868 quem
2087 4799 2359 4868 panisque
2391 4811 2584 4866 parum
2620 4796 2669 4849 ei
2717 4804 2771 4848 et
2816 4809 2974 4862 aqua:
3010 4793 3321 4848 tribuentes
3353 4793 3502 4848 hunc
3533 4792 3678 4848 fatue

386 4894 568 4967 genuit
626 4907 690 4945 ea:
744 4891 889 4954 Sere,
937 4908 1210 4946 coronare.
1255 4895 1422 4962 Atque
1470 4907 1737 4960 regressus
1787 4893 1977 4946 iterum
2089 4888 2402 4942 uocabant:
2442 4885 2517 4938 ait
2547 4885 2694 4939 enim
2723 4877 2978 4938 Sirohis:
3015 4880 3510 4948 Comedataurum,
3535 4882 3676 4951 quod

385 4996 600 5036 anmem
659 4980 924 5046 transivit,
966 4992 1011 5034 et
1064 4995 1236 5034 secum
1281 4980 1433 5032 duxit
1490 4977 1779 5034 Merdasan
1826 4989 1981 5049 atque
2089 4983 2360 5036 incassum
2386 4978 2695 5049 collegit,.et
2721 4986 2937 5047 propter
2959 4975 3097 5048 quod
3128 4977 3289 5032 etiam
3318 4979 3514 5031 multo:
3534 4974 3678 5046 fama

1921 5149 2155 5204 ΝΟΤΛΞ.

465 5272 580 5347 (56)
617 5270 850 5347 Facere:
892 5267 1229 5347 Papinianus
1262 5268 1316 5347 in
1367 5268 1404 5322 l.
1433 5267 1694 5347 milesnad
1724 5271 1828 5338 leg.
1869 5267 1980 5347 Jul.

2097 5262 2298 5343 Vita_S.
2325 5262 2550 5347 Antonii
2586 5278 2602 5347 ξ
2635 5259 2780 5325 "Elim
2814 5255 3322 5347 ποξλάκιςαῄμέρας
3344 5255 3449 5347 atat
3474 5253 3677 5347 νιύξτξξ

389 5322 882 5405 υεἽιῐιήιῐᾙῖἷΝο
929 5322 1033 5394 sithi
1090 5322 1539 5408 corirptttat'entttr
1564 5322 1683 5408 dies
1725 5322 1874 5407 iqiios
1909 5339 1980 5408 in

2090 5333 2392 5408 ﬂ0t0_5Vt.'-:_;.
2417 5330 2480 5385 V.
2506 5333 2639 5387 Acta
2669 5322 2844 5401 apost.
2883 5337 3036 5393 svm,
3070 5322 3164 5391 23,
3189 5322 3244 5381 et
3271 5326 3435 5395 epist.
3487 5322 3678 5382 Jacobi

387 5401 644 5474 custodia
670 5412 910 5466 fecisset.
939 5427 958 5459 ι
981 5409 1167 5477 Lupus
1194 5401 1357 5478 e'pist.
1381 5407 1489 5460 20:
1528 5427 1545 5460 ι
1571 5401 1981 5462 Facerenohis-
2087 5419 2165 5465 tv,
2192 5405 2286 5478 ᾖ.
2321 5401 2491 5478 Esca.
2575 5472 2587 5478 _
2625 5471 2637 5478 Δ
2969 5467 2982 5478 ,

386 5466 679 5543 Iuliam
711 5483 922 5551 aliquot
958 5466 1166 5534 valeas.
1191 5466 1486 5551 s'ﬂulinus
1519 5478 1786 5551 interpres
1808 5478 1981 5532 Eusc—
2071 5493 2074 5496 λ
2165 5475 2282 5551 (57)
2309 5471 2684 5551 Αεὶοιιιιιιὲοἰι.
2738 5467 3138 5551 Glossarium-3
3179 5466 3552 5551 ᾁξιερματικᾴς
3583 5467 3680 5523 ho-

386 5537 580 5616 hi—iuit.
609 5537 676 5608 E.
715 5570 746 5607 χ
778 5537 819 5605 τ’
842 5569 861 5602 ι
891 5551 1148 5619 Quinque
1182 5564 1358 5603 annos
1381 5549 1524 5619 inter
1547 5537 1979 5619 catechumenos
2092 5537 2371 5619 aerarius,
2405 5542 2502 5619 qui
2533 5542 2798 5619 honorem
2831 5540 2992 5619 gerit.
3048 5537 3217 5619 aliud
3267 5537 3614 5619 Glossarium
3659 5555 3676 5592 ς

387 5608 622 5684 faciant.
667 5644 686 5678 ι
725 5624 861 5678 Acta
902 5608 1204 5674 ~Fructuosi
1251 5615 1764 5689 episc.:l'arracon.
1798 5636 1810 5671 :
1860 5637 1876 5670 ι
1917 5617 1982 5671 Et
2089 5618 2385 5689 dignitosus
2418 5608 2812 5680 ἀξιωματικός,
2842 5608 2934 5689 qui
2969 5610 3025 5689 in
3050 5608 3315 5689 dignitate
3345 5609 3680 5689 constitutus

389 5678 644 5754 iiii-Eram
692 5696 747 5747 in
785 5706 1008 5745 carcere
1049 5691 1167 5745 dies
1219 5678 1334 5747 sei.
1365 5709 1386 5742 ι
1436 5688 1606 5744 Vetus
1648 5689 1976 5756 inscriptio:
2089 5678 2195 5742 θεῖ.
2233 5678 2739 5756 υιὶιιιτΑνοςίτςιηο
2787 5678 2950 5756 verbo
2997 5678 3356 5756 Aldhelmus,
3402 5678 3491 5756 De
3525 5679 3675 5756 laud.

395 5748 429 5822 '.'
451 5748 588 5824 Cum
609 5748 727 5835 qua
759 5763 885 5835 fecit
923 5776 1096 5835 annos
1129 5760 1165 5835 ξ)
1193 5759 1604 5835 mensesGdies
1633 5759 1724 5835 23.
1765 5777 1782 5811 ι
1810 5748 1934 5835 tilia
1963 5775 1976 5812 :
2091 5758 2328 5828 virginit.
2350 5773 2400 5835 ς’.
2426 5748 2500 5813 28
2523 5771 2587 5835 λι
2615 5751 2846 5835 Propter
2865 5752 3194 5835 dignitosam
3217 5748 3546 5835 inpocentiar.
3569 5754 3680 5819 pat-

371 5818 420 5896 »λ
458 5818 594 5894 (xiiii
629 5818 828 5891 marito
860 5833 987 5888 fecit
1021 5847 1094 5888 in.
1125 5832 1158 5886 5
1187 5831 1242 5886 d.
1277 5828 1369 5886 20.
1408 5851 1425 5884 ι
1468 5831 1526 5885 S.
1558 5830 1896 5887 Athanasius
1925 5831 1982 5886 in
2093 5818 2262 5896 main,
2297 5848 2316 5881 ›
2352 5826 2388 5882 i.
2418 5841 2471 5882 c.
2507 5818 2823 5894 dignatione
2850 5818 3240 5879 venerandam.
3276 5818 3358 5876 in.
