4100 6440
509 367 642 433 1315

1629 366 2040 430 ANASTASII
2073 365 2704 427 BIBLIOTHECARII

3625 373 3744 442 i316

503 482 708 539 necavit
745 479 1103 550 mundumque
1132 478 1345 534 deleuit.
1384 480 1556 535 Porro
1587 481 1739 536 misit
1778 479 1994 539 Sirohis
2030 498 2097 536 au
2128 484 2174 542 Α
2205 480 2440 535 dendum
2472 493 2700 536 suasum
2726 477 3025 548 baptizavit
3054 478 3109 533 in
3137 476 3303 534 domo
3326 477 3591 539 Eustachii
3624 485 3747 545 bea-

503 589 631 630 eum
652 583 900 643 satrapas
917 574 1062 628 hunc
1085 573 1304 643 injuriis
1322 573 1695 642 impetendum
1720 584 1775 630 et
1793 591 2100 646 conspuen-

504 669 657 722 dum.
690 667 754 720 Et
771 665 1065 720 adductum
1081 665 1374 720 Merdasan
1403 666 1571 720 ﬁiium
1591 665 1734 735 ejus,
1753 683 1913 738 quem
1939 683 2100 722 coro-

505 777 640 816 nare
673 761 908 824 voIebat,
939 771 1065 813 ante
1088 775 1147 814 se
1167 760 1394 824 occidit,
1426 769 1482 814 et
1514 758 1756 830 reliquos
1799 760 1942 816 ﬁlios
1978 761 2099 830 ejus

505 867 734 913 cunctos
775 858 828 910 in
876 865 1177 924 conspectu
1222 855 1344 923 ejus
1385 856 1808 920 interemerunt,
1853 863 1908 910 et
1953 855 2102 909 misit

505 965 720 1006 omnem
758 948 1041 1004 inimicum
1071 949 1191 1016 ejus
1225 947 1445 1016 injuriis
1475 948 1764 1002 cumulare
1800 957 1855 1002 et
1901 963 2100 1017 percu-

505 1052 620 1097 tere
645 1050 700 1097 et
725 1056 1030 1111 conspuere
1061 1040 1238 1094 illum.
1276 1040 1525 1110 Denique
1559 1056 1656 1111 per
1701 1041 1950 1110 quinque
1982 1043 2102 1097 dies

506 1138 609 1192 hoc
643 1135 806 1201 facto,
838 1134 1009 1203 jussit
1038 1133 1258 1188 Sirohis
1290 1133 1437 1188 hunc
1470 1134 1710 1188 arcubus
1742 1124 2101 1199 interﬁcere",

505 1229 696 1299 sicque
735 1228 1000 1298 paulatim
1038 1227 1091 1280 in
1130 1226 1290 1282 malis
1315 1227 1714 1297 nequissimam
1745 1242 1903 1282 suam
1927 1228 2103 1280 tradi.

505 1321 585 1377 dit
623 1322 884 1376 animam.
942 1321 1099 1374 Tune
1140 1320 1359 1376 Sirohis
1411 1319 1637 1390 scripsit
1674 1318 1741 1374 ad
1786 1319 2103 1375 Heraelium

507 1416 892 1487 cvangelizans
914 1415 964 1469 ei
984 1413 1236 1470 scelerati
1270 1413 1536 1470 Chosrois
1559 1413 1861 1478 interitum,
1887 1427 2108 1483 pacem-

506 1524 613 1579 que
643 1510 827 1578 jugem
857 1523 980 1562 cum
1004 1522 1070 1563 eo
1097 1523 1160 1563 ac
1190 1506 1558 1561 ﬁrmissimam
1585 1503 1814 1576 pepigit,
1842 1507 2104 1560 omnibus

506 1598 881 1662 Christianis,
931 1598 1023 1668 qui
1085 1598 1139 1652 in
1195 1599 1521 1653 carceribus
1574 1609 1630 1652 et
1675 1599 1826 1652 omni
1880 1595 2106 1652 Perside

508 1691 710 1761 captivi
747 1691 1099 1753 tenebantur,
1140 1690 1189 1744 ei
1228 1690 1501 1755 remissis,
1531 1705 1640 1744 una
1680 1704 1804 1746 cum
1836 1688 2104 1743 Zacharia

509 1782 1013 1856 Hierosolymitano
1063 1783 1296 1852 praesule
1340 1798 1407 1838 ac
1480 1783 1738 1852 pretiosis
1781 1791 1837 1838 et
1873 1782 2104 1841 viviﬁcis

2205 571 2466 643 politani,
2531 572 2626 643 qui
2681 580 2737 626 et
2795 572 2946 641 ipse,
2997 585 3125 626 cum
3191 568 3532 630 Christianus
3582 593 3750 649 esset,

2204 663 2594 734 imperatorem
2635 665 2872 731 excepit.
2921 662 3209 731 Ingressus
3258 664 3440 733 itaque
3483 666 3754 739 imperator

2206 753 2665 827 Hierosolymam,
2724 757 2988 811 restituto
3055 763 3168 810 tam
3219 755 3480 813 Zacharia
3527 766 3757 831 pontiﬁce

2205 863 2368 918 quam
2399 848 2558 902 alma
2586 849 2772 903 crucis
2805 850 3146 904 honorandis
3173 865 3236 903 ac
3268 850 3496 908 viviﬁcis
3525 855 3675 924 lignis
3709 860 3756 912 in

2203 941 2488 1009 proprium
2512 939 2714 1004 locum,
2739 940 3002 1010 plurimas
3021 940 3133 996 Deo
3151 947 3332 1011 grates
3355 943 3486 1013 egit,
3503 947 3761 1018 puisisque

2205 1033 2278 1088 ab
2294 1033 2434 1089 urbe
2456 1043 2647 1090 saneta
2671 1033 2916 1089 Hebraeis
2935 1035 3102 1104 jussit
3127 1049 3234 1089 non
3263 1034 3460 1090 habere
3485 1038 3604 1093 illos
3626 1051 3762 1107 pote~

2208 1135 2406 1182 statem
2443 1127 2668 1198 propius
2704 1128 2865 1183 alma:
2905 1128 3118 1184 civitati
3143 1143 3306 1199 quam
3340 1131 3509 1186 tribus
3540 1133 3765 1192 millibus

2207 1221 2718 1290 appropinquandi.
2769 1220 2907 1277 Cum
2949 1231 3134 1276 autem
3181 1224 3523 1292 pervenisset
3561 1226 3623 1279 ad
3671 1225 3766 1282 IIe-

2208 1312 2451 1376 dessam,
2510 1313 2837 1369 orthodoxis
2897 1316 3192 1370 ecclesiam
3255 1317 3532 1384 reddidit,
3579 1331 3690 1390 quas
3741 1342 3765 1374 ει

2206 1402 2554 1461 Nestorianis
2609 1421 2638 1460 a
2697 1405 2965 1462 Chosrois
3032 1416 3282 1478 tempore
3349 1411 3650 1468 tenebatur.
3712 1414 3767 1470 Et

2209 1500 2446 1556 veniens
2483 1499 2822 1572 Hierapolim
2857 1503 3070 1558 audivit
3101 1501 3247 1574 quod
3283 1502 3498 1562 Sirobis
3533 1521 3621 1561 rex
3649 1506 3768 1562 Per-

2209 1608 2396 1648 sarum
2432 1595 2572 1648 diem
2605 1594 2899 1652 clausisset
2934 1606 3266 1660 extremum,
3308 1605 3365 1650 et
3399 1595 3595 1653 Adesir
3618 1599 3769 1668 hujus

2209 1683 2355 1740 ﬁlius
2394 1686 2444 1740 ei
2477 1686 2532 1740 in
2571 1687 2726 1757 regni
2776 1687 3044 1759 regimine
3089 1689 3482 1744 successisset.
3520 1689 3619 1755 Qui
3661 1706 3768 1746 cum

2210 1787 2420 1847 septem
2450 1781 2740 1835 mensibus
2776 1780 3046 1835 tenuisset
3070 1780 3465 1850 principatum,
3499 1781 3774 1837 insnrrexit

509 1876 696 1947 lignis,
730 1891 851 1946 qua
888 1876 1107 1931 fuerant
1135 1891 1200 1930 ex
1238 1873 1637 1946 Hierosolymis
1672 1889 1701 1929 a
1734 1872 2103 1942 Sarbarazan,
2137 1866 2179 1922 Β
2209 1873 2477 1928 adversus
2538 1888 2664 1927 eum
2703 1871 3064 1939 Sarbarazas,
3099 1873 3192 1943 qui
3225 1888 3292 1927 eo
3327 1888 3590 1944 percusso
3623 1875 3774 1945 impr-

507 1983 632 2025 cum
669 1967 974 2024 Jerusalem
1012 1969 1267 2039 cepisset,
1303 1968 1510 2023 ablata.

578 2060 738 2115 Anno
769 2060 986 2130 imperii
1033 2059 1264 2114 Heraclii
1301 2060 1516 2114 decimo
1544 2066 1744 2114 octavo
1778 2074 1876 2114 rex
1934 2059 2108 2113 habe-

509 2163 601 2207 tur
651 2153 948 2207 Persarum
1008 2151 1244 2214 Sirohis,
1305 2152 1398 2222 qui
1461 2166 1608 2205 anno
1664 2151 1914 2221 regnavit
1970 2166 2104 2214 uno,

508 2246 734 2316 quando
797 2253 853 2298 et
916 2244 1163 2299 Moamed
1227 2244 1469 2298 Arabum
1540 2259 1639 2298 seu
1700 2245 2106 2298 Saracenorum

511 2339 776 2407 princeps
811 2327 916 2389 sub
945 2335 1132 2390 Persis
1162 2335 1368 2406 degens
1395 2344 1610 2390 sextum
1645 2335 1840 2404 agebat
1877 2350 2106 2395 annum,

512 2437 878 2496 perventurus
932 2427 1001 2480 ad
1049 2441 1276 2480 nonum.
1318 2428 1534 2480 Interea
1581 2426 1725 2480 facta
1786 2440 1920 2495 pace
1978 2441 2102 2478 cum

514 2519 699 2574 Persis
739 2527 906 2586 atque
939 2517 1226 2582 Romanis,
1261 2517 1468 2572 direxit
1512 2519 1814 2587 imperator
1844 2516 2105 2572 Theodo-

510 2626 634 2666 rum
662 2610 890 2664 fratrem
925 2625 1087 2663 suum
1125 2625 1249 2664 cum
1289 2611 1490 2664 litteris
1519 2619 1574 2664 et
1603 2608 1920 2664 hominibus
1953 2607 2108 2660 Siro-

513 2705 598 2760 his
627 2705 770 2775 regis
811 2703 1126 2765 Persarum,
1173 2717 1452 2773 quatenus
1483 2703 1682 2768 Persas,
1714 2703 1808 2773 qui
1844 2703 1898 2757 in
1936 2700 2110 2756 Palae-

510 2798 660 2850 stina
693 2805 749 2850 et
783 2796 986 2850 Edessa
1015 2802 1070 2848 et
1106 2793 1510 2866 Hierosolymis
1539 2803 1593 2850 et
1626 2795 1843 2850 caneris
1875 2794 2106 2850 urbibus

509 2886 888 2943 Romanorum
944 2892 1153 2951 essent,
1202 2899 1330 2940 cum
1388 2901 1526 2956 pace
1575 2890 1994 2940 reverterentur
2051 2885 2106 2937 in

509 2979 794 3036 Persidem
839 2987 894 3032 et
947 2977 1188 3033 innocue
1241 2986 1446 3034 terram
1497 2979 1873 3033 Romanorum
1923 2985 2108 3034 trans-

510 3074 678 3128 irent.
703 3072 994 3128 Postremo
1027 3075 1331 3138 imperator
1357 3086 1482 3126 eum
1507 3085 1604 3126 sex
1633 3071 1795 3125 annis
1820 3071 2105 3126 Persidem

510 3172 916 3233 expugnasset,
982 3165 1220 3231 septimo
1269 3176 1418 3215 anno
1474 3176 1610 3231 pace
1666 3169 1924 3231 percepta
1979 3177 2104 3216 eum
2133 3203 2178 3266 Ο

517 3255 726 3326 ingenti
760 3255 964 3324 gaudio
994 3255 1536 3325 Constantinopolim
1583 3257 1869 3317 remeavit,
1911 3257 2108 3327 mysti-

515 3360 638 3400 cam
673 3345 729 3400 in
763 3347 866 3400 hoc
899 3346 1196 3416 quamdam
1243 3347 1513 3401 tbeoriam
1562 3347 1887 3418 adimplens.
1923 3346 1979 3402 In
2015 3364 2107 3402 sex

513 3439 721 3508 quippe
781 3438 980 3493 diebus
1038 3437 1182 3494 Deus
1247 3440 1509 3495 universa
1569 3441 1796 3496 condita
1855 3448 2112 3495 creatura

511 3531 805 3600 septimam
835 3531 1044 3601 requiei
1073 3531 1222 3588 diem
1257 3533 1516 3587 vocavit:
1553 3532 1626 3586 ita
1669 3543 1725 3588 et
1769 3535 1887 3604 ipse
1921 3535 1972 3588 in
2012 3550 2107 3588 sex

512 3625 696 3688 annis,
739 3626 926 3680 multis
976 3627 1245 3698 impensis
1305 3627 1610 3692 laboribus,
1666 3629 1904 3698 septimo
1959 3643 2108 3682 anno

512 3731 772 3772 reversus
793 3719 861 3771 ad
893 3719 1086 3772 urbem
1115 3733 1241 3772 eum
1271 3734 1406 3790 pace
1437 3735 1500 3773 ae
1529 3719 1773 3789 tripudio
1805 3721 2103 3790 requievit.

514 3808 690 3863 Porro
737 3810 974 3878 populus
1035 3811 1298 3876 civitatis,
1357 3810 1593 3865 adventu
1661 3811 1832 3882 ipsius
1898 3812 2106 3875 audito,

516 3899 858 3954 intolerabili
889 3901 1071 3954 cuncti
1102 3901 1383 3956 desiderio
1407 3904 1460 3957 in
1495 3902 1737 3958 Hieriam
1769 3905 1988 3960 obviam
2029 3906 2108 3961 illi

516 4005 626 4044 una
680 4005 807 4044 eum
867 3993 1182 4062 patriarcha
1234 4001 1291 4048 et
1346 3996 1714 4049 Constantino
1770 3996 2111 4066 imperatore

519 4083 630 4138 lilio
660 4083 784 4154 ejus
832 4085 1040 4155 egressi
1088 4098 1243 4150 sunt,
1275 4095 1563 4156 portantes
1608 4103 1796 4144 ramos
1837 4090 2108 4145 olivarum

515 4183 567 4227 et
604 4173 906 4244 lampades,
945 4175 1238 4232 laudantes
1268 4191 1394 4231 cum
1427 4178 1802 4248 gratulatione
1835 4194 1900 4235 ac
1928 4181 2108 4254 lacry-

516 4262 644 4318 mis.
675 4265 958 4322 Accedens
997 4274 1182 4322 autem
1220 4267 1364 4322 ﬁlius
1414 4267 1539 4337 ejus
1591 4269 1796 4325 cecidit
1841 4269 1908 4324 ad
1941 4273 2109 4340 pedes

515 4353 720 4424 ipsius,
761 4368 974 4414 etcum
1010 4359 1359 4430 amplexatus
1404 4372 1556 4416 esset
1603 4376 1754 4429 eum,
1785 4362 2110 4420 infuderunt

515 4451 684 4505 ambo
707 4450 970 4522 Iaerymis
1003 4461 1234 4507 terram.
1278 4451 1394 4508 Hoc
1433 4461 1618 4509 autem
1648 4456 1886 4526 populus
1921 4457 2109 4526 inspe-

2209 1964 2354 2018 ravit
2395 1963 2583 2020 Persis
2627 1965 2917 2019 mensibus
2965 1964 3206 2019 duobus.
3239 1963 3358 2019 Hoc
3406 1973 3585 2020 autem
3614 1963 3776 2023 Persa

2209 2054 2500 2110 interfecto
2549 2054 2785 2109 Baranin
2839 2056 3200 2126 praetulerunt
3247 2056 3306 2110 in
3365 2070 3570 2126 regem,
3621 2055 3771 2111 ﬁlium

2208 2146 2494 2213 Chosrois,
2550 2148 2646 2218 qui
2702 2163 2932 2217 regnum
2985 2147 3284 2204 Persarum
3349 2158 3557 2218 septem
3620 2152 3773 2204 tenuit

2208 2241 2515 2295 mensibus.
2549 2239 2722 2295 Porro
2747 2241 2873 2296 huic
2917 2245 3192 2298 successit
3223 2241 3572 2307 Hormisdas,
3615 2259 3716 2314 quo
3751 2260 3776 2298 ι

2208 2331 2498 2387 Saracenis
2546 2334 2711 2402 pulso
2746 2332 2947 2406 factum
2989 2343 3074 2389 est
3107 2349 3342 2406 regnum
3372 2331 3657 2388 Persarum
3691 2333 3782 2388 sub

2207 2425 2486 2480 Arabibus
2521 2443 2698 2494 uSque
2731 2428 2785 2481 in
2822 2427 3153 2482 hodiernum
3184 2428 3353 2482 diem.

2281 2513 2464 2568 Mundi
2491 2532 2635 2569 anno
2661 2515 2793 2570 6121
2810 2558 2822 2580 ,
2843 2516 3047 2570 divinas
3077 2517 3488 2574 incarnationis
3510 2533 3650 2573 anno
3667 2515 3777 2583 62!,

2209 2619 2356 2688 anno
2409 2607 2628 2676 imperii
2686 2605 2927 2662 lleraclii
2982 2607 3054 2663 20
3107 2607 3439 2666 Hormisdas
3495 2617 3676 2679 regnat
3726 2610 3774 2663 in

2209 2698 2418 2755 Persis.
2455 2698 2594 2754 Cum
2634 2707 2816 2755 autem
2867 2699 3153 2756 Ileraclins
3184 2711 3339 2756 esset
3363 2701 3506 2772 apud
3541 2700 3780 2771 Hierapo-

2209 2790 2324 2855 lim,
2366 2790 2514 2844 venit
2561 2789 2628 2844 ad
2672 2806 2800 2844 eum
2836 2790 3179 2846 Athanasius
3219 2791 3542 2862 patriarcha
3577 2789 3778 2846 Jacobi-

2211 2891 2416 2948 tarum,
2475 2883 2562 2937 vir
2619 2882 2764 2937 acris
2823 2889 2880 2937 et
2935 2897 3173 2952 nequam
3232 2883 3470 2951 ingenii,
3544 2880 3782 2954 Syrorum

2210 2973 2415 3028 inditas
2462 2975 2736 3028 versutias
2788 2973 3080 3042 possidens
3111 2990 3125 3027 :
3155 2983 3209 3027 et
3258 2981 3418 3028 moto
3473 2973 3540 3027 de
3591 2974 3687 3028 ﬁde
3726 2973 3780 3025 ad

2210 3067 2601 3138 imperatorem
2640 3081 2920 3127 sermone,
2969 3067 3290 3137 repromisit
3329 3069 3381 3123 ei
3418 3065 3712 3130 Heraclius,
3742 3065 3780 3121 si

2211 3159 2724 3216 Chalcedonensem
2787 3159 3061 3232 synodum
3117 3161 3520 3231 suscepisset,
3567 3160 3783 3231 patriar-

2213 3253 2377 3306 eham
2424 3253 2580 3306 illum
2635 3253 2942 3308 Antiochia-3
2986 3268 3046 3309 se
3098 3250 3218 3307 fore
3259 3251 3567 3308 facturum.
3612 3251 3787 3307 Atille

2213 3345 2470 3401 simulate
2506 3347 2753 3416 suscepit
2787 3346 3086 3417 synodum,
3117 3345 3399 3402 conﬁtens
3439 3347 3579 3400 duas
3624 3345 3784 3399 unitas

2213 3439 2508 3494 iquristo
2535 3448 2788 3494 naturas.
2814 3437 3180 3509 Interrogavit
3199 3445 3389 3493 autem
3418 3439 3783 3507 imperatorem

2213 3534 2280 3587 de
2319 3534 2646 3602 operatione
2692 3549 2758 3588 ac
2804 3533 3204 3596 voluntatibus,
3237 3535 3486 3602 qualiter
3531 3538 3786 3598 oporteret

2211 3627 2266 3680 iu
2303 3625 2530 3682 Christo
2555 3625 2664 3681 diei
2701 3626 2897 3695 duplas
2947 3634 3046 3680 aut
3078 3627 3333 3695 simplas.
3371 3624 3512 3680 Tum
3566 3625 3786 3693 impera-

2212 3727 2301 3772 tor
2353 3717 2508 3774 vocis
2569 3718 2814 3772 novitate
2868 3725 3304 3779 consternatus,
3361 3716 3564 3772 seribit
3617 3711 3786 3782 Sergio

2211 3808 2782 3880 Constantinopoleos
2847 3808 3133 3878 episcopo.
3213 3804 3472 3860 Advocat
3528 3805 3690 3860 etiam
3743 3809 3788 3855 ct

2211 3902 2421 3973 Cyrum
2479 3902 2740 3960 Phasidis
2790 3903 3134 3965 antistitem,
3189 3908 3244 3956 et
3295 3901 3406 3955 hoc
3473 3900 3789 3966 interrogato

2211 3996 2423 4066 reperit
2445 4011 2572 4050 eum
2607 3996 3049 4050 consentientem
3094 3993 3288 4064 Sergio
3319 3993 3376 4048 in
3415 4007 3580 4048 unam
3615 3993 3790 4045 volun-

2213 4097 2382 4144 tatem
2418 4097 2472 4143 et
2498 4105 2663 4142 uuam
2699 4087 3105 4158 operationem.
3143 4088 3376 4156 Sergius
3418 4087 3591 4148 enim,
3623 4091 3790 4152 utpote

2215 4181 2394 4253 Syrus
2442 4195 2646 4251 genere
2704 4195 2767 4235 ac
2816 4179 3141 4251 parentibus
3185 4176 3464 4232 Jacobitis
3515 4175 3789 4236 exsistens,

2213 4290 2380 4329 unam
2409 4276 2724 4330 naturalem
2750 4276 3092 4330 voluntatem
3133 4281 3189 4328 et
3220 4288 3390 4327 unam
3427 4271 3788 4342 operationem

2214 4367 2269 4422 in
2323 4366 2548 4422 Christo
2603 4368 2894 4436 rescripsit
2952 4375 3121 4437 atque
3173 4367 3475 4423 confessus
3543 4373 3649 4421 est.
3708 4362 3790 4416 Ast

2215 4459 2515 4530 imperator
2565 4460 2860 4528 utriusque
2911 4463 3274 4530 acquiescens
3318 4460 3568 4514 consilio
3611 4453 3791 4526 reperit

515 4548 626 4605 clo,
685 4543 930 4599 universi
979 4543 1092 4600 Deo
1145 4545 1384 4616 bynmos
1431 4547 1715 4616 gratiﬁcos
1771 4549 2104 4605 retulerunt.
2137 4559 2268 4621 Det
2314 4551 2682 4608 Athanasium
2731 4551 2814 4608 eis
2857 4554 3345 4609 consentientem:
3385 4561 3620 4607 noverat
3662 4547 3788 4602 enim

519 4632 724 4704 Sicque
756 4635 977 4691 demum
1011 4645 1275 4710 suscepto
1309 4638 1652 4709 imperatore
1689 4642 1884 4696 urbem
1919 4641 2111 4696 exsul-

520 4733 702 4783 tantes
721 4727 960 4798 ingressi
994 4739 1145 4787 sunt.

589 4822 749 4876 Anno
792 4822 1013 4894 imperii
1047 4822 1282 4880 Ileraclii
1311 4827 1377 4884 I9
1414 4825 1603 4884 Persis
1645 4841 1742 4882 rex
1789 4827 1986 4884 Adesir
2022 4845 2112 4885 se-

518 4921 666 4983 ptem
698 4915 986 4970 mensibus
1019 4917 1260 4988 praefuit.
1288 4919 1593 4989 Imperator
1616 4929 1800 4975 autem
1823 4920 2110 4992 profectus

517 5021 548 5060 a
587 5009 740 5078 regia
781 5008 937 5074 urbe,
979 5025 1106 5065 eum
1161 5027 1286 5066 mox
1327 5029 1424 5068 ver
1454 5014 1806 5077 accessisset,
1844 5011 2108 5070 Hieroso-

519 5099 717 5170 lymam
789 5099 1002 5164 tendit,
1066 5101 1306 5172 pretiosa
1365 5103 1496 5160 illuc
1562 5114 1618 5159 et
1681 5104 1898 5159 viviﬁca
1963 5104 2109 5176 ligna

516 5202 808 5263 reportans
848 5195 914 5247 ad
959 5196 1263 5264 gratiarum
1316 5195 1430 5250 Deo
1483 5198 1729 5252 actiones
1774 5198 2105 5253 reddendas.

515 5284 766 5356 Cumque
819 5285 1172 5343 Tiberiadem
1227 5288 1498 5354 adiisset,
1555 5303 1892 5346 accusavere
1949 5289 2112 5346 Chri-

517 5379 681 5432 stiani
717 5379 1006 5452 Benjamiu
1037 5383 1330 5453 quemdam
1363 5383 1587 5439 nomine
1618 5384 1776 5450 quasi
1819 5384 1962 5440 mala
1991 5384 2100 5440 sibi

518 5470 808 5530 facientem
841 5495 857 5530 :
887 5489 1006 5532 erat
1060 5477 1209 5533 enim
1269 5477 1566 5534 admodum
1621 5478 1960 5548 opulentus;
2011 5477 2108 5546 qui

517 5567 763 5636 suscepit
797 5563 1190 5641 imperatorem
1234 5578 1289 5626 et
1333 5571 1642 5627 exercitum
1685 5571 1832 5641 ejus.
1867 5572 1968 5645 Ast
2000 5571 2106 5626 im-

519 5667 738 5726 perator
795 5659 1080 5715 damnavit
1133 5677 1258 5717 eum
1296 5679 1310 5717 :
1347 5661 1744 5729 Quamobrem,
1807 5662 2104 5733 inquiens,

519 5747 769 5800 molestus
803 5765 858 5803 es
890 5749 1265 5806 Christianis?
1297 5752 1390 5821 qui
1425 5751 1504 5806 ait
1537 5769 1553 5806 :
1593 5749 1660 5804 Ut
1703 5752 1938 5808 inimicis
1980 5750 2107 5822 ﬁdei

521 5852 672 5892 mea.
703 5837 859 5893 Tunc
885 5839 1188 5909 imperator
1225 5839 1571 5896 admonitum
1605 5841 1752 5897 hunc
1787 5853 1838 5899 et
1879 5844 1944 5900 ad
1979 5859 2102 5900 erc—

2215 4644 2363 4716 quod
2398 4645 2475 4701 ibi
2504 4660 2614 4700 una
2642 4647 2892 4716 Operatio
2920 4647 3216 4716 reperitur,
3251 4646 3343 4700 ubi
3373 4655 3430 4701 et
3466 4662 3574 4699 una
3613 4652 3787 4698 natura

2215 4737 2592 4808 cognoscitur.
2647 4737 2848 4793 Certus
2891 4747 3074 4792 autem
3120 4739 3430 4808 imperator
3484 4752 3652 4808 super
3701 4735 3789 4788 hoc

2216 4829 2396 4886 factus
2432 4830 2627 4885 scribit
2666 4830 2734 4884 ad
2769 4828 3038 4886 Joannem
3082 4846 3281 4902 papam
3321 4832 3639 4886 Romanum
3667 4843 3787 4898 pne-

2215 4922 2490 4979 dictorum
2537 4924 2906 4992 sententiam;
2945 4926 3038 4995 qui
3091 4939 3283 4981 eorum
3318 4939 3674 4995 nequaquam
3718 4936 3792 4975 se-

2215 5027 2360 5074 ctam
2396 5018 2643 5074 admisit.
2679 5019 2852 5074 Porro
2877 5017 3116 5088 Georgio
3141 5019 3526 5074 Alexandrino
3554 5016 3793 5072 defuncto

2214 5109 2458 5165 mittitur
2483 5110 2660 5182 Cyrus
2694 5110 2991 5181 episcopus
3020 5111 3370 5166 Alexandria:
3402 5108 3789 5180 praeferendus.

2214 5203 2309 5274 qui
2337 5205 2527 5259 unitus
2560 5203 2855 5258 Theodoro
2894 5205 3154 5275 episcopo
3198 5202 3379 5258 Faran
3417 5203 3553 5259 fecit
3583 5201 3790 5256 decolo-

2213 5304 2390 5350 ratam
2445 5294 2676 5366 hydram
2729 5295 2881 5349 illam
2948 5295 3242 5360 unitatem,
3308 5294 3426 5347 imo
3488 5293 3796 5354 vanitatem,

2215 5401 2382 5442 unam
2435 5393 2490 5442 et
2543 5387 2651 5456 ipsi
2711 5387 3021 5442 scribentes
3093 5386 3149 5440 in
3211 5384 3442 5442 Christo
3502 5383 3795 5439 naturalem

2213 5480 2614 5549 operationem.
2676 5478 2773 5536 His
2841 5481 2917 5535 ita
2971 5479 3446 5550 prosequentibus
3507 5481 3563 5536 in
3621 5479 3798 5546 ingens

2212 5572 2574 5643 opprobrium
2611 5573 3070 5628 Chalcedonense
3115 5573 3414 5627 concilium
3455 5581 3509 5626 et
3544 5568 3796 5624 eatholiea

2212 5665 2428 5719 corruit
2464 5663 2711 5720 Ecclesia
2748 5684 2761 5719 :
2805 5666 3188 5736 gloriabantur
3238 5663 3382 5718 enim
3435 5662 3702 5718 Jacobita
3741 5672 3796 5710 ac

2213 5755 2612 5819 Theodosiani,
2661 5758 3019 5827 perhibeutes
3071 5757 3203 5826 quia
3237 5756 3466 5828 Synodo
3501 5753 3794 5811 Chalcedo-

2213 5849 2372 5904 nensi
2411 5863 2517 5906 non
2552 5864 2674 5916 nos,
2709 5849 2803 5904 sed
2831 5851 3014 5920 potius
3041 5849 3532 5906 Chalcedonensis
3565 5845 3794 5920 synodus
