4100 6420
363 368 500 436 13η

1173 366 1554 429 HISTORIA
1590 360 2165 425 ECCLESIASTICA
2202 357 2306 421 EX
2337 326 2817 422 reseruans.

3498 355 3636 420 1318

364 489 529 544 nobis
599 484 1029 543 communicavit
1058 527 1073 554 ,
1153 502 1249 556 per
1323 500 1491 541 unam
1565 483 1945 554 operationem
1978 487 2024 536 Α
2053 494 2218 534 manu
2250 479 2654 549 depositionem
2687 476 2878 550 Pyrrhi
2913 484 2968 532 ct
3015 474 3066 531 ei
3105 475 3639 531 communicandum

364 597 533 638 unam
573 579 888 635 confitendo
935 588 1189 633 naturam
1234 577 1468 634 Christi.
1497 577 1647 632 inter
1685 576 1804 630 haec
1840 574 1946 630 So-

363 673 634 745 phronius
681 682 1044 728 consecratur
1069 672 1365 742 cpiscopus
1393 670 1946 742 Hierosolyntitanus,

365 765 484 832 qui,
514 765 871 834 congregatis
911 764 1015 819 sub
1057 780 1116 820 se
1148 763 1477 834 degentibus
1514 762 1790 833 episcopis
1847 763 1951 815 im-

364 858 517 928 pium
564 854 1075 923 monotltelitarum,
1128 857 1180 912 id
1239 869 1322 912 est
1389 871 1554 911 unam
1611 856 1950 909 voluntatem

365 950 892 1022 dogmatizautium,
972 951 1170 1020 dogma
1247 965 1513 1004 mucrone
1577 948 1951 1003 anathematis

365 1043 621 1114 perculit,
674 1052 728 1097 et
776 1042 1040 1114 synodica
1091 1043 1285 1110 Sergio
1332 1042 1954 1112 ConstantinOpolitano

368 1143 422 1187 et
472 1131 671 1187 Joauni
731 1133 984 1187 Romano
1055 1148 1212 1204 papae
1277 1133 1610 1189 transmisit.
1665 1133 1764 1188 His
1825 1147 1955 1202 ergo

369 1226 576 1281 auditis
619 1225 912 1281 lieraclius
948 1226 1218 1281 confusus
1262 1236 1370 1292 est,
1417 1235 1472 1282 et
1515 1227 1805 1282 destruere
1835 1227 1955 1296 qui-

368 1316 494 1372 dem
546 1318 770 1387 propria
821 1318 1068 1383 nolebat,
1109 1327 1163 1372 et
1203 1333 1398 1374 rursus
1443 1319 1802 1391 Opprobrium
1847 1333 1954 1372 non

369 1409 601 1465 ferebat.
635 1410 790 1464 Tunc
825 1425 956 1480 ergo
986 1410 1299 1472 Heraclius.
1335 1419 1395 1465 ut
1432 1426 1690 1482 magnum
1733 1412 1955 1480 quidem

373 1504 555 1558 facere
579 1504 884 1570 arbitrans,
914 1503 1144 1572 exponit
1176 1506 1446 1574 scriptum
1479 1503 1612 1558 illud
1639 1504 1785 1573 quod
1815 1520 1958 1558 nun-

373 1603 614 1664 cupatur
662 1595 927 1660 edictum,
983 1596 1278 1651 continens
1327 1612 1506 1666 neque
1560 1613 1724 1652 unam
1779 1613 1958 1669 neque

369 1677 512 1741 duas
545 1687 599 1740 in
637 1687 862 1742 Christo
888 1688 1242 1757 operationes
1269 1689 1546 1744 dicendas.
1581 1689 1702 1756 Quo
1728 1691 1869 1746 lecto
1900 1691 1957 1746 hi

371 1781 469 1850 qui
510 1796 634 1850 quae
659 1779 846 1835 Severi
881 1790 1013 1836 sunt
1048 1783 1296 1852 sapiunt,
1342 1783 1396 1838 in
1426 1784 1645 1854 pepinis
1669 1794 1719 1839 et
1749 1785 1958 1840 balneis

369 1873 666 1926 catholicae
697 1871 1061 1927 detrahebant
1097 1873 1377 1940 Ecclesiae,
1407 1876 1757 1944 perhibeutes
1785 1894 1800 1932 :
1829 1877 1956 1931 Pri-

374 1977 519 2017 mum
548 1964 759 2033 quidem
789 1981 907 2035 qua:
947 1975 1070 2018 sunt
1114 1963 1358 2020 Nestorii
1399 1967 1796 2023 Chalcedonius
1841 1986 1958 2024 sen-

376 2055 559 2110 tientes
590 2057 944 2123 resipuerunt,
991 2058 1059 2110 ad
1101 2059 1377 2112 veritatem
1431 2061 1689 2124 conuersi,
1734 2069 1783 2115 et
1818 2061 1958 2115 uniti

347 2147 525 2200 nobis
552 2161 644 2215 per
675 2164 840 2202 tinam
877 2151 1238 2219 operationem
1269 2162 1320 2205 et
1363 2168 1526 2206 unam
1559 2153 1760 2208 Christi
1805 2163 1960 2208 natu-

374 2253 512 2294 ram.
553 2237 710 2293 Nunc
745 2251 922 2293 autent
956 2243 1266 2308 poenitentes
1303 2258 1458 2310 super
1487 2226 1611 2298 bene
1654 2262 1707 2298 se
1739 2245 1958 2300 habente

367 2347 528 2385 sensu
558 2335 849 2386 amiserunt
888 2343 1195 2405 utrumque,
1228 2351 1392 2406 neque
1427 2353 1589 2390 unam
1617 2355 1782 2410 neque
1821 2339 1957 2394 duas

369 2427 430 2478 in
474 2425 687 2481 Christo
733 2429 1071 2498 conﬁtentes.
1120 2429 1250 2485 Post
1303 2442 1540 2486 mortem
1601 2448 1734 2487 vero
1781 2433 1956 2505 Sergii

373 2516 619 2588 Pyrrhus
648 2519 1327 2588 Constantinopolitanum
1372 2525 1620 2594 suscepit
1669 2526 1955 2592 thronum,

369 2611 624 2680 quiquae
671 2612 930 2681 praedicta
985 2621 1114 2669 sunt
1166 2629 1195 2668 a
1240 2613 1433 2685 Sergio
1485 2631 1550 2671 ac
1599 2617 1742 2688 Cyro
1793 2620 1958 2688 impie

373 2702 678 2756 roboravit.
718 2702 976 2758 Heraclio
1021 2714 1205 2761 autem
1257 2716 1493 2770 mortuo,
1528 2723 1650 2763 cum
1685 2712 1957 2766 Constan-

375 2796 525 2849 tinus
580 2795 726 2851 tilius
782 2797 901 2864 ejus
962 2797 1302 2867 imperaret,
1366 2799 1612 2871 Pyrrhus
1667 2819 1770 2857 una
1831 2819 1956 2859 cum

377 2887 610 2941 Martius
640 2904 854 2943 veneno
892 2891 1041 2945 hunc
1089 2891 1392 2954 interiecit,
1424 2903 1478 2947 et
1521 2895 1754 2966 imperat
1787 2896 1958 2952 Hera-

373 2981 566 3033 clonas
591 2981 848 3035 Martium
880 2983 1042 3038 ﬁlius.
1074 2983 1247 3038 Porro
1279 2994 1511 3040 senatus
1541 2996 1594 3042 et
1617 2997 1728 3043 tota
1763 2992 1959 3046 civitas

375 3072 647 3144 Pyrrhum
699 3086 757 3128 ut
815 3076 1046 3146 impium
1097 3093 1222 3132 cum
1273 3079 1514 3134 Martina
1568 3091 1624 3135 et
1674 3083 1784 3137 lilio
1837 3085 1960 3154 ejus

2059 572 2213 628 facit.
2284 570 2555 627 Praeterea
2612 569 2860 642 Pyrrhus
2915 583 3040 624 cum
3103 568 3641 639 Constantinopolim

2057 665 2421 736 pervenisset,
2456 666 2693 719 obeunte
2741 663 2912 717 Paulo
2955 663 3194 718 audaces
3231 662 3473 717 haeretici
3505 661 3642 733 Pyr-

2059 759 2221 812 rhum
2247 757 2431 813 denuo
2450 758 2654 811 throno
2673 755 3289 825 Constantinopolitano
3314 752 3643 823 praeﬁciunt.

2061 848 2353 905 Theodoro
2395 858 2576 904 autem
2613 863 2754 918 papa
2797 846 3063 902 defuncto
3091 845 3364 901 Martinus
3406 846 3645 900 sanctis-

2062 942 2241 996 simus
2296 939 2483 994 Romae
2539 950 2902 994 consecratur
2955 939 3208 993 antistes.
3263 939 3400 993 Cum
3459 945 3642 992 autem

2063 1033 2334 1088 Maximus
2359 1033 2428 1087 ab
2453 1032 2640 1086 Africa
2673 1031 2903 1087 Romam
2932 1034 3299 1102 pervenisset,
3336 1040 3644 1100 papantque

2063 1126 2361 1179 Martinam
2421 1124 2489 1178 ad
2551 1125 2958 1180 aemulationem
3007 1124 3376 1188 accendisset,
3431 1121 3644 1188 synodo

2063 1228 2287 1273 centum
2317 1225 2370 1272 et
2394 1218 2580 1272 decem
2601 1219 2986 1288 episcoporum
3017 1218 3246 1271 collecta
3281 1214 3554 1285 Sergium,
3587 1223 3644 1269 et

2066 1311 2359 1384 Pyrrhum,
2383 1319 2437 1364 ct
2471 1307 2696 1380 Cyrum,
2727 1317 2782 1364 et
2811 1309 3038 1364 Paulum
3087 1309 3642 1373 anathematizarunt,

2065 1405 2316 1473 duasque
2383 1403 2699 1459 voluntates
2760 1412 2814 1459 et
2880 1405 3228 1472 Operationes
3280 1402 3486 1457 Christi
3547 1401 3642 1454 Dei

2064 1498 2242 1551 nostri
2299 1497 2621 1566 expressius
2673 1495 3046 1565 pt‘tedicarunt
3107 1501 3272 1564 atque
3333 1494 3641 1546 ﬁrmarunt.

2065 1589 2340 1644 Caeterum
2384 1602 2532 1642 nono
2565 1602 2716 1642 anno
2764 1587 2980 1656 imperii
3031 1586 3119 1640 sui
3163 1585 3440 1639 Constans
3475 1598 3643 1653 nepos

2069 1681 2332 1742 Heraclii,
2367 1680 2674 1736 indictione
2708 1689 2928 1742 octava,
2977 1679 3062 1734 his
3093 1677 3295 1748 agnitis
3326 1676 3514 1731 furore
3562 1690 3648 1730 re-

2066 1773 2268 1843 pletus,
2296 1771 2398 1828 SS.
2432 1772 2727 1827 Martinam
2760 1779 2815 1827 et
2851 1772 3146 1826 Maximum
3173 1770 3646 1839 Constantinopo-

2065 1870 2157 1924 lim
2204 1870 2405 1924 ductos
2449 1877 2505 1924 et
2552 1869 2831 1924 cruciatos
2879 1867 3025 1938 apud
3055 1866 3392 1922 Chersonam
3432 1875 3486 1920 et
3535 1867 3644 1919 alia

2065 1962 2286 2017 climata
2327 1963 2524 2017 exsilio
2569 1961 2851 2032 relegavit,
2901 1961 3105 2015 multos
3147 1961 3313 2014 etiam
3349 1957 3645 2026 Hesperia-

2066 2069 2186 2109 rum
2244 2054 2634 2124 cpiscOporum
2692 2053 2926 2124 punivit.
2980 2051 3085 2118 Qui
3128 2050 3241 2118 (58)
3291 2059 3475 2103 motus
3529 2047 3646 2101 zelo

2065 2143 2184 2210 Dei,
2223 2145 2438 2215 synodo
2468 2157 2628 2199 sacra
2660 2152 2714 2198 et
2750 2145 2870 2212 ipse
2900 2151 3225 2203 convocata,
3259 2139 3645 2194 monothelita-

2067 2254 2190 2293 rum
2227 2238 2479 2294 haeresim
2522 2238 2824 2302 abdicavit,
2863 2236 3002 2290 duas
3028 2235 3336 2290 voluntates
3362 2241 3416 2288 et
3444 2246 3645 2302 opera-

2067 2335 2248 2389 tiones
2296 2333 2626 2403 explanans.
2661 2331 2869 2386 Taliter
2917 2345 3050 2400 ergo
3104 2328 3349 2384 Ecclesia
3377 2335 3510 2380 tunc
3551 2339 3648 2395 per

2067 2427 2434 2497 imperatOres
2467 2433 2521 2479 et
2547 2425 2749 2495 impios
2781 2425 3103 2480 sacerdotes
3134 2422 3375 2482 turbata,
3406 2417 3648 2474 surrexit

2065 2517 2436 2572 desolatorius
2465 2515 2689 2570 Amalec
2729 2514 2937 2568 feriens
2980 2528 3082 2568 nos
3111 2511 3372 2582 populum
3409 2507 3642 2567 Christi,

2065 2621 2121 2666 et
2154 2610 2211 2664 lit
2249 2611 2428 2680 prima
2461 2610 2620 2663 ruina
2660 2607 2930 2663 terribilis
2959 2597 3190 2660 Romani
3219 2604 3520 2664 exercitus,
3554 2602 3644 2656 illa

2069 2706 2276 2761 scilicet
2319 2721 2440 2773 quae
2473 2703 2780 2760 secundum
2811 2701 3062 2756 Gabatau
3094 2708 3148 2753 et
3188 2698 3540 2753 ilcrmuchan
3582 2712 3646 2750 ac

2068 2797 2502 2853 Dathemitarum
2533 2795 2645 2866 (59)
2683 2794 2950 2849 eﬂ‘usione
2981 2792 3266 2861 sanguinis
3307 2800 3393 2846 est
3427 2789 3643 2852 eil‘ecta,

2064 2897 2189 2959 post
2217 2903 2384 2958 quam
2429 2888 2846 2943 Palaestinarutn
2885 2896 2938 2938 et
2967 2883 3390 2938 Caesariensium
3421 2895 3484 2934 ac
3520 2879 3649 2932 llic-

2070 2982 2477 3051 rosolyntarum
2507 2979 2741 3044 excidia,
2787 2979 2911 3032 dein
2952 2977 3243 3048 .Egyptius
3276 2975 3554 3035 interitus,
3580 2986 3646 3025 ac

2068 3075 2334 3144 deinceps
2361 3073 2893 3128 mediterraneorum
2925 3077 2983 3123 et
3011 3069 3342 3131 insularum,
3369 3067 3649 3134 totiusque

375 3166 714 3234 repulerunt.
745 3166 810 3220 Et
837 3170 1072 3238 imperat
1101 3171 1381 3227 Constans
1407 3173 1553 3229 filius
1584 3174 1957 3242 Constantini,
1988 3211 2032 3268 ο
2071 3167 2350 3222 Romanis:
2384 3165 2494 3236 (60)
2537 3165 2859 3234 captivatio,
2900 3166 2995 3217 scd
3037 3170 3092 3264 et
3139 3169 3354 3268 patrata
3397 3162 3450 3261 in
3483 3157 3648 3213 th-

372 3268 428 3314 et
455 3271 818 3315 consecratur
835 3261 1044 3319 Paulus
1063 3265 1360 3334 episcopus
1378 3265 1958 3339 Constantinopoleos,

373 3357 429 3403 et
464 3351 581 3419 ipse
609 3352 922 3409 haereticus.
942 3353 1182 3409 Joannes
1209 3364 1388 3410 autem
1417 3356 1700 3414 Romanus
1733 3363 1962 3429 prrsul,

373 3444 608 3498 collecto
635 3445 1020 3516 episcoporum
1037 3448 1296 3514 concilio,
1332 3452 1818 3507 ntonothelitarum
1852 3455 1964 3508 haz-

374 3538 542 3592 resim
607 3541 1115 3596 anathematizavit.
1182 3540 1453 3599 Similiter
1521 3557 1576 3600 et
1632 3547 1689 3602 in
1743 3548 1961 3613 Africa,

373 3645 546 3700 penes
585 3633 879 3703 Byzacium
931 3637 1192 3691 videlicet
1242 3637 1556 3693 Numidiam
1601 3648 1655 3694 et
1703 3641 1956 3696 Maurita-

374 3723 527 3776 niam
575 3723 780 3779 diversi
831 3727 1076 3798 episcopi
1127 3731 1523 3786 convenientes
1574 3733 1963 3788 monothelitas

371 3815 728 3869 anathemate
784 3818 1163 3885 perculerunt.
1217 3817 1430 3874 Joanne
1476 3835 1609 3878 sane
1657 3823 1964 3878 dormiente

374 3902 709 3960 Theodorus
749 3917 1112 3962 consecratur
1147 3925 1247 3979 pro
1278 3925 1346 3966 eo
1370 3927 1531 3981 papa.
1561 3911 1809 3984 Pyrrhus
1834 3930 1963 3969 vero

373 4011 506 4050 cum
537 3999 881 4066 pervenisset
912 4001 978 4054 ad
1011 4000 1280 4066 Africam,
1314 4004 1522 4058 mutuis
1565 4020 1691 4060 cum
1727 4009 1964 4064 sanctis-

375 4089 524 4144 simo
555 4088 795 4144 Maximo
825 4091 1049 4146 videtur
1091 4097 1435 4164 aspectibus,
1478 4097 1677 4154 abbate
1707 4100 1966 4157 videlicet

377 4181 798 4253 religiosissimo
849 4183 904 4238 in
959 4189 1309 4243 monachicis
1355 4193 1826 4260 correptionibus,
1864 4209 1965 4249 nec

373 4289 488 4328 non
530 4283 585 4328 et
633 4275 945 4330 divinorum
999 4277 1112 4332 illic
1165 4281 1591 4336 consistentium
1636 4285 1961 4353 pontiﬁcum

372 4375 748 4434 praesentatur
789 4369 1096 4432 obtutibus,
1147 4373 1240 4441 qui
1306 4374 1455 4428 hunc
1508 4377 1864 4448 redargutum
1909 4390 1964 4435 et

374 4473 706 4528 persuasum
735 4458 965 4514 Romam
991 4463 1056 4516 ad
1083 4479 1276 4534 papam
1305 4465 1655 4522 Theodorum
1677 4470 1960 4539 direxere;

2067 3262 2190 3315 nice
2233 3259 2551 3313 omnimoda
2603 3257 2833 3310 Romani
2873 3254 3154 3310 exercitus
3189 3261 3244 3308 et
3283 3251 3480 3306 classis
3526 3265 3639 3318 pcr-

2067 3355 2227 3419 ditio,
2277 3353 2639 3421 omniumque
2682 3349 3130 3403 Christianorum
3184 3345 3431 3416 prtclitttn
3484 3351 3647 3411 atque

2065 3443 2312 3496 locorum
2369 3442 2716 3501 destructio,
2786 3453 2911 3508 qtm
2990 3451 3097 3490 non
3164 3435 3404 3490 cessavit
3473 3433 3645 3487 donec

2067 3534 2325 3588 Ecclesia:
2360 3542 2679 3601 persecutor
2707 3529 2760 3583 in
2797 3529 2989 3583 Sicilia
3022 3528 3162 3581 male
3197 3536 3515 3597 peremptus
3539 3534 3646 3579 est.

2134 3623 2318 3678 Mundi
2347 3637 2492 3676 anno
2509 3620 2670 3686 6122,
2694 3619 2894 3674 divina:
2922 3618 3320 3672 incarnationis
3349 3631 3494 3670 anno
3509 3614 3641 3679 622,

2066 3733 2212 3772 anno
2269 3715 2488 3784 imperii
2533 3710 2773 3766 lleraclii
2802 3710 2866 3765 21
2901 3709 3146 3764 Joannes
3181 3723 3321 3779 papa
3368 3708 3646 3761 Romanus

2070 3811 2324 3865 habetur.
2370 3809 2486 3862 Hoc
2527 3807 2693 3862 etiam
2735 3820 2882 3859 anno
2912 3803 3186 3857 Maometh
3219 3803 3646 3864 Saracenorum,

2069 3901 2161 3972 qui
2199 3909 2253 3956 et
2283 3900 2524 3970 Arabum
2565 3896 2823 3966 princeps
2860 3901 2916 3948 et
2940 3893 3444 3967 pseudoproplteta.
3475 3891 3644 3943 mori-

2068 4005 2181 4061 tur,
2219 3999 2474 4062 promoto
2500 3988 2870 4044 Abubacharo
2894 3997 3129 4056 cognato
3153 4000 3256 4040 suo
3278 3985 3346 4037 ad
3373 3981 3648 4052 principa-

2068 4097 2183 4143 tum
2220 4103 2407 4144 suum.
2447 4084 2686 4154 Ipsoque
2716 4089 2964 4151 tempore
2993 4080 3143 4134 venit
3171 4076 3381 4132 auditio
3410 4075 3564 4142 ejus,
3594 4081 3649 4128 et

2067 4199 2259 4239 omnes
2310 4181 2706 4236 extinttterunt.
2772 4175 2841 4228 At
2890 4188 3017 4228 vero
3057 4169 3272 4239 decepti
3325 4167 3533 4222 Πρω.ιή
3592 4167 3644 4222 itt

2070 4275 2346 4346 principio
2384 4273 2655 4327 adventus
2689 4268 2811 4339 ejus
2849 4265 3306 4321 existimaverunt
3331 4275 3452 4314 esse
3490 4259 3645 4313 illum

2066 4369 2160 4439 qui
2186 4368 2254 4422 ab
2285 4369 2366 4422 eis
2410 4372 2764 4432 exspectatur
2793 4363 3072 4423 Christus,
3106 4360 3180 4412 ita
3209 4365 3268 4412 ut
3296 4355 3520 4427 quidatn
3553 4369 3636 4409 eo-

2066 4477 2214 4526 rum,
2255 4461 2350 4531 qui
2404 4457 2764 4514 intendebant
2793 4457 2865 4521 ei,
2930 4453 3256 4510 accederent
3287 4451 3356 4506 ad
3385 4451 3565 4519 ipsum
3593 4454 3646 4504 et

371 4549 472 4621 qui
504 4553 851 4608 orthodoxae
881 4554 1068 4610 libello
1099 4559 1304 4613 tradito
1332 4575 1486 4631 papae
1516 4561 1585 4617 ab
1607 4578 1673 4618 eo
1703 4574 1960 4636 receptus
1991 4555 2041 4616 D
2070 4556 2191 4626 ejus
2221 4553 2545 4624 religionem
2574 4551 2946 4620 susciperent,
2966 4546 3170 4616 Moysis
3201 4545 3536 4636 inspectoris
3553 4542 3645 4636 Dei

371 4654 482 4698 es't.
519 4643 732 4702 Interea
765 4664 891 4704 cum
937 4649 1112 4706 Roma
1147 4652 1501 4710 discessisset
1532 4655 1962 4730 Ravennamquc

375 4740 745 4808 pervenisset,
778 4753 836 4796 ttt
862 4745 1018 4801 canis
1060 4744 1128 4800 ad
1159 4747 1424 4802 vomitum
1449 4763 1612 4805 suum
1656 4767 1962 4811 conversus

370 4837 486 4884 est.
535 4832 659 4897 Quo
695 4849 836 4905 papa
891 4835 1218 4895 Theodorus
1267 4850 1573 4913 comperto,
1622 4846 1964 4916 plenitudine

371 4934 688 4980 convocata
735 4926 997 4985 Ecclesiae
1027 4930 1095 4984 ad
1135 4933 1450 5001 sepulcrum
1483 4939 1702 4993 verticis
1743 4951 1965 5011 aposto-

373 5018 558 5072 lorum
592 5020 855 5088 accessil,
887 5031 944 5076 et
969 5023 1160 5077 divino
1196 5025 1369 5080 calice
1409 5030 1686 5096 postulato
1714 5048 1779 5085 ex
1821 5034 1963 5087 vivi-

375 5107 486 5162 ﬁco
535 5112 804 5180 sanguine
853 5121 1165 5167 atramento
1224 5113 1472 5179 stillavit,
1522 5126 1577 5171 et
1634 5116 1706 5171 ita
1741 5121 1960 5191 propria

2068 4651 2323 4707 dimissa.
2355 4647 2528 4702 Erant
2555 4657 2738 4700 autem
2769 4656 3000 4697 numero
3027 4640 3240 4704 decem,
3283 4637 3377 4708 qui
3426 4635 3530 4691 hoc
3569 4635 3648 4690 fa-

2069 4747 2310 4807 ciebant,
2353 4758 2479 4798 cum
2512 4742 2635 4812 ipso
2677 4751 2898 4809 quoque
2928 4735 3200 4805 degebant
3227 4747 3402 4800 usque
3435 4731 3502 4784 ad
3543 4744 3650 4784 ca:-

2067 4841 2190 4896 dem
2251 4840 2397 4909 ejus.
2426 4835 2598 4890 Porro
2628 4848 2752 4888 cum
2779 4830 3098 4899 aspicerent
3121 4840 3246 4880 eum
3272 4823 3648 4879 comedentetn

2070 4932 2140 4986 de
2167 4929 2402 4991 camelo,
2433 4927 2815 4994 cognoverunt
2853 4917 3001 4989 quod
3038 4932 3144 4972 non
3175 4921 3320 4971 esset
3351 4928 3509 4983 quem
3540 4909 3650 4964 exi-

2074 5023 2394 5085 stimabant,
2454 5029 2508 5072 et
2535 5016 2864 5071 haesitabant
2892 5011 3024 5082 qttid
3066 5016 3310 5080 agerent,
3343 5014 3398 5059 et
3431 5002 3650 5072 religio-

2077 5133 2201 5176 ncm
2225 5118 2346 5186 ejus
2372 5114 2650 5169 dimittere
2676 5108 3038 5163 formidantes
3073 5099 3257 5156 miseri
3293 5097 3490 5152 docent
3520 5107 3646 5147 eum

1892 5211 2140 5272 ΝΟΤΕ.

456 5292 569 5373 (58)
607 5291 1098 5373 QuiLEchidet‘tmt
1142 5297 1260 5351 haec
1290 5299 1498 5373 :“Ms‘rd
1541 5300 1598 5373 δὲ
1626 5300 1725 5371 τὴν
1752 5302 1970 5373 ἐξορίαν

371 5363 662 5488 ἕλαιέτίνου
726 5364 974 5434 Ἁγάθων
1035 5371 1426 5437 χειροτονεῖται
1481 5363 1691 5434 πάπα;’
1723 5363 1968 5445 Ῥὶἵλεὶης.

420 5447 548 5488 sua.

370 5447 568 5632 29(59)
597 5502 1028 5630 Dalthemitartmt
1088 5509 1295 5564 factum
1325 5525 1453 5566 esse
1487 5512 1704 5567 videtur
1746 5531 1811 5569 ex
1860 5517 1964 5588 τὴν

453 5591 642 5632 ισμον.
697 5589 754 5630 D.

455 5643 570 5729 (ϐο)
616 5643 914 5729 flammise.
937 5721 950 5729 _
970 5649 1128 5702 Anna
1168 5648 1363 5729 Coma.
1401 5649 1563 5729 _Ale_x.
1594 5655 1629 5708 8
1654 5652 1964 5729 audierit

389 5715 680 5788 Ῥωμανίᾳ
713 5720 1120 5793 ἐπᾳγεσιῖὶσατο.
1168 5719 1451 5793 Ῥωμςινία
1491 5723 1790 5793 imperium
1849 5715 1962 5781 Ro:

377 5800 649 5864 manum,
720 5789 872 5864 orbis
934 5788 1600 5864 Romaltusfluterdum
1666 5795 1957 5864 imperium

374 5855 685 5913 Orientalc.
732 5857 936 5914 ldatius
992 5861 1046 5915 in
1088 5858 1272 5916 Fastis
1317 5862 1524 5917 consul.
1557 5880 1574 5918 :
1613 5883 1631 5916 ι
1673 5855 1766 5921 ΗῙέ
1811 5881 1958 5924 coss.

2083 5307 2290 5369 (Tusco
2334 5310 2390 5354 et
2425 5296 2730 5369 Annulino)
2770 5293 3072 5369 Ca_rporum
3107 5298 3241 5369 piens
3290 5293 3646 5369 universam

2080 5349 2726 5430 Romani;ise—tradidit:
2764 5383 2782 5416 ι
2831 5349 2963 5420 Item
2998 5374 3066 5432 εν(
3104 5349 3201 5432 His
3223 5368 3371 5408 coss.
3401 5349 3650 5432 (Valente

2079 5423 2710 5513 xpetetllalentiuiano
2734 5434 2856 5504 jun.
2882 5430 3045 5513 Aug.)
3071 5423 3493 5513 victietexpulzsi
3521 5425 3650 5513 sgnt

2078 5488 2304 5572 tio-ﬂii;
2339 5488 2874 5583 gén't'e'tiiiiihbium_.
2909 5488 3238 5583 etfsuscepli
3275 5488 3650 5583 suntinpar

2081 5565 2263 5642 nimiis
2276 5565 2396 5654 “st
2423 5576 2802 5654 misericordia
2818 5565 3272 5654 .j'ussiottenﬂttg.
3298 5565 3642 5654 .Valei‘lyliS‘J

2080 5629 2775 5712 ii:.":§.'.“...3‘..';1i"a.'.i.'."tt
2813 5629 3408 5719 Conc_ilii_t3|ta|_c_e_dott.
3448 5632 3513 5716 γε
3560 5629 3646 5685 J0.

2075 5711 2292 5785 Seldeni
2368 5721 2836 5777 commentarium
2905 5717 2970 5772 ad
3034 5711 3286 5784 Eutycltii
3367 5711 3648 5774 (.‘rt'gt‘nes,

2073 5815 2124 5871 p.
2162 5799 2262 5854 155
2289 5805 2342 5854 et
2367 5794 2487 5850 159.
2515 5794 2593 5848 In.
