4100 6418
1775 151 1803 191 Ι

501 338 642 404 1319

1634 330 2043 395 ANASTASII
2099 329 2735 393 BIBLIOTHECARII

3640 328 3784 396 1329

500 466 697 514 contra
724 470 830 512 nos
875 452 1230 510 Christianos
1266 450 1481 519 illicita,
1534 459 1593 505 et
1614 449 2096 506 cunvcrsabantur
2122 454 2168 511 Α
2202 447 2416 502 luxuria
2447 454 2501 503 et
2541 446 2780 501 stultitia
2823 446 3005 515 plena,
3044 444 3281 516 compati
3327 454 3512 502 tamen
3547 445 3785 504 invicem

501 564 630 607 cum
658 550 803 620 ipso.
828 546 1223 604 Necessarium
1243 553 1428 601 autem
1463 558 1593 601 reor
1625 543 2001 599 enarrandum
2023 542 2093 598 de

502 642 862 715 generatione
910 639 1055 710 ejus.
1117 638 1170 692 is
1217 653 1283 693 ex
1322 651 1431 692 una
1477 634 1895 706 generalissima
1946 634 2094 689 tribu

503 734 775 791 oriundus
840 744 985 799 erat,
1036 730 1290 787 lsmaelis
1336 728 1627 793 videlicet,
1686 727 1784 783 lilii
1833 726 2091 781 Abrahae.

501 830 748 889 Nizarus
791 828 977 893 cnim,
1034 825 1286 883 lsmaelis
1340 838 1638 896 pronepos,
1694 831 1849 892 pater
1897 833 2092 876 eorum

500 929 751 984 omnium
787 925 1032 981 ducitur.
1068 922 1168 978 llic
1201 923 1381 994 gignit
1411 921 1554 976 ﬁlios
1588 919 1753 985 duos,
1803 916 2094 973 Mudarum

502 1020 718 1077 scilicet
766 1026 820 1074 et
864 1017 1142 1072 Rhabian.
1186 1015 1478 1070 Multarum
1509 1012 1689 1085 gignit.
1731 1009 2008 1067 Curasum
2038 1015 2094 1065 et

500 1112 743 1170 Chaison
772 1120 829 1166 et.
861 1110 1225 1165 Theominem
1255 1117 1310 1164 et
1338 1102 1585 1163 Asadum
1617 1112 1672 1161 et
1690 1103 2093 1173 aliosignotos.

501 1204 568 1260 Hi
603 1219 795 1260 omnes
821 1203 1153 1259 habitabant
1173 1201 1513 1257 Madianitcn
1541 1200 1849 1263 heremum,
1869 1197 2003 1253 etin
2027 1211 2096 1252 eo

500 1299 822 1356 nutriebant
862 1312 1089 1370 pecora,
1138 1296 1192 1352 in
1246 1294 1621 1351 tabernaculis
1676 1300 2093 1348 conversantes.

502 1392 646 1448 Sunt
679 1400 863 1446 autem
896 1399 950 1446 et
984 1390 1070 1444 bis
1101 1387 1539 1458 interiores,qui
1568 1402 1676 1441 non
1704 1393 1837 1441 sunt
1858 1385 1926 1440 de
1945 1383 2093 1439 tribu

504 1485 778 1555 ipsorum,
811 1483 906 1539 sed
941 1498 1008 1538 ex
1048 1482 1287 1545 Lettam,
1323 1480 1576 1536 videlicet
1600 1479 1669 1534 hi-
1694 1478 1789 1548 qui
1826 1486 2097 1532 vocantur

501 1576 852 1640 Ammanitae,
881 1574 932 1629 id
967 1583 1053 1629 est
1084 1573 1399 1627 Homerum.
1418 1571 1654 1638 Quidam
1686 1585 1821 1626 sane
1845 1570 2095 1638 ipsorum

505 1666 938 1735 negotiabantur
967 1664 1021 1718 in
1056 1664 1285 1718 camelis
1309 1665 1449 1717 suis.
1477 1660 1615 1715 Cum
1641 1668 1822 1714 autem
1856 1657 2019 1727 inops
2037 1663 2096 1711 et

500 1758 789 1829 orphanus
823 1757 1120 1827 praedictus
1144 1763 1293 1812 esset
1334 1753 1611 1810 Maometh
1632 1791 1651 1817 ,
1680 1754 1837 1807 visus
1871 1759 1958 1807 est
1986 1749 2093 1805 sibi

503 1825 903 1923 advquamdam
938 1852 1147 1907 intrare
1203 1851 1489 1905 mulierem
1527 1847 1854 1919 locupletem
1900 1855 1955 1901 et
1996 1859 2094 1900 co-
2124 1825 2175 1882 Β

502 1956 723 2016 gnatam
762 1958 945 2010 suam,
981 1943 1208 1998 nomine
1239 1941 1551 2012 Chadigan,
1612 1939 1993 1997 mercenarius
2029 1938 2098 1994 ad

504 2037 899 2108 negotiandum
943 2051 1071 2091 cum
1103 2036 1335 2091 camelis
1383 2035 1501 2091 suis
1531 2034 1677 2106 apud
1706 2033 2009 2106 :Egyptutn
2044 2042 2101 2088 et

504 2129 879 2187 Palaestinam.
933 2128 1204 2185 Paulatim
1239 2136 1424 2184 autem
1466 2127 1669 2184 ﬁducia
1703 2142 1874 2198 penes
1920 2128 2097 2197 ipsam

504 2235 762 2299 percepta
795 2225 1108 2289 mulierem,
1131 2239 1255 2295 qua!
1278 2224 1445 2278 vidua
1477 2232 1622 2289 erat,
1657 2230 1713 2280 et
1741 2222 1952 2292 accepit
1974 2235 2097 2277 eam

506 2332 763 2380 uxorem,
818 2324 876 2372 et
922 2316 1117 2371 habuit
1142 2315 1385 2371 camelos
1418 2316 1594 2386 ipsius
1640 2323 1810 2386 atque
1836 2314 2101 2372 substan-

506 2408 663 2464 tiam.
695 2406 949 2478 Cumque
987 2407 1196 2463 veniret
1239 2407 1293 2463 in
1324 2407 1696 2488 Palaestinam,
1721 2407 2100 2463 conversaba—

505 2512 601 2558 tur
625 2517 753 2558 cum
779 2499 989 2557 Jndteis
1023 2510 1079 2556 et
1110 2501 1470 2558 Christianis.
1506 2500 1779 2573 Capiebat
1810 2508 1997 2556 autem
2028 2499 2102 2555 ah

502 2596 591 2653 eis
622 2593 888 2667 quasdam
916 2594 1251 2665 scripturas.
1286 2594 1459 2650 Porro
1499 2593 1739 2649 habebat
1781 2593 2100 2665 passionem

510 2688 811 2758 epilepsite.
844 2686 965 2753 Quo
992 2695 1280 2755 comperto
1330 2686 1498 2757 hujus
1531 2685 1734 2756 conjux
1776 2685 1981 2757 oppido
2009 2685 2103 2740 tri-
2152 2692 2159 2697 ‘

500 2782 782 2845 stabatur,
811 2787 1001 2850 utpote
1039 2779 1265 2845 nobilis,
1307 2788 1366 2834 et
1404 2793 1528 2848 quas
1549 2792 1609 2835 se
1644 2776 1966 2848 huiusmodi
2007 2790 2104 2833 co-

517 2871 746 2941 pularit,
772 2887 945 2943 egeno
974 2872 1190 2927 scilicet
1235 2879 1287 2926 et
1317 2870 1631 2942 epileptico.
1666 2868 1939 2926 Proeurat
1972 2882 2104 2924 vero

507 2965 627 3035 ipse
681 2965 901 3036 placare
950 2963 1099 3019 illam
1150 2965 1356 3026 taliter,
1413 2964 1607 3019 dicens
1655 2962 1793 3032 quia
1816 2962 2103 3019 Visionem

506 3056 803 3128 quamdam
823 3056 1005 3126 angeli
1027 3055 1313 3111 Gabrielis
1332 3056 1466 3111 dicti
1490 3055 1859 3126 contemplor,
1878 3064 1934 3110 et
1955 3052 2101 3109 haud

2196 550 2254 599 et
2302 540 2557 596 auxiliari
2600 540 2853 611 patienti.
2894 538 3064 594 i’urru
3097 539 3287 595 eodem
3316 553 3463 594 anno
3494 550 3664 598 natus
3695 549 3787 596 est

2197 633 2252 689 in
2283 632 2511 690 Oriente
2551 632 2718 689 David
2752 634 2897 689 lilins
2940 634 3086 703 ejus,
3134 633 3445 705 eodemque
3488 635 3579 690 die
3619 645 3787 690 natus

2195 737 2284 783 est
2311 726 2604 784 ﬂerat-lius
2650 728 2795 783 illius
2839 725 3077 783 Heraclii
3104 727 3497 799 junioris,qui
3542 740 3597 783 et
3642 728 3792 782 Con-

2196 819 2478 875 stantiuus
2504 820 2815 890 appellatus
2846 828 2953 885 est,
2983 827 3039 874 et
3066 820 3383 891 baptizatus
3398 828 3485 877 est
3525 838 3556 874 a
3593 820 3791 892 Sergio

2195 912 2537 982 patriarcha.

2268 1005 2430 1060 Anno
2462 1006 2677 1076 imperii
2706 1003 2942 1062 Hcraclii
2976 1005 3049 1059 22
3082 1004 3361 1063 Modestus
3383 1007 3791 1081 Hierosolymi-

2199 1104 2362 1153 tanus
2391 1098 2629 1154 habetur
2679 1101 2912 1155 antistes
2954 1107 3010 1155 et
3040 1099 3444 1157 Ahuhacltarus
3491 1101 3599 1156 dux
3651 1102 3795 1157 Ara-

2197 1193 2352 1259 bum,
2378 1195 2471 1264 qui
2510 1196 2689 1250 tribus
2747 1195 3092 1266 principatus
3118 1203 3206 1250 est
3231 1197 3412 1250 annis.
3443 1196 3626 1251 Persa:
3655 1211 3795 1253 vero

2197 1285 2621 1343 insurrexerunt
2666 1288 2928 1353 invicem,
2969 1296 3027 1345 et
3079 1304 3205 1344 sese
3252 1297 3445 1345 mutuo
3490 1289 3790 1344 debebant.

2197 1379 2303 1435 Per
2328 1379 2471 1435 idem
2508 1395 2731 1450 quoque
2763 1389 2980 1452 tempus
3007 1397 3102 1436 rex
3132 1380 3394 1437 Indorum
3437 1382 3604 1437 mittit
3650 1397 3787 1438 con-

2198 1474 2561 1541 gratulatoria
2612 1473 2866 1531 Heraclio
2898 1476 2954 1530 in
3002 1473 3298 1531 Persarum
3341 1475 3601 1544 victoria,
3637 1491 3792 1530 mar-

2197 1567 2412 1637 garitas
2468 1568 2684 1623 scilicet
2719 1575 2774 1623 et
2805 1568 3018 1638 lapides
3059 1569 3334 1639 pretiosos
3382 1569 3611 1626 multos.
3642 1568 3794 1625 lior-

2199 1669 2328 1715 tuus
2378 1670 2562 1717 autent
2591 1660 3036 1726 Maometherat,
3088 1662 3182 1732 qui
3232 1669 3506 1716 statuerat
3547 1671 3793 1731 quatuor

2198 1756 2442 1813 amireos
2490 1736 2845 1826 expugnandi
2897 1755 3274 1819 Christianos,
3310 1755 3405 1825 qui
3451 1769 3517 1810 ex
3544 1754 3791 1810 Arabum

2200 1863 2402 1917 genere
2450 1846 2690 1903 inerant.
2740 1848 2804 1902 Et
2838 1855 3110 1902 venerunt
3153 1855 3349 1903 contra
3394 1845 3652 1902 Mucheas
3696 1860 3794 1901 ca-

2199 1940 2444 2005 stellum,
2477 1940 2531 1995 in
2568 1956 2679 2010 quo
2700 1949 2826 1994 erat
2850 1937 3176 1995 Theodorus
3220 1937 3475 2007 Bigarius
3510 1937 3649 2009 (6i).
3690 1953 3793 1994 vo-

2199 2033 2377 2090 lentes
2402 2035 2617 2090 irruere
2642 2034 2698 2088 in
2730 2033 2940 2089 Arabes
2966 2033 3057 2090 die
3095 2047 3206 2099 quo
3240 2030 3404 2088 idolis
3451 2029 3792 2085 immolaturi

2200 2135 2383 2184 erant.
2410 2127 2708 2197 Comperto
2738 2134 2923 2183 autem
2953 2126 3059 2184 hoc
3091 2124 3346 2196 Bigarius
3371 2123 3795 2195 colligitomnes

2200 2222 2410 2278 milites
2452 2237 2646 2279 eorum
2675 2221 2771 2292 qui
2807 2221 3095 2277 heremum
3135 2219 3530 2283 observabant,
3565 2224 3622 2274 et
3665 2217 3797 2274 dili-

2200 2324 2395 2389 genter
2420 2316 2746 2373 sciscitatus
2791 2331 2824 2370 a
2874 2314 3157 2372 Saracena
3180 2314 3327 2371 diem
3366 2325 3424 2370 et
3459 2314 3654 2369 horam
3676 2327 3795 2384 qua

2201 2423 2364 2469 erant
2396 2411 2525 2467 illos
2553 2411 2895 2481 aggressuri,
2956 2412 3078 2481 ipse
3114 2409 3339 2466 irruens
3361 2409 3419 2464 in
3457 2424 3553 2465 eos
3576 2410 3632 2464 in
3658 2420 3797 2479 pra-

2202 2505 2298 2562 dio
2342 2504 2489 2574 quod
2538 2503 2832 2561 dicebatur
2883 2503 3124 2571 Mathus,
3155 2501 3360 2559 occidit
3402 2510 3517 2558 tres
3549 2501 3793 2558 amireos

2204 2596 2616 2668 plurimamque
2661 2595 2848 2665 populi
2893 2602 3105 2663 partem
3134 2594 3378 2650 :exsiliit
3427 2605 3614 2650 autem
3647 2608 3792 2649 unus

2203 2686 2431 2747 atniras.
2466 2686 2743 2742 Chaledus
2793 2686 3028 2750 scilicet,
3075 2700 3238 2755 quem
3273 2684 3514 2756 gladium
3570 2683 3662 2738 Dei
3703 2682 3794 2738 di—

2205 2791 2359 2836 cunt.
2393 2778 2569 2835 Erant
2600 2787 2785 2835 autem
2819 2778 3043 2849 quidam
3093 2778 3337 2834 Arabum
3386 2777 3540 2847 juxta
3577 2777 3793 2848 posito-

2204 2885 2352 2938 rum,
2386 2870 2478 2942 qui
2514 2870 2860 2941 accipiebant
2890 2870 2961 2926 ab
2996 2867 3425 2939 imperatoribus
3456 2881 3617 2937 rogas
3656 2879 3796 2936 pauo

2204 2965 2368 3021 xillas
2407 2962 2475 3019 ad
2509 2962 2942 3020 custodiendum
2977 2960 3181 3018 stomia
3213 2961 3408 3016 eremi.
3431 2956 3634 3014 Eodem
3662 2972 3795 3013 vero

2206 3067 2455 3129 tempore
2486 3060 2636 3115 venit
2670 3057 2899 3128 quidam
2944 3055 3117 3127 spado
3160 3054 3398 3111 daturus
3436 3052 3671 3107 militum
3701 3063 3798 3105 νος-

508 3149 695 3206 ferens
730 3149 897 3218 hujus
926 3157 1215 3219 aspectum
1256 3159 1446 3204 mente
1476 3147 1673 3203 delicio
1700 3154 1757 3203 et
1784 3145 1943 3202 cado.
1975 3144 2097 3216 ipsa
2129 3183 2176 3241 ο
2208 3165 2324 3222 gas.
2362 3150 2431 3206 Et
2477 3165 2607 3206 cum
2642 3151 2925 3207 venissent
2955 3148 3169 3205 Arabes
3212 3144 3524 3203 secundum
3562 3157 3801 3201 consuc-

509 3257 644 3299 vero
677 3257 806 3297 cum
833 3241 1062 3297 haberet
1093 3242 1404 3297 adulterum
1426 3240 1723 3312 quemdam
1749 3246 1973 3310 pmpter
2010 3239 2102 3293 in-

511 3334 835 3390 ﬁdelitatem
880 3333 1082 3390 ibidem
1125 3335 1376 3390 exsulem
1427 3332 1794 3399 habitantem,
1860 3332 2104 3389 amicum

511 3441 697 3493 suum,
724 3426 988 3482 indicavit
1019 3428 1068 3482 ei
1099 3428 1309 3493 omnia,
1345 3436 1402 3482 et
1437 3441 1640 3484 nomen
1668 3425 1873 3496 angeli.
1916 3427 1987 3479 At
2013 3425 2106 3479 ille

496 3520 701 3577 .volens
755 3534 875 3575 eam
928 3519 1163 3576 reddere
1209 3526 1420 3575 certam
1470 3519 1609 3574 dixit
1669 3518 1762 3573 ei:
1807 3517 2102 3573 Veritatem

508 3616 720 3669 locutus
749 3624 827 3669 est
862 3631 881 3671 :
915 3616 1107 3669 etenim
1143 3614 1243 3668 istc
1267 3614 1490 3685 angelus
1519 3613 1759 3667 mittitur
1779 3614 1851 3666 ad
1881 3621 2105 3667 cunctos

506 3708 819 3781 prophetas.
839 3708 961 3779 Ipsa
987 3721 1120 3778 ergo
1144 3708 1322 3779 prima
1346 3715 1608 3778 suscepto
1631 3704 2105 3776 pseudomonachi

510 3802 683 3856 verbo
712 3799 946 3856 credidit
974 3802 1048 3868 ei,
1078 3809 1137 3857 ct
1171 3801 1492 3872 praedicavit
1525 3797 1582 3854 id
1608 3799 1737 3854 aliis
1772 3797 2108 3854 mulieribus

509 3894 919 3950 contribulibus
949 3896 1090 3959 suis,
1121 3895 1446 3966 prophetam
1472 3908 1600 3949 eum
1630 3908 1791 3961 esse;
1826 3903 1882 3949 et
1920 3893 2107 3948 taliter

510 4001 579 4044 ex
604 3985 826 4043 feminis
853 3986 1001 4041 fama
1035 3986 1190 4042 venit
1208 3985 1279 4041 ad
1311 3987 1485 4048 viros.
1515 3986 1698 4055 primo
1729 3985 2005 4041 duntaxat
2033 3983 2103 4037 ad

511 4080 945 4136 Abubacharnm
970 4118 986 4146 ,
1029 4093 1194 4150 quem
1233 4088 1291 4134 et
1343 4090 1727 4134 successorem
1770 4077 2002 4133 dimisit.
2037 4075 2106 4131 Et

512 4175 687 4232 tenuit
719 4173 948 4231 haeresis
995 4175 1119 4246 ejus
1162 4181 1363 4247 partes
1390 4171 1639 4238 Ethrihi,
1694 4184 1979 4243 postremo
2005 4186 2107 4243 per

512 4265 739 4320 bellum.
768 4264 902 4319 lNam
926 4264 1164 4334 primum
1200 4263 1425 4334 quidem
1453 4263 1671 4319 occulte
1704 4264 1868 4320 annis
1889 4263 2105 4329 decem,

510 4367 566 4411 et
587 4356 731 4413 bello
761 4357 1024 4412 similiter
1045 4355 1261 4421 decem,
1290 4355 1651 4412 ctmanifeste
1665 4368 1882 4412 novem.
1915 4353 2108 4411 Docuit

510 4458 693 4505 autem
725 4450 1011 4506 auditores
1050 4464 1184 4505 suos
1239 4449 1387 4520 quod
1425 4448 1522 4518 qui
1565 4447 1774 4505 occidit
1817 4447 2105 4504 inimicum

2211 3244 2459 3299 tudinem
2488 3242 2773 3314 accepturi
2803 3257 2992 3315 rogum
3023 3255 3206 3304 suam,
3239 3239 3531 3296 eunuchus
3557 3234 3797 3308 impulit,

2206 3338 2402 3393 dicens
2458 3335 2588 3407 quia
2650 3334 2924 3391 Dominus
2979 3333 3073 3389 vix
3129 3333 3223 3387 dat
3281 3331 3554 3388 militibus
3610 3344 3798 3399 rogas,

2206 3438 2419 3500 quanto
2448 3430 2635 3484 minus
2667 3428 2900 3483 canibus
2926 3426 3074 3482 istis.
3100 3424 3365 3483 Videntes
3384 3436 3565 3479 autem
3590 3421 3801 3478 Arabes

2209 3522 2318 3579 hoc
2346 3521 2604 3578 abierunt
2635 3521 2703 3576 ad
2736 3521 2821 3577 sui
2850 3522 3073 3591 generis
3098 3521 3268 3584 viros,
3293 3526 3350 3575 et
3384 3519 3486 3588 ipsi
3518 3517 3804 3573 duxerunt

2208 3628 2308 3671 eos
2341 3613 2399 3669 in
2429 3615 2712 3685 regionem
2741 3611 2902 3670 Gazae
2926 3654 2942 3680 ,
3014 3628 3138 3682 qua:
3189 3611 3375 3667 aditus
3413 3617 3535 3666 erat
3590 3608 3800 3666 heremi

2208 3716 2403 3765 contra
2435 3706 2658 3764 Sitneon
2693 3717 2939 3763 montem
2971 3706 3266 3777 locupletis
3306 3704 3484 3761 valde.

2280 3803 2443 3859 Anno
2482 3801 2699 3869 imperii
2750 3800 2988 3856 lleraclii
3023 3801 3097 3854 24
3128 3814 3256 3855 cum
3300 3798 3546 3871 misisset
3574 3798 3801 3853 Abuba-

2209 3896 2414 3954 charns
2461 3903 2730 3967 praetores
2779 3906 3042 3965 quatuor,
3103 3894 3198 3963 qui
3245 3893 3398 3949 ducti
3449 3894 3692 3958 fuerant,
3744 3905 3804 3949 ut

2186 3992 2449 4065 .prmtuli,
2473 3991 2545 4046 ab
2570 3991 2872 4055 Arabibus,
2896 3996 3170 4044 venerunt
3200 3996 3366 4058 atque
3389 3994 3657 4057 ceperunt
3682 3987 3801 4042 Rau

2184 4094 2264 4141 .et
2295 4091 2468 4138 totam
2526 4082 2805 4153 regionem
2854 4079 3036 4138 Gazae.
3092 4078 3452 4149 Tandemque
3501 4078 3798 4150 aliquando

2208 4192 2336 4233 cum
2365 4177 2604 4231 venisset
2652 4190 2684 4230 a
2710 4176 2960 4230 Caesarea
3008 4174 3315 4229 Palaestina!
3367 4187 3494 4227 cum
3529 4172 3801 4229 militibus

2211 4269 2427 4341 paucis,
2453 4269 2591 4323 inito
2616 4267 2761 4323 bello
2787 4266 3084 4337 perimitur
3119 4266 3334 4336 primus
3368 4278 3492 4318 cum
3520 4262 3800 4325 exercitu,

2209 4363 2306 4433 qui
2349 4368 2724 4415 trecentorum
2776 4367 2896 4413 erat
2928 4359 3176 4412 virorum
3203 4397 3218 4418 ,
3258 4364 3313 4412 et
3348 4355 3536 4411 multis
3563 4354 3804 4426 captivis

2212 4453 2459 4525 acceptis
2486 4460 2563 4508 et“
2577 4451 2795 4509 exuviis
2840 4450 3101 4521 plurimis
3130 4451 3343 4505 reversi
3395 4456 3526 4504 sunt
3554 4462 3683 4502 eum
3719 4447 3806 4501 vi-

496 4542 600 4598 vel
622 4541 694 4597 ab
718 4542 946 4599 inimico
976 4542 1281 4609 occiditur,
1311 4542 1368 4596 in
1394 4541 1719 4614 paradisum
1764 4539 2102 4612 ingreditur.
2142 4530 2183 4585 Ι)
2212 4546 2386 4603 ctoria
2430 4545 2742 4616 splendida,
2789 4544 2964 4601 Porro
3010 4541 3203 4598 eodem
3235 4557 3384 4598 anno
3412 4550 3575 4597 terra
3615 4549 3803 4597 motus

513 4632 840 4690 Paradisum
896 4649 1033 4690 vero
1068 4634 1312 4691 carnalis
1357 4634 1470 4690 cibi
1516 4649 1582 4690 ac
1633 4644 1798 4706 potus
1847 4643 1902 4692 et
1946 4649 2104 4693 com-

513 4726 801 4783 mistionis
824 4726 1123 4783 mulierum
1162 4727 1509 4797 perhibebat,
1535 4725 1875 4798 ﬂuviumque
1904 4728 2019 4783 vini
2041 4743 2105 4783 ac

515 4818 694 4873 mellis
717 4827 773 4872 et
800 4817 983 4884 lactis,
1003 4828 1062 4873 et
1090 4817 1424 4874 feminarum
1448 4834 1558 4875 non
1587 4821 1966 4890 praesentium,
2004 4820 2102 4876 sed

513 4909 774 4973 aliarum,
795 4918 852 4965 et
883 4912 1175 4966 misturam
1208 4911 1508 4967 multorum
1537 4927 1810 4969 annorum
1837 4912 2103 4980 futuram,

512 5010 570 5059 et
594 5001 911 5059 abluentem
947 5003 1287 5075 voluptatem
1312 5045 1328 5071 ,
1365 5020 1468 5061 nec
1496 5021 1605 5061 non
1637 5014 1691 5061 et
1720 5006 1826 5062 alia
1854 5011 2105 5078 quadam

2212 4640 2394 4696 factus
2423 4649 2513 4696 est
2540 4640 2597 4695 in
2626 4639 2946 4702 Palaestina,
2996 4643 3052 4692 et
3085 4635 3344 4706 apparuit
3372 4634 3612 4704 signum,
3652 4631 3805 4702 quod

2213 4734 2421 4791 dicitur
2473 4733 2725 4798 docetes,
2786 4731 2842 4785 in
2870 4730 3020 4786 calo
3052 4736 3247 4787 contra
3290 4727 3598 4791 meridiem,
3660 4739 3805 4796 pra-

2218 4827 2488 4884 nuntians
2537 4825 2781 4891 Arabum
2824 4830 3194 4894 potentatum.
3251 4819 3579 4877 Perduravit
3616 4829 3802 4874 autem

2214 4919 2413 4976 diebus
2464 4919 2709 4990 triginta,
2760 4925 3051 4975 extensum
3085 4931 3118 4971 a
3151 4914 3476 4971 mesembria
3512 4927 3693 4985 usque
3724 4912 3798 4969 ad

2219 5020 2434 5068 arcium
2458 5029 2476 5078 ;
2503 5019 2624 5067 erat
2648 5017 2834 5066 autem
2869 5010 2926 5066 in
2951 5007 3174 5066 modum
3207 5006 3395 5079 gladii.

2035 5121 2273 5184 ΝΟΤιΕ.

586 5219 700 5293 (6|)
743 5218 1019 5293 Bigarius.
1053 5217 1245 5276 Scribe
1275 5220 1536 5284 vicarius,
1572 5221 1675 5276 nisi
1716 5220 1859 5277 forte
1900 5234 2102 5275 nomen

511 5290 800 5361 dignitatis
849 5305 953 5362 pro
1005 5293 1335 5362 cognomine
1379 5293 1715 5347 Anastasius
1773 5293 2101 5362 acceperit;

552 5360 661 5418 und
693 5377 805 5416 non
834 5360 990 5432 puto.
1027 5360 1093 5417 ες
1117 5361 1382 5429 Basilius,
1415 5362 1580 5432 epist.
1623 5362 1726 5417 264
1759 5379 1773 5415 :
1828 5360 1972 5432 Ἐγὼ
2010 5361 2107 5419 τοῦ

552 5377 661 5418 uua
693 5377 805 5416 non
834 5377 990 5432 puto.
1027 5377 1089 5417 δ.
1117 5377 1382 5429 nasutus,
1415 5377 1580 5432 CptSt.
1623 5377 1726 5417 20's
1759 5379 1773 5415 :
1832 5377 1972 5432 ἐγω
2010 5378 2101 5419 του

512 5377 766 5506 βίκαρίοιθ
809 5430 1166 5506 τῆξ,βρᾲκης
1206 5433 1499 5506 ἐπέπειλα
1541 5435 1610 5506 τῇ
1650 5432 1937 5506 θεοσιὸεζᾳ
1975 5449 2101 5506 Eoo,

512 5502 878 5559 Glossarium
918 5502 1146 5572 Segneri

1032 5502 1322 5573 nerianum
1365 5518 1380 5555 :
1446 5503 1708 5573 Βικὰριος
1740 5502 1923 5573 maps
1973 5502 2107 5560 Ῥω-

519 5576 704 5645 autem
751 5573 1018 5645 διάδοχος.

1104 5572 1310 5630 Eadem
1369 5571 1687 5631 Suidas'et
1740 5571 2107 5629 Phatvorinus.

571 5641 1022 5718 etapbrastes'm.
1055 5655 1198 5718 sept,
1239 5646 1297 5703 in
1326 5644 1627 5718 Tropbimo
1658 5644 1816 5718 ςντὴν
1843 5644 1972 5718 ⁸τῶν
2025 5641 2106 5716 βι-

519 5661 917 5714 tuetapnrastes
948 5661 1022 5701 m.
1055 5661 1198 5718 sept,
1239 5662 1297 5703 in
1327 5661 1435 5703 ’11⁸0
1479 5661 1627 5701 ulmo
1658 5662 1671 5697 :
1703 5661 1735 5701 ἰ
1749 5662 1816 5715 ην
1862 5661 1972 5699 των
2025 5661 2103 5716 ρι-

517 5714 727 5789 Ξφριιθν
756 5715 930 5789 eratin
947 5714 1115 5789 ,καιδι
1142 5661 1611 5789 εὴνζςιντιλῗχειαν
1654 5715 1899 5789 ’Δττξκδς
1918 5716 2103 5789 itm?-

516 5780 900 5858 {deuologium
940 5783 1093 5858 Junii
1140 5780 1219 5844 5':
1249 5786 1355 5841 Τὸν
1417 5780 1994 5858 βῐίιᾴριονίνπρδς-τῆν
2025 5787 2107 5848 εις

520 5848 764 5916 Χριστὸῦ
822 5856 1176 5911 ἐπεσπάσατο
1231 5848 1439 5927 uictui.
1494 5848 1800 5913 Conciliat-tt
1856 5848 2097 5911 Flo'rent.

2210 5240 2348 5282 scss.
2380 5224 2454 5281 25
2485 5241 2500 5277 :
2541 5224 2601 5279 Ὀ
2632 5223 2997 5288 ἀποστολικδς
3030 5221 3219 5288 θρόνος
3244 5223 3275 5275 ὀ
3303 5220 3397 5275 καὶ
3429 5218 3681 5291 βικᾴριος
3704 5218 3801 5291 τοῦ

2210 5298 2425 5367 Κυρίου
2440 5297 2608 5367 ἡμῶν
2642 5294 2819 5367 Ἰησοῦ
2846 5294 3115 5367 Χριστοῦ,
3132 5291 3351 5367 HincAci
3377 5289 3805 5367 ﬁtxapltuv

2180 5418 2185 5421 .
2210 5361 2357 5439 apud
2387 5361 2873 5439 Chrysnstot'mtm,
2902 5361 3185 5439 cpist._u.
3205 5361 3481 5439 Palladius
3513 5361 3804 5439 Lausiarn

2210 5429 2265 5492 εἷ
2292 5439 2436 5493 £23:
2476 5429 2613 5493 ’Ᾰπὸ
2653 5429 2904 5508 βρικξωῆι.
2942 5429 3037 5508 Sic
3066 5436 3171 5505 legi
3200 5434 3667 5508 aiuntingodtcg
3695 5429 3805 5508 _Ve-

2210 5517 2361 5565 neto.
2413 5509 2578 5573 Ἴσως
2622 5501 2732 5563 dare
2775 5507 3083 5578 ptmpltuv,
3120 5501 3195 5578 ut,
3239 5505 3382 5578 apud
3429 5501 3803 5578 fleraclidem

2213 5578 2464 5635 Paradisi
2494 5571 2646 5637 c.7250
2674 5594 2741 5634 ex
2770 5571 3016 5637 vicariis.
3053 5576 3121 5633 de
3153 5571 3395 5631 vicariis.
3428 5573 3492 5629 V.
3525 5573 3721 5642 anac.
3744 5571 3802 5628 in

2214 5648 2413 5707 Paret.
2443 5650 2565 5705 cod.
2614 5649 2695 5704 De
2721 5649 2816 5719 οπ.
2860 5649 3068 5713 vicarii,
3108 5654 3165 5719 et
3214 5645 3283 5719 ll.
3325 5643 3524 5719 Valefii
3558 5643 3806 5719 Adnota-

2216 5722 2397 5777 tiones
2447 5722 2514 5778 ad
2543 5714 2922 5790 Anttnia'nutn,
2990 5736 3043 5790 p.
3085 5718 3173 5775 Π.
3238 5717 3408 5790 Hunc
3437 5714 3799 5790 Ilteodorutn

2216 5792 2501 5875 Cedrentrs
2536 5785 3199 5860 καυόικουλάριοίνυηι,
3229 5789 3294 5861 ρῗ
3314 5785 3419 5842 ιίὲθ
3444 5789 3493 5840 h.
3529 5789 3693 5843 Ρηι,
