4100 6410
316 335 452 402 1321

1133 335 1500 398 HISTORIA
1538 332 2118 395 ECCLESIASTICA
2153 335 2257 395 EX
2293 335 2778 397 TIIEOPHANE.

3426 343 3566 406 1322

389 455 548 505 Anno
575 451 787 521 imperii
835 449 1071 507 Heraclii
1100 451 1171 504 24
1197 448 1603 504 Alexandrinus
1634 447 1812 516 Cyrus
1840 454 1893 498 et
1923 451 1966 508 Î‘
1997 462 2134 511 sum,
2174 448 2448 517 inquiens,
2511 450 2680 521 Cyrus
2737 453 2982 513 inermis,
3035 463 3089 506 ut
3159 455 3358 507 tributa
3417 457 3562 511 vobis

314 547 490 599 almus
527 545 874 614 Sophronius
920 542 1451 612 [lierosolymitanus
1482 542 1756 596 habentur
1801 554 1908 618 an:

311 639 542 694 tistites.
575 638 694 703 Quo
719 651 866 691 anno
897 635 1295 690 Abubacbarus
1320 627 1569 692 moritur,
1617 632 1710 700 qui
1741 633 1893 700 prin-

311 732 532 798 cipatus
562 739 648 784 est
677 729 838 782 annis
881 728 1098 782 duobus
1132 739 1296 797 atque
1328 726 1583 788 dimidio,
1620 733 1674 779 et
1725 723 1885 777 sumit

313 823 683 891 principatum
709 820 1001 884 Hamarus,
1037 821 1128 888 qui
1159 820 1402 873 destinat
1443 819 1744 872 exercitum
1793 817 1891 870 ad-

315 928 510 968 versus
551 912 833 973 Arabiam,
897 914 1159 980 capitque
1206 911 1398 966 Bostra
1449 910 1728 963 civitatem
1785 923 1890 961 una

311 1019 442 1058 cum
473 1004 596 1058 aliis
641 1003 984 1058 civitatibus.
1024 1003 1262 1056 Profecti
1311 1010 1441 1057 sunt
1497 1013 1682 1054 autem
1718 1015 1892 1068 usque

311 1096 584 1150 Gabetha.
648 1096 784 1147 Cmn
835 1095 921 1147 his
967 1095 1166 1147 bellum
1220 1110 1514 1164 aggressus
1565 1093 1892 1148 Theodorus

312 1187 669 1255 imperatoris
727 1184 962 1238 lieraclii
996 1183 1164 1238 frater
1193 1186 1374 1239 victus
1399 1196 1501 1249 est,
1534 1194 1587 1238 et
1619 1186 1685 1238 ad
1720 1185 1892 1251 impe-

310 1286 552 1332 ratorem
588 1277 884 1332 Hedessam
934 1279 1099 1331 venit.
1155 1278 1256 1331 Ast
1315 1278 1616 1345 imperator
1673 1275 1892 1329 ordinat

309 1365 484 1420 alium
543 1378 828 1435 przetorem
861 1370 1082 1422 nomine
1116 1365 1414 1430 Bahanem,
1444 1375 1498 1421 et
1538 1365 1887 1420 Theodorum

307 1459 660 1512 sacellarium
693 1476 817 1513 eum
847 1461 1048 1513 virtute
1082 1459 1340 1513 ltomaica
1380 1467 1433 1512 et
1462 1460 1724 1510 adversus
1752 1457 1892 1508 Ara-

308 1553 413 1606 bes
468 1549 655 1603 mittit.
709 1551 954 1620 Cumque
1005 1551 1246 1606 venisset
1310 1548 1544 1604 Emesan
1577 1592 1592 1614 ,
1651 1548 1892 1602 occurrit

309 1643 611 1698 multitudo
673 1642 1102 1704 Saracenorum,
1139 1643 1344 1712 quibus
1376 1643 1574 1697 occisis
1620 1658 1724 1695 una
1764 1657 1888 1697 cum

309 1751 380 1791 eo
416 1737 508 1805 qui
553 1735 960 1803 principabatur
997 1736 1048 1790 in
1082 1737 1184 1801 eis,
1235 1735 1477 1806 reliquos
1506 1735 1677 1805 abigit
1712 1751 1888 1805 usque

311 1825 668 1889 Damascum,
691 1835 744 1880 et
767 1827 878 1880 illic
919 1826 1079 1895 juxta
1110 1826 1506 1882 Bardanesium
1552 1826 1775 1882 fluvium
1811 1829 1889 1882 la-

311 1919 502 1972 tebras
553 1918 720 1973 fovet.
773 1917 1061 1974 ileraclins
1113 1931 1298 1974 autem
1341 1919 1499 1990 Syria
1538 1921 1799 1975 derelicta
1835 1921 1890 1975 in

310 2011 755 2079 desperationem
797 2028 982 2073 ruens,
1009 2012 1245 2065 sublatis
1274 2028 1494 2082 quoque
1537 2014 1792 2080 pretiosis
1823 2014 1890 2068 liv

309 2105 438 2173 guis
469 2103 536 2155 ab
575 2101 878 2157 JeruSaIem
924 2102 1460 2174 Constantinopolim
1515 2107 1664 2159 abiit.
1719 2105 1892 2158 Balta-

311 2210 416 2247 nes
453 2203 630 2246 autem
668 2208 697 2244 a
738 2192 1001 2247 Damasco
1046 2191 1352 2247 liemesiam
1405 2193 1545 2248 redit
1603 2208 1708 2248 una
1765 2209 1886 2246 cum

311 2283 608 2338 Theodoro
652 2285 965 2345 saeellario.
1013 2301 1137 2338 cum
1174 2286 1398 2340 haberet
1450 2287 1721 2342 exercitus
1751 2302 1891 2356 qua-

310 2377 565 2444 draginta
599 2378 796 2442 millia;
831 2387 885 2432 et
922 2377 1293 2446 insequuntur
1327 2379 1536 2434 Arabes
1565 2380 1636 2434 ab
1662 2377 1892 2435 Ilemesa

312 2485 494 2538 usque
527 2467 876 2523 Damascum.

385 2560 548 2612 Anno
576 2576 701 2613 vero
737 2560 949 2628 imperii
1007 2562 1241 2617 [iet-aelii
1274 2562 1343 2617 23
1403 2562 1661 2620 Saraceni
1716 2565 1890 2620 aciem

311 2651 638 2704 direxerant
667 2652 720 2704 in
753 2653 1006 2706 Arabiam
1039 2664 1228 2708 contra
1255 2664 1439 2724 partes
1474 2654 1890 2722 Damasci,cum

311 2753 502 2799 essent
527 2746 896 2798 muititudinis
918 2745 1163 2799 infinitae.
1188 2746 1306 2810 Quo
1334 2746 1582 2802 Bahanes
1611 2757 1892 2816 comperto

312 2835 383 2888 ad
413 2838 749 2904 imperialem
797 2838 1144 2890 sacellarium
1204 2839 1394 2900 tuittit,
1437 2847 1497 2890 ut
1529 2839 1736 2892 veniret
1766 2855 1890 2892 cum

311 2931 562 2984 exercitu
596 2947 696 2985 suo
731 2931 782 2982 in
816 2930 1081 2982 auxilium
1144 2931 1270 2993 sibi,
1320 2945 1443 2983 eum
1476 2931 1708 3000 plurima
1745 2940 1892 2987 esset

312 3026 560 3075 Arabum
595 3021 940 3090 copia.V'enit
969 3038 1099 3092 ergo
1130 3023 1450 3077 sacellarius
1485 3023 1550 3077 ad
1573 3022 1846 3078 Bahanem
1875 3043 1890 3085 ;

1991 542 2275 607 prwbeam,
2298 544 2388 595 sed
2419 559 2512 612 ego
2551 554 2792 598 armatus
2821 563 2957 598 sum.
2994 547 3239 616 Cumque
3273 548 3362 600 iSLi
3395 549 3563 602 abiis-

1992 640 2137 694 sent,
2164 634 2452 690 confestim
2493 645 2780 690 armantur
2807 636 3065 692 Saraceni
3092 637 3361 692 adversus
3399 637 3568 708 Egy-

1993 731 2166 792 ptum,
2192 736 2246 777 et
2276 724 2528 781 Manuelo
2580 727 2721 782 bello
2767 730 2922 783 illato
2957 732 3101 785 hunc
3153 733 3404 802 abigunt.
3449 733 3570 804 Ipso

1993 831 2124 870 vero
2149 834 2272 870 cum
2304 819 2498 889 paucis
2529 822 2860 891 quibusdam
2898 824 3238 879 Alexandria:
3266 827 3452 880 salvus
3482 843 3572 881 re-

1993 910 2212 978 cipitur.
2249 909 2403 966 Tunc
2445 912 2706 970 Saraceni
2743 914 3040 986 Egyplum
3069 918 3173 972 sub
3207 919 3413 973 tributo
3445 921 3570 974 red-

1993 999 2274 1056 diderunt.
2336 1004 2436 1060 Ast
2474 1005 2770 1075 imperator
2805 1008 3005 1062 auditis
3059 1026 3181 1078 qua:
3214 1021 3360 1076 gesta
3413 1021 3566 1076 sunt,

1997 1095 2148 1149 misit
2175 1096 2374 1165 Cyrum
2407 1097 2474 1153 ad
2503 1102 2942 1184 persuadendum
2971 1103 3056 1156 eis
3084 1105 3152 1156 ab
3187 1103 3426 1174 Egypto
3463 1109 3568 1160 sub

1996 1187 2165 1254 priori
2197 1189 2400 1256 placito
2435 1192 2743 1246 recedendi.
2775 1195 2837 1246 Et
2861 1196 3052 1249 abiens
3085 1196 3263 1266 Cyrus
3289 1197 3355 1250 ad
3381 1206 3565 1254 castra

1995 1277 2399 1334 Saracenorum
2433 1283 2698 1336 rationem
2745 1285 2947 1350 reddit,
3006 1303 3128 1342 esse
3179 1305 3238 1343 se
3273 1291 3568 1357 perhibens

1996 1372 2463 1438 praevaricationis
2515 1375 2824 1433 innoxium.
2883 1387 2936 1431 et
2985 1381 3028 1432 si
3074 1380 3293 1441 vellent,
3331 1383 3566 1450 priorem

1995 1463 2348 1517 concordiam
2373 1465 2703 1532 juramentis
2737 1467 3156 1522 alilrmaturum.
3186 1470 3355 1523 Porro
3402 1472 3568 1527 Sara-

1995 1554 2116 1607 ceni
2170 1557 2487 1610 nullatenus
2544 1559 2628 1611 his
2680 1561 3092 1628 acquieverunt,
3148 1563 3395 1618 dicentes
3455 1567 3572 1634 epi-

1994 1658 2159 1713 Scopo
2190 1663 2202 1697 :
2242 1645 2394 1700 Potes
2434 1647 2570 1700 hanc
2617 1651 2903 1702 niaximum
2935 1651 3236 1704 columnam
3267 1652 3522 1708 devorare
3542 1658 3571 1709 2

1995 1735 2098 1803 Qui
2141 1739 2252 1792 ait:
2289 1736 2413 1791 Non
2457 1751 2624 1808 potest
2675 1741 2814 1810 ï¬eri.
2851 1743 2924 1796 At
2955 1743 3034 1796 illi
3069 1761 3082 1794 :
3119 1742 3231 1797 Nec
3269 1745 3440 1809 nobis,
3487 1748 3573 1800 in-

1996 1830 2214 1899 quiunt,
2243 1831 2494 1898 possibile
2517 1842 2596 1886 est
2620 1833 2842 1886 ulterius
2871 1834 2936 1886 ab
2961 1832 3196 1903 Aigypto
3233 1838 3496 1892 recedere.

2061 1922 2220 1976 Anno
2249 1923 2460 1991 imperii
2491 1923 2729 1979 ileraelii
2763 1924 2832 1978 26
2855 1926 3027 1980 aciem
3057 1927 3257 1982 direxit
3293 1927 3570 1985 liumarus

1994 2023 2186 2068 contra
2211 2013 2580 2083 Pahestinam,
2619 2026 2674 2070 et
2705 2016 2965 2072 obsidens
2997 2027 3247 2073 sanetam
3287 2022 3568 2075 civitatem

1995 2106 2200 2160 biennii
2267 2115 2513 2177 tempore
2554 2110 2702 2177 cepit
2763 2125 2884 2166 eam
2948 2112 3139 2167 verbo.
3222 2112 3572 2182 Sophronius

1995 2213 2250 2267 namque,
2285 2196 2816 2269 Hicrosolymitauus
2857 2217 3108 2256 summus
3135 2204 3416 2268 sacerdos,
3449 2222 3573 2262 ver-

1995 2289 2123 2344 bum
2180 2291 2389 2358 accepit
2453 2292 2521 2346 ad
2576 2295 2749 2347 totius
2809 2291 3118 2350 Palaestinae
3190 2299 3568 2358 seruritatem.

1995 2381 2243 2452 Cumque
2297 2382 2574 2440 Humarus
2625 2385 2680 2439 in
2738 2393 2989 2441 sanetam
3038 2387 3238 2445 fuisset
3291 2391 3570 2446 civitatem

1996 2475 2301 2546 ingressus,
2353 2477 2595 2532 cilicinis
2656 2492 2722 2532 ex
2772 2481 3000 2534 camelis
3041 2491 3094 2534 et
3125 2482 3366 2536 sordidis
3401 2483 3570 2537 indu-

1995 2567 2198 2620 mentis
2263 2567 2542 2632 amictus,
2637 2569 3158 2641 simulationemque
3248 2571 3568 2628 Satanicam

1994 2665 2297 2723 ostentans,
2360 2660 2626 2728 templum
2689 2661 2975 2730 requisivit
3028 2659 3362 2728 Judaeorum,
3421 2666 3572 2734 quod

1995 2756 2382 2804 construxerat
2431 2749 2710 2813 Salomon,
2768 2750 2834 2804 ad
2886 2751 3198 2806 faciendum
3242 2755 3452 2808 scilicet
3517 2756 3571 2808 id

1995 2839 2349 2911 blasphemia}
2391 2855 2503 2894 sua:
2544 2841 2940 2896 adoratorium.
2986 2840 3101 2898 Hoc
3143 2845 3434 2900 advertens
3471 2845 3574 2901 So-

1994 2930 2262 2999 phronius
2289 2931 2364 2982 ait
2393 2949 2405 2983 :
2443 2929 2510 2983 In
2540 2933 2759 2985 veritate
2783 2933 2918 2986 illud
2949 2943 3029 2987 est
3062 2935 3388 2990 abominatio
3418 2937 3572 2990 deso-

1998 3023 2236 3099 lotionis,
2288 3039 2403 3091 qua:
2455 3023 2602 3077 dicta
2647 3033 2724 3078 est
2765 3039 2859 3089 per
2917 3025 3192 3080 Danielem
3235 3031 3568 3095 prophetam,

312 3116 410 3182 qui
467 3113 692 3181 profecti
743 3112 810 3164 ab
866 3111 1096 3166 llemesa
1154 3122 1462 3166 occurrunt
1495 3113 1790 3167 Arabibus.
1827 3113 1893 3168 Et
1924 3132 1964 3184 (Ï‚
1999 3126 2152 3168 stans
2181 3114 2232 3166 in
2257 3113 2376 3168 loco
2404 3127 2617 3174 sancto.
2643 3117 2940 3186 multisque
2972 3118 3230 3189 laerymis
3265 3120 3352 3176 hic.
3401 3122 3577 3191 pieta-

315 3206 562 3260 consilio
622 3207 764 3259 farto
795 3205 966 3273 pritna
998 3205 1106 3265 die.
1153 3220 1278 3273 qua:
1311 3208 1468 3260 tertia
1523 3205 1655 3261 feria
1690 3205 1887 3261 hebdo-

317 3296 497 3348 madis
537 3305 676 3353 erat.
713 3296 921 3348 mensis
949 3293 1040 3347 Loi
1070 3295 1156 3348 die
1197 3295 1452 3365 vigesima
1491 3297 1672 3360 tertia,
1725 3311 1890 3365 supe-

314 3395 515 3439 rantur
568 3385 619 3438 bi
661 3389 755 3454 qui
804 3388 952 3438 circa
994 3387 1343 3440 sacellarium
1377 3397 1508 3441 sunt
1537 3387 1764 3440 inventi.
1805 3387 1892 3440 Si-

317 3477 550 3530 tnultate
610 3490 791 3530 autem
856 3478 1016 3540 facta,
1055 3478 1106 3531 hi
1157 3478 1248 3546 qui
1299 3494 1424 3532 cum
1471 3477 1688 3532 Bahane
1734 3487 1894 3534 erant

315 3568 602 3622 Baliarium
674 3572 980 3634 provehunt
1037 3569 1422 3637 imperatorem
1480 3578 1534 3624 et
1582 3568 1890 3624 lleraclium

314 3667 615 3727 reSpttunt.
648 3659 802 3712 Tune
846 3660 896 3712 hi
925 3659 1018 3728 qui
1051 3675 1176 3712 eum
1207 3660 1498 3714 sacellario
1527 3660 1744 3714 fuerant
1778 3660 1896 3715 dis-

310 3761 631 3815 cesserunt,
653 3761 708 3806 et
738 3753 995 3806 Saraceni
1022 3751 1172 3805 aditu
1202 3763 1422 3822 reperto
1451 3752 1648 3806 bellum
1677 3752 1890 3808 ineunt.

315 3844 467 3897 Inter
519 3845 635 3896 haec
689 3854 849 3897 vento
887 3854 1031 3919 noto
1073 3853 1264 3898 contra
1303 3846 1576 3900 [tenuattos
1623 3845 1890 3914 Spirante,

314 3953 432 3991 non
464 3938 708 3992 valentes
746 3938 984 3990 inimicis
1040 3937 1092 3990 iu
1140 3938 1278 3992 facie
1325 3953 1615 3993 occurrere
1672 3947 1895 4008 propter

319 4032 624 4099 pulverem.
655 4041 1006 4098 separantur.
1038 4038 1090 4085 et
1125 4039 1300 4086 semet
1341 4031 1489 4098 ipsas
1541 4031 1897 4086 itnmittcntes

315 4122 374 4177 in
404 4133 554 4177 artas
593 4124 713 4176 vias
770 4123 1175 4177 lliermuchthti
1235 4121 1476 4177 fluminis
1521 4124 1630 4177 illic
1679 4125 1896 4190 penitus

317 4217 624 4285 perierunt.
667 4216 838 4269 Erant
887 4226 1064 4267 autem
1101 4216 1388 4283 utriusque
1443 4217 1693 4284 praetoris
1724 4217 1895 4270 millia

313 4307 701 4377 quadraginta.
735 4305 890 4359 Tune
926 4307 1184 4360 Saraceni
1221 4308 1502 4374 splendide
1551 4307 1886 4377 triumphan-

313 4411 400 4454 tes
431 4407 624 4451 eontra
657 4397 981 4452 Damascum
1024 4398 1274 4461 Veniunt,
1303 4407 1360 4458 et
1409 4398 1550 4450 hanc
1581 4399 1806 4466 capiunt
1839 4407 1892 4452 et

314 4491 573 4558 regiones
603 4487 906 4546 thnicis.
961 4499 1012 4543 et
1045 4489 1297 4553 habitant
1329 4489 1463 4552 illic,
1517 4499 1572 4542 et
1614 4489 1666 4542 in
1721 4487 1893 4559 Egy-

312 4597 471 4655 ptum
503 4585 677 4638 aciem
732 4583 996 4653 dirigunt.
1057 4581 1234 4653 Cyrus
1266 4590 1448 4636 autem
1481 4583 1893 4638 Alexandrinus

308 4679 632 4746 episcopus,
662 4691 786 4729 eum
818 4677 1014 4727 horum
1057 4677 1317 4743 impetum
1362 4677 1734 4743 cognovisset,
1766 4691 1897 4744 0pc-

315 4785 434 4823 ram
469 4769 641 4833 dedit,
697 4779 748 4820 et
800 4768 976 4835 pactis
1033 4769 1263 4821 firmatis
1327 4767 1640 4836 pollicetur,
1695 4767 1894 4823 timens

311 4860 610 4916 avaritiam
665 4875 879 4916 eorum.
924 4859 1164 4912 ducenta
1197 4858 1366 4910 millia
1410 4858 1757 4912 denariorum
1803 4874 1895 4928 per

313 4953 568 5020 singulos
621 4967 798 5004 annos
835 4951 1163 5003 rollaturam
1217 4948 1325 5001 illis
1363 4945 1682 5016 [Egyptunn
1717 4949 1809 5002 sed
1841 4956 1897 5002 et

315 5043 679 5104 diï¬‚initarum
701 5043 781 5096 eis
817 5041 1160 5094 induciarum
1191 5040 1306 5093 fore
1340 5055 1535 5112 aurum
1563 5040 1893 5104 missurum;

312 5136 524 5206 quibus
549 5133 805 5204 praestitis
837 5149 934 5202 per
971 5141 1082 5185 tres
1115 5145 1294 5185 annos
1324 5128 1621 5199 Aï¬‚gyptum
1667 5131 1893 5186 liberam

314 5231 388 5284 ab
408 5228 740 5282 estet-minio
758 5225 974 5282 statuit.
994 5223 1304 5277 Accusatur
1324 5223 1532 5277 interea
1557 5223 1731 5293 Cyrus
1753 5223 1895 5294 apud

317 5321 739 5387 imperatorem,
771 5316 916 5385 quod
942 5331 1138 5370 aurum
1191 5313 1416 5386 Aigypti
1473 5316 1766 5369 Saracenis
1802 5315 1900 5368 tri-

313 5414 536 5473 buerit;
566 5412 658 5479 qui
692 5425 817 5463 cum
852 5410 1025 5463 iratus
1078 5406 1340 5470 misisset,
1390 5407 1536 5460 hunc
1570 5407 1814 5460 accersiv
1844 5415 1896 5472 t,

314 5504 634 5558 Manuelum
680 5512 866 5558 autem
914 5499 1246 5571 quemdam,
1304 5502 1624 5553 Armenium
1675 5515 1895 5569 genere,

314 5597 562 5653 destinat
584 5595 963 5663 Augustulum.
989 5593 1124 5645 Cum
1149 5603 1332 5644 antem
1359 5606 1539 5644 annus
1565 5591 1897 5661 adimpletus

309 5695 491 5749 esset,
541 5686 940 5739 Saracenorum
994 5691 1212 5737 actores
1257 5689 1523 5736 venerunt
1561 5697 1757 5735 aurmn
1803 5698 1898 5736 ac-

308 5782 528 5853 cipere.
573 5778 676 5832 Ast
725 5776 940 5832 Manuel
976 5777 1284 5831 iuetiicaees
1333 5791 1429 5830 eos
1462 5765 1679 5844 expetiit
1718 5791 1730 5826 :
1773 5774 1891 5828 Non

605 5872 872 5930 PATltOL.
919 5871 1033 5928 Gn.
1069 5871 1286 5930 CVIII.

2001 3204 2069 3256 tis
2101 3212 2473 3276 propugnator
2494 3204 2868 3262 Christianam
2903 3207 3138 3264 deflebat
3169 3212 3403 3280 plebem.
3438 3212 3573 3266 Dum

1996 3308 2124 3348 vero
2160 3294 2271 3349 illic
2302 3293 2581 3351 liumarus
2626 3307 2794 3363 esset,
2840 3301 3054 3370 rogavit
3104 3317 3227 3355 eum
3277 3303 3574 3373 episeopus

1997 3385 2248 3452 accipere
2287 3401 2316 3438 a
2348 3402 2408 3440 se
2445 3387 2735 3443 sindonem
2771 3405 2891 3444 cum
2940 3391 3258 3446 indumento
3303 3401 3357 3445 et
3397 3394 3572 3450 indui.

1993 3474 2064 3528 At
2096 3475 2186 3530 ille
2209 3492 2316 3531 non
2343 3478 2658 3545 patiebatur
2682 3495 2742 3534 ea
2767 3490 3008 3550 portare.
3049 3481 3149 3535 Vix
3177 3499 3308 3550 ergo
3337 3499 3566 3552 persua-

1996 3569 2067 3622 sit
2112 3569 2196 3622 Itis
2249 3569 2461 3630 vestiri,
2504 3568 2678 3624 donec
2729 3585 2828 3624 sua
2883 3572 3220 3638 lavarentur,
3268 3584 3322 3626 et
3372 3576 3569 3628 iterum

1997 3660 2175 3715 reddit
2210 3676 2272 3714 ea
2311 3660 2644 3730 Sophronia,
2680 3669 2734 3716 et
2777 3662 3010 3716 vestitus
3040 3672 3124 3718 est
3178 3666 3435 3734 prepriis.
3475 3667 3576 3721 Vc-

1996 3768 2117 3806 rum
2144 3753 2286 3807 inter
2321 3753 2435 3807 lucc
2465 3752 2814 3823 Sophronius
2855 3753 3015 3818 obiit,
3047 3753 3139 3823 qui
3169 3757 3334 3808 verbo
3362 3763 3416 3810 et
3443 3763 3574 3810 actu

1998 3844 2554 3914 llierosolymitanam
2604 3846 2896 3899 adornavit
2939 3847 3251 3909 ecclesiam,
3296 3855 3350 3901 et
3381 3859 3575 3903 contra

2000 3934 2234 3988 lleraelii
2276 3942 2323 3988 et
2376 3933 2652 3989 fautorum
2684 3935 2806 4003 ejus
2854 3936 3363 3999 monothelitarum,
3397 3937 3570 4007 Sergii

2000 4025 2209 4080 scilicet
2235 4035 2288 4080 et
2324 4024 2545 4097 Pyrrhi,
2591 4026 2892 4082 decertavit
2944 4043 3208 4082 errorem.
3265 4029 3575 4099 Eodemque

1999 4131 2144 4169 anno
2170 4117 2320 4181 misit
2345 4117 2552 4171 llumar
2581 4116 2815 4194 liiadum
2871 4121 2921 4171 in
2957 4119 3194 4188 Syriam,
3241 4131 3294 4174 et
3356 4123 3576 4192 subegit

2000 4217 2168 4276 totam
2202 4207 2413 4280 Syriam
2449 4208 2758 4264 Saracenis.

2005 4365 2008 4369 Î·
2068 4297 2226 4352 Anno
2263 4299 2477 4366 imperii
2514 4296 2746 4352 lleraelii
2774 4299 2843 4350 27
2894 4299 3039 4352 venit
3091 4296 3332 4355 Joannes
3367 4316 3572 4371 cogno-

2005 4399 2188 4442 mento
2223 4390 2418 4444 Cateas
2472 4402 2796 4459 procurator
2849 4394 3108 4445 Osroenm
3149 4392 3214 4446 ad
3253 4393 3388 4448 Iliad
3425 4396 3568 4462 apud

2010 4481 2343 4544 Chalcidem,
2395 4491 2446 4536 et
2477 4484 2891 4552 spoponderunt
2924 4485 2972 4537 ei
3024 4484 3155 4538 dare
3192 4501 3288 4552 per
3325 4487 3574 4554 singulos

2004 4590 2176 4627 annos
2230 4584 2448 4629 centum
2505 4574 2676 4628 millia
2721 4576 3140 4642 numisiuatum,
3187 4593 3254 4632 ne
3311 4579 3576 4633 transiret

2003 4666 2358 4736 Euphratem,
2393 4683 2568 4736 neque
2598 4668 2664 4721 ad
2698 4682 2885 4736 pacem
2929 4683 3107 4738 neque
3149 4669 3216 4724 ad
3248 4671 3447 4725 bellum
3484 4687 3578 4724 ar-

2003 4768 2216 4820 matus,
2282 4776 2571 4830 quousque
2627 4761 2992 4830 quantitatem
3054 4762 3175 4816 auri
3236 4765 3574 4832 persolvant.

2002 4853 2268 4908 Praeterea
2319 4854 2559 4910 Joannes
2617 4854 2910 4910 lâ€˜ledessam
2963 4855 3148 4920 rediit,
3217 4864 3272 4912 et
3327 4873 3571 4912 annumn

2000 4962 2228 5002 censum
2260 4948 2498 5003 delatum
2549 4949 2614 5003 ad
2661 4947 2894 5003 Iliadum
2924 4951 3254 5006 transmisit.
3285 4951 3576 5006 lleraelins

2000 5048 2178 5092 autem
2216 5039 2318 5094 hoc
2364 5040 2555 5095 audito
2621 5041 2922 5096 obnoxium
2973 5042 3244 5111 judicavit
3280 5041 3572 5101 Joannem.

2002 5129 2147 5198 quod
2177 5132 2384 5200 alisque
2413 5132 2684 5201 imperiali
2735 5133 2838 5186 hoc
2882 5132 3072 5188 fecerit
3119 5133 3376 5198 notione;
3410 5150 3574 5202 quem

2003 5224 2333 5292 accersitum
2401 5224 2598 5278 exsilio
2644 5225 3054 5280 condemnavit.
3118 5223 3288 5278 Porro
3345 5239 3443 5292 pro
3509 5241 3574 5275 eo

2001 5317 2238 5371 destinat
2265 5314 2620 5376 Ptolomazum
2644 5316 2935 5388 quemdam
2961 5317 3284 5386 magistrum
3317 5316 3575 5369 militum.

2073 5408 2230 5462 Anno
2262 5408 2480 5477 imperii
2517 5407 2752 5462 lleraclii
2788 5406 2857 5460 28
2892 5414 3158 5476 ceperunt
3199 5407 3407 5462 Arabes
3465 5411 3576 5458 An-

2003 5500 2286 5561 tiochiam,
2324 5509 2379 5552 et
2413 5499 2618 5554 missus
2651 5505 2735 5552 est
2769 5495 3020 5550 Mauhias
3053 5498 3122 5550 ab
3151 5495 3393 5550 llnmaro
3441 5513 3577 5565 pra--

2005 5601 2089 5644 tor
2127 5602 2178 5646 et
2221 5606 2436 5647 ameras
2463 5591 2634 5644 totius
2665 5587 2928 5658 regionis,
2987 5605 3108 5657 qua:
3141 5589 3243 5644 sub
3285 5587 3578 5642 Saracenis

2004 5693 2144 5747 erat,
2177 5683 2245 5737 ab
2276 5681 2514 5753 Egypto
2542 5681 2796 5734 videlicet
2830 5695 3006 5749 usque
3031 5681 3097 5733 ad
3152 5679 3504 5750 Euphratem.

2070 5779 2228 5834 Anno
2261 5793 2387 5832 vero
2421 5776 2636 5846 imperii
2689 5774 3024 5830 lleracliiâ€˜iii
3070 5774 3423 5827 transiueavit
3480 5774 3580 5827 lai-

3025 5868 3098 5928 #2
