4100 6414
372 372 510 436 1325

1188 375 1555 436 HISTORIA
1590 376 2167 437 ECCLESIASTICA
2197 376 2297 435 EX
2328 374 2813 439 THEOPHANE.

3496 379 3632 444 1326

369 487 659 553 Isauriam,
688 496 739 539 et
770 486 970 541 occisis
1020 486 1205 542 multis
1251 502 1375 542 cum
1434 488 1679 558 quinque
1710 489 1956 543 millibus
1985 496 2030 549 Α
2065 497 2343 559 arreptum
2377 495 2431 542 et
2457 488 2511 542 in
2536 487 2701 542 aliam
2731 487 2912 543 navim
2948 488 3326 542 transductum
3358 489 3636 559 inopinate

368 581 707 649 captivorum
742 593 999 635 reversus
1038 588 1145 635 est.
1199 578 1364 633 Mittit
1422 591 1605 634 autem
1657 582 1954 648 imperator

367 671 642 727 Constans
674 670 998 742 Procopium
1038 674 1330 743 quemdam
1373 672 1441 726 ad
1472 672 1742 726 Mauhiam
1769 711 1783 731 .
1808 687 1955 740 quae-

370 777 495 818 rens
524 777 709 833 pacem
758 764 935 833 ;quod
986 772 1040 818 et
1091 763 1296 819 factum
1357 773 1444 820 est
1500 767 1661 819 annis
1711 765 1952 833 duobus,

368 854 691 926 Gregorium
747 855 914 909 tilium
964 852 1237 910 Theodori
1300 866 1552 912 sumente
1586 858 1802 911 Mauhia
1834 858 1954 915 loco

368 947 610 1017 pignoris
635 947 685 1000 in
725 946 1072 1001 Damascum.

441 1039 600 1090 Anno
642 1036 857 1105 imperii
889 1037 1211 1093 Constantis
1250 1039 1314 1092 l0
1345 1039 1685 1094 simultatem
1748 1038 1956 1092 excita-

372 1128 449 1180 vit
504 1127 822 1198 imperatori
878 1126 1249 1199 Pasaguatites
1336 1130 1722 1183 Armeniorum
1787 1129 1956 1199 patri-

372 1220 514 1285 cius,
546 1228 598 1273 et
653 1219 857 1274 fmdera
910 1221 1117 1291 pepigit
1155 1234 1281 1275 eum
1344 1222 1586 1286 Mauhia,
1624 1222 1765 1277 dans
1814 1221 1863 1277 ei
1901 1230 1957 1277 et

372 1310 542 1365 ﬂiiuzn
577 1328 758 1365 suum.
804 1310 927 1377 Quo
982 1313 1171 1367 audito
1226 1313 1528 1384 imperator
1587 1315 1736 1367 venit
1779 1327 1955 1382 usque

368 1402 679 1458 Caesaream
732 1404 1094 1473 Cappadocia:
1117 1446 1131 1471 ,
1165 1414 1218 1459 et
1245 1403 1570 1473 desperatus
1596 1407 1663 1459 ab
1695 1405 1953 1460 Armenia

369 1492 560 1550 rediit.

441 1584 628 1639 Mundi
657 1598 803 1640 anno
858 1583 1031 1653 61M,
1084 1585 1289 1641 divinae
1340 1588 1745 1642 incarnationis
1805 1601 1952 1641 anno

371 1673 497 1738 θη,
532 1691 676 1730 anno
705 1691 835 1732 vero
868 1678 1081 1748 imperii
1123 1677 1440 1733 Constantis
1478 1679 1564 1743 il,
1603 1680 1745 1733 cinis
1772 1694 1802 1734 e
1833 1694 1951 1734 ραι·
1990 1668 1995 1671 ’

379 1770 433 1822 lo
473 1768 775 1833 descendit,
807 1779 861 1825 et
896 1773 1063 1826 timor
1102 1786 1333 1843 magnus
1370 1787 1534 1841 super
1563 1772 1812 1827 homines
1860 1787 1951 1827 cc-

2059 580 2312 634 salvavit.
2354 577 2530 633 Porro
2580 579 2698 647 ipse
2736 577 3075 632 fortissimus
3110 576 3346 632 viriliter
3372 578 3637 636 insistens

2058 671 2427 743 imperatoria:
2450 672 2572 725 navi
2599 671 2801 725 multos
2814 670 3036 733 occi'dit,
3063 682 3236 725 semet
3256 673 3421 725 morti
3456 673 3635 743 ipsum

2058 778 2156 831 pro
2192 763 2521 831 imperatore
2548 762 2900 818 contradens.
2947 762 3105 816 Hune
3144 769 3407 831 praeterea
3442 763 3633 821 hostes

2058 853 2467 907 circumdantes
2521 864 2573 908 et
2636 854 2689 907 in
2745 852 2923 907 medio
2992 854 3294 908 retinentes
3367 856 3637 925 putabant

2059 945 2238 1014 ipsum
2265 961 2389 1000 esse
2420 946 2824 1015 imperatorem.
2861 945 3159 1015 Postquam
3191 957 3375 1001 autem
3434 948 3638 1003 mtiitos

2061 1035 2455 1090 interfecerunt
2488 1037 2693 1100 hostes,
2722 1037 3045 1090 occiderunt
3077 1045 3131 1091 et
3165 1038 3344 1108 ipsum
3376 1055 3484 1094 una
3508 1058 3635 1096 cum

2055 1141 2126 1182 eo
2149 1129 2244 1196 qui
2274 1128 2528 1197 portabat
2556 1138 2763 1183 vestem
2799 1129 3235 1198 imperatoriam.
3266 1130 3364 1186 Ast
3399 1132 3636 1202 impera-

2057 1229 2145 1275 tor
2170 1221 2352 1275 taliter
2398 1223 2452 1275 in
2501 1220 2685 1292 fugam
2719 1236 2913 1277 versus
2969 1225 3237 1288 salvatur,
3270 1236 3323 1279 et
3354 1227 3638 1282 derelictis

2058 1312 2314 1367 omnibus
2336 1312 3178 1383 navigavitConstantinopolim.

2128 1411 2289 1460 Anno
2332 1407 2547 1476 imperii
2596 1406 2919 1462 Constantis
2967 1410 3032 1461 Η
3093 1409 3220 1463 dolo
3262 1421 3491 1466 necatus
3551 1422 3638 1468 est

2056 1498 2337 1553 Hntbman
2386 1499 2628 1553 Arabum
2665 1500 2795 1565 dux,
2851 1516 2976 1553 eum
3020 1502 3228 1557 amiras
3276 1505 3461 1558 decem
3499 1502 3638 1558 fuis-

2055 1602 2136 1645 set
2156 1591 2334 1645 annis.
2356 1589 2445 1643 Fit
2471 1590 2676 1645 interea
2715 1592 3023 1661 perduellio
3058 1594 3111 1647 in
3143 1594 3323 1648 medio
3352 1597 3594 1665 ipsorum
3620 1614 3637 1650 :

2055 1690 2303 1752 quoquot
2331 1682 2476 1735 enim
2520 1697 2689 1751 penes
2741 1697 2986 1737 eremum
3034 1693 3215 1746 erant,
3263 1685 3347 1738 Ali
3386 1686 3642 1740 volebant

2055 1774 2468 1839 consobrinum,
2503 1789 2760 1843 generum
2784 1775 3139 1831 exsistentom
3170 1778 3449 1845 quondam
3492 1778 3640 1830 Μαο-

372 1859 526 1917 cidit.
570 1858 738 1915 Paulo
760 1876 981 1932 quoque
1041 1864 1281 1917 obeunte
1334 1862 1575 1935 Pyrrhus
1633 1866 1949 1920 restituitur
1987 1851 2027 1905 Β
2061 1869 2228 1923 metit.
2265 1867 2327 1922 iii
2380 1883 2509 1921 vero
2558 1868 2653 1938 qui
2683 1868 2736 1921 in
2775 1866 2933 1939 Syria
2977 1876 3033 1921 et
3064 1867 3323 1938 .‘Egypto,
3364 1868 3637 1923 Mauhiam

373 1952 654 2009 mensibus
683 1967 920 2024 quatuor
959 1966 1014 2010 et
1038 1956 1236 2009 diebus
1270 1956 1357 2009 ‘25.

446 2046 603 2098 Auno
666 2047 881 2116 imperil
937 2046 1255 2101 Constantis
1314 2048 1379 2101 i2
1430 2046 1953 2104 Mauhiasithodum

374 2138 566 2191 adiens
597 2139 868 2193 destruxit
909 2140 1189 2195 colossum
1223 2138 1365 2209 ejus,
1399 2148 1521 2207 post
1570 2140 1711 2194 {560
1751 2140 1957 2194 stabili-

374 2226 507 2279 tatis
540 2225 715 2295 ipsius
766 2240 977 2293 annos;
1025 2242 1186 2296 quem
1256 2243 1382 2280 cum
1443 2224 1663 2281 Judaeus
1734 2229 1955 2296 quidam

375 2318 667 2373 Emcsinus
710 2320 1023 2389 negotiator
1049 2319 1427 2384 emisset,90t)
1450 2322 1690 2374 camelos
1721 2337 1787 2374 ex
1835 2322 1956 2387 ejus

372 2424 483 2464 tere
508 2410 781 2463 oneravit.

449 2500 654 2556 Eodem
703 2514 849 2556 anno
906 2500 1120 2556 Abidus
1151 2501 1394 2556 Arabum
1446 2511 1650 2570 praetor
1691 2500 1955 2555 adversus

372 2595 692 2650 Armeniam
727 2594 1031 2649 exercitum
1056 2596 1245 2659 movit,
1294 2596 1387 2665 qui
1438 2606 1773 2648 consecutus
1808 2594 1957 2646 iliau-

376 2689 593 2742 rianmn
619 2696 901 2757 praetorem
928 2688 1206 2741 insecutus
1235 2697 1320 2740 est
1350 2701 1474 2739 eum
1508 2700 1685 2754 usque
1714 2687 1780 2739 ad
1815 2685 1958 2739 Cau-

375 2794 569 2833 caseos
604 2788 843 2842 montes,
873 2786 927 2830 et
961 2777 1240 2848 regionem
1268 2778 1617 2845 tieprmdatus
1640 2791 1743 2829 est.

450 2870 609 2923 Anno
666 2868 883 2938 imperii
913 2868 1234 2923 Constantis
1296 2869 1359 2921 l3
1406 2869 1663 2938 praecepit
1705 2867 1957 2922 Mauhias

374 2970 718 3016 armaturam
751 2961 867 3014 fieri
910 2962 1129 3014 navium
1167 2976 1440 3030 magnam,
1479 2977 1589 3030 quo
1634 2962 1958 3015 ascenderet

386 3059 579 3114 urbem
617 3057 819 3128 regiam
851 3057 1052 3111 classis
1100 3071 1313 3111 eorum.
1347 3054 1540 3110 Omnis
1573 3065 1754 3110 autem
1782 3070 1956 3126 appa—

377 3160 535 3205 ratus
561 3148 707 3220 apud
739 3147 1007 3219 Tripolim
1033 3146 1329 3201 thnicize
1357 3149 1720 3201 consistebat.
1750 3146 1955 3202 Verum
1986 3182 2029 3245 ο
2065 3150 2204 3215 bus;

380 3244 486 3297 hoc
521 3242 641 3296 viso
666 3242 775 3295 duo
800 3239 1002 3294 fratres
1042 3240 1262 3308 quidem
1296 3236 1502 3293 Christi
1535 3239 1723 3301 amici,
1749 3237 1959 3308 Tripoli

379 3339 687 3395 manentes,
726 3330 820 3384 lilii
880 3328 1258 3383 buccinatoris
1302 3328 1592 3395 cujusdam
1622 3368 1637 3391 ,
1701 3330 1821 3381 zelo
1871 3327 1963 3383 Del

376 3426 614 3482 sauciati
643 3428 708 3480 ad
734 3439 1015 3480 carcerem
1046 3424 1286 3478 civitatis
1304 3437 1430 3477 cum
1456 3423 1661 3492 impetu
1682 3422 1961 3475 abierunt.

379 3517 628 3573 Habebat
658 3525 840 3570 autem
877 3516 1281 3570 multitudinem
1311 3512 1683 3567 Ruinanorum
1712 3514 1964 3567 vincula-

377 3617 586 3674 turum,
615 3620 669 3663 et
693 3608 929 3677 diruptis
955 3609 1132 3677 portis
1168 3607 1479 3675 vinetisque
1512 3605 1711 3659 solutis
1741 3606 1793 3658 in
1828 3605 1965 3657 ami-

382 3718 502 3759 ratn
556 3704 862 3757 irruerunt.
893 3700 1013 3767 Quo
1062 3707 1343 3770 perempto
1399 3714 1507 3751 una
1570 3713 1693 3751 cum
1748 3697 1835 3751 his
1870 3694 1963 3765 qui

381 3810 512 3850 cum
550 3808 616 3849 eo
649 3804 828 3857 erant,
858 3802 1353 3863 praeparatumque
1401 3792 1551 3844 omni
1588 3790 1699 3860 igni
1737 3790 1966 3843 mantia-

380 3894 459 3947 ta,
503 3886 555 3938 in
599 3883 926 3937 Romaniam
976 3882 1195 3952 navigio
1247 3882 1613 3936 transierunt.
1668 3879 1965 3935 Verumta-

382 3994 508 4032 men
538 3994 637 4033 ncc
667 3978 749 4033 sic
788 3977 864 4030 illi
896 3977 964 4031 ab
986 3976 1173 4031 eadem
1198 3985 1570 4045 praaparatura
1596 3974 1965 4029 construenda

379 4077 766 4124 cessaverunt.
806 4068 913 4124 Sed
962 4067 1214 4123 Mauhias
1244 4068 1466 4137 quidem
1523 4067 1722 4121 militat
1770 4072 1963 4121 contra

378 4162 688 4216 Caesarram
736 4158 1115 4229 Cappadociae,
1180 4158 1490 4213 Abulathar
1547 4172 1675 4212 vero
1747 4156 1962 4211 fabrum

379 4253 595 4305 navalis
636 4259 936 4305 structurae
965 4251 1276 4313 constituit,
1304 4252 1399 4320 qui
1428 4252 1654 4304 veniens
1691 4251 1744 4304 in
1780 4252 1963 4304 locum

375 4342 651 4397 vocabulo
677 4341 952 4396 anieem
986 4341 1185 4412 Lyciae,
1216 4343 1305 4396 ubi
1332 4352 1451 4396 erat
1488 4341 1765 4397 ConStans
1789 4347 1964 4411 turpe--

377 4446 535 4491 rator
567 4446 730 4505 atque
786 4434 1082 4488 liontaicus
1134 4436 1332 4495 stolus,
1395 4434 1663 4487 navaliter
1710 4448 1835 4486 cum
1897 4446 1963 4486 co

2058 1961 2374 2030 cupiebant,
2404 1961 2498 2030 qui
2532 1969 2589 2015 et.
2619 1959 2752 2013 vicit
2780 1966 2835 2013 et
2862 1959 3104 2014 obtinuit
3138 1962 3302 2014 annis
3327 1960 3419 2015 24.

2128 2055 2288 2109 Anno
2318 2054 2536 2123 imperii
2592 2054 2917 2107 Constantis
2970 2054 3038 2108 15
3092 2055 3331 2108 Arabum
3381 2055 3639 2123 princeps

2061 2143 2310 2197 Mauhias
2338 2143 2595 2207 habetur,
2621 2144 2711 2212 qui
2740 2153 2796 2197 et
2832 2144 3141 2198 exercitum
3170 2145 3638 2199 movitadversus

2061 2234 2267 2297 lialim,
2319 2245 2375 2288 et
2412 2245 2819 2316 congregantur
2866 2235 3029 2289 ambo
3080 2238 3221 2289 inter
3266 2236 3639 2292 Barbaiissum

2056 2327 2216 2396 juxta
2250 2326 2609 2397 Euphratem.
2646 2328 2709 2380 iit
2737 2342 2868 2381 vero
2899 2329 2992 2397 qui
3017 2338 3177 2382 erant
3218 2328 3472 2390 Mauhim,
3512 2343 3639 2382 cum

2058 2430 2247 2474 essent
2271 2418 2799 2488 validiores,aquam
2824 2422 3202 2477 obtinuerunt.
3238 2420 3392 2475 Unde
3419 2421 3471 2474 in
3492 2423 3640 2475 sitim

2064 2513 2356 2567 venientes
2388 2512 2440 2565 hi
2496 2514 2588 2582 qui
2619 2522 2785 2566 erant
2837 2511 3036 2577 Halim,
3093 2514 3430 2567 deiecerunt.
3472 2514 3643 2567 Porro

2061 2601 2309 2657 Maubias
2325 2603 2528 2657 bellare
2540 2602 2734 2667 noluit,
2750 2602 2843 2657 sed
2864 2603 2983 2655 sine
2998 2603 3179 2659 labore
3196 2604 3477 2659 victoriam
3496 2605 3641 2659 tulit.

2128 2691 2287 2748 Anno
2317 2690 2529 2759 imperii
2555 2689 2878 2746 Constantis
2909 2692 2968 2745 i6
2995 2694 3299 2746 exercitum
3346 2695 3513 2746 movit
3538 2694 3642 2747 im-

2059 2789 2280 2852 perator
2304 2788 2495 2833 contra
2529 2777 2888 2842 Sclaviniaui,
2921 2789 2976 2833 et
3016 2782 3263 2853 captivos
3294 2783 3449 2836 duxit
3473 2783 3643 2851 pluri-

2062 2885 2181 2925 mos
2210 2879 2265 2923 et
2293 2870 2532 2939 subegit.
2566 2868 2770 2926 Eodem
2794 2885 2942 2926 anno
2972 2878 3025 2925 et
3056 2871 3147 2925 illa
3178 2884 3330 2942 gesta
3372 2884 3645 2941 suntquae

2059 2974 2252 3017 contra
2276 2962 2329 3015 S.
2362 2960 2661 3015 Maximum
2692 2970 2746 3016 et
2776 2962 3081 3032 discipulos
3113 2964 3287 3032 ipsius
3335 2973 3463 3018 sunt
3496 2974 3642 3028 acta,

2059 3056 2141 3118 eis
2180 3071 2282 3126 pro
2319 3056 2549 3111 veritate
2606 3067 2797 3111 contra
2837 3058 3237 3113 monotbelitas
3301 3059 3648 3128 agouizanti-

2258 3165 2397 3219 quos
2442 3148 2716 3207 Constans
2744 3152 2811 3204 ad
2865 3165 3088 3220 pravam
3126 3151 3441 3219 opinionem
3489 3166 3645 3205 suam

2068 3240 2371 3296 transferre
2400 3255 2509 3295 non
2542 3244 2757 3307 valens,
2791 3242 3064 3299 divinitus
3091 3243 3396 3312 sapientem
3427 3253 3482 3298 et
3503 3245 3649 3314 peri-

2070 3334 2340 3387 tissimam
2383 3334 2623 3404 linguam
2657 3350 2781 3388 cum
2813 3336 3036 3392 dextera
3072 3351 3237 3391 manu
3290 3336 3410 3405 ejus
3462 3337 3649 3391 absci-

2069 3424 2168 3488 dit,
2214 3439 2280 3477 eo
2331 3425 2474 3493 quod
2523 3426 2817 3493 plurimum
2882 3436 3072 3479 contra
3121 3425 3453 3496 impietatem
3489 3442 3645 3483 suam

2071 3529 2176 3566 una
2239 3528 2360 3566 cum
2418 3510 2710 3583 discipulis
2776 3512 2894 3566 suis
2950 3513 3266 3585 Anastasiis
3337 3513 3645 3581 scripserit.

2069 3618 2300 3674 qua?th
2336 3618 2435 3672 per
2470 3603 2724 3656 ordinem
2762 3602 2851 3655 isti
2878 3603 3281 3672 conscripsisse
3314 3603 3643 3673 probantur,

2068 3695 2212 3748 sicut
2241 3694 2404 3747 amici
2442 3692 2690 3748 discendi
2733 3708 2842 3747 non
2879 3695 3157 3749 nesciunt.

2139 3786 2298 3839 Anno
2340 3787 2554 3856 imperii
2586 3784 2912 3843 Constantis
2948 3789 3012 3841 i7
3048 3789 3342 3842 conventio
3382 3787 3522 3843 facta
3564 3797 3650 3843 est

2070 3880 2212 3933 inter
2236 3875 2515 3931 iicmanos
2546 3886 2597 3931 et
2620 3877 2849 3942 Arabes,
2888 3877 3103 3932 iiiaultia
3136 3879 3461 3945 legationem
3521 3882 3648 3935 mit—

2070 3977 2220 4027 tente
2258 3970 2329 4025 ob
2361 3969 2743 4036 rebellionem,
2775 3980 2833 4027 ut
2858 3970 3103 4027 tribuant
3138 3972 3407 4027 Rutnanis
3434 3974 3645 4028 Arabes

2070 4081 2166 4134 per
2194 4065 2443 4135 singulos
2464 4064 2581 4119 dies
2610 4065 2941 4117 numismata
2972 4064 3121 4117 mille
3146 4074 3199 4118 et
3224 4080 3426 4133 equum
3456 4076 3509 4118 et
3540 4081 3650 4121 ser-

2070 4174 2217 4214 vum.
2257 4157 2455 4215 Eodem
2489 4173 2616 4212 vero
2647 4172 2792 4210 anno
2822 4157 3018 4211 exsilio
3042 4157 3242 4210 ductus
3267 4168 3350 4210 est
3382 4156 3649 4210 Martinus

2068 4250 2457 4309 sanctissimus
2487 4265 2623 4320 papa
2666 4248 2974 4312 Romanus,
3010 4264 3110 4317 pro
3148 4250 3380 4305 veritate
3430 4248 3649 4302 fortiter

2069 4346 2388 4417 agonizans,
2407 4353 2460 4399 et
2486 4343 2772 4398 confessor
2805 4341 2984 4398 factus
3018 4343 3070 4397 in
3093 4343 3413 4398 climatibus
3451 4340 3651 4396 Orien-

2073 4436 2142 4491 tis
2168 4437 2459 4493 defunctus
2495 4446 2598 4490 est.

379 4529 938 4604 pugnavit.Cumqtre
957 4526 1205 4582 futurum
1240 4536 1390 4583 esset
1418 4537 1478 4581 ut
1514 4527 1817 4597 imperator
1838 4542 1962 4583 cum
1999 4516 2042 4574 Ι)
2141 4524 2892 4593 Mundianno6i5l,divina:
2926 4525 3325 4583 incarnationis
3359 4540 3506 4580 anno
3522 4525 3650 4589 635i,

376 4627 506 4695 ipso
530 4624 746 4694 navigio
764 4621 1125 4691 prmiiaretur,
1145 4619 1551 4689 contemplatur
1583 4628 1743 4673 nocte
1776 4618 1867 4671 illa
1886 4617 1967 4671 vi-

380 4735 530 4783 sum,
566 4732 688 4774 esse
715 4715 966 4770 videlicet
998 4715 1143 4784 apud
1161 4711 1613 4769 Thessalonicen.
1645 4712 1821 4767 Porro
1838 4727 1968 4766 nar-

381 4811 524 4865 ravit
554 4809 770 4864 cuidam
819 4806 1119 4876 conjectori
1164 4807 1501 4860 somniorum
1543 4806 1966 4876 expergefactus

385 4900 676 4965 visionem,
706 4898 801 4968 qui
835 4899 943 4952 ait:
983 4895 1307 4966 Imperator,
1341 4898 1549 4949 utinam
1571 4913 1661 4950 nec
1685 4895 1970 4950 darmisses

385 5006 480 5044 nec
511 4992 771 5045 somnium
820 4992 1118 5057 aspexisses
1169 5006 1186 5045 :
1230 5007 1353 5044 nam
1407 5006 1519 5044 esse
1576 4989 1968 5045 Thessalonica:

383 5083 478 5145 θὲς
516 5083 663 5153 ἄλλῳ
693 5082 851 5152 νίκην
906 5084 1116 5145 innuit,
1159 5082 1297 5152 quod
1354 5084 1732 5151 interpretatur
1762 5126 1779 5150 ,
1838 5100 1972 5148 pone

384 5173 488 5227 alii
518 5174 815 5239 victoriam,
873 5175 931 5227 id
990 5184 1093 5237 est,
1130 5174 1199 5226 ad
1241 5174 1517 5226 inimicum
1553 5186 1700 5227 tuum
1742 5177 1965 5229 victoria

385 5265 625 5319 vertitur.
662 5266 805 5320 Sane
836 5266 1135 5336 imperator
1186 5266 1322 5320 nihil
1359 5268 1645 5322 inveniens
1709 5269 1778 5322 ad
1832 5284 1973 5341 prte-

386 5359 523 5415 iiutn
586 5358 798 5416 navalis
858 5374 1089 5430 pugnat,
1148 5357 1519 5413 Romanorum
1573 5361 1778 5415 classes
1836 5376 1975 5431 ρης

388 5452 592 5509 struxit
674 5452 741 5504 ad
818 5452 1043 5507 bellum.
1101 5450 1313 5518 Quibus
1384 5452 1439 5506 in
1511 5452 1829 5506 alterutram
1897 5456 1973 5507 ir-

390 5544 677 5602 ruentibus
709 5553 1041 5615 superantur
1091 5543 1349 5609 Bomaui,
1390 5553 1443 5600 et
1473 5545 1819 5601 commistum
1854 5543 1971 5602 eiii-

390 5638 535 5692 citur
585 5653 735 5692 mare
781 5638 1050 5709 sanguine
1100 5635 1498 5692 Romanorum.
1555 5635 1736 5692 induit
1788 5645 1970 5693 autem

392 5731 691 5799 imperator
721 5731 889 5783 alium
934 5732 1082 5783 veste
1110 5745 1245 5794 sua,
1275 5738 1329 5784 et
1354 5728 1606 5783 insiliens
1668 5727 1970 5798 praedictus

393 5823 538 5876 filius
556 5820 930 5877 buceinatoris
952 5822 1005 5875 iu
1036 5823 1241 5891 regiam
1286 5820 1546 5891 scapham
1578 5818 1963 5889 imperatorem

2073 4637 2218 4677 anno
2259 4621 2472 4693 imperii
2498 4620 2583 4676 sui
2621 4620 2685 4677 18
2726 4617 3004 4677 Constans
3035 4617 3241 4675 occidit
3276 4617 3650 4672 Theodosium

2075 4711 2358 4782 proprimn
2412 4712 2638 4765 fratrem
2671 4726 2853 4765 suum.
2879 4709 3013 4764 Cum
3034 4717 3216 4764 autem
3235 4718 3424 4764 essent
3444 4708 3653 4763 Arabes

2074 4804 2217 4879 apud
2259 4806 2487 4877 Saphin,
2520 4805 2649 4859 dolo
2682 4814 2912 4859 necatus
2966 4814 3052 4857 est
3111 4803 3409 4872 praedictus
3449 4801 3650 4863 ilalim,

2074 4909 2129 4955 et
2162 4900 2515 4973 singulariter
2562 4898 2798 4966 imperat
2850 4895 3127 4959 Mauhias,
3162 4894 3311 4967 regio
3341 4909 3490 4949 more
3545 4893 3652 4945 Da-

2074 5007 2318 5047 mascum
2357 4990 2669 5045 inhabitans
2701 4999 2753 5042 et
2786 4989 3145 5057 pecuniarum
3191 4987 3303 5041 illic
3359 4986 3651 5039 thesauros

2073 5084 2401 5137 recondens.

2145 5172 2549 5244 Annoimperil
2611 5170 2935 5226 Constantis
2991 5170 3056 5224 i9
3110 5168 3366 5240 apparuit
3422 5168 3652 5224 haeresis

2075 5268 2339 5331 Arabum,
2379 5282 2572 5323 eorum
2611 5265 2865 5320 videlicet
2894 5265 2988 5333 qui
3037 5262 3301 5319 dicuntur
3345 5261 3655 5330 Charurgi-

2073 5371 2160 5415 ta).
2214 5360 2462 5414 Mauhias
2515 5368 2695 5411 autem
2728 5358 2829 5411 hos
2866 5368 3185 5426 aggressus,
3213 5368 3311 5408 eos
3357 5355 3452 5423 qui
3494 5363 3655 5407 erant

2074 5455 2129 5508 in
2182 5452 2403 5507 Perside
2438 5451 2767 5512 humiliavit,
2809 5463 2904 5503 cos
2942 5463 3073 5502 vero
3103 5449 3195 5518 qui
3226 5450 3279 5502 in
3311 5445 3468 5518 Syria
3498 5460 3657 5502 erant

2076 5543 2354 5609 exaltavit,
2385 5551 2439 5598 et
2475 5542 2616 5598 alios
2646 5542 2869 5611 quidem
2911 5540 3128 5597 vocavit
3157 5540 3482 5604 iiisamitas,
3512 5542 3654 5595 alios

2073 5646 2256 5693 autem
2301 5634 2631 5703 iieraciitas,
2664 5645 2718 5690 et
2764 5634 3157 5691 Hisamitarum
3211 5632 3433 5702 quidem
3481 5634 3653 5686 dona-

2073 5731 2184 5785 tiva
2215 5730 2531 5784 sublimavit
2558 5744 2733 5800 usque
2756 5728 2820 5781 ad
2847 5727 3082 5782 ducenta
3103 5726 3459 5789 nomismata,
3484 5740 3655 5795 porto

2071 5821 2469 5881 Heraclitarum
2505 5821 2760 5893 deposuit
2813 5836 2986 5890 usque
3034 5820 3099 5874 ad
3134 5820 3365 5875 tricena.
