4100 6418
552 301 564 357 1
589 302 690 361 327

1679 315 2090 376 .ANASTASLI
2126 318 2756 385 BIBLIOTHECARI—I

3677 337 3814 402 me

615 418 773 469 Auno
805 416 1121 486 imperiisui
1159 420 1227 472 20
1258 421 1536 492 Constans
1557 423 1819 480 derelicta
1855 426 2126 482 Consmn-
2151 435 2206 492 Α
2233 432 2328 484 tibi
2360 433 2544 502 fuerit,
2588 454 2702 507 age.
2753 439 2820 494 Et
2851 439 2937 495 his
2977 441 3144 497 dictis
3191 444 3439 500 Andreas
3499 449 3686 504 tacuit.
3739 453 3810 506 At

546 509 776 578 tmopoli
830 507 969 564 abiit
992 509 1346 581 Syracusam,
1384 515 1660 570 civitatem
1691 515 1911 585 Sicilia},
1947 522 2135 576 volens

543 603 832 670 imperium
865 603 918 656 in
955 598 1404 660 urbem'Romam
1427 608 1750 673 transferre,
1781 621 1835 665 et
1864 613 2032 666 mittit
2062 613 2130 666 ad

535 694 910 751 adducendam
937 712 1159 751 uxorem
1198 713 1354 752 suam
1396 712 1449 754 et
1490 707 1603 756 tres
1633 702 1811 767 ﬁlios,
1849 701 2128 758 Constan-

537 787 736 852 tinum,
763 785 1098 855 Heracliam,
1122 797 1174 844 et
1193 783 1508 844 Tiberium.
1535 789 1706 847 Porro
1735 792 1982 865 Byzantii
2017 811 2124 847 non

527 873 862 930 dimiserunt
907 894 1024 933 eos.

602 996 763 1047 Anno
800 992 1365 1061 imperii-Constantis
1398 996 1462 1049 2i
1497 997 1802 1052 exercitum
1829 1011 2122 1054 moverunt

527 1086 736 1139 Arabes
807 1094 1000 1140 contra
1060 1086 1410 1157 Romaniam,
1457 1102 1512 1146 et
1573 1094 1778 1152 multos
1821 1095 2118 1165 deprazdati

527 1185 675 1240 sunt,
711 1185 764 1230 et
803 1177 918 1232 loca
964 1182 1228 1235 nonnulla
1279 1183 1618 1253 depopulati.

593 1289 749 1341 Anno
787 1289 998 1359 imperii
1051 1292 1372 1351 Constantis
1410 1299 1481 1351 εξ
1507 1302 1700 1369 praedae
1731 1305 1911 1371 patuit
1964 1303 2104 1359 Sici-

533 1373 619 1425 lia:
655 1389 804 1440 pars,
870 1383 924 1428 et
947 1375 1613 1439 habitaverunt-Damasci
1642 1387 1925 1443 voluntate
1985 1405 2109 1443 sua.

1579 1479 1762 1534 factus
1813 1491 1896 1535 est
1950 1495 2112 1538 error

516 1557 902 1627 jejuniorum,
956 1571 1012 1615 ct
1074 1568 1377 1619 exercitum
1455 1571 1628 1623 movit
1692 1572 2106 1630 Abderachman

516 1650 750 1704 Chaledi
816 1652 1082 1709 adversus
1116 1654 1470 1721 Romaniam,
1505 1662 1641 1716 etin
1710 1678 1774 1717 ea
1805 1665 2101 1730 rhiemavit,

515 1751 570 1798 ot
619 1746 820 1802 multas
851 1749 1150 1806 demolitus
1181 1759 1265 1807 est
1298 1755 1572 1824 regiones.
1599 1755 1790 1811 --Porro
1849 1759 2098 1814 Sclavini
2130 1775 2178 1834 Β

595 1467 756 1518 Anno
827 1467 1039 1532 imperii
1089 1470 1412 1530 Constantis
1443 1475 1513 1530 25

516 1836 589 1890 ad
633 1839 780 1892 hunc
833 1840 1176 1898 conﬂuentes
1218 1859 1362 1898 eum
1412 1847 1530 1916 ipso
1577 1848 1988 1904 descenderunt
2041 1852 2094 1904 in

515 1932 753 2000 Syriam,
795 1948 1025 1988 numer-0
1088 1937 1335 2007 quinque
1366 1939 1563 2004 millia,
1605 1951 1660 1995 et
1711 1942 2098 1998 habitaverunt

510 2021 566 2074 in
615 2024 1029 2092 Apamiensinm
1084 2029 1307 2098 regione
1356 2031 1408 2084 in
1455 2034 1683 2088 castello
1717 2035 2094 2092 Seleueobori.

562 2119 722 2169 Anno
781 2118 996 2186 imperii
1035 2119 1356 2176 Constantis
1393 2123 1464 2178 24
1511 2123 1766 2181 Thomas
1817 2128 2092 2183 Constano

507 2205 901 2274 tinopolitauus
931 2210 1161 2263 habetur
1185 2214 1438 2267 antistes.
1498 2214 1677 2270 Busur
1707 2227 1886 2271 autem
1921 2233 2090 2273 exer-

506 2297 677 2349 citum
712 2297 764 2350 in
807 2297 1132 2354 ltonmniam
1169 2305 1364 2366 movit,
1393 2314 1450 2359 et
1475 2317 1728 2363 mortuus
1777 2317 1863 2362 est
1910 2309 2092 2365 Thau-

509 2391 758 2442 mariens
819 2393 1115 2460 episcoluts
1148 2397 1408 2464 Apamiie,
1441 2409 1491 2452 et
1539 2400 1798 2457 incensus
1848 2414 1931 2458 est
1979 2406 2090 2475 epi-

508 2496 711 2550 sc0pus
743 2482 1054 2540 Emisenus.

575 2595 760 2650 Mundi
802 2601 948 2652 anno
1003 2599 1143 2656 6158
1174 2643 1189 2668 ,
1242 2604 1440 2659 divinae
1510 2607 1907 2667 incarnationis
1974 2627 2076 2666 an-

501 2702 572 2739 no
603 2687 728 2750 658,
769 2705 912 2743 anno
954 2707 1083 2746 vero
1135 2695 1350 2764 imperii
1394 2696 1713 2756 Constantis
1742 2701 1814 2757 25
1870 2705 2084 2758 exerci-

500 2774 613 2832 tum
655 2796 847 2837 rursus
902 2780 1353 2843 armavit'Busur
1410 2800 1604 2845 contra
1658 2791 2005 2862 Romaniam,
2031 2808 2082 2851 et

497 2874 887 2929 exterminavit
921 2888 1107 2947 partes
1146 2878 1492 2952 Hexapoleos
1541 2893 1595 2940 et
1629 2884 1904 2953 Phadalae,
1934 2891 2080 2946 illic-

497 2961 603 3034 qtie
635 2967 912 3026 hiemavit.

569 3063 726 3115 Anno
757 3062 970 3132 imperii
999 3063 1315 3124 Constantis
1347 3068 1420 3124 26
1449 3071 1903 3128 Armeniacorum
1936 3092 2075 3146 prae-

497 3163 585 3206 tor
617 3155 904 3220 Saborius,
933 3156 1098 3213 Persa
1131 3175 1348 3230 genere,
1379 3166 1746 3222 tumultuatus
1774 3179 1858 3224 est
1883 3180 2076 3226 contra

493 3249 846 3302 Constantem
885 3249 1275 3320 imperatorem
1337 3257 1614 3328 mittitque
1670 3258 1740 3313 ad
1796 3259 2073 3317 Mauhiam

494 3339 750 3406 Sergium
817 3344 1143 3412 magistrum
1197 3347 1457 3414 militum,
1524 3351 1789 3421 pollicens
1844 3354 2076 3411 Mauhiaa

490 3433 781 3505 subjugare
799 3435 1141 3507 Romaniam,
1167 3441 1211 3497 si
1231 3442 1347 3512 ipse
1370 3443 1473 3500 sibi
1496 3448 1860 3504 auxiliaretur
1885 3451 2075 3505 adven

488 3541 582 3578 sus
613 3528 1023 3595 imperatorem.
1044 3530 1163 3596 Quo
1178 3546 1468 3604 comperto
1498 3537 1891 3597 Constantinus
1925 3543 2069 3599 ﬁlius

487 3616 850 3685 imperatoris
886 3621 1054 3675 mittit
1082 3631 1136 3676 et
1167 3625 1282 3694 ipse
1337 3628 1408 3681 ad
1457 3627 1732 3685 Mauhiam
1788 3633 2064 3691 Andream

484 3711 884 3765 cubicularium
939 3729 1065 3768 cum
1101 3718 1441 3787 muneribus,
1475 3738 1544 3777 ne
1597 3725 1787 3780 rebelli
1820 3729 2063 3784 cederet.

481 3791 730 3870 Cumque
769 3801 1007 3858 venisset
1035 3805 1285 3863 Andreas
1317 3810 1662 3880 Damascum,
1694 3821 1898 3888 reperit
1933 3819 2063 3876 Ser-

480 3896 631 3964 gium
681 3896 1042 3962 praevenisse.
1076 3900 1145 3953 At
1203 3917 1333 3957 vero
1390 3903 1637 3965 Mauhias
1695 3913 2061 3970 simulabatur

480 3985 798 4053 imperatori
863 3992 1097 4058 eompati
1126 3991 1261 4063 (62).
1302 3991 1538 4052 Sedebat
1604 4012 1788 4058 autem
1827 4005 2054 4076 Sergius

477 4088 601 4130 ante
637 4076 935 4142 Mauhiam,
964 4090 1165 4136 etcum
1209 4086 1493 4157 ingressus
1540 4091 1738 4149 fuisset
1787 4096 2055 4168 Andreas,

477 4169 705 4226 intuitus
750 4187 876 4227 eum
935 4173 1162 4244 Sergius
1193 4181 1455 4236 surrexit.
1508 4181 1578 4237 At
1624 4201 1752 4242 vero
1808 4190 2056 4248 Mauhias

475 4261 724 4333 Sergium
785 4266 1158 4333 reprehendit,
1220 4269 1411 4327 dicens
1451 4274 1632 4341 :Quid
1685 4277 2057 4347 formidati?

471 4354 574 4417 Qui
608 4355 890 4423 respondit
927 4372 988 4413 se
1027 4357 1183 4428 juxta
1218 4377 1428 4418 morem
1476 4367 1696 4425 fecisse.
1727 4372 2048 4434 Conversus

469 4455 732 4512 prieterea
755 4445 1002 4505 Mauhias
1051 4452 1184 4507 dicit
1208 4453 1474 4512 Andreae:
1515 4459 1656 4526 Quid
1687 4469 2050 4537 quwris?Qui
2086 4487 2128 4543 ι)
2160 4445 2452 4552 patrvi—cium
2485 4504 2610 4544 cum

466 4537 543 4589 ait
567 4555 579 4589 :
615 4535 684 4590 Ut
713 4539 802 4593 des
821 4542 1082 4597 auxilium
1101 4557 1288 4600 contra
1311 4550 1573 4608 rebellem.
1601 4555 1671 4609 At
1693 4557 1782 4614 ille
1813 4579 1824 4615 :
1850 4535 2040 4629 Ambo,

467 4629 663 4698 inquit,
694 4631 895 4685 inimici
924 4635 1072 4702 estis,
1126 4637 1216 4691 sed
1244 4655 1337 4710 ego
1363 4643 1409 4695 ei
1439 4646 1529 4714 qui
1583 4647 1702 4716 plus
1759 4655 2044 4720 praebuerit

463 4719 623 4774 dabo.
657 4720 720 4775 Et
749 4725 994 4783 Andreas
1022 4729 1087 4782 ad
1111 4746 1234 4784 eum
1269 4751 1282 4786 :
1321 4731 1405 4788 Ne
1434 4737 1696 4810 ambigas,
1735 4743 1872 4812 iniit,
1906 4751 2044 4802 ami-

462 4829 544 4876 ra,
583 4816 833 4882 quoniam
896 4833 1068 4884 pauca
1124 4823 1217 4876 tibi
1249 4825 1586 4896 imperatoris
1642 4835 1863 4892 meliora
1922 4852 2047 4896 sunt

458 4921 614 4972 quam
664 4905 822 4975 plura
876 4910 1101 4965 rebellis.
1138 4911 1528 4981 Verumtamen,
1564 4924 1702 4986 quod
1758 4930 2044 4988 amabilius

2241 540 2368 579 vero
2399 524 2644 584 Mauhias
2674 530 2750 584 ait
2777 549 2790 586 :
2856 530 3118 588 Tractabo
3149 552 3301 604 super
3337 539 3456 604 liae,
3488 547 3542 594 et
3598 550 3812 597 utrum-

2236 631 2342 684 que
2387 618 2553 686 jussit
2623 623 2796 676 exire.
2872 624 3044 680 Porro
3109 627 3374 683 advocato
3422 631 3611 700 Sergio
3667 634 3811 689 dixit

2232 707 2278 761 ei
2320 725 2333 761 :
2387 707 2470 763 Ne
2515 712 2737 768 ulterius
2776 715 2964 771 adores
3013 719 3281 773 Andream
3330 737 3348 774 :
3399 723 3632 792 alioquin
3675 728 3810 782 nihil

2229 801 2498 868 proﬁcies.
2556 805 2616 858 ln
2646 811 2949 864 crastinum
2988 812 3171 881 itaque
3201 818 3542 883 praeveniens
3579 819 3807 890 Sergius

2227 890 2501 947 Andream
2534 913 2718 951 coram
2752 902 2973 956 Mauhia
3022 905 3269 971 sedebat,
3303 915 3358 962 et
3399 909 3647 978 ingresso
3692 914 3807 966 An-

2225 983 2355 1038 drea
2398 1001 2506 1041 non
2542 990 2592 1042 ei
2627 993 2932 1048 assurrexit
2979 1003 3041 1048 ut
3080 995 3195 1050 heri
3228 1013 3242 1050 :
3274 997 3522 1054 Andreas
3556 1017 3684 1056 vero
3722 1004 3807 1057 in-

2226 1075 2395 1130 tuitus
2428 1079 2681 1149 Sergium
2717 1084 2866 1138 hnnc
2899 1088 3164 1142 conviciis
3198 1088 3456 1145 laceravit
3481 1103 3534 1146 et
3564 1096 3801 1148 commi-

2221 1175 2385 1221 natus
2424 1177 2531 1234 est,
2575 1171 2805 1228 dicens:
2842 1173 2902 1254 Si
2925 1178 3123 1240 vixero,
3150 1179 3520 1234 demonstrabo
3557 1184 3651 1236 tibi
3679 1187 3801 1255 quis

2218 1262 2339 1314 sim.
2387 1263 2485 1318 Cui
2529 1264 2754 1338 Sergius
2792 1286 2806 1323 :
2844 1251 2987 1336 Non,
3026 1272 3240 1344 inquit,
3269 1291 3491 1346 assurgo
3525 1277 3640 1341 tibi,
3671 1251 3803 1348 quia

2216 1370 2318 1409 non
2343 1373 2396 1412 es
2444 1360 2522 1412 vir
2556 1375 2720 1430 neque
2744 1363 2965 1432 femina.
3002 1365 3174 1423 Porro
3219 1368 3467 1424 Mauhias
3499 1379 3801 1442 utrumque

2213 1465 2571 1518 compescens
2606 1455 2839 1511 Andreae
2891 1457 3029 1512 dixit
3063 1461 3337 1514 assentire
3367 1463 3500 1516 dare
3532 1467 3800 1531 quemad-

2214 1539 2436 1594 modum
2475 1540 2704 1612 Sergins
2732 1544 2844 1598 dat.
2891 1544 2957 1598 Et
2977 1557 3234 1616 quantum
3257 1559 3335 1602 est
3357 1551 3383 1602 ?
3416 1551 3492 1604 ait
3521 1551 3793 1607 Andreas.

2211 1629 2427 1686 Mauhia
2468 1650 2601 1689 vero
2652 1636 2950 1692 illatioucm
2987 1639 3329 1706 publicorum
3354 1644 3603 1712 .prarbere
3649 1645 3794 1698 Ara-

2211 1719 2402 1778 bibnsf
2424 1727 2523 1780 Ast
2553 1727 2800 1782 Andreas
2839 1744 2851 1780 :
2898 1728 2986 1783 Va:
3014 1730 3130 1793 tibi,
3175 1734 3284 1797 ait,
3318 1733 3561 1792 Maenia.
3593 1735 3791 1791 Consi-

2210 1817 2339 1868 lium
2363 1819 2556 1873 tribuis
2578 1837 2763 1888 corpus
2785 1821 2952 1876 dandi
2975 1834 3022 1878 et
3041 1825 3210 1878 solam
3234 1828 3476 1882 umbram
3503 1832 3786 1886 retinendi.

2209 1907 2691 1981 Quomodocunque
2738 1915 2987 1979 volueris,
3037 1934 3159 1972 cum
3193 1918 3376 1990 Sergio
3410 1925 3622 1978 conveni
3645 1940 3662 1977 :
3687 1941 3786 1993 ego

2198 2001 2335 2053 enim
2367 2001 2466 2056 Itoc
2499 2005 2715 2060 minime
2742 2008 2904 2076 facio.
2959 2009 3329 2067 Verumtamen
3368 2024 3415 2068 te
3444 2015 3661 2070 dimisso
3710 2019 3784 2070 ad

2198 2089 2388 2157 Deum,
2420 2096 2509 2164 qui
2542 2107 2590 2150 te
2635 2100 2899 2165 potentior
2927 2112 3027 2163 est,
3081 2114 3138 2157 ut
3195 2102 3449 2160 Romanis
3489 2109 3782 2175 opituletur

2195 2183 2552 2254 confugimus,
2582 2197 2628 2240 et
2673 2189 2730 2242 in
2782 2207 2840 2244 eo
2883 2207 3025 2259 spem
3057 2207 3292 2249 nostram
3345 2197 3639 2260 posuimus.
3680 2200 3779 2260 ηε

2193 2273 2356 2330 dictis
2379 2274 2611 2334 Mauhiu‘
2642 2283 2763 2335 iniit
2789 2285 2962 2350 Salve,
2993 2299 3044 2342 et
3068 2289 3236 2343 exivit
3268 2306 3296 2343 a
3325 2289 3775 2350 Damascensium

2192 2368 2432 2432 civitate,
2462 2381 2514 2426 et
2538 2375 2672 2445 abiit
2708 2375 3035 2443 Melitenem,
3070 2397 3134 2437 eo
3160 2384 3304 2451 quod
3337 2394 3600 2455 tyrannus
3625 2397 3776 2444 esset

2194 2461 2245 2512 in
2280 2465 2532 2530 partibus
2586 2467 2715 2530 illis,
2754 2471 2819 2524 ad
2858 2488 2996 2539 quas
3047 2484 3102 2528 et
3143 2473 3369 2545 Sergius
3413 2493 3534 2534 erat
3565 2481 3770 2537 iturus.

2189 2550 2438 2622 Cumque
2478 2556 2707 2613 adiisset
2762 2560 3126 2630 Arabessnm,
3191 2567 3425 2623 incurrit
3478 2563 3767 2627 clausura-

2185 2660 2308 2700 rum
2356 2651 2639 2708 custodem
2675 2673 2689 2709 :
2726 2672 2835 2711 non
2866 2660 3013 2713 enim
3046 2661 3340 2718 cohibebat
3368 2667 3478 2737 (63)
3510 2679 3765 2738 tyranno.

2189 2736 2327 2793 llnic
2368 2758 2499 2811 ergo
2524 2749 2784 2816 praecepit
2812 2751 3105 2806 observare
3134 2753 3385 2825 Sergium
3419 2736 3762 2828 redeuntem,

2187 2839 2245 2883 ut
2287 2832 2587 2890 adduceret
2617 2839 2768 2892 illum
2799 2841 2865 2895 ad
2894 2858 2974 2897 se.
3012 2845 3132 2913 Ipse
3165 2862 3294 2900 vero
3325 2864 3437 2904 non
3474 2851 3766 2908 immemor

2183 2922 2465 2992 pergebat,
2530 2921 2781 2998 Sergium
2845 2936 3212 3002 przestolans;
3271 2955 3393 3009 quae
3440 2956 3568 2997 vero
3609 2955 3761 3012 gesta

2183 3024 2334 3079 sunt,
2395 3019 2670 3073 nuntiavit
2717 3022 3057 3092 imperatori.
3105 3028 3310 3085 Interea
3364 3031 3587 3103 Sergius
3633 3052 3758 3092 eum

2184 3103 2441 3196 Manilia,
2490 3125 2620 3196 quae
2669 3114 2786 3168 visa
2830 3114 3042 3173 fuerant
3094 3123 3331 3190 peractis
3393 3124 3534 3196 (64),
3601 3142 3761 3184 acce-

2184 3192 2261 3262 pit
2299 3191 2606 3284 Phaladam
2633 3210 2917 3268 prtetorem
2953 3207 3192 3263 Arabum
3245 3227 3367 3266 cum
3402 3191 3524 3284 hope
3562 3217 3757 3273 barba-

2183 3286 2295 3339 rica
2337 3283 2784 3347 concertaturum
2837 3304 2891 3350 et
2937 3301 3332 3358 auxiliaturum
3383 3305 3578 3364 Sabor.
3613 3311 3753 3367 Cum

2178 3390 2360 3434 autem
2405 3383 2739 3450 praecederet
2793 3387 3018 3459 Sergius
3054 3393 3350 3450 Phatlalam
3389 3407 3442 3454 et
3476 3401 3541 3455 ad
3572 3398 3754 3475 Sabox;

2174 3472 2522 3542 gratulanler
2553 3476 2754 3540 abiret,
2795 3481 3016 3537 devenit
3043 3486 3110 3538 ad
3142 3488 3434 3546 clausuras
3459 3500 3513 3546 et
3559 3472 3756 3550 incndit

2172 3562 2227 3616 in
2264 3566 2496 3623 Andreae
2533 3573 2744 3640 t-nrbas,
2778 3584 2832 3630 et
2873 3578 3018 3632 hunc
3064 3582 3362 3638 retinentes
3396 3585 3635 3640 vinctum
3679 3591 3751 3645 ad

2168 3656 2441 3712 Andream
2476 3662 2774 3719 adducunt.
2809 3669 2880 3722 At
2919 3686 3050 3726 vero
3102 3671 3329 3744 Sergius
3362 3677 3480 3731 viso
3529 3680 3751 3738 Andrea

2163 3747 2332 3816 jactat
2365 3764 2537 3808 semet
2563 3756 2627 3809 ad
2662 3759 2838 3828 pedes
2872 3762 3015 3829 ejus,
3045 3761 3342 3821 Obsecraﬁs
3362 3783 3586 3838 parce-re
3617 3773 3748 3827 sibi.

2167 3839 2262 3894 Ille
2292 3851 2474 3898 autem
2531 3846 2598 3902 ad
2643 3864 2816 3906 eum:
2861 3847 2960 3918 Tu,
3000 3855 3198 3924 inquit,
3252 3874 3306 3911 es
3361 3857 3598 3929 Sergius,
3655 3864 3752 3932 qui

2161 3933 2484 4002 gloriabaris
2521 3939 2573 3992 in
2605 3943 2846 3998 virilibus
2898 3961 3081 3999 coram
3124 3947 3365 4011 Manilia,
3402 3969 3578 4022 meque
3622 3972 3746 4008 mu-

2162 4021 2437 4080 lierculam
2471 4031 2796 4098 appellabas.
2827 4033 2959 4090 Ecce
2987 4039 3308 4109 amodo(65)
3336 4021 3512 4098 virilia
3535 4058 3624 4099 tua
3647 4050 3746 4102 tibi
3785 4051 3804 4066 "

2162 4116 2296 4170 nihil
2319 4121 2638 4185 proderunt,
2673 4126 2802 4194 quin
2832 4127 3009 4195 potius
3058 4137 3109 4182 et
3157 4142 3321 4186 morte
3351 4135 3609 4203 afficiant.
3645 4138 3744 4194 llis

2160 4205 2328 4264 dictis
2373 4213 2632 4284 praecepit
2687 4216 2867 4271 virilia
2904 4217 3026 4288 ejus
3082 4221 3314 4288 abscidi,
3347 4237 3402 4280 et
3446 4233 3746 4298 suspendit

2158 4314 2280 4354 eum
2309 4301 2363 4356 in
2392 4304 2558 4374 ligno.
2589 4306 2992 4368 Constantinus
3019 4323 3200 4368 autem
3229 4318 3416 4371 audito
3438 4317 3738 4377 Pbadaidis

2157 4393 2395 4449 adventu
2431 4396 2484 4450 in
2519 4398 2747 4455 Saboris
2774 4403 3040 4458 auxilium
3098 4401 3466 4476 Nicephorum
3498 4411 3748 4466 destinat.

2642 4491 2888 4548 Romana
2917 4497 3118 4550 virtute
3153 4501 3446 4555 resistendi
3479 4495 3735 4560 Saborio.

2158 4573 2288 4629 Erat
2343 4588 2522 4634 autem
2565 4581 2744 4638 Sabor
2780 4584 3177 4660 Hadrianopoli
3214 4591 3457 4661 degens,
3507 4606 3561 4649 et
3607 4610 3736 4650 cum

2155 4665 2525 4738 Nicephorum
2559 4675 2626 4728 ad
2680 4692 2739 4731 se
2785 4679 2976 4734 venire
3029 4686 3412 4752 comperisset,
3440 4689 3738 4742 exercebat

2157 4769 2332 4816 semet
2371 4763 2435 4815 ad
2480 4767 2751 4834 praelium.
2810 4769 3010 4826 Verum
3071 4771 3160 4830 die
3220 4777 3453 4846 quadam
3502 4780 3736 4848 contigit.

2157 4851 2304 4908 hunc
2353 4861 2651 4914 secundum
2687 4867 3140 4921 consuetudinem
3189 4884 3343 4923 suam
3393 4869 3461 4924 de
3506 4873 3736 4927 civitate

2156 4961 2320 5017 super
2345 4965 2546 5022 equum
2597 4954 2876 5011 sedentem
2914 4960 3085 5015 exire.
3119 4960 3366 5031 Cumque
3397 4974 3566 5033 portae
3592 4965 3738 5019 civi«

1955 5048 2182 5113 NOTAE.

529 5115 641 5186 (69.)
674 5116 938 5204 Campati.
969 5118 1310 5204 Glossarium
1335 5142 1348 5178 :
1375 5123 2027 5204 συ-ιὲπᾲσχωλροητρθιίοτ.

454 5187 607 5270 Item,
656 5192 989 5270 compatitur
1050 5198 1393 5270 gupndtazst.
1427 5187 2024 5270 Flodoa‘rdusint—iidi

457 5274 476 5304 ι
512 5256 874 5345 Ὀοσῃριιιξςὲηε
901 5256 1347 5345 tribulationibus
1385 5269 1580 5337 ipsius.
1621 5289 1640 5321 ι
1669 5256 2039 5345 (ὶοὶίιρξίὶῖεῗ

2138 5168 2442 5208 consensus.
2481 5156 2805 5216 l-linemarns
2845 5161 3038 5218 Rheni.
3064 5165 3138 5219 De
3178 5164 3490 5220 Prwdestin.
3525 5183 3540 5218 :
3570 5187 3592 5219 ι
3629 5165 3728 5225 Tia

2147 5237 2266 5292 meo
2297 5242 2364 5280 ne
2392 5229 2692 5284 conhibere
2721 5232 2794 5287 sit
2827 5234 2927 5288 hoc
2961 5243 3160 5291 tacere.
3197 5255 3216 5287 ι
3257 5239 3336 5292 ln.

2215 5291 2326 5376 (-6.5!
2386 5294 2656 5376 Peractis.
2683 5299 2827 5376 Lege
2873 5315 3079 5376 pactus.
3118 5291 3358 5376 Xtoqeiv
3389 5319 3472 5363 est
3498 5291 3742 5376 pacisci;

2138 5359 2278 5435 Vide
2316 5367 2575 5424 let-tiones
2600 5359 2976 5427 Theocritium
3012 5359 3318 5431 Ctrsanbdhl
3346 5359 3514 5432 ciiO'.
3547 5359 3718 5435 nihil

2209 5433 2320 5518 (σεξ)
2354 5437 2580 5518 Amado.‘
2613 5441 2914 5518 Gregorius
2954 5443 3090 5500 Tur.
3120 5445 3187 5500 Η.
3222 5463 3305 5511 ut,
3335 5448 3368 5500 5
3403 5465 3416 5499 :
3467 5467 3482 5498 ι
3512 5433 3721 5518 Plange

2131 5503 2354 5588 antodo,
2392 5509 2612 5588 qui-per
2635 5503 2925 5588 corisilhnu
2969 5531 3201 5583 nequam
3239 5503 3412 5573 lactus
3451 5534 3510 5574 es
3539 5503 3720 5588 parii:-

2139 5572 2259 5644 citia
2297 5572 2660 5635 saevissimus.
2727 5601 2744 5634 υ
2806 5572 3181 5640 Οηοηιαείὶεοη
3221 5603 3237 5642 :
3274 5607 3291 5639 ι
3337 5572 3554 5644 Arnodd
3605 5587 3718 5642 ἀπὸ

2127 5641 2344 5763 ἶούτου.
2387 5645 2568 5703 Utitur
2597 5652 2867 5723 interpres
2896 5655 3013 5711 Vet.
3053 5641 3468 5714 Testamentiiet'
3487 5641 3710 5731 bimus

2157 5727 2210 5763 Ι).
2239 5731 2245 5736 “
3443 5749 3446 5752 ’

453 5328 830 5383 misericordia
869 5335 1097 5388 moveri.
1133 5333 1301 5389 Fann.

525 5397 638 5470 (65)
661 5397 985 5474 _Colt_i_bebat.
1028 5405 1235 5459 Auctor
1289 5407 1566 5472 Miscellae,
1617 5415 2023 5474 consentiebat.

455 5463 745 5556 Iraeur'nlus
779 5468 1212 5556 ile‘rmianensis,
1245 5476 1286 5529 Ι.
1318 5479 1410 5556 _:
1447 5463 1821 5556 {saneta-ilia
1853 5463 2019 5556 synov-l

449 5536 552 5588 dus
581 5538 802 5612 _lneres_i
847 5536 1206 5598 Nesmriante
1248 5549 1519 5602 cohibuit.
1557 5569 1574 5600 ι
1615 5551 1678 5604 Et
1701 5536 2019 5612 cohibentia

449 5606 592 5672 apud
622 5609 875 5692 eumdem
915 5615 1134 5692 passim.
1174 5621 1438 5692 occurrit.
1501 5619 1736 5692 gregum
1775 5606 2016 5684 rdiis?

449 5694 541 5754 εἰς
581 5696 598 5726 ο
650 5678 926 5754 "iubentes
971 5685 1402 5742 conuivenliam.
1449 5709 1467 5742 ι
1500 5678 2011 5754 Με.”εοίιίὑειιιὶαὴἶξ

445 5741 650 5800 Glossze
681 5747 918 5812 Dnsilhei
964 5770 976 5804 :
1027 5756 1284 5822 conibere,
1342 5764 1653 5830 consentire,
1693 5765 2011 5836 conibentia,
