4100 6412
257 497 390 560 1329

1061 497 1431 558 IIISTORIA‘
1455 495 2030 558 ECCL’ESIASTICA
2069 496 2171 554 EX
2203 493 2686 554 TllEl)l’H.-\.\'E.

3365 487 3500 551 1330

253 607 385 658 utis
425 601 968 672 appropinquasset,
1003 615 1206 670 equum
1255 601 1469 673 ﬂagello
1503 603 1825 672 percussit;
1861 609 1902 662 Α
1933 610 2048 655 tum
2107 603 2162 656 in
2220 602 2481 668 Africam,
2533 610 2587 656 et
2642 599 2855 669 captiva
2889 598 3162 654 duxerunt
3235 601 3426 666 millia,
3456 615 3511 656 ut

253 696 350 764 qui
381 694 653 764 jactanter
681 692 884 746 saliens
914 699 966 745 et
993 692 1113 761 ejus
1145 702 1310 762 caput
1345 694 1399 747 in
1444 702 1658 764 portam
1711 693 1827 747 alli-

253 789 394 842 dens
440 786 585 839 hunc
621 785 762 838 male
809 784 920 837 vita
985 786 1239 853 privavit,
1269 793 1321 840 et
1352 788 1431 841 sic
1465 787 1610 842 Deus
1657 786 1832 856 impe-

253 878 429 933 ratori
459 877 744 930 victoriam
778 875 1034 930 contulit.
1069 875 1341 932 Phadalas
1387 887 1568 933 autem
1603 878 1832 934 veniens

254 971 312 1023 in
343 969 622 1039 Exapolim
654 977 707 1022 et
737 968 852 1022 haec
891 969 1073 1023 omnia
1107 969 1328 1026 discens
1359 971 1616 1026 turbatus
1647 979 1751 1033 est,
1778 979 1831 1025 et

255 1060 409 1114 misit
446 1061 512 1112 ad
567 1057 843 1111 Mauhiam
885 1059 1170 1127 postulans
1202 1060 1560 1128 adjutorium,
1588 1075 1653 1114 eo
1687 1060 1831 1129 quod

255 1151 487 1206 Romani
525 1151 591 1202 ad
615 1149 970 1203 concordiam
1010 1153 1422 1205 convenissent.
1458 1151 1621 1205 Mittit
1647 1159 1832 1205 autern

251 1242 306 1295 ci
359 1240 610 1295 Mauhias
647 1241 826 1294 filium
865 1255 1024 1294 suum
1063 1240 1241 1305 Hirid,
1273 1256 1494 1296 armans
1534 1258 1658 1296 eum
1707 1256 1832 1295 cum

252 1329 609 1384 multitudine
639 1330 1038 1384 Romanorum.
1069 1333 1458 1386 Convenerunt
1490 1341 1671 1387 autem
1698 1334 1835 1386 utri—

251 1439 366 1492 que
387 1424 528 1492 apud
566 1421 992 1486 Chalcedonem,
1022 1431 1074 1477 et
1112 1424 1359 1493 captivos
1386 1424 1664 1479 duxerunt
1698 1426 1833 1479 mul~

254 1526 347 1570 tos
404 1532 417 1568 :
469 1523 736 1583 ceperunt
802 1526 984 1568 autem
1029 1526 1082 1569 et
1123 1516 1407 1569 Amorium
1463 1515 1730 1588 Phrygiae,
1781 1529 1835 1572 et

250 1607 786 1677 quinque-millibus
819 1616 1160 1661 armatorum
1198 1609 1440 1662 virortnn
1471 1609 1717 1664 dimissis
1775 1611 1830 1665 in

258 1698 569 1754 custodiam
603 1697 724 1766 ejus
753 1698 1106 1753 diverterunt
1135 1700 1187 1752 in
1225 1698 1458 1770 Syriam.
1489 1699 1623 1754 Cttm
1653 1710 1830 1755 autem

256 1790 436 1844 hiems
473 1791 820 1853 accessisset,
862 1791 1026 1844 mittit
1081 1791 1381 1860 imperator
1425 1793 1676 1846 eumdem
1720 1793 1832 1846 An-

253 1882 448 1936 dream
493 1881 940 1949 cubicularium;
1001 1890 1053 1936 et
1113 1899 1237 1937 cuin
1291 1885 1385 1937 nix
1437 1895 1584 1940 esset
1637 1888 1828 1952 multa,

259 1983 426 2028 noctu
458 1977 629 2036 venit,
663 1984 716 2028 et
751 1991 848 2045 per
882 1976 1089 2046 lignum
1141 1978 1445 2032 ascendunt
1492 1979 1546 2033 in
1593 1997 1832 2046 murum,

256 2077 314 2122 et
352 2067 741 2136 ingrediuntur
789 2067 1069 2120 Anzorittm
1103 2109 1118 2134 ,
1170 2078 1224 2122 et
1276 2086 1466 2126 omnes
1501 2071 1845 2127 interficiunt

257 2157 493 2223 Arabes,
529 2158 603 2211 ita
653 2167 712 2211 ut
740 2174 806 2211 ex
835 2159 1079 2228 quinque
1111 2160 1498 2230 milli_bustillic
1527 2163 1713 2217 nullus
1743 2179 1836 2234 pc-

260 2249 417 2303 nitus
443 2259 778 2305 remaneret.

337 2339 523 2394 Μητιάὶ
565 2357 711 2397 anno
773 2342 936 2406 6l60',
989 2343 1192 2398 divinae
1243 2345 1646 2404 incarnationis
1695 2365 1842 2406 anno

255 2431 388 2497 660,
418 2447 561 2485 anno
583 2449 711 2488 vero
735 2435 944 2505 imperii
973 2436 1167 2501 sui‘27,
1198 2436 1476 2494 Constans
1505 2441 1722 2497 occisus
1757 2450 1843 2498 est

256 2527 392 2582 dolo
419 2527 472 2580 in
509 2526 700 2581 Sicilia
731 2529 874 2597 apud
911 2527 1244 2596 Syracusam
1276 2533 1328 2585 in
1361 2532 1580 2599 balneo,
1609 2535 1695 2587 cui
1743 2551 1842 2588 no-

261 2634 392 2673 men
439 2627 560 2673 erat
599 2621 822 2690 Daphne
856 2638 870 2674 :
904 2621 1081 2675 fuerat
1115 2632 1292 2678 autem
1325 2641 1490 2679 causa
1548 2627 1678 2680 hare.
1714 2629 1844 2683 Post

259 2711 742 2781 interemptionem
787 2712 1084 2768 Theodosii
1138 2716 1330 2769 fratris
1367 2718 1543 2786 ipsius
1585 2720 1714 2773 odio
1747 2720 1842 2772 ha-

265 2805 416 2859 bitus
445 2816 528 2859 est
562 2823 590 2857 a
631 2805 930 2875 Byzantiis,
952 2813 1005 2859 et
1034 2808 1270 2861 maxime
1305 2809 1430 2876 quia
1460 2820 1511 2862 et
1546 2808 1840 2864 Martinum

264 2899 685 2953 sanctissimum
728 2914 920 2967 papam
954 2897 1264 2952 Romanum
1302 2902 1667 2971 ignominiose
1693 2903 1840 2957 Con-

264 2990 683 3058 stantinopolim
707 2990 861 3043 duxit
889 2999 942 3043 et
965 2991 1157 3045 exsilio
1197 2994 1454 3063 relegavit
1481 3011 1648 3063 penes
1676 2995 1846 3052 Cher-

264 3081 423 3136 sonis
455 3081 701 3148 climata,
741 3091 791 3136 et
849 3083 1069 3136 Maximi
1112 3085 1502 3154 sapientissimi
1547 3097 1598 3142 et
1626 3091 1844 3146 confess

266 3173 414 3228 soris
463 3174 709 3244 linguam
746 3191 1076 3246 manumque
1103 3179 1398 3242 truncavit,
1431 3188 1483 3234 et
1519 3181 1720 3238 multos
1751 3198 1847 3236 or-

1940 694 2163 761 ferunt,
2219 694 2556 763 octuaginta.
2627 693 2806 747 Porro
2875 692 2928 745 bi
2995 693 3085 762 qui
3147 690 3506 748 Orientalium

1937 799 2096 843 erant
2129 788 2560 859 provinciarum,
2593 785 2974 858 Chrysopolim
3005 794 3277 840 venerunt
3319 787 3508 840 dicen-

1936 887 2019 934 tes
2048 898 2060 932 :
2101 879 2161 934 Si
2199 881 2252 933 in
2286 879 2603 933 Trinitatem
2655 879 2938 942 credimus,
2973 889 3076 932 tres
3102 879 3263 933 etiam
3296 897 3512 935 corone-

1936 985 2073 1023 mus.
2109 969 2381 1024 Turbatus
2403 985 2531 1038 ergo
2571 979 2651 1023 cst
2683 968 3080 1025 Constantinus
3102 984 3167 1024 eo
3195 971 3340 1039 quod
3396 971 3512 1038 ipse

1937 1061 2090 1114 solus
2127 1061 2415 1115 redimitus
2446 1069 2624 1126 esset;
2659 1061 2856 1117 fratres
2905 1073 3085 1115 autem
3133 1061 3253 1130 ejus
3306 1063 3509 1118 nullam

1935 1150 2260 1219 dignitatem
2311 1149 2605 1204 habebant.
2644 1151 2707 1204 Et
2753 1152 2920 1206 misso
2952 1151 3242 1206 Theodoro
3279 1155 3512 1222 patricio

1935 1241 2179 1296 Colonia:
2236 1243 2508 1310 mitigavit
2554 1258 2670 1306 eos,
2724 1242 3122 1312 superlandans
3157 1246 3299 1310 illos,
3342 1255 3394 1300 ct
3426 1261 3513 1300 as-

1933 1332 2166 1401 sumptis
2213 1348 2280 1386 ex
2310 1333 2392 1387 eis
2415 1333 2714 1401 majoribus
2753 1345 2914 1397 natu,
2944 1339 3004 1386 ut
3035 1333 3222 1387 urbem
3265 1334 3514 1402 ingrede-

1938 1430 2133 1476 rentur
2160 1429 2214 1477 et
2255 1437 2378 1477 cum
2423 1431 2618 1477 senatu
2673 1421 2872 1476 inirent
2914 1424 3232 1488 consilium,
3274 1433 3332 1477 ut
3364 1423 3516 1479 fieret

1939 1515 2198 1569 voluntas
2249 1529 2466 1568 eorum.
2525 1514 2826 1582 Imperator
2872 1515 3052 1572 taliter
3103 1513 3202 1569 hos
3258 1514 3518 1584 deceptos

1937 1602 2229 1659 confestim
2280 1604 2334 1657 in
2375 1604 2624 1674 patibulo
2679 1603 2986 1672 suspendit,
3037 1613 3193 1658 trans
3229 1603 3427 1658 fretum
3460 1603 3514 1658 in

1939 1693 2135 1766 Syces.
2191 1695 2259 1748 At
2314 1695 2389 1748 illi
2444 1695 2547 1749 hoc
2580 1697 2697 1748 viso
2728 1694 2941 1750 confusi
2971 1695 3225 1750 abierunt
3266 1695 3518 1750 dolenter

1941 1787 2008 1840 ad
2040 1787 2264 1858 propria
2295 1806 2308 1842 :
2343 1789 2645 1859 imperator
2679 1799 2858 1843 autem
2888 1787 3117 1842 fratrum
3139 1805 3366 1844 suorum
3396 1805 3521 1846 cou-

1934 1878 2089 1933 tinno
2128 1895 2296 1935 nasos
2337 1879 2592 1934 abscidit.

2021 1972 2182 2027 Anno
2238 1973 2451 2042 imperii
2501 1973 2845 2028 Constantini
2907 1973 3149 2029 secundo
3217 1981 3518 2042 tempestas

1939 2079 2137 2134 magna
2166 2063 2360 2119 eﬂ'ecta
2384 2073 2490 2131 est,
2525 2074 2580 2117 et
2619 2065 2775 2118 multi
2805 2064 3092 2133 periclitati
3127 2073 3256 2118 sunt
3283 2074 3389 2116 tam
3418 2063 3517 2117 hoe

1941 2156 2116 2210 mines
2155 2166 2317 2225 quam
2356 2156 2560 2210 bestiae.
2593 2155 2861 2211 Phadalas
2889 2165 3069 2211 autem
3110 2155 3348 2214 hiemem
3374 2153 3543 2226 apudr.

1939 2247 2198 2318 Cyzicum
2239 2247 2389 2301 fecit.

2012 2337 2173 2390 Anno
2206 2335 2421 2406 imperii
2452 2335 2800 2391 Constantini
2834 2337 2996 2392 tertio
3037 2336 3219 2392 Busur.
3252 2352 3379 2392 cum
3420 2337 3523 2400 ho:

1943 2429 2055 2484 stili
2095 2427 2372 2498 profectus
2418 2435 2504 2484 est
2556 2437 2844 2500 apparatu,
2901 2439 2956 2484 et
3000 2428 3258 2500 plurimis
3291 2429 3524 2499 captivis

1943 2521 2128 2576 ductis
2161 2535 2411 2576 reversus
2438 2528 2544 2576 est.

2015 2611 2202 2666 Mundi
2264 2626 2408 2666 anno
2468 2611 2632 2677 6164,
2669 2612 2867 2667 divina:
2921 2611 3318 2668 incarnationis
3376 2626 3524 2666 anno

1945 2702 2070 2768 664,
2111 2718 2255 2759 anno
2287 2719 2413 2758 vero
2439 2703 2660 2774 imperii
2703 2702 3052 2758 Constantini
3110 2713 3306 2774 quarto
3354 2718 3525 2773 appa-

1949 2795 2060 2849 ruit
2098 2794 2198 2848 lris
2224 2795 2278 2848 in
2329 2795 2472 2850 coelo
2516 2811 2704 2850 mense
2738 2793 2955 2859 Martio,
2990 2804 3044 2850 et
3077 2796 3302 2854 tremuit
3344 2795 3532 2850 omnis

1946 2900 2102 2950 caro,
2156 2887 2228 2939 ita
2294 2893 2356 2940 ut
2411 2885 2660 2940 dicerent
2711 2901 2902 2941 omnes
2945 2886 3089 2955 quod
3123 2885 3524 2944 consummatio

1944 2984 2052 3031 est.
2086 2975 2286 3030 Eodem
2308 2991 2453 3032 anno
2485 2979 2630 3032 stolo
2652 2991 2857 3046 magno
2880 2985 3200 3040 constructo
3235 2983 3524 3044 negatores

1947 3065 2154 3120 Christi
2185 3064 2439 3122 Muamed
2490 3076 2558 3126 et,
2599 3066 2798 3122 Caisus
2845 3066 3245 3136 navigaverunt
3291 3065 3345 3118 in
3389 3062 3522 3118 Cilio

1948 3157 2112 3224 ciam,
2139 3165 2193 3212 et
2223 3158 2604 3213 hiemaverunt
2647 3175 2813 3228 penes
2849 3158 3164 3229 Smyrnam,
3190 3156 3437 3212 Ciliciam
3472 3163 3528 3210 et

266 3263 652 3317 thodoxorum-
691 3265 1019 3320 verberibus
1055 3275 1108 3319 et
1141 3267 1356 3321 exsiliis
1405 3278 1459 3322 et
1495 3273 1847 3339 proscriptio-

1951 3247 2195 3320 Lyciam,
2231 3260 2284 3304 et
2319 3249 2461 3304 facta
2491 3257 2576 3306 est
2609 3250 2920 3305 mortalitas
2950 3251 3006 3304 in
3035 3249 3294 3322 Egypto.
3321 3248 3522 3305 Missus

264 3355 453 3419 nibus,
498 3371 563 3408 eo
616 3356 762 3423 quod
799 3358 990 3411 haeresi
1024 3373 1136 3411 suae
1184 3359 1496 3415 nullatenus
1525 3365 1846 3433 acquiesce—

265 3456 412 3504 rem.
452 3447 880 3510 condemnavit;
932 3449 1065 3518 quin
1095 3458 1150 3503 et
1183 3448 1322 3504 duos
1371 3452 1712 3518 Anastasios,
1751 3455 1845 3524 qui

266 3540 526 3608 discipuli
562 3541 781 3594 fuerant
823 3539 1042 3595 Maximi
1076 3541 1416 3598 confessoris
1465 3553 1518 3598 ct
1565 3548 1842 3618 martyris,

263 3633 561 3687 tormentis
596 3641 648 3687 ct
699 3633 911 3688 exsiliis
971 3633 1216 3689 tradidit.
1269 3635 1495 3705 Propter
1537 3638 1663 3692 talia
1715 3654 1847 3708 ergo

264 3739 476 3780 exosus
501 3726 716 3781 cunctis
749 3725 981 3782 effectus
1012 3736 1116 3780 est.
1148 3727 1283 3781 Cum
1317 3739 1495 3783 autem
1544 3730 1700 3785 valde
1732 3746 1846 3786 me-

265 3827 473 3885 tueret,
503 3819 674 3874 voluit
721 3819 1011 3889 imperium
1069 3821 1121 3873 in
1167 3821 1355 3875 urbem
1400 3821 1627 3876 Romam
1656 3833 1848 3901 .traus-

261 3910 454 3972 ferre,
491 3912 641 3966 unde
685 3919 748 3966 et'
784 3911 1189 3981 impcratricem
1247 3923 1473 3982 tresque
1525 3916 1666 3972 filios
1719 3933 1849 3976 suos

263 4002 466 4056 tollere
492 4017 522 4054 a
557 4001 822 4073 Byzantio
875 4004 1067 4068 voluit,
1130 4006 1236 4059 nisi
1273 4007 1520 4063 Andreas
1565 4010 1850 4064 cubicula-

267 4095 412 4148 rius-
451 4102 506 4148 et
545 4091 868 4152 Theodorus
903 4096 1164 4150 Coloniae
1205 4098 1371 4166 hujus
1441 4101 1851 4169 prohibuissent

266 4185 598 4239 consilium.
645 4185 792 4241 Sane
851 4187 906 4240 in
949 4187 1137 4242 Sicilia
1176 4188 1305 4243 fecit
1355 4206 1531 4247 annos
1559 4209 1672 4247 sex.
1713 4193 1848 4255 Cum

268 4284 461 4329 autem
517 4279 836 4346 prmdictum
878 4281 1137 4334 balneum
1180 4281 1462 4351 ingressus
1501 4283 1714 4349 fuisset,
1766 4286 1852 4339 iu-

267 4367 621 4422 troivit-cum
654 4385 718 4423 eo
759 4369 978 4438 quidam
1006 4371 1255 4426 Andreas
1288 4371 1431 4428 filius
1459 4372 1653 4441 Troili,
1687 4377 1852 4430 obse-

265 4460 523 4515 cundans
556 4461 668 4526 illi;
715 4470 770 4517 et
805 4478 930 4516 cum
972 4465 1233 4532 coepisset
1264 4481 1470 4534 saponc
1498 4469 1709 4524 Gallico
1735 4469 1870 4541 (66),

268 4550 518 4616 deliniri,
545 4566 769 4605 sumens
803 4551 1050 4606 Andreas
1077 4553 1301 4606 situlam
1331 4553 1476 4608 dedit
1507 4572 1625 4609 eam
1653 4556 1706 4610 in
1734 4573 1849 4611 ver-

1952 3351 2130 3396 autem
2167 3351 2250 3397 est
2284 3357 2462 3398 smvus
2489 3343 2730 3397 amireus
2762 3357 2885 3396 cum
2914 3343 3020 3397 alio
3054 3358 3271 3413 quoque
3298 3343 3438 3397 stolo
3467 3342 3543 3402 iu.

1949 3433 2213 3487 auxilium
2232 3433 2501 3502 ipsorum,
2519 3443 2709 3504 utpote
2724 3434 3258 3503 congruentissinms
3275 3440 3328 3486 et
3343 3433 3542 3493 audax.

1951 3525 2018 3580 ad
2075 3527 2341 3596 praelium.
2371 3527 2442 3580 At
2473 3542 2605 3581 vero
2634 3527 2902 3596 lpraelatus
2945 3524 3345 3586 Constantinus
3367 3564 3382 3589 ,
3419 3525 3526 3578 ltu-

1945 3617 2184 3687 jnsmodi
2222 3617 2387 3672 Deum
2440 3619 2876 3690 impugnantium
2923 3617 3191 3671 adversus
3229 3613 3545 3675 Constanr.

1952 3709 2239 3778 tinopolim
2272 3718 2419 3762 motu
2474 3717 2783 3778 comperto,
2815 3707 3129 3763 construxit
3170 3713 3223 3759 et
3259 3706 3376 3773 ipse
3409 3706 3538 3766 bie-,

1952 3816 2040 3856 res
2092 3801 2249 3856 mira:
2310 3800 2732 3872 magnitudinis,
2788 3800 2966 3872 ignem
3022 3799 3300 3860 ferentes,
3362 3807 3552 3868 atque:

1952 3893 2268 3947 dromones.
3458 3879 3462 3884 ’

2024 3985 2183 4040 Anno
2262 3984 2473 4058 imperii
2556 3984 2903 4040 Constantini
2977 3987 3172 4056 quinto
3227 3987 3554 4056 praedictus.

1955 4076 2126 4131 Deum
2160 4077 2600 4148 impugnantium
2635 4078 2810 4133 stolus
2843 4079 3148 4134 ascendens
3175 4079 3440 4149 applicuit
3474 4080 3527 4132 in

1955 4170 2366 4226 Thracensibus
2432 4171 2682 4240 partibus
2723 4213 2736 4234 ,
2810 4186 2836 4224 a
2884 4173 3201 4226 summitate
3277 4173 3548 4228 videlicet.

1957 4263 2208 4333 Septimi,
2249 4281 2369 4335 quae
2397 4266 2570 4334 vergit
2598 4263 2663 4318 ad
2689 4264 3050 4330 occidentem,
3081 4263 3130 4318 id
3161 4276 3265 4328 est,
3306 4281 3334 4317 a
3367 4263 3531 4318 domo
3557 4311 3560 4314 .

1955 4371 2080 4425 qua:
2119 4355 2417 4425 Magnaura
2446 4354 2668 4420 dicitur,
2707 4361 2759 4409 et
2792 4371 2988 4409 rursus
3017 4370 3192 4424 usque
3234 4354 3301 4409 ad
3351 4371 3564 4414 arcem,

1957 4462 2122 4518 quam
2149 4446 2468 4517 Cyclobium
2489 4445 2702 4507 dicunt,
2731 4462 2964 4516 quaeque
3000 4455 3211 4516 spectat
3242 4446 3308 4500 ad
3339 4444 3535 4503 Orien-

1958 4549 2092 4596 tem.
2148 4538 2249 4592 Pcr
2317 4547 2487 4591 totum
2547 4539 2730 4607 itaque
2793 4537 2935 4596 diem
3019 4528 3348 4610 congressio
3407 4541 3566 4596 belli-

265 4641 437 4696 ticem
467 4644 838 4711 Imperatoris,
866 4653 919 4697 et
948 4643 1200 4714 protinus
1231 4645 1388 4712 fugit.
1422 4646 1518 4699 Ast
1554 4621 1930 4715 imperatorD
1959 4633 2270 4695 ῑθηοῖιθῑυτν
2303 4629 2354 4683 id
2383 4639 2468 4684 εει
2510 4645 2539 4682 ³
2599 4644 2758 4683 "lane
2810 4644 2985 4698 usque
3034 4629 3100 4684 3d
3160 4645 3467 4700 "espel‘ama
3505 4645 3566 4692 3.-

268 4749 401 4788 cum
439 4734 757 4788 tardarctur
809 4737 861 4788 in
908 4735 1104 4790 balneo
1135 4777 1148 4798 ,
1191 4736 1444 4789 insiliunt
1501 4737 1557 4790 hi
1592 4739 1681 4806 qui
1719 4737 1851 4796 foris

267 4834 474 4888 erant,
527 4833 581 4877 et
635 4823 930 4893 reperiunt
975 4825 1362 4893 imperatorem
1405 4827 1674 4880 occisum.
1733 4829 1852 4893 Quo

266 4916 492 4984 sepulto
521 4914 741 4970 Mizium
789 4916 1077 4980 quemdam
1108 4916 1430 4970 Armenium
1469 4916 1850 4986 imperatorem

270 5007 552 5073 fecerunt,
604 5011 657 5062 vi
699 5015 958 5077 cogentes
1004 5007 1151 5062 hunc
1185 5025 1199 5062 :
1228 5015 1348 5062 erat
1381 5010 1526 5062 enim
1569 5010 1722 5062 valde
1754 5011 1852 5063 de-

267 5117 444 5157 corus
475 5109 531 5156 et
566 5102 874 5171 speciosus.
899 5101 1102 5156 Audito
1145 5110 1410 5170 prmterea
1451 5100 1852 5158 Constantinus

271 5195 644 5260 patrisobitu
681 5209 806 5247 cum
853 5194 1025 5247 multo
1060 5193 1279 5263 navigio
1312 5194 1366 5247 in
1402 5192 1648 5248 Siciliam
1687 5195 1853 5261 venit,

268 5292 339 5335 et
372 5298 670 5354 aggressus
702 5283 920 5337 Mlzium
955 5284 1099 5338 hunc
1135 5283 1410 5338 interfecit
1436 5299 1560 5338 cum
1606 5286 1856 5339 occeiso-

271 5377 436 5430 ribus
463 5376 635 5445 patris
677 5377 785 5442 sui,
817 5384 872 5430 et
911 5376 1180 5431 ordinatis
1223 5373 1505 5446 Hesperiis
1536 5375 1856 5430 Constanti-

271 5469 524 5535 nopolim
553 5469 734 5535 rediit,
775 5477 830 5523 et
881 5469 1146 5524 Romanis
1191 5483 1301 5522 una
1352 5483 1475 5522 cum
1533 5465 1754 5523 Tiberio
1804 5476 1858 5523 et

267 5559 536 5616 Heraclio
567 5560 830 5615 fratribus
862 5561 1115 5630 imperat.

347 5653 512 5706 Anno
549 5653 726 5721 primo
778 5653 992 5723 imperii
1036 5651 1384 5708 Constantini
1436 5652 1624 5738 deocem
1675 5663 1730 5708 et
1777 5668 1888 5725 seq

269 5755 428 5817 ptem
461 5744 624 5798 anuis
653 5745 976 5814 imperantis
1007 5753 1297 5799 moverunt
1341 5744 1598 5799 Saraceni
1647 5745 1858 5800 exerci-

1959 4721 2272 4776 Brachialio
2307 4735 2486 4774 aurea:
2534 4728 2703 4789 porta:
2748 4735 2922 4790 usque
2966 4720 3032 4774 ad
3075 4720 3416 4792 Cyclobium,
3454 4723 3538 4776 in-

1960 4815 2136 4868 vicem
2189 4825 2420 4882 utraque
2473 4820 2630 4883 parte
2688 4826 2835 4865 nunc
2889 4812 3122 4882 impulsa
3166 4829 3311 4868 nunc
3350 4813 3539 4884 impel-

1961 4904 2127 4959 lente.
2187 4903 2244 4955 ln
2299 4902 2383 4955 his
2441 4901 2610 4970 igitur
2651 4899 2960 4968 deguerunt
3015 4900 3085 4956 ab
3137 4901 3309 4972 Aprili
3354 4917 3539 4956 mense

1962 5011 2138 5064 usque
2196 4995 2262 5048 ad
2315 4991 2745 5062 Septembrium,
2773 4998 2831 5047 et
2871 4993 3076 5046 reversi
3122 4989 3379 5064 Cyzicum
3419 5008 3542 5062 per-

1963 5101 2120 5160 gunt,
2153 5097 2208 5144 et
2244 5088 2348 5142 hac
2377 5087 2780 5156 comprehensa
2817 5086 2929 5141 illic
2956 5087 3359 5150 hiemabant,et
3389 5088 3564 5143 omni.

1962 5199 2090 5237 vere
2122 5179 2425 5236 ascendens
2453 5178 2707 5234 similiter
2738 5193 2834 5247 per
2877 5194 3026 5232 mare
3059 5179 3372 5236 conflictum
3410 5194 3532 5232 cum

1962 5273 2294 5330 Christianis
2347 5271 2606 5326 habebat.
2660 5268 2765 5324 Per
2825 5278 3029 5339 septem
3063 5285 3194 5323 sane
3244 5284 3417 5328 annos
3451 5270 3564 5330 his,

1961 5369 2166 5425 eisdem
2224 5365 2418 5437 gestis,
2465 5372 2520 5418 et
2581 5362 2767 5416 divina
2825 5361 3028 5432 Deique
3080 5361 3376 5422 Genitricis
3437 5376 3540 5432 ope

1963 5459 2317 5518 multitudine
2349 5455 2596 5510 virorum
2645 5454 3038 5509 bellicosorum
3068 5453 3295 5517 amissa,
3326 5463 3379 5506 et
3422 5454 3542 5506 vul-

1967 5556 2254 5612 neratione
2305 5550 2542 5604 maxima
2597 5548 2651 5601 in
2690 5548 2771 5601 eis
2812 5547 3032 5611 eﬂ‘ecta,
3065 5547 3284 5602 confusi
3333 5545 3539 5620 reversi

1967 5659 2096 5707 sunt
2124 5664 2248 5703 cutn
2277 5643 2481 5717 ingenti
2514 5640 2794 5696 uttestitia.
2820 5638 2955 5694 Cum
2979 5651 3161 5695 autem
3192 5639 3545 5693 discessisset

1966 5743 2108 5799 idem
2139 5735 2538 5809 demergendus
2588 5745 2618 5783 a
2655 5729 2761 5785 Deo
2792 5735 2987 5795 stolus,
3022 5733 3090 5786 ab
3137 5731 3354 5785 hiemali
3405 5740 3541 5785 aestu

1785 5855 2018 5913 ΝΟΤΛΕ.

347 5951 467 6022 (G6)
508 5951 744 6022 Saponis
798 5951 1014 6017 Gallici,
1047 5966 1156 6021 quo
1189 5951 1488 6008 utebantur
1518 5951 1572 6006 in
1610 5950 1852 6023 balneis,
1896 5949 2147 6008 meminit
2181 5945 2582 6005 Theontncstus
2630 5943 2902 6014 Hippiatr.
2953 5957 2990 6008 ι,
3030 5940 3121 5996 20.
3161 5939 3326 5994 Fam.
