4100 6434
567 451 698 518 1331

1623 447 2027 509 ANASTASII
2067 448 2702 514 BIBLlOTHECARII

3686 451 3824 518 1332

562 579 618 621 et
648 567 846 636 spiritu
893 564 1256 636 procellarum
1315 563 1462 617 circa
1517 568 1705 632 partes
1765 559 1948 634 Sylliei
1988 573 2140 614 com‘
2167 562 2217 618 A
2246 575 2435 618 mosus
2457 563 2541 618 vir
2570 560 2638 617 ad
2665 561 3053 632 imperatorem
3095 575 3222 616 cum
3255 561 3577 616 muneribus
3599 577 3822 632 quinque

563 660 944 731 prehenditur,
979 666 1034 713 et
1073 657 1346 713 contritus
1380 664 1529 712 totus
1576 654 1909 709 omnimodis
1959 653 2138 723 periit.

569 751 838 822 Suphiam
895 760 1077 805 autem
1143 750 1287 804 ﬂlius
1342 745 1560 818 Hauph,
1614 745 1893 802 secundus
1946 745 2140 810 frater,

562 845 841 900 commisit
877 843 1074 904 bellum
1109 857 1234 897 cum
1257 839 1420 897 Floro
1448 851 1500 895 et
1526 837 1761 894 Petroua
1784 849 1837 894 et
1869 837 2142 910 Cypriano

563 936 898 991 habentibus
967 936 1229 989 virtutem
1290 932 1650 998 Romaicam,
1699 940 1756 986 et
1807 931 2143 986 occiduntur

558 1026 801 1080 Arabum
843 1024 1066 1096 triginta
1123 1023 1316 1076 millia.
1381 1020 1538 1076 Tunc
1596 1020 1900 1076 Callinicus
1957 1020 2144 1074 archi-

557 1125 741 1173 tectus
788 1117 856 1172 ab
888 1115 1159 1186 Heliopoli
1206 1114 1380 1187 Syria:
1437 1113 1504 1168 ad
1556 1111 1837 1170 Romanos
1877 1115 2144 1183 profugus

559 1209 749 1277 venit,
801 1211 894 1282 qui
955 1210 1169 1268 marino
1226 1209 1351 1279 igne
1396 1206 1650 1263 coniecto
1714 1221 1846 1261 vasa
1897 1207 2142 1262 Arabum

562 1303 777 1358 exussit
801 1311 856 1358 et
887 1318 992 1358 una
1023 1316 1147 1358 cum
1174 1300 1464 1357 animabus
1495 1315 1727 1372 prorsus
1759 1300 2026 1355 incendit.
2067 1298 2144 1358 Ita

562 1394 798 1452 Romani
830 1410 958 1450 cum
999 1394 1278 1466 triumpho
1326 1396 1531 1450 reversi
1589 1400 1756 1458 sunt,
1812 1393 1936 1465 igne
1987 1392 2143 1447 adin-

564 1495 732 1542 vento
772 1489 1011 1545 marino.

629 1575 818 1632 Mundi
883 1591 1031 1632 anno
1087 1576 1479 1644 6l66,divinae
1532 1574 1941 1634 incarnationis
1999 1589 2146 1630 anno

561 1667 686 1734 666,
722 1685 868 1727 anno
918 1686 1049 1726 vero
1113 1670 1328 1742 imperii
1381 1669 1732 1730 Constantini
1792 1679 1950 1727 sexto
1996 1668 2144 1727 Con-

561 1759 838 1814 stantinus
892 1756 1162 1824 habetur,
1223 1761 1315 1829 qui
1375 1760 2006 1831 Constantinopolitana:
2050 1774 2148 1830 per

561 1852 703 1908 duos
725 1866 900 1907 annos
926 1847 1187 1908 Ecclesiae
1211 1851 1312 1907 fuit
1339 1853 1975 1926 antistes;Ahdelasque
2002 1852 2148 1908 ﬁlius

2247 653 2438 710 multis
2472 667 2728 711 reversus
2753 661 2863 710 est.
2892 651 3030 712 Cum
3054 660 3239 708 autem
3267 652 3384 710 hac
3407 652 3746 709 didicissem
3767 655 3822 708 hi

2247 747 2338 815 qui
2369 745 2664 818 Hesperias
2688 753 2875 818 partes
2902 743 3241 807 inhabitant,
3261 752 3374 798 tam
3406 745 3658 800 videlicet
3681 745 3822 800 cha-

2243 849 2420 905 ganus
2451 835 2690 890 Avarum
2731 843 2786 892 et
2808 834 3101 892 ulteriores
3135 850 3292 904 teges
3317 850 3484 904 quam
3517 835 3740 891 exarchi
3766 843 3825 890 et

2245 924 2501 990 castaldi,
2539 940 2638 980 nec
2675 941 2784 980 non
2815 933 2869 982 et
2901 925 3177 995 principes
3206 925 3488 982 nationum
3519 925 3589 981 ad
3620 925 3823 981 Orien-

2247 1027 2353 1074 tem
2397 1018 2652 1082 sitarum,
2712 1033 2808 1088 per
2869 1017 3080 1088 legatos
3130 1017 3450 1074 muneribus
3508 1018 3826 1086 imperatori

2255 1110 2598 1166 transmissis
2631 1111 2917 1180 paciﬁcum
2960 1125 3090 1180 erga
3135 1125 3216 1166 'se
3258 1108 3610 1168 dilectionem
3647 1124 3827 1180 popo-

2246 1218 2400 1262 Scere
2432 1204 2780 1258 ﬁrmandam.
2806 1203 3071 1260 Annaeus
3100 1203 3282 1274 itaque
3306 1204 3605 1273 imperatur
3631 1215 3826 1272 postu-

2249 1296 2550 1352 lationibus
2604 1310 2840 1364 eorum,
2875 1296 3226 1355 conﬁrmavit
3269 1299 3436 1353 etiam
3480 1297 3634 1352 circa
3699 1296 3829 1350 illos

2249 1388 2597 1444 donatoriam
2637 1403 2864 1460 pacem;
2899 1397 2954 1444 et
2983 1389 3126 1443 facta
3175 1399 3260 1446 est
3307 1389 3580 1444 securitas
3624 1405 3825 1458 magna

2247 1480 2305 1536 in
2337 1481 2593 1548 Oriente,
2638 1497 2741 1538 ne".
2773 1497 2885 1536 non
2919 1481 2974 1535 in
3019 1477 3338 1539 Occidente.

2321 1575 2482 1630 Anno
2534 1574 2749 1644 imperii
2806 1573 3159 1630 Constantini
3229 1571 3445 1629 decimo
3509 1571 3694 1630 tactus
3741 1584 3831 1628 est

2247 1673 2412 1722 terra:
2454 1675 2640 1721 motus
2681 1681 2913 1734 magnus
2939 1680 3036 1736 per
3067 1664 3542 1735 Mesopotamiam,
3573 1681 3696 1736 quo.
3715 1666 3831 1720 ruit

2249 1757 2579 1815 Hedesscna:
2631 1772 2902 1814 ascensus
2958 1765 3013 1811 et
3055 1756 3255 1814 trullus
3280 1755 3564 1820 ecclesia;
3593 1767 3651 1810 ct
3690 1774 3829 1813 eon—

2252 1850 2457 1904 struxit
2498 1864 2619 1908 eam
2671 1847 2920 1905 Mauhias
2953 1849 3142 1908 studio
3184 1848 3647 1905 Christianorum.

569 1943 716 1998 Caisi
746 1952 800 1998 et
824 1942 1091 1998 Phadalas
1126 1945 1306 1999 hieme
1337 1944 1478 2015 apud
1518 1943 1733 2004 Cretam
1765 1945 1958 2000 iniurati
1994 1952 2145 2000 sunt.
2177 1927 2223 1982 Β
2321 1942 2482 1998 Auno
2513 1941 2730 2010 imperii
2757 1939 3107 1996 Cunstautini
3144 1941 3434 2000 undecimo
3461 1950 3712 1995 mortuus
3737 1952 3829 1996 est

643 2032 804 2090 Anno
842 2033 1054 2104 imperii
1110 2031 1459 2088 Constantini
1507 2035 1746 2104 septimo
1782 2036 2040 2106 apparuit
2069 2035 2142 2091 si-

559 2142 728 2200 gnum
765 2127 823 2179 in
862 2127 1004 2183 ratio
1048 2125 1137 2180 die
1169 2125 1435 2185 Sabbalo.
1845 2173 1857 2182 .

633 2219 795 2270 Anno
861 2217 1080 2286 imperii
1138 2216 1491 2273 Constantini
1559 2227 1756 2276 octavo
1820 2217 2147 2276 Theodorus

557 2308 1201 2378 Constantinopolitanus
1232 2309 1465 2365 habetur
1493 2312 1744 2377 antistes,
1788 2316 1880 2384 qui
1927 2315 2146 2368 duobus

560 2397 724 2450 annis
743 2393 1007 2453 Ecclesia:
1037 2397 1270 2468 praefuit.
1301 2399 1421 2466 Quo
1447 2415 1592 2455 anno
1621 2401 1762 2458 facta
1802 2412 1888 2458 est
1930 2404 2142 2459 Iocus-ta

561 2499 760 2556 magna
793 2505 890 2558 per
920 2489 1130 2560 Syriam
1163 2498 1218 2545 et
1245 2491 1722 2562 Mesopommiam.

633 2583 796 2634 Anno
858 2581 1073 2651 imperii
1148 2583 1498 2640 Constantini
1537 2602 1686 2642 nono
1743 2587 1974 2658 ingressi
2018 2595 2147 2644 sunt

559 2669 840 2725 Mardaitae
867 2669 1162 2734 Libanum.
1215 2683 1269 2728 et
1303 2683 1602 2732 tenuerunt
1645 2692 1681 2730 a
1718 2676 1908 2732 Mauro
1961 2687 2147 2734 monte

561 2773 739 2828 usque
769 2759 835 2813 ad
868 2769 1116 2815 sanctam
1149 2764 1444 2830 civitatem,
1473 2775 1526 2819 et
1557 2776 1823 2836 ceperunt
1856 2769 2145 2826 cacumina

562 2845 782 2916 Libani,
814 2860 866 2904 et
897 2852 1051 2904 multi
1081 2854 1224 2908 servi
1247 2860 1302 2907 et
1323 2855 1522 2924 captivi
1558 2858 1766 2927 pariter
1792 2867 1846 2912 et
1877 2859 2147 2930 indigena:

557 2944 932 3011 confugerunt
963 2946 1031 3001 ad
1067 2960 1184 3008 eos,
1223 2947 1297 3001 ita
1339 2956 1398 3002 ut
1442 2944 1505 3003 in
1566 2950 1718 3009 brevi
1778 2961 2027 3021 tempore
2089 2953 2146 3006 in

560 3037 736 3092 multa
772 3035 943 3092 millia
976 3039 1191 3093 ﬁerent.
1231 3035 1444 3108 Quibus
1475 3044 1774 3116 compertis
1811 3043 2060 3100 Mauhias
2093 3051 2148 3100 et

561 3127 870 3182 consiliarii
927 3126 1052 3196 eius
1092 3129 1399 3184 timuerunt
1429 3130 1607 3194 valde,
1650 3131 1969 3202 colligentes
2002 3133 2147 3202 quod

563 3221 859 3290 imperium
926 3221 1298 3277 Romanorum
1355 3217 1626 3284 divinitus
1689 3226 2022 3280 muniretur.
2080 3224 2148 3280 Et

563 3312 754 3383 dirigit
792 3313 1003 3384 legatos
1027 3316 1093 3368 ad
1125 3315 1435 3386 principem
1475 3315 1921 3381 Constantinum.
1953 3325 2146 3388 postu-

559 3406 686 3462 lans
725 3421 951 3477 pacem,
1014 3417 1070 3462 et
1117 3405 1392 3478 pollicitus
1424 3410 1683 3465 annualia
1735 3426 1796 3467 se
1827 3411 2146 3482 imperatori

561 3505 722 3568 pacta
747 3497 1015 3554 laturum.
1065 3500 1165 3555 Ast
1197 3500 1500 3571 imperator
1543 3501 1922 3578 hujuscemodi
1953 3503 2147 3574 legatis

561 3590 860 3660 susceptis.
893 3605 1198 3660 eorumque
1239 3592 1502 3660 petitione
1561 3593 1750 3648 audita
1775 3635 1791 3660 ,
1848 3594 2148 3652 destinavit

561 3693 688 3736 cum
740 3679 823 3738 eis
866 3683 920 3737 in
975 3681 1192 3755 Syriam
1251 3681 1519 3739 Joannem
1566 3686 1886 3756 patricium,
1935 3701 2148 3758 cogno-

563 3779 753 3826 mento
786 3767 1160 3843 Pitzigaudin,
1193 3783 1457 3846 tanquam
1497 3778 1737 3848 antiquae
1764 3780 2036 3849 prosapiae
2067 3778 2152 3834 rei.

562 3863 800 3933 publicae
831 3867 1007 3921 virum
1036 3876 1092 3924 et
1119 3870 1462 3938 negotiorum
1498 3873 1795 3926 multorum
1835 3881 2145 3942 expertum,

563 3966 733 4027 atque
771 3974 1023 4029 magnam
1057 3971 1417 4020 consecutum
1463 3965 1815 4035 prudentiam
1864 3966 1930 4020 ad
1961 3967 2151 4036 dispu-

563 4049 794 4102 tandum
850 4050 1138 4119 aptissime
1178 4069 1305 4107 cum
1356 4053 1658 4122 Arabibus,
1711 4065 1765 4112 et
1817 4073 1938 4128 qua:
1995 4059 2152 4130 pacis

567 4150 700 4196 sunt
733 4156 993 4198 consonus
1016 4145 1481 4214 praestruendum.
1518 4147 1623 4214 Qui
1667 4165 1790 4204 cum
1823 4150 2067 4206 venisset
2091 4151 2147 4206 in

564 4233 802 4305 Syriam,
835 4239 1255 4295 coacervatione
1310 4237 1560 4296 Maubias
1622 4250 1730 4296 tam
1788 4243 2149 4299 Amiraeorutu

561 4337 730 4412 quam
763 4323 1158 4385 Corasinorum
1203 4325 1396 4390 eﬂ'ecta
1446 4335 1692 4405 suscepit
1720 4351 1846 4390 eum
1887 4350 2010 4390 cum
2045 4336 2149 4393 bo-

562 4433 701 4475 nore
729 4435 956 4491 magno.
986 4420 1177 4478 Multis
1214 4439 1347 4496 ergo
1395 4425 1540 4482 inter
1563 4441 1658 4482 eos
1686 4426 1932 4498 paciﬁcis
1965 4428 2150 4484 verbis

560 4509 782 4578 edictis,
815 4515 1075 4569 convenit
1109 4514 1253 4572 inter
1303 4525 1572 4588 utrosque
1627 4520 1683 4577 in
1739 4518 1971 4589 scriptis
2026 4502 2151 4574 ﬁeri

2248 2031 2499 2094 Manliias
2565 2033 2965 2087 Saracenorum
3016 2031 3504 2103 protosymholus,
3558 2034 3653 2102 qui
3719 2033 3828 2087 fuit

2248 2137 2456 2200 praetor
2490 2128 2652 2183 annis
2682 2127 2753 2183 20
2781 2134 2836 2181 et
2865 2125 3054 2180 amirte
3083 2125 3307 2180 functus
3329 2123 3507 2180 oﬂicio
3540 2124 3698 2180 annis
3720 2123 3826 2188 Si;

2248 2230 2302 2278 et
2336 2220 2637 2292 principari
2685 2220 2855 2290 cmpit
2903 2217 3058 2272 Hirid
3104 2217 3250 2272 ﬁlius
3289 2217 3432 2288 ejus.
3461 2216 3576 2273 Hoc
3603 2231 3829 2286 quoque

2250 2329 2394 2368 anno
2427 2310 2725 2383 Vulgnrum
2757 2326 2894 2382 gens
2919 2309 3238 2378 supervenit
3276 2307 3329 2364 in
3373 2307 3682 2362 Thraciam.
3723 2305 3830 2362 Ye-

2250 2423 2372 2464 rum
2416 2407 2562 2463 inter
2602 2407 2718 2461 baac
2777 2403 3151 2460 necessarium
3189 2411 3273 2460 est
3324 2402 3508 2458 dicere
3565 2403 3633 2458 de
3683 2403 3830 2457 sntio

2249 2499 2459 2569 quitate
2489 2512 2708 2570 quoque
2739 2494 3297 2566 Onogundurensiunt
3345 2494 3547 2564 Vulgar
3581 2503 3636 2549 et
3665 2495 3820 2551 Con-

2249 2603 2389 2658 trag.
2423 2589 2478 2645 In
2515 2588 3044 2658 septentrionalibus
3083 2600 3322 2655 namque
3348 2585 3596 2654 partibus
3625 2585 3824 2642 Euxini

2247 2683 2435 2746 Ponti,
2466 2697 2590 2752 quae
2630 2680 2894 2738 meabiles
2924 2688 3082 2744 sunt,
3141 2678 3199 2734 in
3249 2677 3545 2748 paludibus
3575 2693 3698 2748 quae
3734 2679 3828 2733 di-

2250 2787 2451 2832 cuntur
2479 2774 2778 2834 Micotides.
2815 2774 2870 2828 in
2914 2787 3056 2842 quas
3084 2770 3337 2828 videlicet
3365 2771 3684 2826 immittitur
3721 2769 3828 2826 ﬂu-

2250 2867 2375 2922 vius
2407 2865 2680 2921 maximus
2711 2865 2778 2919 ah
2809 2866 3027 2920 Oceano
3081 2877 3179 2934 per
3207 2860 3582 2919 Sarmatarum
3624 2873 3828 2918 terram

2249 2959 2529 3030 delapsus,
2578 2957 2801 3013 nomine
2851 2956 2995 3021 Atel,
3029 2954 3236 3012 Tanais
3291 2958 3470 3014 amnis
3519 2965 3574 3012 et
3609 2956 3731 3026 ipse
3758 2955 3829 3010 ab

2251 3051 2526 3106 Hibericis
2557 3051 2732 3122 portis
2769 3049 2982 3115 exiens,
3034 3063 3157 3118 quin
3206 3049 3262 3104 in
3297 3047 3592 3107 Caucaseis
3623 3045 3828 3102 monti-

2251 3140 2354 3198 bus
2377 3155 2500 3198 esse
2539 3139 2811 3205 feruntur,
2843 3139 2900 3193 in
2932 3138 3184 3193 eumdem
3214 3139 3333 3194 Atei
3365 3137 3538 3193 ﬂuens
3568 3136 3826 3191 infertur.

2174 3266 2218 3328 ϐ
2248 3232 2295 3287 Α
2347 3233 2580 3290 mistura
2625 3247 2757 3289 vero
2793 3231 3061 3288 Tanaidis
3087 3231 3163 3301 {et
3203 3231 3350 3296 Atel.
3397 3245 3524 3300 qua
3569 3229 3626 3285 ﬁt
3656 3244 3828 3299 supra

2247 3325 2359 3395 jam
2393 3325 2574 3381 dictas
2601 3321 2885 3380 Mareotides
2927 3323 3178 3393 paludes,
3209 3323 3340 3380 dum
3382 3324 3655 3380 scinditur
3679 3322 3829 3388 Atei,

2251 3418 2405 3474 venit
2461 3418 2509 3475 is
2557 3417 2652 3488 qui
2709 3416 2916 3472 dicitur
2946 3415 3182 3472 Cucheis
3213 3415 3416 3472 ﬂuvius
3456 3415 3512 3470 in
3544 3413 3830 3469 Maeotides

2251 3508 2502 3580 paludes,
2531 3515 2585 3566 et
2619 3507 2763 3562 redit
2803 3507 2856 3564 in
2890 3507 3185 3562 terminum
3221 3507 3434 3562 Pontici
3466 3506 3636 3561 maris
3668 3505 3833 3575 juxta

2251 3596 2557 3668 Nccropyla
2591 3596 2644 3652 in
2679 3610 2922 3658 acroma,
2966 3594 3121 3665 quod
3164 3595 3368 3650 dicitur
3399 3595 3586 3650 arietis
3631 3593 3828 3648 iacies.

2252 3691 2296 3742 A
2326 3689 2674 3762 praesignatis
2720 3703 2850 3743 vero
2883 3687 3174 3758 paludibus
3205 3688 3387 3744 simile
3431 3687 3644 3744 ﬂumini
3674 3701 3835 3742 mare

2251 3791 2354 3849 est,
2408 3793 2462 3836 ct
2515 3780 2690 3836 l‘crtur
2739 3779 2793 3834 in
2841 3778 3039 3836 Euxini
3080 3779 3235 3836 Ponti
3285 3793 3435 3836 mare
3485 3795 3588 3850 per
3628 3791 3831 3834 terram

2253 3871 2517 3942 Bosphori
2546 3869 2848 3934 Cimmerii.
2879 3886 2941 3924 ex
2968 3886 3078 3940 quo
3108 3869 3337 3926 ﬂumine
3362 3872 3576 3941 capitur
3595 3872 3649 3925 id
3683 3867 3833 3939 quod

2254 3965 2457 4022 dicitur
2513 3964 2787 4019 Murzulin
2843 3974 2897 4020 et
2949 3963 3082 4018 huic
3134 3963 3356 4028 similia,
3387 3963 3539 4018 etin
3585 3963 3832 4030 partibus

2253 4055 2476 4128 quidem
2513 4053 2882 4126 adiacentium
2949 4053 3207 4123 paludum
3242 4091 3259 4116 ,
3305 4066 3430 4125 qua:
3463 4059 3723 4119 saeclum
3761 4050 3825 4105 ad

2253 4147 2532 4204 Orientem
2569 4161 2748 4216 usque
2796 4145 2862 4200 ad
2908 4143 3244 4201 Phanoriam
3281 4161 3378 4200 seu
3415 4144 3701 4209 liebrzeos,
3729 4142 3819 4213 qui

2256 4238 2458 4294 ibidem
2493 4247 2642 4302 sunt,
2694 4238 2946 4308 plurimae
2976 4238 3229 4294 nationes
3261 4237 3594 4293 consistunt.
3618 4237 3705 4292 Ab
3725 4237 3835 4294 eis-

2255 4332 2378 4388 dem
2409 4341 2591 4386 autem
2619 4329 2915 4401 paludibus
2957 4345 3134 4401 usque
3167 4329 3223 4386 in
3257 4343 3476 4384 attinent
3505 4327 3598 4396 qui
3629 4327 3840 4382 dicitur

2254 4420 2482 4491 Cuphis,
2543 4420 2635 4475 ubi
2701 4418 2896 4474 Xistus
2955 4419 3214 4490 capitur,
3257 4419 3350 4491 qui
3403 4427 3491 4474 est
3545 4417 3838 4487 Vulgariu

2252 4513 2423 4583 piscis
2460 4511 2596 4582 (67),
2628 4512 2936 4582 antiquitus
2981 4510 3240 4581 Vulgaria
3281 4523 3363 4568 est
3406 4526 3639 4580 magna.
3675 4519 3733 4565 et
3775 4510 3836 4565 hi

559 4601 716 4671 pacis
772 4616 898 4659 cum
950 4606 1322 4684 jurejurando
1377 4624 1690 4666 sermonem
1741 4626 1910 4682 super
1943 4627 2145 4668 conso-

2254 4605 2349 4676 qui
2389 4604 2653 4659 dicuntur
2682 4603 2969 4671 Contragi,
3005 4601 3257 4672 ejusdem
3290 4602 3451 4669 cujus
3483 4611 3536 4655 et
3573 4600 3683 4670 ipsi
3728 4599 3836 4653 tri-

561 4695 753 4751 nantia
814 4700 985 4758 annui
1037 4703 1212 4774 pacti,
1245 4703 1529 4774 praebendi
1568 4705 1824 4762 videlicet
1880 4704 2150 4762 Romam

559 4782 642 4843 rei
685 4791 924 4860 publicae
953 4792 1024 4848 ab
1057 4795 1327 4868 Agarenis
1358 4798 1476 4854 auri
1511 4797 1780 4856 librarum
1818 4799 1926 4856 tria
1955 4799 2146 4865 millia,

557 4880 711 4937 viros
742 4879 994 4951 captivos
1015 4884 1436 4956 quinquaginta,
1467 4896 1524 4940 et
1552 4902 1723 4962 equos
1750 4888 1960 4946 nobiles
1989 4890 2149 4961 quin—

562 4973 854 5046 quaginta.
889 4971 988 5031 His
1017 4994 1084 5033 ex
1118 4980 1398 5036 communi
1433 4979 1638 5052 placito
1683 4982 1829 5038 inter
1857 4989 2149 5053 utramque

560 5075 776 5138 partem
828 5067 1102 5136 ﬁrmatis,
1159 5080 1213 5127 et
1264 5072 1322 5130 in
1374 5073 1598 5144 triginta
1645 5075 1810 5130 annis
1859 5074 2152 5130 servandis

560 5169 756 5214 mutuo
796 5161 1176 5233 repromissis,
1224 5163 1564 5234 amplissima
1617 5179 1720 5236 pax
1763 5166 1911 5221 inter
1949 5163 2152 5222 Roma-

563 5266 666 5306 nos
703 5259 758 5307 et
777 5252 988 5310 Arabes
1022 5264 1107 5311 est
1135 5254 1369 5323 eﬂecta;
1404 5256 1594 5326 sicque
1631 5258 1979 5329 generalibus
2002 5257 2146 5312 duo-

562 5341 669 5396 bus
721 5340 1239 5416 inscriptis,verbis
1301 5349 1368 5402 ad
1385 5347 1744 5415 [alterutrum
1777 5366 1900 5406 cum
1932 5351 2143 5421 jureju-

566 5431 742 5488 rando
772 5436 1007 5505 patratis
1035 5449 1088 5492 et
1117 5439 1352 5494 invicem
1394 5439 1641 5505 traditis,
1677 5455 1822 5510 saepe
1850 5440 2034 5495 dictus
2067 5440 2145 5494 fa-

1002 5539 1028 5553 κ

2257 4699 2362 4754 bus
2392 4697 2692 4754 exsistunt.
2723 4695 3096 4766 Temporibus
3130 4701 3312 4748 autem
3341 4691 3708 4755 Ctmstantini,
3737 4690 3837 4759 qui

2257 4792 2312 4846 in
2347 4789 2646 4846 Occidente
2680 4790 2953 4860 regnavit.
2987 4803 3112 4844 cum
3136 4787 3408 4844 Crobatus
3438 4784 3695 4843 dominus
3722 4787 3836 4852 jar-

2253 4885 2416 4939 dictae
2451 4881 2724 4952 Vulgarite
2769 4895 2870 4936 seu
2924 4881 3333 4950 Contragorum
3374 4879 3539 4934 vitam
3575 4891 3836 4936 comatu-

2249 4983 2414 5040 taret,
2440 4961 2505 5030 ac
2539 4974 2680 5030 ﬁlios
2703 4974 2948 5049 quinque
2987 4972 3342 5040 relinqueret.
3372 4978 3606 5026 testatus
3645 4975 3735 5028 est
3761 4981 3838 5022 ne

2253 5071 2364 5127 ullo
2421 5068 2584 5125 modo
2643 5083 2674 5122 a
2733 5079 2921 5126 mutua
2973 5065 3390 5130 cohabitatione
3421 5072 3835 5132 separarentur.

2252 5169 2478 5233 propter
2529 5160 2675 5228 quod
2725 5158 3079 5218 universitati
3129 5157 3555 5214 dominarentur
3618 5155 3836 5224 ipsique

2254 5256 2389 5312 nulli
2444 5255 2600 5312 alteri
2652 5253 2863 5310 nationi
2910 5253 3210 5308 servirent.
3259 5251 3390 5311 Post
3439 5250 3603 5307 breve
3649 5259 3835 5304 autem

2255 5360 2473 5419 tempus
2532 5349 2730 5403 mortis
2813 5347 2961 5408 illius
3022 5346 3080 5402 in
3149 5344 3479 5404 divisionem
3549 5341 3838 5398 venientes

2255 5443 2502 5513 quinque
2530 5442 2632 5502 οὓῶί
2668 5441 2790 5510 ejtm
2821 5440 3158 5503 altrinsecus
3183 5438 3300 5509 (68)
3339 5435 3668 5507 sequestrati
3704 5444 3833 5488 sunt

1111 5635 1118 5640 .
2082 5581 2318 5640 NOTAE.

622 5698 751 5784 '(67)
785 5699 981 5784 Piscis:
1038 5703 1262 5784 Ὀψξιριν
1300 5723 1400 5784 pro
1428 5707 1674 5784 ὀψάριονέ
1728 5703 1902 5784 Hodie
1941 5706 2131 5784 ψὰριν,

2249 5706 2459 5784 [καίτοι
2496 5725 2514 5763 :
2555 5707 2655 5760 N3
2670 5706 2902 5778 χωρεύει
2933 5707 2966 5778 ἡ
3001 5705 3248 5761 θάλασσα
3283 5705 3353 5778 μὲ
3379 5707 3448 5759 τὰ
3500 5703 3677 5775 ᾠάρια
3706 5700 3829 5770 τῆς-

563 5767 761 5842 φέρων
795 5773 885 5842 vel
904 5772 1056 5842 ψάρη
1110 5767 1326 5829 dicunt:
1373 5767 1584 5832 Auctor
1629 5767 2137 5833 Graec-Barbarus

566 5834 706 5900 stat;
858 5834 1060 5918 ψᾶρίγξ
1099 5843 1248 5918 Idem
1294 5847 1416 5918 acui,
1445 5849 1588 5918 μέγα
1628 5847 1792 5900 λύκον
1821 5849 1996 5918 ἔχετε,
2037 5850 2133 5917 χά-

569 5923 691 5959 ωιει
721 5908 869 5960 dicit:
904 5911 964 5962 τὸ
994 5910 1164 5981 ψάρη.
1191 5908 1427 5971 Cvrillus
1445 5908 1765 5976 patriarcha
1795 5908 1901 5976 CF.
1937 5908 2136 5975 contra

1077 6133 1171 6158 ΣΑι-ιι

2247 5777 2412 5832 ΕΑῐιιι.

2319 5848 2434 5916 (68)
2466 5846 2822 5902 Alm'nsecus.
2859 5847 3151 5905 Dositheus
3179 5846 3474 5916 magister:
3507 5862 3526 5896 ι
3560 5841 3803 5896 Altrinse

2187 5985 2192 5992 ι
2253 5935 2375 5986 cus,
2410 5917 2475 5974 ad
2513 5917 2767 5974 invicem.
2807 5937 2825 5972 ι
2857 5917 2935 5973 In.
