4100 6426
554 395 572 456 1
585 397 689 460 335

1616 397 2018 461 ANASTASII
2073 394 2705 460 ‘BIBLIOTHECARH

3681 403 3824 468 1336‘

551 504 754 572 Zebur,
803 514 856 561 et
910 508 1225 578 congregati
1285 507 1580 564 Phoenices
1622 517 1677 563 et
1722 507 2000 564 Palaestini
2038 504 2137 559 Da-
2163 509 2212 567 Α
2243 503 2533 578 Philippici
2565 512 2694 564 anni
2733 513 2802 577 5;
2857 512 3162 584 eodemque
3216 517 3389 584 primo
3427 531 3572 572 anno
3600 513 3821 586 imperil

554 615 802 657 mascum
842 600 1094 664 veniunt,
1151 601 1244 655 sed
1285 610 1340 656 et
1378 616 1556 670 usque
1575 601 1866 657 Gabithaui
1897 610 1954 655 et
1983 602 2130 655 Asan

555 695 802 747 Amiram
826 692 1152 758 Palazstinar,
1183 693 1428 762 dantque
1466 708 1665 750 manus
1699 693 1955 748 dexteras
1985 691 2132 744 Mar-

554 784 732 839 suhan
767 792 822 837 et
871 785 1076 840 sistunt
1121 799 1245 840 eum
1283 785 1502 850 ducem,
1537 786 1629 856 qui
1680 786 1868 840 amitte
1899 783 2137 839 admini-

554 877 826 931 stratione
852 875 1100 945 fungitur
1131 877 1419 932 mensibus
1454 892 1675 932 novem.
1740 879 1861 945 Quo
1911 887 2136 933 mortuo

553 964 872 1020 Abimelech
926 966 1075 1021 filius
1106 965 1280 1035 ipsius
1305 967 1537 1038 suscipit
1576 969 1972 1038 principatum,
2009 984 2136 1024 cum

559 1057 768 1113 amiras
805 1057 1006 1114 fuisset
1038 1061 1198 1114 annis
1217 1060 1278 1113 Ἦ
1315 1067 1478 1131 atque
1508 1060 1762 1126 dimidio,
1791 1061 2140 1133 aggreditur-

556 1165 664 1218 qne
700 1161 985 1219 tyrannos,
1019 1160 1074 1206 et
1103 1151 1382 1207 interfecit
1409 1152 1693 1209 Abdellam
1725 1153 1896 1208 filium
1929 1153 2139 1220 Zuber,

557 1258 660 1298 nec
687 1258 795 1299 non
833 1241 1138 1301 Dodacum.

627 1336 788 1391 Anno
820 1335 1038 1406 imperii
1075 1337 1424 1392 Constantini
1458 1337 1530 1392 16
1556 1341 1703 1392 facta
1739 1345 1825 1394 est
1861 1339 2031 1394 fames
2060 1347 2142 1394 at-

558 1442 666 1493 que
703 1428 1010 1484 mortalitas
1057 1443 1254 1498 magna
1291 1430 1346 1483 in
1396 1429 1581 1500 Syria,
1633 1442 1962 1501 gentemque
2005 1431 2141 1486 Abi-

561 1521 770 1577 meleeh
819 1522 1078 1576 obtinuit.
1129 1523 1378 1594 Cumque
1421 1522 1704 1579 Mardaita:
1756 1526 2008 1595 partibus
2055 1527 2144 1580 in-

560 1613 884 1668 cumberent
911 1613 1128 1679 Libani,
1168 1626 1222 1669 et
1252 1615 1563 1685 pestilentia
1597 1624 1809 1671 teneret
1854 1625 1910 1671 et
1943 1615 2139 1683 fames,

561 1705 702 1759 idem
729 1705 1045 1762 Abimelech
1077 1723 1296 1778 pacem,
1331 1725 1454 1779 quae
1489 1724 1519 1763 a
1545 1709 1758 1764 Mauhia
1793 1710 1968 1764 fuerat
1995 1726 2144 1779 qum-

559 1799 690 1861 sita,
755 1800 970 1869 petivit,
1024 1801 1215 1857 missis
1247 1801 1314 1855 ad
1369 1802 1759 1872 imperatorem
1797 1804 2011 1872 legatis,
2043 1817 2140 1858 ea-

561 1893 798 1963 demque
825 1893 930 1948 565
967 1894 1138 1948 millia
1159 1895 1554 1948 nnmismatum
1590 1895 1709 1948 auri
1741 1895 1980 1964 pratliere
2019 1894 2144 1964 pol-

563 1985 774 2049 licitus,
810 1993 868 2042 et
896 1986 1021 2041 illos
1057 1985 1166 2042 565
1195 2001 1409 2053 servos,
1455 1987 1685 2057 parique
1732 1987 1899 2041 modo
1931 1987 2145 2042 nobiles

563 2077 787 2132 totidem
819 2093 1014 2148 equos.

636 2171 796 2226 Anno
843 2171 1058 2242 imperii
1111 2172 1198 2229 sui
1255 2173 1323 2227 17
1377 2155 1654 2244 requievit
1695 2175 1818 2246 pius
1849 2175 2147 2245 imperator

563 2263 988 2328 Constantinus,
1019 2280 1144 2319 cum
1191 2266 1519 2336 imperasset
1559 2268 1722 2324 annis
1764 2268 1854 2333 17,
1890 2279 1943 2322 et
1977 2267 2149 2338 impe-

565 2357 710 2410 ravit
740 2355 1089 2413 Justinianus
1114 2357 1261 2414 ﬁ-lius
1291 2357 1434 2428 ejus.
1463 2359 1531 2413 Et
1560 2359 1844 2415 sciendum
1876 2361 2006 2431 quia
2035 2359 2151 2414 fruo

472 2505 473 2514 ξ
565 2457 682 2503 stra
744 2448 918 2504 delire
961 2449 1074 2520 (69)
1116 2451 1368 2520 garriunt
1426 2451 1649 2518 quidam
1700 2453 1983 2516 dicentes,
2025 2460 2151 2522 post

566 2550 808 2609 quatuor
839 2555 1014 2596 annos
1050 2540 1226 2596 factas
1289 2541 1460 2598 fuisse
1512 2559 1607 2598 sex
1641 2544 1834 2615 synodi
1883 2545 2152 2614 capitula-

567 2648 681 2698 res,
731 2647 855 2703 qua
903 2631 1196 2688 diﬂ'amata:
1236 2645 1402 2697 sunt,
1461 2633 1706 2688 fortnas:
1747 2634 1893 2690 sicut
1919 2637 2065 2690 enim
2094 2637 2149 2690 in

567 2726 832 2780 omnibus
858 2741 983 2780 cum
1031 2725 1166 2781 falsa
1201 2725 1502 2796 przedicent
1531 2735 1874 2795 arguuntur,
1906 2727 1979 2780 ita
2005 2738 2060 2781 et
2085 2743 2152 2782 ex

572 2817 666 2873 his
721 2818 1093 2873 ostenduntur
1137 2818 1273 2872 nihil
1319 2817 1503 2873 dicere
1558 2819 1791 2873 veritate
1841 2819 2150 2874 sulfultum.

573 2907 717 2967 Vera
748 2911 952 2981 quippe
999 2910 1262 2966 chronica
1299 2911 1584 2966 annotatio
1622 2921 1872 2967 sanctum
1930 2912 2151 2967 univer-

573 3003 746 3060 salem
784 3014 993 3058 sextam
1018 3003 1291 3075 synodum
1321 3043 1339 3069 ,
1380 3019 1503 3074 qua:
1541 3014 1734 3058 contra
1767 3006 2154 3061 monothelitas

573 3096 857 3151 celebrata
903 3103 990 3150 est
1023 3095 1088 3149 12
1121 3110 1266 3150 anno
1295 3095 1511 3164 imperii
1546 3096 1891 3151 Constantini
1941 3099 2157 3165 nepotis

2239 599 2527 670 Philippici
2575 603 2780 657 factum
2848 607 2920 658 sit
2973 605 3228 662 insanum
3286 609 3578 665 concilium
3625 620 3821 664 contra

2239 701 2488 748 sanctam
2552 705 2605 748 et
2659 696 3027 752 universalem
3101 707 3314 753 sextam
3387 702 3698 772 synodum,
3770 711 3826 756 et

2241 786 2400 854 pulso
2457 788 2601 858 Cyro
2646 797 2804 843 sexto
2867 805 3016 844 anno
3081 794 3490 861 patriarchatus
3540 796 3624 848 sui
3671 797 3826 849 ﬁeret

2239 874 2481 934 Joannes
2541 881 2856 948 patriarcha
2909 882 3468 955 Constantinopoleos
3494 896 3547 940 et
3575 887 3826 942 Andreas

2242 972 2597 1041 metropolita
2665 973 2951 1030 Cretensis
2996 986 3050 1031 et
3104 977 3412 1034 Germanus
3473 979 3829 1049 metropolita

2240 1064 2449 1134 Cyzici,
2503 1067 2597 1135 qui
2652 1068 3105 1138 subscripserunt
3157 1074 3438 1126 evidenter
3496 1082 3551 1127 et
3595 1074 3834 1128 anathe-

2243 1159 2668 1225 matizavernnt,
2728 1176 2856 1215 cum
2907 1163 3165 1219 omnibus
3219 1164 3312 1233 qui
3347 1177 3444 1236 per
3473 1165 3661 1220 eadem
3693 1175 3835 1220 tem-

2243 1264 2380 1319 pora
2429 1251 2604 1317 fuere,
2665 1253 2984 1322 praedictam
3047 1264 3240 1311 contra
3291 1257 3677 1311 monethelitas
3735 1273 3830 1312 ce-

2247 1337 2513 1393 lebratam
2571 1352 2819 1395 sanctam
2857 1343 3224 1398 universalem
3275 1355 3486 1402 sextam
3529 1348 3830 1418 synodum;

2246 1437 2368 1499 post
2425 1447 2601 1485 annos
2657 1449 2788 1487 vero
2847 1443 2958 1490 tres
2989 1435 3250 1492 defuncto
3271 1437 3484 1494 Joanne
3527 1441 3832 1496 translatus

2245 1522 2408 1578 fuerit
2455 1523 2762 1580 Germanus
2819 1542 2847 1578 a
2889 1528 3090 1598 Cyzico
3171 1541 3226 1583 et
3290 1533 3604 1599 patriarcha
3671 1533 3833 1589 fieret

2245 1615 2848 1687 Constantinopoleos,
2906 1630 2960 1675 et
3017 1621 3231 1678 dcuimo
3289 1625 3452 1679 tertio
3513 1641 3663 1680 anno
3726 1628 3836 1680 im-

2245 1711 2382 1780 perii
2448 1711 2646 1766 Leonis
2701 1714 3107 1781 expelleretur,
3162 1725 3216 1768 et
3271 1717 3424 1772 fieret
3479 1719 3831 1784 Anastasius,

2245 1813 2301 1858 et
2376 1804 2750 1872 patriarchatu
2814 1806 3136 1874 {iungeretur
3201 1807 3364 1863 annis
3421 1807 3528 1872 24,
3587 1817 3643 1864 et
3703 1818 3840 1878 post

2246 1914 2371 1952 eum
2409 1897 2809 1952 Constantinus
2853 1899 3015 1953 annis
3055 1899 3144 1964 1⁸2,
3176 1908 3232 1954 ct
3261 1899 3460 1955 Paulus
3491 1901 3545 1966 5,
3573 1909 3629 1956 et
3661 1900 3838 1956 Tara-

2248 1991 2366 2047 sius
2385 1992 2479 2046 21.

2320 2084 2509 2141 Mundi
2565 2101 2713 2141 anno
2768 2085 2930 2148 6178,
2994 2083 3194 2139 divinae
3249 2084 3646 2140 incarnationis
3703 2085 3834 2148 ὅτε.

2250 2193 2396 2234 anno
2451 2194 2581 2234 vero
2641 2177 2855 2248 imperii
2917 2176 3208 2231 Iustiniani
3267 2178 3447 2246 primo
3510 2178 3836 2232 Abimeleclr

2250 2270 2595 2340 principatur
2638 2269 2938 2332 Arabibus,
2992 2267 3085 2337 qui
3140 2267 3355 2337 praefuit
3421 2267 3505 2322 his
3549 2268 3710 2322 annis
3736 2268 3832 2323 2‘2.

2253 2361 2582 2417 Theodorus
2625 2369 2810 2415 autem
2853 2359 3506 2430 Constantinopolitanus
3539 2361 3704 2414 annis
3734 2363 3838 2414 tri-

2251 2455 2458 2509 bus'et
2513 2454 2824 2508 Alexander
2865 2452 3244 2506 Autiochenus
3301 2453 3572 2507 habentur
3612 2452 3840 2507 antisti-

2254 2551 2357 2598 tes.
2414 2544 2531 2597 Hoc
2581 2551 2762 2597 autem
2808 2557 2956 2596 anno
3007 2541 3174 2595 mittit
3222 2541 3540 2594 Abimelech
3573 2540 3638 2594 ad
3661 2538 3840 2596 Justi-

2254 2633 2482 2687 nianum
2537 2635 2866 2689 confirmare
2907 2650 3117 2704 pacem.
3171 2645 3230 2689 et
3279 2635 3536 2690 convenit
3569 2636 3708 2689 inter
3743 2651 3839 2690 eos

2256 2721 2642 2792 hujuscemodi
2679 2738 2804 2792 pax,
2843 2729 2900 2777 ut
2954 2723 3165 2778 scilicet
3207 2723 3506 2793 imperator
3539 2723 3839 2792 deponeret

2257 2815 2652 2870 Mardaitarum
2699 2831 2891 2886 agmen
2935 2833 2963 2870 a
3013 2816 3223 2870 Libano
3279 2825 3334 2870 et
3389 2817 3700 2886 prohiberet
3753 2815 3839 2870 in-

2258 2909 2546 2963 cursiones
2596 2923 2812 2972 eorum,
2857 2917 2912 2964 et
2932 2907 3248 2963 Abimelech
3281 2907 3544 2961 Romanis
3568 2909 3842 2961 tribueret

2259 3016 2357 3071 per
2408 3001 2659 3071 singulos
2721 3000 2841 3055 dies
2897 3002 3232 3056 numismata
3270 3001 3418 3055 mille
3449 3008 3503 3055 et
3550 3015 3749 3069 euluum
3784 3008 3840 3053 et

2259 3108 2501 3157 servum,
2549 3103 2603 3147 et
2651 3105 2709 3147 ut
2757 3093 3024 3147 haberent
3069 3093 3122 3146 in
3163 3107 3454 3146 commune
3515 3108 3608 3156 per
3646 3105 3841 3161 aequa-

574 3186 838 3252 lieraclii,
872 3188 1201 3243 convenisse
1234 3187 1402 3242 refert
1437 3202 1583 3241 anno
1625 3203 1654 3243 a
1702 3189 2020 3244 conditione
2046 3189 2156 3262 (70)
2183 3195 2228 3259 ο
2263 3185 2474 3239 litatem
2526 3185 2731 3239 tributa
2766 3184 2931 3256 Cypri
2965 3194 3020 3238 et
3069 3184 3344 3240 Armenia:
3379 3200 3445 3240 ac
3471 3183 3727 3240 Hiberiae.
3777 3183 3846 3236 Et

575 3281 765 3335 inumli
815 3281 989 3346 6l70;
1030 3291 1084 3336 et
1105 3271 1241 3352 quia
1285 3280 1533 3350 pestboe
1556 3282 1806 3351 regnavit
1837 3283 1978 3336 idem
2014 3282 2160 3337 Con-

576 3375 858 3430 stantinus
885 3375 1050 3430 annis
1084 3373 1139 3438 5,
1172 3390 1285 3444 quo
1320 3381 1542 3428 mortuo
1571 3375 1948 3430 monarchiam
1979 3377 2159 3430 tenuit

575 3459 926 3543 Justinianus
960 3462 1105 3517 [ilius
1132 3462 1254 3530 ejus
1282 3463 1444 3517 anuis
1487 3460 1575 3516 10.
1628 3461 1858 3531 Abiecto
1900 3471 2159 3533 praeterea

575 3553 896 3610 Justiniano
957 3555 1248 3624 imperavit
1304 3553 1573 3610 Leontius
1630 3555 1792 3610 annis
1849 3556 1905 3620 5,
1941 3565 1996 3611 et
2042 3565 2164 3626 post

581 3647 845 3703 Leontius
891 3645 1172 3712 Tiberius,
1227 3646 1323 3717 qui
1352 3656 1409 3701 et
1447 3647 1801 3714 Apsimarus,
1835 3648 1994 3704 annis
2024 3649 2077 3712 7,
2107 3663 2163 3704 et

579 3755 775 3797 rursus
830 3738 1201 3806 Justiuianus,
1252 3740 1345 3810 qui
1394 3740 1588 3809 pulsus
1623 3739 1819 3806 fuerat,
1861 3742 2020 3796 annis
2045 3757 2162 3805 sex,

583 3841 644 3885 ut
695 3830 932 3886 inveniri
960 3829 1120 3886 facile
1148 3839 1233 3887 est
1285 3846 1351 3885 ex
1400 3830 1537 3901 ipsis
1569 3831 1734 3887 editis
1786 3831 2004 3898 formis,
2042 3849 2165 3904 quae

582 3922 831 3976 secundo
865 3935 1009 3975 anno
1047 3920 1282 3975 extremi
1332 3921 1547 3990 imperii
1585 3919 1830 3990 ejusdem
1857 3919 2167 3992 Rinocope-

585 4013 729 4067 meni
773 4010 1071 4067 Justiniani
1123 4011 1387 4081 expositae
1423 4009 1594 4065 fuisse
1647 3999 1996 4076 referuntur;
2045 4027 2168 4081 qua:

585 4105 797 4161 scilicet
849 4105 907 4159 in
956 4103 1117 4158 tertia
1172 4116 1404 4158 suartm
1438 4104 1612 4156 forma
1652 4102 1736 4158 his
1769 4113 1824 4157 et
1851 4102 2166 4172 hujusmodi

583 4196 926 4253 dictionibus
954 4195 1194 4261 habent;
1221 4193 1592 4262 Conspicimus
1622 4210 1710 4249 eos
1737 4196 1828 4274 qui
1863 4211 1918 4249 se
1959 4193 2168 4251 duabus

586 4289 792 4359 nuptiis
849 4290 1184 4342 inseruerunt
1212 4328 1227 4354 ,
1278 4296 1327 4342 et
1352 4303 1516 4357 usque
1542 4286 1612 4342 ad
1639 4287 1901 4342 decimum
1927 4297 2170 4343 octavum

583 4379 838 4436 kalendas
879 4377 1202 4433 Februarias
1253 4380 1539 4448 praeterita:
1587 4389 1797 4449 quartw
1837 4380 2169 4443 indictionis,

587 4490 706 4544 quae
759 4473 862 4543 fuit
907 4489 1049 4527 anno
1075 4489 1108 4526 α
1153 4473 1421 4528 creatione
1456 4471 1640 4527 mundi
1671 4471 1833 4536 6199,
1875 4472 2170 4526 servierunt

2263 3277 2820 3350 direxitdmperator
2881 3277 3110 3332 Paulum
3157 3280 3569 3350 magistrianum
3624 3275 3689 3330 ad
3715 3277 3848 3331 Abi-

2265 3369 2479 3424 melech
2528 3368 2595 3423 ad
2637 3370 3078 3424 confirmandum
3111 3385 3174 3423 ea
3208 3385 3330 3437 qua:
3372 3368 3569 3438 placita
3603 3368 3845 3430 fueram,

2264 3473 2318 3518 ct
2373 3462 2516 3516 facta
2587 3470 2670 3516 est
2732 3463 2786 3516 in
2841 3461 3062 3531 scriptis
3119 3462 3388 3516 securitas
3454 3461 3557 3516 sub
3617 3460 3848 3514 testium

2265 3552 2646 3620 stipulatione.
2708 3550 2812 3620 Qui
2879 3551 3177 3606 liberaliter
3225 3551 3528 3605 honoratus
3592 3564 3851 3604 reversus

2266 3652 2372 3698 est.
2415 3642 2482 3697 Et
2528 3644 2753 3698 mittens
2789 3643 3092 3712 imperator
3125 3642 3426 3711 assumpsit
3457 3640 3850 3696 hlardaitarum

2270 3735 2465 3798 12000,
2525 3737 2785 3789 llomaica
2820 3735 3020 3790 virtute
3054 3737 3272 3801 recisa;
3319 3748 3512 3788 omnes
3550 3733 3695 3785 enim
3729 3746 3852 3800 qua

2269 3839 2418 3879 nunc
2449 3823 2772 3878 habitantur
2801 3821 2871 3876 ab
2901 3821 3178 3877 Arabibus
3215 3822 3268 3874 in
3311 3820 3619 3876 contiuibus
3658 3820 3853 3886 posita

2274 3918 2528 3972 civitates
2561 3931 2589 3968 a
2616 3914 2950 3984 Mopsuestia
2985 3923 3042 3967 et
3075 3929 3246 3984 usque
3271 3914 3336 3967 ad
3370 3922 3622 3982 quartam
3657 3911 3853 3967 Arme-

2271 4010 2464 4074 niam,
2527 4008 2778 4065 infirmaz.
2830 4017 2884 4062 et
2947 4007 3340 4062 inhabitabiles
3417 4013 3572 4060 erant
3628 4013 3849 4074 propter

2272 4102 2539 4172 impetum
2595 4099 2990 4156 Mardaitarum
3025 4141 3039 4164 ,
3087 4099 3294 4168 quibus
3351 4097 3618 4167 repressis
3668 4096 3842 4150 omnia

2273 4194 2394 4250 dira
2421 4195 2690 4249 Bouiania
2721 4209 2882 4265 passa
2910 4201 2994 4248 est
3035 4207 3210 4262 usque
3242 4191 3299 4245 in
3333 4178 3650 4258 praesentem
3684 4189 3852 4244 diem.

2274 4287 2482 4344 Eodem
2543 4302 2687 4342 anno
2741 4287 2912 4342 mittit
2969 4285 3284 4340 Abimelech
3346 4283 3576 4338 Ziadum
3628 4280 3857 4335 fratrem

2276 4379 2508 4434 Mauhiaa
2532 4379 2586 4434 in
2616 4378 2894 4435 Persidem
2926 4388 3116 4433 contra
3178 4376 3496 4431 Muctartem
3538 4373 3858 4428 mendaeem

2277 4482 2446 4544 atque
2497 4488 2790 4545 tyrannum
2825 4511 2839 4537 ,
2900 4480 2956 4527 et
3004 4471 3366 4538 interemptus
3426 4477 3510 4522 est
3569 4464 3775 4520 Ziadus
3829 4479 3862 4517 a

587 4579 802 4636 peccato
838 4578 886 4620 et
929 4582 1020 4620 nec
1062 4567 1372 4634 resipiscere
1415 4577 1824 4634 proposuerunt,
1853 4565 2171 4633 depositioni
2201 4567 2250 4624 1)
2279 4566 2567 4622 Muctarte.
2621 4566 2743 4632 Quo
2783 4565 2970 4619 audito
3016 4561 3332 4617 Abimelcch
3384 4559 3532 4614 venit
3580 4559 3635 4614 in
3681 4557 3865 4612 Meso-

594 4661 867 4715 canonicae
925 4658 1328 4713 submittendos.
1399 4659 1588 4727 Itaque
1619 4673 1686 4713 ex
1732 4659 1849 4729 ipsa
1887 4659 2174 4714 Chronica:

593 4753 952 4808 annotatione
984 4760 1234 4841 patenter
1263 4761 1492 4821 apparet
1523 4753 1669 4821 quod
1724 4752 1941 4808 collecti
1978 4767 2008 4805 a
2039 4768 2174 4808 san-

593 4855 682 4898 «:ta
749 4844 1044 4898 universali
1096 4852 1250 4900 sexta
1293 4843 1506 4915 synodo
1542 4841 1716 4915 usque
1755 4844 1824 4899 ad
1853 4845 2030 4900 editas
2065 4845 2177 4899 for-

595 4953 714 4992 mas
760 4936 891 4992 anni
926 4937 994 4990 27
1047 4946 1214 5000 sunt,
1263 4935 1578 5006 patriarcha
1617 4935 2174 5007 ConstantinOpoleos

595 5032 651 5082 in
709 5035 901 5084 sancta
964 5027 1261 5083 universali
1318 5029 1532 5097 synodo
1593 5036 1748 5082 sexta
1803 5025 2036 5098 Georgio
2092 5044 2176 5082 re-

597 5131 756 5190 perto
805 5135 1012 5175 annum
1063 5128 1262 5190 agente
1316 5119 1720 5188 patriarchatus
1785 5119 1871 5174 sui
1928 5120 2172 5183 tertium,

594 5221 650 5266 et
701 5220 828 5281 post
881 5211 1154 5282 synodum
1213 5210 1526 5280 patriarcha
1561 5223 1815 5267 manente
1848 5212 2008 5266 annis
2053 5211 2177 5266 aliis

599 5303 798 5359 tribus.
864 5303 998 5359 Post
1047 5305 1195 5358 hunc
1261 5318 1393 5358 vero
1458 5305 1611 5358 fuere
1666 5303 1938 5359 Theodori
1997 5305 2062 5368 5,
2123 5311 2178 5356 et

600 5393 757 5450 Pauli
805 5397 877 5460 7,
928 5404 985 5450 et
1032 5394 1290 5450 Callinici
1350 5395 1449 5461 1‘2,
1499 5403 1553 5449 et
1614 5395 1742 5467 Cyri
1801 5397 1928 5451 anni
1973 5397 2048 5461 ‘2;
2105 5397 2178 5449 ita

599 5494 661 5537 ut
691 5485 1023 5554 colligantur
1075 5485 1239 5540 etiam
1283 5499 1350 5538 ex
1408 5484 1543 5554 ipsis
1572 5486 1897 5555 patriarchis
1921 5487 2049 5540 anni
2087 5486 2176 5551 27,

602 5575 674 5630 ab
701 5577 866 5632 editis
893 5587 1074 5633 autem
1126 5577 1318 5632 formis
1346 5592 1518 5651 usque
1555 5578 1625 5632 ad
1684 5587 1938 5647 quartum
1975 5593 2178 5634 annum

2281 4660 2626 4730 potamiam,
2703 4665 2758 4712 et
2841 4657 3191 4728 tyrannidem
3259 4660 3464 4723 patitur
3542 4666 3572 4705 a
3649 4649 3860 4709 Saido,

2280 4767 2448 4822 quem
2523 4764 2918 4821 supergressus
2985 4747 3155 4803 verbo
3233 4743 3557 4799 Damascum
3645 4742 3865 4809 aperire

2285 4844 2415 4900 fecit
2470 4861 2501 4898 a
2557 4859 2618 4898 se
2667 4852 3025 4911 pra‘ventam,
3063 4848 3120 4893 et
3166 4846 3290 4908 post
3319 4836 3434 4891 haee
3473 4834 3858 4890 fraudulenter

2283 4936 2486 4993 occidit
2524 4950 2673 4991 eum.

2355 5028 2705 5085 Justinianus
2745 5035 2926 5081 autem
2959 5041 3084 5081 cum
3125 5033 3273 5081 esset
3303 5023 3507 5093 iunior,
3558 5021 3715 5089 quasi
3765 5035 3867 5073 au-

2283 5135 2482 5176 norum
2521 5118 2608 5184 16,
2651 5127 2704 5172 et
2739 5134 2838 5172 sua
2874 5132 3105 5187 quisque
3154 5115 3464 5170 inconsulte
3527 5111 3866 5180 disponeret,

2288 5213 2440 5269 misit
2470 5209 2760 5266 Leontium
2799 5218 3084 5280 primorem
3117 5208 3169 5262 in
3207 5205 3525 5270 Armeniam
3580 5220 3708 5257 eum
3756 5201 3869 5253 llo-

2287 5305 2469 5359 manico
2500 5309 2803 5374 potentatu,
2863 5312 2921 5355 et
2975 5300 3267 5356 Saracenis
3318 5298 3432 5353 illic
3475 5294 3872 5352 exsisteutibus

2288 5397 2636 5467 interemptis
2685 5395 2902 5463 subegit
2951 5395 3093 5448 hanc
3170 5391 3458 5456 Romanis,
3511 5389 3768 5444 similiter
3817 5393 3876 5439 et

2292 5488 2571 5544 Hiberiam
2608 5498 2662 5542 et
2716 5486 3030 5550 Albaniam,
3084 5483 3401 5538 Bucandam
3441 5496 3663 5551 quoque
3708 5487 3879 5548 atque

2291 5581 2550 5646 Mediam,
2597 5590 2652 5635 et
2711 5581 2815 5636 sub
2847 5579 3056 5634 tributo
3086 5577 3406 5648 regionibus
3435 5570 3880 5642 actisplurimas

2145 5697 2380 5754 ΝΟΤᾹΞ.

673 5780 789 5854 (φ)
833 5780 1028 5854 petire.
1063 5781 1337 5854 Fahrotus
1377 5797 1563 5854 proco
1594 5784 1740 5854 quod
1771 5797 1890 5840 erat
1913 5787 2119 5843 lwdere.

673 5819 790 5918 Z705
825 5849 1162 5906 Conditione.
1192 5819 1417 5922 C'reEoi-J.
1471 5819 1626 5908 ΤιῖιεῖΙ
1649 5819 1892 5912 hist.“th
1913 5819 2214 5929 '«wzi'ﬁéimi
2259 5857 2498 5915 hominis
2527 5855 2861 5912 conditione.
2887 5875 2904 5908 ›
2954 5852 3119 5911 Fusa.
