4100 6414
370 365 388 428 i
403 368 502 429 337

1143 371 1508 433 HISTORIA
1553 377 2133 444 ECCLESIAS'I‘ICA
2179 387 2275 445 EX
2311 387 2792 450 THEOPHANE.

3399 355 3403 358 ’
3494 393 3633 456 1338

369 476 631 545 l""—'"uias
680 477 998 547 ίηιβθνθῑοτί
1035 480 1366 535 δι’θηειηίδίι·
1435 483 1506 536 Al
1552 499 1686 538 νθνο
1724 486 1948 539 Αὓίητε-
1981 499 2023 552 A
2053 492 2340 561 perpendit
2373 494 2516 563 quod
2550 495 2789 550 studium
2822 511 3014 549 eorum
3047 505 3194 552 esset
3229 505 3286 549 ut
3338 496 3630 553 Mardaita~

367 565 484 618 lech
523 563 610 619 his
659 566 898 635 cognitis
962 568 1077 622 adit
1109 567 1467 635 Cercesium,
1521 582 1576 627 et
1629 574 1948 644 Theopolim

368 655 710 725 subjugavit.

443 748 601 801 Anno
624 747 838 817 imperii
871 747 1173 806 Justiniani
1212 754 1455 810 secundo
1481 753 1688 812 Paulus
1721 757 1953 811 habetur

367 840 624 899 antistes,
672 840 762 910 qui
799 853 1006 910 septem
1042 845 1203 900 annis
1236 846 1437 902 throno
1480 845 1951 918 Constantinopo-

367 926 546 985 litano
572 933 870 1000 prmsedit;
895 932 1148 1004 tactaque
1174 946 1258 992 est
1289 937 1464 993 fames
1500 940 1552 992 in
1596 939 1752 1008 Syria
1779 977 1794 1002 ,
1844 954 1950 1008 qua

366 1020 438 1075 de
471 1037 529 1076 re
561 1023 716 1077 multi
751 1023 1075 1078 Romaniam
1123 1036 1254 1080 sunt
1291 1028 1548 1098 ingressi.
1620 1028 1696 1086 Et.
1726 1030 1953 1084 veniens

366 1112 667 1182 imperator
719 1113 772 1166 in
809 1114 1124 1170 Armeniam
1175 1116 1285 1171 illic
1339 1119 1584 1188 suscepit
1632 1118 1948 1183 Mardaitas,

366 1202 463 1272 qui
497 1205 549 1258 in
583 1201 792 1258 Libano
832 1205 1069 1268 fuerant,
1103 1222 1256 1268 aeneo
1287 1224 1446 1263 muro
1478 1209 1782 1265 destructo.
1849 1210 1951 1266 De-

366 1295 576 1348 struxit
627 1304 810 1350 autem
867 1306 920 1352 et
976 1313 1162 1368 pacem
1215 1315 1340 1356 cum
1399 1300 1728 1372 Vulgaribus
1764 1303 1948 1369 fixam,

366 1386 700 1453 perturbans
755 1399 914 1460 typos
962 1393 1055 1460 qui
1115 1408 1143 1446 a
1194 1404 1350 1462 patre
1398 1398 1622 1464 proprio
1665 1397 1952 1452 ordinabi-

366 1479 495 1533 liter
555 1479 683 1536 facti
746 1492 912 1548 sunt,
959 1493 1013 1539 et
1061 1485 1221 1553 jubet
1284 1489 1520 1543 transire
1569 1490 1622 1544 in
1684 1490 1950 1546 Thracem

364 1582 658 1642 equestres
719 1574 978 1638 ιιιὶιίιιαις,
1046 1577 1234 1630 volens
1293 1587 1403 1630 tam
1467 1579 1727 1650 \‘utgares
1783 1597 1952 1652 quam

367 1663 675 1719 Si-laviuias
710 1668 960 1735 pt‘mtlari.

449 1773 606 1822 Anno
637 1769 848 1837 imperii
885 1770 968 1823 sui
1006 1769 1171 1823 tertio
1214 1770 1380 1823 ut0vit
1422 1769 1725 1824 exercitum
1779 1767 1955 1824 Justi-

2054 600 2173 639 rum
2213 587 2392 640 solum
2439 596 2814 656 compesceret
2849 587 3085 658 primum
3141 589 3420 655 incursus,
3469 599 3520 644 et
3561 594 3634 644 ita

2057 693 2153 747 per
2185 679 2446 748 putativaa
2474 679 2706 734 rationis
2741 681 3025 736 obtentum
3058 697 3247 750 pacem
3285 683 3632 739 dissolveret.

2037 769 2208 834 Quod
2235 779 2287 822 et
2334 769 2534 824 factum
2563 781 2670 834 cst,
2713 779 2765 824 et
2799 773 2948 827 misit
2992 773 3308 828 Abimelech
3353 775 3418 828 ad
3467 777 3638 830 mdiﬂ-

2053 863 2288 916 candum
2323 862 2583 931 templum
2613 862 2864 924 Machan,
2890 874 2942 918 et
2977 866 3149 919 voluit
3185 866 3405 922 auferre
3429 869 3638 922 colum-

2054 969 2154 1007 nas
2211 962 2414 1009 saneta:
2445 954 2810 1010 Getsemanis.
2869 955 2932 1009 Et
2969 967 3304 1026 rogaverunt
3353 976 3475 1010 eum
3507 957 3635 1013 Ser-

2055 1047 2178 1115 gius
2215 1048 2437 1115 quidam
2472 1048 3108 1114 virChristianissimus,
3135 1052 3226 1121 qui
3253 1059 3371 1104 erat
3401 1068 3634 1123 genera-

2053 1139 2121 1193 lis
2172 1137 2394 1193 Mausur
2447 1141 2724 1209 logotheta
2789 1151 2844 1196 et
2895 1144 3054 1196 valde
3113 1145 3402 1199 familiaris
3458 1147 3635 1200 eidem

2055 1229 2414 1294 Abitnelech,
2479 1239 2646 1299 atque
2699 1234 2962 1302 patricius
3018 1236 3206 1290 socius
3260 1237 3379 1304 ejus
3415 1277 3429 1297 ,
3476 1235 3639 1290 Citri-

2055 1323 2254 1378 stianls
2311 1324 2406 1392 qui
2456 1334 2614 1378 erant
2673 1325 2726 1378 in
2795 1326 3082 1378 Palaestina
3143 1330 3485 1395 υτίυιιοεῖῖης,
3544 1331 3638 1398 qui

2053 1415 2546 1485 cognominabatur
2610 1416 2893 1480 Clausus,
2961 1420 3300 1486 postniatztes
3359 1437 3423 1472 ne
3487 1421 3640 1474 fieret

2057 1504 2202 1569 hoc,
2265 1506 2360 1560 sed
2421 1521 2518 1575 per
2586 1507 3024 1575 supplicationes
3089 1523 3219 1560 suas
3290 1510 3640 1575 persuaderet

2053 1594 2368 1651 Justiniano
2401 1597 2647 1651 mittendi
2687 1598 2790 1652 sibi
2835 1599 2972 1651 alias
3013 1614 3110 1667 pro
3142 1601 3256 1663 eis;
3289 1599 3432 1668 quoi
3460 1607 3514 1653 et
3544 1599 3628 1652 fa-

2058 1703 2208 1750 ειυιιι
2236 1702 2338 1748 ρει.

2129 1787 2284 1840 Anno
2316 1787 2527 1856 iuzpcrii
2561 1785 2644 1840 sui
2694 1786 2930 1855 septimo
2975 1783 3323 1839 Justinianus
3368 1784 3532 1853 elegit
3577 1801 3640 1837 ex

377 1864 581 1915 nianus
613 1869 804 1915 contra
843 1861 1176 1914 Sciat-iniam
1205 1871 1257 1915 et
1285 1858 1622 1930 Vulgariam,
1661 1870 1716 1916 et
1750 1859 1957 1930 Vulga-
1990 1848 2032 1902 Β
2065 1880 2299 1943 εριδνίς,
2355 1848 2448 1948 qi“
2497 1895 2555 1933 se
2585 1848 2816 1946 jubcnle
2855 1880 3227 1947 migraveran
3251 1919 3265 1940 ν
3315 1848 3510 1930 ,ηῃίιέε
3547 1877 3644 1928 tri-

371 1969 468 2008 res
523 1954 744 2022 quidem
796 1954 860 2008 ad
911 1968 1152 2022 praesens
1181 1953 1285 2006 sibi
1330 1962 1688 2007 occurrentes
1723 1953 1958 2021 impulit.

372 2045 698 2116 EVsnI‘gens
746 2056 928 2099 autem
1002 2061 1179 2117 usque
1223 2044 1654 2100 Thessalonicen
1705 2045 1962 2115 copiosas

376 2140 785 2195 multitudines
813 2139 1199 2194 Selavinorum
1261 2138 1460 2208 partim
1503 2139 1647 2193 bello
1695 2141 1961 2208 percepit,

371 2232 576 2300 partim
617 2246 740 2284 cum
793 2231 860 2285 ad
911 2245 973 2286 se
1005 2229 1344 2284 conﬂuerent
1402 2230 1458 2284 in
1510 2230 1760 2299 partibus
1793 2227 1967 2284 Obse-

373 2323 518 2391 quii,
565 2339 690 2376 eum
728 2338 825 2392 per
864 2322 1111 2392 Abydum
1154 2322 1608 2385 transfretasset,
1655 2321 1962 2376 constituit.

373 2415 520 2469 Dum
569 2425 751 2469 autem
818 2423 1210 2478 reverteretur,
1242 2415 1298 2469 in
1334 2414 1530 2468 itinere
1574 2416 1908 2484 prapetlitus
1933 2431 1964 2469 a

375 2506 716 2577 Vulgaribus
757 2507 809 2559 in
851 2515 971 2558 arto
1003 2505 1277 2559 clausura:
1298 2521 1423 2560 cum
1452 2506 1601 2559 czede
1641 2505 1846 2573 prOprii
1875 2519 1970 2572 po-

377 2599 496 2669 puli
533 2611 586 2653 et
624 2599 1002 2652 vulneratione
1039 2598 1212 2650 multa
1245 2597 1334 2651 vix
1376 2613 1622 2652 remeare
1660 2597 1966 2665 praevaluit.

376 2689 588 2748 Eodem
656 2704 802 2744 anno
861 2699 917 2743 et
977 2687 1348 2741 Adelatzuber
1405 2685 1688 2740 Musabuin
1743 2686 1967 2742 fratrem

375 2798 545 2840 suum
596 2782 765 2835 mittit
798 2791 994 2835 contra
1043 2779 1277 2842 Muctar,
1311 2788 1364 2832 et
1395 2779 1529 2833 inito
1554 2779 1722 2833 Marte
1747 2795 1873 2832 cum
1904 2795 1970 2833 eo

377 2879 616 2931 vertitur
651 2873 880 2936 Muctar,
917 2881 974 2928 et
1015 2873 1154 2942 fugit
1187 2872 1241 2925 in
1273 2870 1529 2942 Syriam;
1564 2887 1726 2940 quem
1756 2886 1968 2940 praeoc-

377 2986 594 3040 eupans
619 2968 910 3023 interfecit.
975 2967 1148 3021 Porro
1189 2965 1506 3020 Abimelech
1554 2965 1753 3018 militat
1779 2973 1972 3019 contra

381 3063 696 3124 Mnsabum,
747 3070 800 3117 et
835 3061 1041 3115 victum
1075 3059 1301 3125 occidit,
1345 3068 1402 3113 et
1440 3059 1758 3128 subiugavit
1786 3057 1974 3112 Persi-

380 3156 509 3211 dem
542 3164 733 3208 totam.

457 3246 642 3301 Mundi
669 3259 816 3298 anno
841 3241 1003 3305 6181,
1033 3240 1233 3294 divina:
1259 3238 1657 3293 incarnationis
1678 3253 1825 3292 anno
1848 3237 1973 3300 681,

381 3358 535 3396 anno
580 3355 709 3394 vero
763 3337 976 3405 imperii
1007 3333 1304 3388 Justiniani
1335 3342 1534 3402 quarto
1563 3332 1976 3386 misit‘Abime-

384 3435 508 3490 lech
544 3441 738 3488 contra
769 3429 1009 3484 Zubehir
1040 3427 1252 3497 chagan
1287 3427 1340 3480 in
1394 3425 1614 3488 Macca,
1668 3431 1723 3477 et
1772 3421 1976 3477 occidit

381 3544 515 3584 eum
566 3525 768 3580 ibidem
823 3523 1032 3591 rhagau
1059 3560 1074 3584 ,
1117 3527 1174 3574 et
1217 3518 1438 3574 subdita
1501 3517 1724 3585 regione
1766 3515 1974 3584 cbagan

383 3621 718 3674 adversante
742 3615 844 3669 sibi
878 3611 1254 3666 com-.remavit
1285 3610 1508 3664 domum
1554 3607 1681 3662 idoli
1711 3606 1833 3675 ejus
1869 3620 1976 3660 una

385 3728 516 3766 cum
547 3709 694 3764 idolo
722 3709 955 3762 culturae
985 3706 1253 3774 ipsorum.
1321 3702 1495 3767 Quam
1529 3700 1600 3754 ob
1628 3713 1853 3752 causam
1891 3697 1981 3750 ille

383 3803 600 3871 chagan
637 3811 926 3871 praetorem
962 3796 1203 3850 Persidis
1233 3793 1602 3863 promovit,et
1635 3790 1866 3846 subacta
1897 3797 1980 3843 est

387 3880 706 3947 Abimelech
775 3899 884 3942 tam
951 3886 1199 3941 Persidis
1259 3885 1409 3954 regio
1469 3891 1524 3938 et
1575 3881 1984 3948 Mesopotamiae

396 3999 566 4054 quam
595 3981 853 4036 Armenia
888 3993 1084 4047 magna
1121 3976 1390 4042 xEtlu-ibi,
1419 3983 1477 4028 et
1504 3990 1598 4042 per
1634 3974 1688 4028 id
1725 3972 1983 4027 intestina

389 4091 586 4132 eorum
630 4073 770 4129 bella
808 4071 1168 4142 quieverunt.
1757 4129 1759 4132 g

467 4165 628 4219 Anno
682 4161 896 4232 imperii
941 4156 1247 4214 Justiniani
1307 4157 1502 4222 quinto
1578 4153 1740 4207 linem
1797 4150 1987 4206 habuit

393 4271 454 4317 et
491 4261 758 4316 liberatus
813 4265 898 4311 est
949 4254 1018 4308 ab
1065 4251 1216 4307 omni
1279 4251 1422 4304 bello
1476 4248 1717 4302 Arabum
1779 4244 1989 4315 princi-

395 4365 584 4427 patus,
628 4360 683 4406 et
720 4365 856 4420 pace
899 4347 1109 4417 potitus
1139 4341 1584 4406 estAbimelech,
1619 4339 1842 4396 cunctis
1882 4337 1985 4394 sibi

397 4449 676 4506 Subactis.

2063 1973 2212 2040 ginta
2265 1973 2458 2034 millia,
2529 1979 2584 2025 et
2645 1971 2874 2023 armatis
2916 1971 2996 2024 eis
3059 1968 3463 2038 cognominavit
3523 1969 3646 2021 illos

2065 2065 2330 2134 pupulum
2364 2062 2780 2131 aeeeptabilem,
2817 2061 3232 2131 principemque
3268 2061 3319 2113 in
3351 2059 3434 2112 eis
3465 2056 3647 2111 Nebu-

2069 2155 2178 2208 lum
2205 2153 2429 2219 nomine
2465 2152 2682 2206 statuit.
2732 2151 2894 2204 Fisus
2939 2159 3120 2204 autem
3165 2150 3216 2200 iu
3272 2149 3379 2202 illis
3429 2145 3648 2215 scripsit

2068 2244 2344 2297 Arabibus
2398 2259 2505 2296 non
2571 2257 2630 2296 se
2701 2255 3118 2308 permansurum
3176 2241 3230 2292 in
3284 2253 3462 2307 pace,
3531 2251 3650 2304 quzr

2075 2334 2285 2402 scripto
2319 2340 2684 2401 .convenerat.
2759 2329 2823 2382 Et
2847 2342 3133 2399 assumpto
3169 2330 3369 2399 populo
3403 2335 3654 2395 accepta-

2071 2425 2163 2480 bili
2191 2435 2244 2479 et
2270 2424 2489 2478 cunctis
2521 2421 2874 2493 equestribus
2905 2421 3120 2476 militiis
3161 2421 3296 2474 abiit
3320 2419 3652 2486 Sebastoiio-

2073 2521 2164 2573 lim
2196 2518 2553 2572 maritimam.
2623 2517 2832 2570 Arabes
2879 2522 3060 2569 autem
3115 2513 3555 2573 dissimulantes,
3601 2520 3658 2564 et

2071 2624 2259 2679 pacem
2311 2608 2526 2662 solvere
2558 2607 2784 2660 minime
2841 2613 3230 2675 proponentes,
3285 2603 3378 2657 sed
3419 2602 3658 2670 impera-

2073 2700 2218 2755 torio
2240 2715 2472 2754 excessu
2509 2709 2673 2767 atque
2701 2698 2954 2767 procacia
2985 2697 3088 2750 hoc
3116 2695 3308 2764 agendi
3343 2693 3656 2746 violentiam

2073 2795 2367 2865 patientes,
2429 2793 2626 2845 armati
2678 2799 2733 2845 et
2795 2791 2898 2860 ipsi
2941 2790 3170 2845 veniunt
3227 2784 3658 2854 Sebastopolim,

2076 2891 2442 2954 protestantes
2476 2898 2543 2935 ne
2579 2883 2904 2950 imperator,
2937 2895 3058 2947 qua:
3084 2878 3316 2930 invicem
3352 2891 3472 2930 cum
3507 2873 3662 2943 jura-

2077 2978 2276 3031 mentis
2329 2989 2574 3030 consono
2612 2983 2775 3043 pacto
2825 2973 3021 3042 placita
3083 2971 3320 3033 fuerant,
3377 2967 3660 3028 solveret;

2077 3069 2321 3136 alioquin
2377 3049 2519 3120 Deus
2562 3065 2757 3117 vindex
2821 3070 2875 3115 et
2928 3060 3095 3131 judex
3159 3059 3444 3128 culparum
3499 3054 3660 3108 foret.

2002 3182 2044 3239 ρ
2085 3160 2228 3216 Sane
2267 3176 2389 3214 cum
2416 3159 2717 3226 imperator
2750 3170 2850 3209 nec
2881 3152 3073 3206 auditu
3118 3153 3239 3220 ipso
3281 3145 3665 3227 lipjnscctnodi

2079 3258 2245 3308 verba
2283 3251 2565 3321 percipere
2600 3256 2900 3316 pateretur,
2955 3245 3032 3298 illi
3069 3245 3227 3313 pacis
3257 3251 3310 3296 et
3334 3241 3485 3295 verbi
3529 3238 3666 3292 scri-

2082 3355 2232 3414 ptum
2262 3344 2539 3397 solventes
2567 3348 2621 3394 et
2662 3341 2718 3392 in
2749 3337 2965 3390 excelsa
2996 3336 3148 3389 hasta
3172 3348 3270 3403 pro
3300 3331 3497 3385 vexillo
3541 3343 3666 3398 pro-

2082 3435 2310 3489 cedendi
2374 3433 2550 3502 gratia
2614 3429 3048 3499 suspendentes,
3119 3432 3312 3478 contra
3385 3421 3667 3475 Romanos

2081 3528 2288 3594 impetu
2312 3524 2552 3585 irruunt,
2581 3519 2836 3572 Muamed
2885 3517 3082 3570 ducem
3120 3513 3406 3571 habentes,
3434 3509 3667 3563 bellum-

2082 3635 2189 3689 que
2212 3617 2392 3670 taliter
2423 3615 2684 3668 inierunt.
2723 3611 2790 3664 Et
2823 3610 2976 3678 prius
2999 3606 3221 3676 quidem
3253 3600 3496 3672 superati
3541 3610 3671 3655 sunt

2080 3710 2308 3766 Arabes.
2391 3705 2704 3776 Suggerens
2773 3703 2984 3754 interea
3061 3695 3312 3750 Muamed
3382 3691 3669 3746 auxiiianti

2084 3801 2346 3857 Romanis
2399 3799 2722 3853 Sclavornm
2747 3794 2871 3850 duci
2907 3790 3076 3844 mittit
3100 3790 3150 3844 ei
3193 3784 3536 3857 marsupiutu
3563 3791 3673 3839 Πη-

2087 3892 2434 3950 mismatibus
2481 3891 2730 3958 plenum,
2795 3884 3094 3949 multisque
3153 3873 3676 3947 repromissiombus

2087 3988 2235 4042 hunc
2268 3983 2540 4038 sedneens
2574 3977 2867 4049 persuadet
2901 3975 2968 4029 ad
2997 3990 3058 4030 se
3097 3973 3286 4041 fugere
3315 3984 3442 4022 cum
3479 3964 3676 4035 viginti

2089 4077 2331 4133 millibus
2359 4075 2710 4136 Sclavorum,
2740 4080 2794 4124 et
2818 4069 2899 4124 sic
2931 4066 3113 4136 fugam
3145 4060 3460 4128 Quiritibus
3490 4056 3682 4124 acqui-

2089 4169 2238 4225 sivit.
2291 4167 2447 4221 Tunc
2479 4158 3006 4233 imperatorpccidit
3036 4158 3232 4210 horum
3277 4148 3528 4204 residuus
3571 4160 3678 4198 una

2092 4277 2216 4315 cum
2268 4258 2458 4313 liberis
2502 4266 2557 4310 et
2623 4252 2892 4308 uxoribus
2941 4258 3098 4302 trans
3159 4240 3445 4314 praecipitii
3497 4238 3678 4290 locum

2091 4350 2413 4405 Leucatium
2439 4347 2669 4409 dictum,
2702 4343 2796 4410 qui
2841 4339 3156 4393 maritimus
3181 4341 3301 4388 erat
3327 4331 3481 4399 juxta
3521 4326 3682 4380 Nico—

2094 4443 2426 4497 mediensent
2458 4439 2641 4494 sinum
2679 4435 2934 4504 positus,

473 4539 630 4594 Anno
665 4535 880 4607 imperii
909 4533 991 4587 sui
1031 4531 1064 4585 6
1121 4527 1471 4583 Justinianus
1495 4539 1708 4595 pacem,
1733 4538 1896 4592 quam
1925 4520 1993 4575 ab

2165 4534 2326 4588 Anno
2360 4529 2576 4615 imperii
2612 4527 2908 4582 Justiniani
2948 4519 3390 4588 octavo_Sabbas
3421 4513 3687 4585 patricius

396 4629 717 4687 Abimelech
773 4624 988 4688 habuit,
1042 4637 1109 4676 ex
1161 4618 1403 4674 amentia
1457 4614 1734 4670 dissolvit.
1776 4613 1992 4667 Etenim

401 4725 735 4796 Cypriorum
787 4718 966 4774 insula
999 4714 1262 4787 pOpqum
1323 4709 1783 4765 irrationabiliter
1825 4706 1998 4761 voluit

402 4815 828 4884 transmigrare,
867 4819 922 4864 et
955 4811 1358 4870 characterem,
1390 4803 1484 4873 qui
1519 4801 1727 4856 missus
1762 4801 1832 4854 ab
1860 4799 1998 4853 Abi-

400 4909 620 4966 melech
647 4907 846 4970 fuerat,
876 4917 999 4956 cum
1028 4901 1246 4954 noviter
1277 4897 1434 4950 visus
1457 4905 1609 4949 esset
1633 4901 1689 4947 et
1716 4905 1999 4961 nunquam

401 5011 570 5057 antea
597 4997 802 5058 factus,
827 5009 934 5048 non
964 4991 1210 5045 admisit.
1270 4986 1563 5043 Multitudo
1601 4999 1733 5056 ergo
1767 4982 1997 5054 Cyprio-

406 5111 536 5150 rum
575 5090 704 5146 dtnn
742 5099 1086 5142 transmeare
1128 5083 1420 5145 niteretur,
1479 5079 1770 5135 submersa
1799 5083 1908 5138 est,
1947 5081 2004 5126 et

409 5204 478 5240 ex
515 5187 781 5254 languore
820 5179 1054 5250 peribat,
1103 5175 1298 5245 reliqui
1334 5188 1466 5228 vero
1525 5171 1582 5224 in
1623 5171 1865 5241 Cyprum
1911 5180 2002 5220 re-

409 5277 561 5334 versi
609 5285 760 5331 sunt.
817 5272 882 5328 Et
917 5269 1124 5326 auditis
1161 5268 1247 5322 his
1292 5263 1612 5320 Abimelech
1641 5261 1888 5316 satanice
1923 5256 2004 5312 si-

411 5370 659 5442 mulatus
691 5367 920 5433 rogabat
958 5379 1024 5416 ne
1057 5377 1158 5432 pax
1202 5362 1532 5421 solveretur,
1565 5356 1662 5408 sed
1693 5351 2006 5421 susciperet

413 5474 696 5520 monetam
733 5475 914 5522 suam,
947 5472 1073 5510 cum
1111 5452 1320 5506 Arabes
1359 5466 1467 5504 non
1516 5448 1864 5514 susciperent
1897 5442 2005 5499 R0-

411 5569 711 5611 )nanorum
777 5551 1104 5606 incisionem
1174 5547 1229 5600 in
1288 5545 1408 5598 suis
1461 5541 1725 5597 nummis.
1803 5537 2005 5593 Verum

415 5650 544 5702 dato
571 5646 806 5716 pondere
846 5642 966 5696 auri
1017 5642 1132 5695 ait:
1182 5638 1409 5692 Nullum
1452 5635 1707 5693 Romanis
1747 5631 2004 5685 damnum

417 5738 702 5806 efﬁcietur,
749 5752 813 5792 ex
841 5750 905 5789 eo
946 5735 1090 5804 quod
1147 5732 1355 5786 Arabes
1408 5744 1546 5784 nova
1599 5727 1885 5781 cuderent.
1939 5723 2009 5776 At

423 5831 517 5888 iilc
574 5844 792 5900 precem
843 5844 907 5883 ex
955 5827 1148 5882 timore
1203 5824 1506 5881 arbitratus
1556 5819 1834 5888 effectam,
1896 5832 2005 5872 non

2104 4610 2398 4690 Armeniae,
2430 4610 2708 4693 comperta
2741 4619 3100 4690 superatione
3135 4615 3550 4672 Romanorum,
3586 4610 3689 4661 Ar-

2107 4722 2344 4776 meniam
2406 4716 2682 4770 Arabibus
2739 4711 3012 4774 tradidit,
3072 4719 3126 4762 et
3180 4706 3428 4774 Suhjecta
3479 4711 3565 4756 est
3609 4700 3693 4753 eis

2106 4815 2365 4868 interior-
2392 4809 2599 4871 Persis,
2655 4823 2778 4876 qua:
2819 4804 3026 4859 dicitur
3072 4801 3336 4856 Cherasa.
3401 4797 3466 4851 Et
3515 4794 3693 4847 oritur

2105 4907 2307 4961 ibidem
2361 4902 2650 4957 insidiator
2709 4899 2931 4953 nomine
2977 4895 3262 4954 Sabinus,
3326 4889 3419 4958 qui
3485 4886 3692 4939 multos

2101 4999 2347 5054 Arabum
2382 4991 2681 5054 interfecit,
2736 4989 2832 5044 sed
2865 4996 2922 5042 et
2965 4987 3144 5056 ipsutn
3185 4983 3494 5048 chagauum
3524 4988 3696 5043 prope

2104 5090 2282 5148 modis
2337 5086 2596 5141 omnibus
2651 5083 2705 5138 in
2763 5097 2923 5136 amne
2963 5076 3200 5132 necavit.
3266 5071 3344 5124 Ex
3391 5077 3524 5122 tunc
3563 5079 3696 5135 ergo

2104 5195 2204 5252 per
2256 5177 2496 5246 amplius
2561 5173 2797 5245 Agareni
2859 5165 3137 5225 temerarii
3193 5161 3323 5216 facti
3369 5155 3695 5212 Romaniam

2106 5269 2601 5340 depopulabantur.

2180 5337 2363 5419 Mundi
2383 5375 2540 5414 anno
2563 5357 2727 5422 6186,
2752 5355 2955 5410 divinae
2983 5343 3384 5405 incarnationis
3408 5353 3551 5395 anno
3567 5337 3695 5396 686.

2111 5469 2256 5508 anno
2287 5469 2418 5508 vero
2465 5451 2680 5522 imperii
2711 5443 3004 5502 Justiniani
3034 5443 3068 5498 9
3115 5436 3425 5495 Callinicus
3466 5431 3700 5486 habetur

2110 5536 3057 5610 Constantinopolitanusantistes,
3112 5530 3208 5601 qui
3246 5527 3315 5582 12
3349 5522 3568 5596 praefuit
3596 5535 3698 5576 an-

2111 5634 2200 5689 nis
2255 5632 2538 5688 Ecclesiae.
2593 5628 2708 5684 Hoc
2759 5628 2925 5681 etiam
2961 5638 3109 5678 anno
3155 5618 3394 5674 defectio
3435 5623 3520 5669 est
3565 5611 3701 5668 solis

2113 5727 2306 5782 ell‘ecta
2338 5726 2470 5780 hora
2497 5723 2602 5778 diei
2631 5721 2815 5786 tertia,
2849 5719 2926 5774 ita
2963 5727 3024 5771 ut
3052 5713 3306 5783 quaedam
3335 5709 3500 5763 clara:
3525 5702 3696 5761 stella:

2117 5826 2391 5890 parerent.
2418 5813 2483 5871 Et
2514 5812 2818 5870 exercitum
2866 5808 3038 5866 movit
3075 5802 3323 5862 Moamcd
3354 5807 3546 5857 contra
3580 5797 3688 5852 ﬂo-
