4100 6466
453 393 588 458 1341

1219 394 1590 456 HISTORIA
1627 393 2211 454 ECCLESIASTICA
2233 395 2333 454 EX
2373 395 2859 457 THEOPHANE.

3574 396 3709 464 1342

447 503 2020 576 certisLeontiusmittitJoannempatricium,virumido-
2057 507 2101 559 A
2132 503 2370 562 Abdelas
2423 507 2477 562 in
2524 507 2871 572 itotnaniam,
2921 515 2977 562 et
3028 521 3347 580 expugnans
3407 506 3704 562 Tarentum

439 614 633 659 neum,
671 611 793 652 cum
825 598 1080 652 omnibus
1111 587 1387 653 Itoniaicis
1422 597 1715 652 classibus.
1747 595 1850 662 Qui
1895 610 2019 649 cum

447 687 831 760 Carthaginem
887 689 1244 759 pervenisset,
1292 697 1346 744 et
1379 689 1522 744 bello
1556 696 1808 742 catenam
1835 697 2026 756 portus

447 783 571 854 ejus
588 782 914 852 aperuisset,
947 783 1307 854 inimicosque
1333 783 1388 837 in
1406 783 1589 854 fugam
1620 782 1896 846 vertisset,
1926 780 2027 834 hos

448 873 990 928 viriliterinsecutus
1031 874 1289 928 universa
1329 871 1580 927 liberavit
1609 870 1803 925 Africa:
1822 877 2024 933 castra,

449 965 771 1035 relictisque
803 965 1043 1036 prepriis
1081 965 1536 1020 observateribus
1571 963 2026 1031 hmc'imperatori

451 1055 755 1128 suggessit,
789 1056 1102 1125 ibidemque
1125 1056 1386 1110 hiemavit
1413 1054 1718 1125 iussionem
1753 1053 2032 1123 praestola-

449 1158 544 1204 tus
591 1151 660 1201 ab
709 1163 796 1202 eo.
852 1151 918 1202 At
947 1162 1081 1201 vero
1122 1146 1575 1219 protosymholus
1604 1145 1696 1200 his
1739 1143 2034 1212 compertis

455 1241 742 1310 copiosum
760 1249 813 1295 et
829 1239 1190 1308 potentiorem
1213 1238 1478 1294 adversus
1495 1252 1592 1292 eos
1620 1237 1824 1291 stolum
1855 1244 2035 1289 trans-

452 1333 643 1398 mittit,
675 1340 731 1385 et
796 1330 1117 1401 prazdlctutn
1193 1327 1458 1384 Joannem
1518 1343 1641 1383 cum
1689 1325 1830 1381 stolo
1857 1324 2034 1394 ipsius

449 1424 600 1480 bello
629 1437 658 1476 ιι
693 1430 856 1493 portu
889 1421 1136 1491 depellit,
1169 1432 1224 1476 et
1256 1421 1505 1476 exterius
1535 1418 1810 1473 hostiliter
1855 1424 2036 1470 castra

454 1522 694 1569 metatus
725 1523 808 1568 est
840 1532 853 1566 :
886 1512 1180 1582 praedictus
1210 1527 1340 1565 vero
1360 1509 1598 1565 Joannes
1627 1508 1692 1563 ad
1714 1507 2034 1562 Romaniam

449 1606 760 1676 repedavit,
794 1605 1059 1674 majorem
1103 1604 1366 1657 virtutem
1411 1603 1480 1655 ab
1525 1599 1865 1669 imperatore
1894 1597 2041 1651 acci-

448 1713 585 1769 pere
611 1697 824 1762 volens,
858 1704 911 1752 et
939 1697 1088 1750 venit
1130 1709 1306 1765 usque
1341 1693 1407 1748 ad
1439 1692 1678 1754 Cretam,
1733 1690 2035 1760 principem

451 1789 734 1845 aditurus.
776 1785 1069 1842 Exercitus
1113 1794 1298 1840 autem
1350 1799 1448 1853 per
1507 1783 1749 1852 majores
1799 1795 1928 1835 suos
1968 1779 2035 1832 ad

447 1882 847 1951 imperatorem
909 1877 1212 1932 ascendere
1269 1876 1464 1931 nolens
1517 1875 1853 1943 (obtinuerat
1891 1871 2037 1926 enim

451 1989 554 2030 eos
579 1974 749 2027 timor
781 1981 944 2042 atque
982 1968 1262 2038 confusio)
1308 1967 1381 2023 ad
1430 1967 1722 2022 consilium
1771 1980 1898 2021 sese
1939 1979 2039 2018 ne-

451 2068 787 2137 quissimum
816 2063 1068 2119 contulit.
1101 2061 1168 2116 Et
1208 2061 1337 2116 huic
1375 2061 1804 2121 maledixerunt,
1835 2048 2042 2128 eligen-

449 2169 541 2215 tes
570 2161 953 2228 imperatorem
982 2155 1331 2225 Apsimarum
1363 2152 1723 2222 drungarium
1746 2151 2039 2220 Cibyratae.

455 2265 641 2310 torum
683 2250 828 2322 apud
867 2249 1175 2305 Curiositas
1223 2247 1498 2311 habitum,
1553 2247 1704 2300 hunc
1757 2243 2040 2299 Tiberium

455 2347 834 2403 nominantes.
877 2342 1068 2412 Itaque
1115 2340 1346 2396 Leontio
1379 2339 1528 2410 apud
1563 2337 2038 2406 Constantinopo-

454 2439 554 2495 litn
577 2438 762 2510 posito
790 2443 844 2492 et
865 2434 1190 2492 Neoresium
1226 2441 1443 2502 portum
1476 2431 1835 2496 emundante,
1868 2428 2046 2484 bubo.

457 2532 549 2588 nis
584 2531 756 2600 pestis
801 2528 922 2583 urbi
967 2525 1243 2592 incubuit,
1301 2534 1356 2580 et
1389 2527 1447 2580 in
1488 2533 1722 2598 quatuor
1763 2522 2045 2578 mensibus

457 2624 869 2678 multitudinem
902 2621 1078 2690 plebis
1109 2619 1472 2690 consumpsit.
1509 2616 1674 2673 Venit
1703 2625 1888 2671 autem
1935 2615 2047 2669 Ab—

457 2717 704 2771 simarus
735 2722 841 2767 una
877 2727 999 2766 cum
1034 2711 1198 2777 stolo,
1250 2709 1344 2780 qui
1390 2724 1581 2765 secum
1611 2719 1750 2763 erat.
1783 2715 1837 2759 et
1869 2707 2045 2773 appll-

455 2807 578 2862 cuit
605 2821 670 2861 ex
703 2803 937 2859 adverso
965 2802 1209 2857 civitatis
1241 2802 1294 2855 in
1331 2799 1522 2871 Syces.
1565 2799 1670 2853 Per
1701 2799 2043 2866 aii-quantum

458 2913 600 2955 sane
647 2895 908 2965 temporis
942 2895 1163 2949 civitate
1214 2892 1446 2962 prodere
1476 2891 1700 2945 uolente
1730 2888 2044 2953 Leontium,

459 2989 704 3062 proditio
738 2987 880 3041 facta
901 2994 984 3042 est
1013 3000 1113 3056 per
1151 2984 1486 3054 singularem
1527 2997 1748 3036 murum
1787 2981 2047 3035 Blacher-

459 3099 658 3141 narum
705 3097 734 3135 a
769 3079 1114 3150 principibus
1143 3076 1372 3141 exteris,
1401 3075 1607 3144 quibus
1633 3074 1817 3127 claves
1840 3071 2044 3126 terreni

2129 599 2375 668 nihilque
2429 600 2720 669 proficiens
2756 601 2949 662 rediit.
3000 617 3062 655 ac
3114 601 3406 656 aediﬁcavit
3455 599 3708 671 Mopsue-

2131 691 2315 760 stiam,
2355 700 2406 745 et
2436 693 2617 760 posuit
2647 694 2700 746 in
2732 709 2794 745 ea
2827 695 3105 749 custodes.

2201 782 2361 838 Anno
2423 785 2636 853 imperii
2685 784 2962 839 Absimari
3011 791 3210 855 quarto
3260 783 3472 838 Baanes
3505 797 3714 848 cogno-

2133 887 2319 930 mento
2368 873 2703 944 Eptademon
2766 885 3020 946 quartam
3081 877 3394 931 Armeniam
3438 874 3714 929 Arabibus

2134 967 2398 1022 subdidit.
2426 968 2751 1024 Absimarus
2774 984 2906 1024 vero
2937 967 3325 1039 Philippieum,
3353 967 3524 1021 illium
3551 964 3712 1020 Nice-

2135 1059 2290 1128 phori
2345 1060 2584 1128 patricii,
2631 1061 2685 1115 in
2728 1059 3133 1130 Cephalleniam
3181 1061 3426 1114 exsulem
3464 1058 3608 1112 misit
3659 1065 3717 1110 ut

2137 1149 2442 1219 imperandi
2475 1153 2695 1206 somnio
2724 1151 3094 1207 venundatum
3131 1167 3146 1205 :
3180 1151 3461 1207 asserebat
3483 1150 3628 1204 enim
3657 1164 3716 1202 se

2137 1243 2192 1297 in
2226 1245 2436 1299 somnis
2467 1245 2670 1300 vidisse
2705 1247 2852 1314 quod
2890 1254 3056 1314 caput
3097 1260 3256 1300 suum
3290 1243 3717 1298 obumbraretur

2139 1336 2210 1390 ab
2239 1337 2445 1406 aquila.
2479 1336 2690 1404 Quibus
2713 1338 3016 1408 imperator
3049 1337 3256 1392 auditis
3287 1337 3436 1390 hunc
3463 1334 3718 1405 protinus

2137 1430 2332 1484 exsilio
2363 1430 2660 1500 relegavit.l

2210 1521 2373 1574 Anno
2409 1521 2622 1590 imperii
2654 1521 2930 1576 Absimari
2961 1521 3158 1590 qttinto
3184 1520 3508 1574 seditionem
3534 1518 3721 1572 conci-

2142 1617 2399 1663 taverunt
2452 1610 2730 1682 principes
2779 1611 3052 1667 Armenia?
3085 1619 3276 1668 contra
3313 1609 3643 1668 Saracenos.
3670 1618 3722 1662 et

2141 1715 2236 1756 eos
2265 1701 2358 1770 qui
2411 1710 2567 1756 erant
2605 1703 2659 1756 in
2695 1703 2958 1758 Armenia
3008 1709 3383 1772 peremerunt.
3419 1710 3473 1757 et
3525 1702 3721 1754 iterum

2145 1793 2210 1848 ad
2237 1794 2587 1850 Absimarum
2637 1795 2884 1857 mittunt,
2936 1803 2991 1849 et
3043 1793 3319 1848 Romanos
3355 1794 3408 1846 in
3442 1793 3721 1858 regionem

2144 1899 2300 1942 suam
2331 1883 2632 1941 adducunt.
2675 1886 2849 1939 Porro
2896 1885 3140 1940 bluamed
3171 1885 3290 1939 acie
3338 1885 3602 1938 adversus
3628 1897 3724 1937 eos

2144 1975 2352 2032 directa
2407 1979 2611 2033 multos
2664 1977 2888 2042 occidit,
2947 1986 3002 2033 et
3056 1978 3370 2033 Armeniam
3428 1977 3725 2030 Saracenis

2145 2069 2442 2132 submittit,
2481 2071 2890 2141 Optimatesque
2929 2073 3316 2125 Armeniorqu
3356 2069 3723 2124 coacervatim

2143 2161 2202 2217 in
2244 2178 2356 2217 uno
2379 2165 2498 2219 loco
2543 2165 2792 2219 viventes
2820 2163 3083 2219 incendit.
3117 2164 3222 2218 'Per
3245 2163 3390 2217 idem
3423 2177 3552 2215 vero
3583 2169 3726 2215 tem-

2138 2251 2250 2323 pus
2279 2255 2581 2308 exercitum
2629 2256 2801 2309 movit
2832 2256 2975 2308 Azar
3007 2256 3060 2309 in
3095 2255 3340 2310 Ciliciam
3375 2269 3499 2307 cum
3535 2253 3724 2307 decem

2141 2345 2427 2410 millibus;
2470 2347 2561 2402 cui
2621 2363 2750 2402 cum
2807 2349 3002 2404 obvius
3059 2349 3395 2403 occurrisset
3444 2347 3728 2400 Ileraclius

2136 2436 2322 2494 frater
2349 2440 2722 2511 imperatoris,
2757 2440 3025 2515 plurimos
3082 2455 3272 2496 eorum
3325 2439 3556 2501 occidit,
3593 2438 3735 2493 resi-

2147 2528 2285 2587 duos
2315 2548 2447 2588 vero
2475 2533 2694 2587 vinctos
2729 2533 3046 2602 imperatori
3082 2531 3410 2586 transmisit.

2219 2625 2382 2679 Anno
2401 2625 2617 2694 imperii
2651 2624 2928 2678 Absimari
2953 2635 3109 2680 sexto
3129 2623 3333 2678 Azidtts
3359 2622 3533 2678 Cunei
3557 2621 3730 2675 aciem

2147 2726 2339 2775 contra
2395 2716 2644 2772 Ciliciam
2703 2717 2894 2783 movit,
2955 2730 3386 2788 etpugnansque
3445 2713 3590 2766 Sisvi
3639 2729 3733 2766 ca-

2149 2820 2422 2866 strum....
2453 2809 2744 2866 Heraclius
2785 2811 3137 2879 imperatoris
3174 2808 3345 2862 frater
3373 2808 3638 2870 obtinuit,
3679 2812 3734 2859 et

2145 2901 2351 2959 bellum
2391 2903 2447 2956 in
2475 2917 2601 2957 eum
2635 2916 2928 2972 aggressus
2969 2899 3208 2954 Arabum
3243 2896 3529 2952 duodecim
3563 2895 3732 2948 millia

2149 3006 2334 3052 necat.
2379 2994 2588 3050 Interea
2640 2994 2989 3050 Justinianus
3030 3009 3154 3047 cum
3193 3007 3358 3062 penes
3395 2991 3732 3046 Chersonam

2150 3089 2376 3158 degeret
2405 3097 2462 3143 et
2493 3103 2554 3144 se
2585 3090 2782 3144 iterum
2829 3088 3227 3157 imperaturum
3255 3085 3617 3139 concinnatus
3644 3083 3738 3136 (ιι--

459 3178 608 3235 muri
657 3193 778 3232 cum
827 3173 1078 3229 horribili
1129 3173 1487 3242 jurejurando
1522 3171 1747 3226 creditae
1789 3169 2046 3222 fuerant:

2156 3182 2460 3246 nuntiaret,
2493 3181 2693 3236 accolae
2714 3183 2962 3235 iocorum
2989 3178 3308 3235 corumdem
3339 3178 3635 3232 discrimen
3673 3191 3739 3228 ex

462 3272 557 3328 isti
594 3285 834 3338 namque
869 3284 964 3338 per
990 3267 1226 3322 insidias
1257 3265 1604 3320 tradiderunt
1631 3263 1844 3318 urbem.
1873 3260 2052 3315 Porro

459 3363 700 3436 ingressi
737 3362 1000 3417 classium
1035 3359 1240 3413 milites
1287 3357 1488 3412 civium
1539 3355 1756 3418 domos,
1804 3351 2055 3407 denuda-

460 3466 665 3512 verunt
695 3456 748 3509 in
779 3453 862 3508 his
902 3453 1234 3506 habitantes.
1271 3449 1339 3503 At
1361 3465 1492 3503 vero
1521 3447 1846 3518 Apsimarus
1872 3443 2052 3498 Leon—

463 3551 602 3605 lium
639 3549 857 3620 quidem
891 3559 1026 3601 naso
1057 3543 1235 3599 reciso
1269 3543 1327 3596 in
1378 3540 1776 3595 monasterium
1814 3535 2049 3590 Daimati

463 3643 573 3698 sub
623 3639 874 3696 custodia
929 3637 1048 3692 fore
1101 3636 1387 3706 praecepit,
1444 3632 1720 3704 principes
1755 3637 1943 3683 autem
2001 3637 2057 3682 et

465 3735 675 3788 amicos
701 3733 844 3801 ejus,
875 3737 1066 3799 utpote
1098 3726 1520 3782 commorientes
1565 3723 1637 3790 ei,
1685 3736 1861 3777 caesos
1887 3728 2055 3790 atque

465 3821 875 3890 proscriptione
897 3818 1186 3872 damnatos
1204 3816 1405 3871 exsilio
1421 3815 1702 3883 relegavit.
1719 3811 2059 3867 Heraclium-

463 3927 577 3984 que
598 3925 918 3981 germanum
951 3909 1178 3962 fratrem
1209 3921 1394 3968 suum,
1431 3914 1492 3958 ut
1531 3903 1712 3958 virum
1756 3901 2058 3956 vehemen—

466 4016 552 4064 ter
582 4007 860 4067 idoneum,
898 4002 1240 4072 singularem
1282 4011 1572 4071 praetorem
1609 3997 1856 4051 omnium
1908 4002 2060 4050 exte-

466 4100 676 4156 riorum
705 4097 1041 4168 equestrium
1066 4094 1406 4149 exercituum
1440 4097 1750 4162 promotum
1780 4089 1836 4142 in
1871 4094 2059 4157 partes

468 4190 829 4264 Cappadocia:
858 4202 922 4240 ae
972 4187 1360 4241 clausurarum
1393 4184 1708 4239 discurrere
1755 4188 2061 4249 contraque

469 4288 656 4344 hostes
687 4299 875 4340 curam
908 4291 960 4344 et
997 4281 1426 4351 dispositionem
1461 4279 1645 4331 facere
1673 4274 1844 4329 misit.

541 4378 727 4434 Mundi
783 4392 928 4430 anno
975 4373 1138 4438 619i,
1192 4371 1394 4426 divinze
1453 4367 1860 4424 incarnationis
1915 4379 2061 4420 anno

470 4475 597 4539 69!,
631 4487 775 4527 anno
798 4485 929 4525 vero
961 4466 1177 4537 imperii
1206 4463 1482 4519 Absimari
1508 4461 1708 4531 primo,
1733 4459 2056 4529 qui-septem

471 4568 692 4624 circiter
714 4563 1006 4632 imperavit
1038 4559 1219 4624 annis,
1243 4557 1610 4611 tumultuatus
1631 4563 1712 4608 est
1736 4553 2058 4609 Abderach-

470 4677 597 4714 man
668 4659 724 4712 in
792 4656 1038 4718 Perside,
1076 4659 1132 4707 et
1175 4651 1496 4707 dominatus
1542 4655 1628 4703 est
1665 4647 1738 4715 ei,
1769 4654 1826 4702 et
1869 4662 2059 4719 perse-

460 4760 633 4810 cutus
667 4759 752 4806 est
779 4749 848 4804 ab
879 4749 1000 4819 ipsa
1029 4746 1263 4814 chagan.

543 4847 704 4900 Anno
732 4839 952 4912 imperii
982 4837 1256 4893 Absimari
1281 4832 1532 4891 secundo
1558 4831 1790 4888 Romani
1824 4847 1920 4903 per
1955 4831 2058 4906 Sy-

471 4940 610 4996 riam
635 4942 1008 5008 peragrantes,
1032 4940 1087 4985 et
1104 4929 1385 4984 venientes
1405 4940 1580 4996 usque
1598 4925 1667 4980 ad
1687 4924 2061 4988 Samosatum,

470 5040 532 5089 et
581 5029 955 5100 depraedantes
999 5024 1435 5090 circumquaque
1501 5017 1802 5089 regionem,
1859 5015 2062 5070 multos

471 5120 818 5182 occiderunt,
851 5117 1020 5171 millia
1053 5115 1308 5170 videlicet
1339 5113 1606 5176 Arabum,
1639 5118 1700 5165 ut
1726 5109 1930 5172 ferunt,
1959 5107 2064 5163 dus

475 5221 659 5279 centa,
691 5211 1059 5284 plurimisque
1107 5205 1298 5274 spoliis
1327 5204 1566 5274 sumptis
1607 5209 1662 5257 et
1692 5201 2059 5272 captivatione

474 5304 719 5359 Arabum
753 5301 924 5356 multa
955 5298 1162 5354 reversi
1204 5303 1356 5361 sunt,
1388 5295 1592 5348 timore
1623 5306 1828 5363 magno
1857 5291 1918 5346 in
1968 5305 2064 5346 eos

515 5405 716 5449 atrato.

472 5413 716 5469 patrato.

553 5489 712 5542 Anuo
757 5485 974 5556 imperii
1021 5481 1299 5538 Absimari
1350 5479 1513 5534 tertio
1562 5477 1862 5535 exercitum
1897 5479 2068 5533 movit

2157 3274 2390 3344 imperio
2412 3273 2708 3344 provenire
2752 3280 3082 3336 metuentes,
3118 3270 3392 3326 consiliati
3429 3278 3558 3323 sunt
3591 3268 3741 3322 hunc

2159 3365 2467 3421 interﬁcere
2503 3366 2588 3420 vel
2635 3375 2784 3419 certe
2828 3365 3148 3434 imperatori
3185 3364 3584 3418 transmittere.
3621 3359 3739 3430 Ipse

2156 3471 2287 3512 vero
2318 3472 2440 3511 cum
2477 3456 2530 3510 id
2578 3457 2865 3518 sensisset,
2912 3455 3090 3525 potuit
3141 3453 3401 3523 eﬂ'ugere,
3471 3461 3525 3505 et
3571 3450 3742 3505 Daras

2157 3548 2348 3603 adiens
2388 3547 2756 3602 Chazarornm
2800 3561 2860 3601 se
2899 3546 3149 3615 poposcit
3192 3545 3424 3614 chagani
3457 3543 3742 3598 obtutibus

2160 3641 2509 3712 praesentari;
2539 3642 2632 3710 qui
2667 3653 2791 3693 eum
2829 3637 2909 3693 rei
2933 3637 3401 3693 circumstantiam
3437 3636 3740 3698 didicisset,

2158 3731 2403 3800 suscepit
2435 3746 2560 3787 eum
2615 3744 2740 3784 cum
2792 3729 3004 3784 honore
3045 3729 3273 3799 ingenti,
3312 3738 3367 3783 et
3401 3727 3632 3782 tradidit
3663 3727 3740 3781 illi

2159 3824 2214 3878 In
2249 3838 2476 3879 uxorem
2517 3822 2864 3879 Theodoram
2895 3837 3210 3893 germanam
3261 3837 3509 3876 sororem
3561 3835 3741 3875 suam.

2158 3915 2290 3972 Post
2319 3916 2594 3971 modicum
2625 3930 2757 3970 vero
2796 3915 3061 3982 temporis
3087 3928 3251 3983 prece
3291 3913 3470 3967 oblata
3497 3914 3746 3982 chagano

2161 4006 2444 4062 descendit
2495 4005 2550 4058 in
2607 4003 3028 4075 Pbenagoriam,
3083 4011 3138 4058 et
3184 4003 3297 4057 illic
3352 4004 3582 4072 degebat
3619 4015 3743 4054 cum

2166 4101 2485 4157 Theodora.
2517 4097 2618 4155 His
2649 4097 2856 4153 auditis
2886 4097 3212 4153 Absimarus
3247 4095 3414 4150 mittit
3445 4095 3510 4149 ad
3543 4095 3749 4163 chaga-

2163 4210 2318 4258 num,
2356 4193 2688 4264 promittens
2720 4191 2768 4247 ei
2799 4190 3044 4262 praebere
3074 4204 3304 4244 munera
3341 4189 3536 4253 multa,
3566 4189 3610 4241 si
3648 4185 3746 4240 Ju-

2163 4287 2466 4342 Stlnianum
2498 4283 2601 4339 sibi
2645 4282 2914 4336 duntaxat
2956 4281 3136 4334 vivunt
3182 4279 3600 4339 transmitteret,
3660 4279 3744 4331 sin

2162 4384 2368 4440 autem,
2396 4385 2563 4443 caput
2585 4372 2730 4427 eius.
2765 4370 2980 4425 Cedens
3012 4385 3144 4441 ergo
3177 4371 3460 4439 cbaganus
3489 4369 3750 4436 hujusce-

2129 4468 2308 4538 .modi
2331 4465 2610 4538 petitioni,
2636 4465 2942 4520 custodiam
2979 4463 3026 4517 ei
3063 4461 3234 4526 misit,
3266 4475 3334 4515 ne
3367 4461 3523 4530 quasi
3552 4475 3580 4511 a
3614 4475 3752 4513 con-

2165 4559 2460 4614 tribulibus
2506 4557 2624 4613 suis
2671 4556 2900 4611 insidias
2931 4562 3234 4627 pateretur,
3274 4553 3542 4606 mandans
3572 4551 3753 4622 Papa-

2164 4651 2300 4720 tzin,
2341 4649 2437 4720 qui
2479 4657 2599 4704 erat
2627 4648 2741 4703 il’lic
2771 4648 2828 4702 in
2864 4661 3114 4717 personae
3139 4659 3255 4701 suae
3281 4645 3399 4699 vice
3433 4643 3545 4715 (72)
3578 4644 3752 4712 ιιθριιο

2165 4754 2336 4808 tatus,
2388 4751 2446 4800 et
2500 4741 2772 4814 Balgitzin
2823 4741 3128 4812 principem
3187 4737 3478 4807 Bosphori.
3537 4745 3595 4790 ut
3626 4751 3751 4790 cum

2165 4836 2540 4898 renuntiatum
2563 4835 2726 4900 foret,
2748 4832 2981 4890 eundem
3001 4831 3341 4894 trucidarent
3360 4828 3750 4884 Jttstiniamtttt.

2166 4931 2272 4986 His
2309 4939 2489 4985 autem
2516 4943 2615 4999 per
2639 4941 2861 4983 servum
2883 4925 3120 4997 chagani
3151 4924 3456 4980 Theodorre
3485 4919 3753 4976 nuntiatis

2168 5028 2225 5075 et
2276 5017 2592 5075 Iustiniano
2661 5017 2982 5087 patefactis,
3025 5027 3359 5071 convocatos
3401 5012 3513 5080 jam
3573 5010 3754 5066 dictos

2170 5111 2434 5181 Papatzin
2485 5119 2540 5165 et
2572 5109 2847 5180 'Balgitzin
2879 5109 3179 5180 principem
3225 5108 3290 5160 ad
3326 5104 3751 5174 colloquendqu

2173 5211 2388 5258 secreto
2426 5201 2633 5258 chorda
2675 5201 3010 5272 strangulari
3061 5199 3298 5263 curavit,
3350 5195 3755 5263 confestimque

2169 5293 2515 5351 Theodoram
2572 5291 2628 5348 "in
2676 5293 3030 5350 Charzariam
3067 5289 3258 5355 mittit,
3297 5297 3354 5343 et
3389 5289 3508 5358 ipse
3553 5305 3578 5338 a
3617 5285 3755 5340 Phe-

2171 5388 2395 5459 nagoria
2425 5389 2567 5444 ciam
2603 5388 2820 5458 fugiens
2861 5387 3068 5441 Tomen
3096 5383 3399 5443 descendit.
3447 5389 3502 5435 et
3533 5382 3753 5433 inventa

2172 5496 2312 5536 nave
2345 5488 2536 5551 parata
2565 5479 2810 5536 ascendit
2838 5478 2892 5532 in
2925 5492 3068 5539 eam,
3097 5484 3152 5532 et
3179 5476 3446 5547 navigans
3477 5473 3630 5543 juxta
3667 5473 3756 5526 Iit-

1993 5619 2226 5678 NOTE.

557 5725 673 5794 (7‘2)
725 5721 787 5775 In
827 5734 1067 5794 19.2901“;
1111 5733 1224 5772 sua
1250 5717 1389 5794 ttfce.‘
1421 5715 1518 5768 Ἐκ
1549 5713 1845 5794 reputabant:
1875 5712 2066 5794 αξιταῦ.

477 5782 837 5852 (ἶιόςδέινίιιιιι
887 5791 1173 5845 Nomicum
1213 5807 1226 5842 :
1272 5786 1518 5856 βικάριος
1573 5782 1608 5839 ὅ
1651 5786 1716 5839 ἐκ
1750 5782 2064 5856 apem-braca.

480 5864 806 5924 Anastasius
834 5863 887 5918 in
911 5859 1106 5917 Coilat.
1225 5853 1366 5916 Max.
1394 5853 1411 5909 :'
1432 5876 1448 5906 ι
1470 5872 1534 5912 ex
1558 5857 1888 5930 persona,jut
1911 5853 2066 5922 dixit,

2175 5709 2890 5785 PetriCpolitani-pmauiis
2905 5709 3130 5785 missus.
3150 5726 3172 5761 ι
3199 5705 3343 5766 Hist.
3366 5705 3582 5785 tripart.
3606 5702 3657 5765 7,
3681 5702 3750 5758 δε

2186 5809 2202 5840 ι
2244 5773 2722 5843 convenientes'ex
2748 5795 2982 5854 persona
3015 5773 3468 5850 episcoporum.)
3511 5773 3682 5830 Fann.
