4100 6446
480 409 619 477 1343

1545 415 1958 478 ΑΝΑΞΤΑδΠ
1984 388 2643 479 ΔΒιιηιιοἸΉΙηέεΑΜΓ

3622 420 3687 484 I3
3699 421 3762 485 L‘i

482 535 601 578 tura
632 526 779 581 venit
819 542 999 598 usque
1025 528 1091 584 ad
1136 529 1455 601 Symbolum
1487 529 1645 601 juxta
1688 529 2025 586 Cbersonam
2046 571 2065 599 ,
2095 529 2142 586 Α
2168 528 2325 598 ejus;
2354 547 2591 602 quorum
2626 532 2718 587 ille
2755 532 2893 599 colla
2929 549 3103 605 usque
3135 534 3561 611 ad.solntionem
3595 535 3758 608 primi

481 615 547 669 ad
572 633 734 685 quam
770 619 996 675 mittens
1019 622 1232 677 occulte
1265 622 1392 679 tulit
1430 621 1824 679 Basbacuriutn
1860 634 1913 679 et
1951 623 2066 678 fra-

481 720 623 767 trem
652 712 794 785 ejus,
827 711 1051 791 saliban
1086 729 1303 785 quoque
1331 731 1395 771 ae
1430 714 1771 786 Stephanum
1804 726 1859 774 et
1882 716 2067 772 Moro-

480 805 703 876 paulutn
754 822 859 861 una
895 823 1018 863 cum
1052 807 1383 879 Theophilo.
1434 806 1540 875 Qui
1588 826 1713 865 cum
1757 810 2067 881 navigasset

478 913 604 952 cum
630 896 736 962 eis,
784 898 1088 956 Chersonis
1146 902 1378 971 pharum
1431 902 1712 964 transivit,
1753 903 1944 971 sicque
1973 903 2065 959 de-

482 1006 629 1047 mum
672 990 1098 1049 transfretantes
1145 992 1463 1065 Necropyla.
1499 1011 1593 1050 seu
1648 995 1789 1051 ostia
1830 994 2088 1066 Danapri‘

475 1089 526 1136 et
562 1080 827 1151 Danistri,
853 1091 1178 1153 tempestate
1208 1085 1400 1153 facta,
1427 1102 1596 1157 super
1623 1087 1801 1143 salute
1841 1102 1941 1143 sua
1971 1088 2066 1142 de.-

476 1174 680 1243 sperati
715 1183 846 1231 sunt
882 1191 1097 1232 omnes.
1138 1178 1358 1248 Myaces
1387 1194 1543 1242 vero,
1577 1178 1869 1235 familiaris
1902 1179 2067 1233 homo

475 1264 669 1332 ipsius,
702 1266 839 1321 dixit
859 1268 907 1324 ei
945 1288 958 1323 :
993 1268 1124 1325 Ecce
1166 1271 1451 1335 morimur,
1479 1270 1714 1327 domine.
1779 1269 1914 1330 Vorte
1948 1271 2055 1326 Deo

473 1371 571 1423 pro
608 1358 783 1412 salute
812 1370 926 1423 tua,
957 1371 1015 1413 ut
1049 1362 1098 1415 si
1146 1361 1291 1417 Deus
1323 1364 1604 1433 imperium
1641 1364 1735 1417 tibi
1769 1374 1919 1418 tuum
1953 1363 2068 1419 red-

472 1447 697 1517 diderit,
721 1452 779 1505 in
801 1452 1010 1508 nultum
1042 1465 1254 1508 tuorum
1279 1455 1559 1513 ulciscaris
1592 1456 1951 1511 inimicorum.
1995 1458 2065 1511 At

479 1539 573 1595 ille
603 1544 947 1612 respondens
998 1543 1056 1598 in
1106 1544 1292 1602 furore
1336 1546 1474 1601 dixit
1509 1566 1522 1602 :
1559 1546 1619 1601 Si
1647 1563 1920 1617 pepercere
1948 1548 2063 1602 cui-

479 1649 639 1702 quam
674 1636 935 1700 ipsorum,
982 1636 1083 1692 hoc
1116 1638 1170 1690 in
1215 1637 1331 1694 loco
1370 1638 1512 1692 Deus
1551 1656 1632 1693 me
1675 1639 1966 1711 demerget.
1996 1640 2063 1697 Et

478 1726 600 1780 sine
636 1729 881 1794 periculo
934 1729 1003 1785 ab
1050 1738 1190 1786 aestu
1250 1732 1347 1786 illo
1384 1733 1579 1799 exivit,
1619 1741 1675 1788 et
1721 1734 1968 1789 introivit
2008 1735 2059 1789 in

478 1817 789 1875 Danubium
846 1837 1089 1899 amnem.
1140 1823 1278 1880 Cum
1319 1833 1511 1880 autem.
1542 1826 1789 1883 misisset
1827 1827 2062 1897 Stepha-

477 1926 608 1969 num
641 1912 707 1973 ad
742 1912 1019 1971 Terbellin
1047 1914 1341 1989 dominum
1359 1914 1657 1988 Vulgarie,
1689 1927 1747 1973 ut
1770 1918 1876 1975 sihi
1909 1920 2064 1989 auxi-

474 2001 608 2057 lium
647 2014 932 2077 praastaret
965 2008 1032 2063 ad
1065 2008 1425 2066 obtinendum
1457 2011 1739 2078 parentale
1768 2010 2059 2085 imperium

479 2110 662 2161 suum,
692 2099 1012 2168 repromisit
1066 2102 1117 2156 ei
1170 2102 1408 2171 plurima
1441 2119 1501 2159 se
1539 2104 1680 2160 dona
1716 2104 1972 2159 daturum
2010 2116 2063 2179 et

477 2184 644 2243 ﬁliam
668 2188 786 2256 ejus
816 2192 871 2245 in
901 2193 1185 2248 mulierem
1215 2205 1569 2265 accepturum
1603 2196 1819 2266 ipsique
1851 2197 1905 2251 in
1929 2212 2066 2252 cun:-

476 2279 584 2335 ctis
615 2281 969 2339 obediturutu
1003 2294 1061 2353 ct
1097 2300 1527 2351 concursurum,
1560 2287 1922 2357 jurejurando
1949 2290 2065 2361 pol.-

478 2371 690 2429 licitus.
726 2373 846 2441 Quo
870 2375 963 2431 ille
990 2392 1116 2432 cum
1148 2377 1357 2448 ingenti
1387 2379 1596 2436 honore
1613 2391 2067 2450 suscepto,.com-

475 2473 664 2519 mevet
697 2467 1014 2523 universum
1051 2470 1157 2525 sibi
1215 2471 1565 2542 suppositum
1623 2474 1906 2545 populum,
1931 2474 2065 2531 Val.-

475 2569 670 2625 garnm
700 2559 938 2624 scilicet,
970 2569 1134 2632 atque
1177 2563 1432 2645 proximo
1458 2577 1606 2621 anno
1631 2564 1700 2623 ad
1744 2575 2062 2638 regnantem

476 2646 667 2702 urbem
697 2661 992 2707 venerunt.

545 2736 705 2794 Anno
761 2741 976 2810 imperii
1032 2743 1311 2800 Ahsimari
1373 2746 1612 2816 septimo
1671 2756 1927 2805 mortuus
1982 2758 2066 2805 est

473 2829 791 2888 Abimelech
811 2836 1052 2893 Arabum
1082 2839 1361 2909 princeps,
1387 2848 1442 2894 et
1476 2839 1889 2898 tennitYhaled
1922 2843 2065 2898 filius

473 2922 600 2991 ejus
631 2926 1000 2997 principatum
1034 2930 1266 2986 :eodem
1300 2947 1519 3002 quoque
1545 2948 1692 2991 anno
1725 2951 1850 2990 cum
1892 2934 2065 2991 lusti-

473 3013 676 3071 nianus
734 3017 800 3072 ad
868 3020 1073 3090 regiam
1128 3023 1408 3077 civitatem
1468 3026 1715 3083 venisset
1769 3043 1878 3082 una
1939 3043 2064 3085 cum

475 3104 713 3164 Terbelli
748 3122 803 3166 et
828 3113 1096 3183 subjectis
1126 3115 1482 3186 Vulgaribus,
1512 3127 1695 3175 castra
1724 3102 1961 3175 metatus
1983 3127 2067 3179 est

2169 620 2343 677 bravii
2374 622 2764 699 (75)calcavit,
2804 624 3060 680 universa
3108 623 3265 694 plebe
3296 626 3603 683 clamante:
3649 627 3755 683 δατ

2166 729 2259 781 per
2289 715 2525 786 aspidem
2562 728 2611 770 et
2648 715 2956 770 basiliscum
2990 716 3297 779 ascendisti,
3335 727 3385 774 et
3431 717 3761 774 conculcasti

2170 807 2370 875 leonem
2411 816 2462 861 et
2503 807 2815 863 draconem.
2848 806 2925 863 Et,
2963 808 3037 862 ita
3073 809 3175 867 hos
3224 809 3531 867 destinatos
3575 811 3632 866 in
3673 810 3759 873 vi?

2170 900 2323 953 vario
2354 898 2719 955 animantium
2762 900 2963 966 capitis
2990 900 3485 959 animadversione
3517 905 3756 973 punivit.

2168 987 2497 1044 Callinicum
2540 1003 2670 1043 vero
2715 990 3091 1059 patriarcham
3137 990 3335 1046 ablatis
3381 994 3562 1049 oculis
3608 996 3771 1065 apud.

2168 1076 2396 1132 Ruinam
2428 1079 2625 1135 exsilio
2664 1079 2946 1149 relegavit,
2980 1089 3035 1135 et
3066 1095 3169 1150 pro
3204 1097 3270 1137 eo
3305 1082 3535 1154 Cyrum,
3568 1085 3664 1153 qui
3701 1088 3755 1143 in

2138 1171 2347 1227 'insula
2397 1171 2579 1226 fuerat
2628 1172 2878 1228 inclusus
2912 1173 3276 1239 Amastridis,
3326 1183 3587 1246 tanquam
3626 1194 3754 1235 eum

2168 1262 2264 1332 qui
2309 1264 2776 1337 praenuntiaverat
2826 1264 2934 1321 sibi
2976 1267 3176 1333 prioris
3207 1268 3615 1327 restitutionem
3650 1270 3757 1329 im:

2169 1358 2329 1429 perii.
2352 1369 2705 1429 surrogatum
2736 1360 3008 1435 provexit.
3044 1361 3504 1435 lnnumerahilem
3536 1379 3757 1434 quoque

2170 1450 2619 1517 tntiltitudiuent,,
2644 1461 2752 1506 tam
2787 1468 2853 1506 ex
2888 1451 3038 1508 civili
3082 1468 3246 1521 quam
3284 1469 3359 1508 ex
3400 1454 3761 1511 militarica-

2168 1543 2369 1609 tatogo,
2421 1543 2683 1613 perdidit.
2738 1541 2941 1600 Multos
2992 1545 3266 1619 etiamin
3318 1559 3509 1601 saccos
3554 1547 3757 1617 missos

2164 1651 2354 1690 amara
2403 1635 2536 1690 fecit
2586 1644 2764 1691 morte
2809 1637 3016 1692 necari.
3061 1639 3214 1692 Alios
3244 1648 3473 1707 autem,
3519 1654 3641 1693 cum
3685 1640 3755 1699 ad

2166 1728 2474 1796 prandium.
2500 1728 2583 1784 vel
2633 1743 2850 1785 cuinam
2884 1730 3259 1797 accubitaret,.
3296 1747 3420 1785 mox
3471 1732 3755 1801 surgebat.

2166 1822 2364 1891 partim
2413 1822 2751 1891 suspendio,
2789 1823 2993 1893 partim
3032 1824 3313 1883 occisione
3353 1824 3767 1902 pendebatur}

2164 1913 2298 1968 hinc
2324 1929 2561 1986 magnus
2591 1917 2756 1973 timor
2782 1915 3097 1972 obtinuerat
3124 1932 3338 1973 omnes.
3368 1917 3513 1972 Misit
3545 1918 3755 1989 interea

2165 2005 2400 2062 classem
2449 2005 2517 2060 ad
2559 2007 2871 2071 ducendam
2904 2006 3238 2079 aChazaria
3293 2025 3514 2065 uxorem
3561 2026 3752 2074 suam,

2163 2107 2226 2154 et
2267 2099 2454 2163 multa
2504 2115 2629 2154 cum
2677 2102 2793 2156 suis
2839 2101 2981 2159 viris
3019 2101 3237 2171 scapha:
3281 2103 3544 2157 demersae
3597 2112 3754 2159 sunt.

2165 2188 2285 2257 Quo
2309 2191 2505 2245 audito.
2528 2193 2811 2261 chaganus
2844 2192 3135 2263 'signilicat
3167 2194 3216 2248 ei
3249 2194 3477 2252 dicens:
3516 2213 3535 2245 ι
3583 2193 3626 2250 Ο
3668 2197 3758 2248 in.-

2165 2293 2394 2351 scusate,
2428 2299 2599 2337 nonne
2628 2284 2902 2353 oportebat
2941 2292 2988 2337 te
3023 2283 3308 2339 iuduabus
3342 2286 3421 2339 uel
3441 2287 3606 2343 tribus
3632 2303 3759 2341 sca-

2164 2374 2281 2442 phis
2307 2375 2543 2443 accipere
2574 2374 2847 2429 mulierem
2874 2383 3045 2439 tuam,
3071 2384 3121 2430 et
3156 2393 3259 2430 non
3290 2386 3494 2431 tantum
3520 2379 3761 2433 occidere

2162 2465 2604 2522 multitudinem?
2641 2474 2723 2520 An
2765 2477 2923 2536 putas
2948 2466 3096 2537 quod
3123 2476 3173 2523 et
3209 2468 3344 2545 hanc
3384 2467 3558 2523 Marte
3582 2471 3759 2538 perci-

2160 2560 2328 2630 pias?
2356 2558 2491 2617 Ecce
2516 2558 2714 2629 peperit
2751 2561 2845 2613 tibi
2876 2568 2924 2614 et
2949 2560 3145 2628 ﬁlium.
3180 2559 3335 2614 Mitte
3362 2578 3482 2633 ergo
3504 2572 3551 2616 et
3582 2565 3760 2639 accipe

2167 2652 2310 2707 illos.
2367 2670 2387 2704 ι
2441 2654 2508 2704 At
2563 2644 2653 2707 ille
2710 2652 2883 2706 misso
2942 2652 3357 2723 Theophylacto
3414 2654 3759 2713 cubiculario

2164 2745 2328 2803 duxit
2363 2744 2710 2800 Theodoram
2740 2756 2795 2802 et
2826 2745 2996 2800 filium
3029 2745 3151 2815 ejus
3182 2745 3490 2813 Tiberium,
3513 2756 3573 2803 et
3599 2763 3757 2805 coro-

2158 2837 2322 2909 luavit
2353 2851 2468 2901 eos,
2498 2845 2550 2890 et
2584 2837 2929 2907 imperavere
2958 2838 3124 2892 simul
3157 2852 3282 2891 cum
3312 2838 3449 2907 ipso.

2237 2933 2400 2987 Anno
2445 2932 2663 3001 imperii
2710 2930 3011 2985 Justiniani
3060 2930 3304 2985 secundo
3343 2929 3581 2987 Joannes
3632 2927 3760 2985 llic-

2167 3026 2624 3095 rosolymitanus,
2686 3025 2779 3093 qni
2834 3039 2932 3095 per
2989 3023 3214 3093 triginta
3272 3039 3447 3077 annos
3501 3022 3759 3076 Ecclesiae

2171 3116 2428 3187 praal'uit‘,
2486 3115 2722 3170 habetur
2769 3116 3046 3179 antistes;
3092 3114 3394 3182 eodemque
3440 3129 3583 3166 anno
3618 3110 3761 3165 Vha-

476 3198 546 3251 ad
602 3212 816 3269 portam
862 3202 1077 3260 Charsii
1118 3214 1174 3261 et
1226 3223 1402 3279 usque
1457 3198 1809 3266 Blachernas.
1868 3212 1936 3265 Et
1967 3228 2060 3282 per
2087 3216 2131 3274 C
2164 3211 2240 3267 lid
2285 3210 2550 3281 surripuit
2593 3209 2883 3265 ecclesiam
2928 3209 3252 3264 catlmlirum
3297 3209 3544 3279 Damasci
3589 3209 3761 3264 livore

475 3298 591 3344 tres
634 3293 752 3349 dies
793 3296 1140 3366 alloquentes
1178 3313 1273 3354 eos
1307 3301 1400 3369 qui
1443 3310 1602 3356 erant
1646 3302 1700 3359 in
1753 3303 1911 3367 urbe,
1946 3319 2077 3361 ron.

400 3407 412 3420 -
474 3383 639 3440 viciis
667 3386 1178 3446 dehonestabantur
1224 3393 1293 3448 ab
1335 3394 1467 3459 illis,
1518 3395 1612 3464 qui
1654 3410 1844 3450 eorum
1877 3397 2071 3452 saltem

473 3490 578 3532 nec
619 3480 844 3536 verbum
879 3484 1266 3539 admittebant.
1294 3483 1365 3539 At
1393 3500 1527 3540 vero
1558 3483 1914 3545 Justinianus
1945 3504 2070 3545 cum

472 3566 670 3636 paucis
726 3572 1166 3638 contribulibns,
1226 3572 1370 3628 bello
1421 3585 1693 3645 excepto,
1740 3590 1838 3646 per
1886 3591 2072 3646 aquae-

473 3658 705 3717 ductum
750 3665 1037 3733 ingressus
1077 3673 1131 3721 et
1172 3668 1468 3729 tumultum
1514 3668 1768 3724 excitans
1814 3668 2074 3729 fodiendo

474 3754 668 3809 urbem
699 3757 961 3821 obtinuit,
1000 3767 1056 3813 et
1091 3767 1218 3828 post
1264 3759 1550 3829 paululum
1602 3762 1973 3835 tabernacula:
2015 3763 2071 3817 in

472 3847 680 3917 palatio
703 3846 1135 3906 Blaeheruarum
1168 3852 1422 3913 tetendit.
1983 3838 1987 3842 ﬂ

548 3937 784 4009 Imperat
828 3941 1016 4012 itaque
1056 3942 1240 3997 denuo
1283 3931 1547 3999 Romanis
1587 3943 1949 4004 Justinianus
1976 3963 2075 4003 an-

479 4031 569 4086 nis
618 4047 710 4087 sex
744 4048 760 4085 :
794 4033 1043 4088 Arabum
1099 4018 1230 4089 vero
1270 4035 1529 4106 princeps
1586 4036 1830 4097 efficitur
1876 4037 2073 4095 Vhalid

479 4121 641 4175 annis
683 4137 899 4177 novem.
929 4122 1584 4195 Constantinopolitanus
1632 4131 1928 4199 episc0pns
1979 4132 2076 4187 ha-

474 4207 635 4264 betur
659 4207 863 4280 Cyrus,
905 4211 1005 4283 qui
1044 4227 1139 4268 sex
1189 4212 1448 4284 praesedit
1486 4216 1646 4273 annis
1692 4214 1970 4293 Ecclesia);
2007 4218 2076 4274 de

475 4314 586 4369 quo
613 4300 833 4356 dicetur
863 4301 1119 4359 inferius.
1536 4332 1540 4337 ·
1589 4297 1613 4316 ⁶
1980 4379 1989 4387 ,

547 4393 721 4464 Igitur
753 4410 901 4450 anno
934 4396 1150 4465 imperii
1201 4399 1285 4453 sui
1336 4398 1519 4471 primo
1548 4399 1721 4469 idem,
1765 4419 1875 4474 quo
1907 4405 2078 4474 impe-

2176 3304 2441 3377 pestifero
2472 3304 2529 3358 in
2563 3300 2909 3356 Christianos
2942 3300 3153 3366 habito,
3188 3300 3507 3359 stimulatus
3538 3307 3761 3368 propter

2175 3396 2515 3452 eminentem
2551 3392 2688 3447 tanti
2736 3391 3183 3463 puchritudinem
3228 3391 3436 3461 templi,
3477 3399 3531 3444 et
3573 3390 3761 3458 prohi-

2174 3486 2297 3543 buit
2357 3485 2524 3541 scribi
2586 3481 2774 3539 Graece
2837 3482 3087 3552 publicos
3155 3480 3442 3550 logothesii
3498 3480 3755 3542 codices,

2172 3579 2275 3635 sed
2327 3579 2382 3634 in
2430 3577 2687 3633 Arabicis
2728 3575 2986 3629 annotari
3020 3575 3141 3629 sine
3185 3581 3465 3641 computo,
3498 3572 3760 3642 quoniam

2143 3672 2521 3744 .impossibile
2564 3679 2649 3724 est
2693 3669 2912 3724 illorum
2956 3667 3143 3738 lingua
3174 3664 3475 3720 .monadem
3509 3664 3588 3718 vel
3622 3663 3761 3717 dna-

2175 3764 2384 3818 litatem
2419 3770 2513 3817 aut
2545 3761 2845 3814 trinitatem
2874 3764 2966 3813 aut
2989 3765 3113 3811 octo
3137 3763 3190 3809 et
3221 3755 3506 3809 dimidium
3539 3764 3631 3807 ant
3659 3754 3762 3807 tria

2174 3855 2370 3920 scribi,
2404 3860 2630 3925 propter
2666 3849 2812 3921 quod
2848 3859 2911 3906 et.
2935 3863 3113 3921 usque
3145 3848 3306 3907 hodie
3347 3858 3477 3907 sunt
3510 3861 3635 3902 cum
3677 3845 3762 3903 eis

2153 3948 2385 4005 .notarii.
2406 3944 2731 4001 Christiani.

2249 4037 2435 4094 Mundi
2456 4052 2602 4092 anno
2619 4033 2783 4099 6200,
2808 4032 3011 4089 divina:
3033 4030 3435 4109 incarnationis
3467 4045 3610 4085 anno
3633 4028 3759 4094 700,

2178 4147 2326 4187 anno
2369 4128 2583 4199 imperii
2637 4127 2724 4182 sui
2779 4125 2946 4180 tertio
2993 4122 3336 4180 Justinianus
3385 4137 3569 4192 pacem
3620 4121 3765 4177 inter

2179 4224 2458 4291 Romanos
2485 4228 2536 4276 ct
2572 4218 2840 4291 Vulgares
2871 4218 3090 4282 evertit,
3124 4223 3178 4270 et
3206 4222 3490 4287 equestres
3532 4211 3763 4268 militias

2177 4318 2233 4373 iu
2287 4290 2557 4371 Thracem
2587 4313 2826 4368 transire
2866 4300 3087 4377 faciens
3115 4308 3391 4364 classibus
3429 4304 3769 4363 constructis

2178 4382 2373 4464 contra
2430 4405 2700 4478 Vulgares
2757 4415 2813 4460 et
2878 4401 3156 4458 Terbellin
3221 4398 3552 4471 properavit.
3622 4397 3761 4453 Cum

478 4486 620 4542 rium
642 4504 801 4543 suum
832 4490 1041 4560 recepit
1069 4487 1445 4556 Justinianus,
1473 4494 1647 4545 multa
1667 4494 1809 4548 dona
1837 4477 2073 4553 Terbell'i
2109 4558 2147 4566 __
2180 4510 2362 4555 autem
2407 4499 2650 4554 venisset
2701 4496 2769 4551 ad
2816 4497 3031 4566 ripam,
3060 4493 3338 4564 navigium
3377 4492 3596 4563 quidem
3636 4500 3767 4545 ante

474 4566 750 4643 tribuens,
798 4581 962 4636 simul
1016 4588 1070 4636 et
1115 4582 1319 4652 regalia
1375 4598 1532 4647 vasa,
1583 4584 1794 4641 dimisit
1840 4602 1966 4641 eum
2015 4588 2067 4645 in

2179 4605 2422 4663 castrum
2476 4592 2756 4662 applicare
2791 4589 2953 4653 fecit,
2984 4587 3199 4653 equites
3239 4601 3367 4640 vero
3410 4584 3464 4639 in
3513 4583 3764 4651 superio-
3802 4600 3809 4604 ‘

476 4689 629 4741 pare.
690 4673 963 4729 Creterum
1000 4675 1327 4732 Absimarus
1366 4677 1500 4732 urbe
1540 4678 1727 4732 relicta
1756 4679 2071 4749 Apollonia-

472 4764 597 4820 dem
636 4764 851 4836 fugiens
889 4768 1004 4821 adit
1038 4785 1051 4820 :
1101 4768 1501 4824 insecutionem
1547 4777 1732 4825 tamen
1774 4788 2068 4843 perpessus

471 4858 904 4926 apprehenditur
945 4867 1000 4914 et
1031 4859 1097 4914 ad
1139 4856 1512 4915 Jnstinianum
1562 4861 1873 4917 deducitur.
1904 4861 2077 4921 Porro

471 4949 764 5008 lleraclius
793 4968 821 5006 a
849 4951 1067 5008 Thrace
1100 4955 1317 5027 vinctus
1352 4954 1625 5013 adduetus
1664 4964 1750 5011 est
1791 4970 1914 5011 cum
1948 4973 2071 5012 om-

471 5046 637 5102 nibus
676 5044 771 5115 qui
806 5046 855 5101 ei
888 5044 1341 5123 opitulabantur;
1383 5061 1529 5115 quos
1568 5047 1621 5100 in
1669 5063 1826 5103 muro
1873 5034 2066 5111 omnes

473 5136 777 5209 suspendio
807 5135 1103 5192 interfecit.
1116 5135 1259 5211 Cum
1286 5146 1465 5192 autem
1494 5147 1548 5193 et
1574 5138 1642 5193 ad
1669 5137 2060 5196 Mediterranea

475 5231 834 5295 destinasset,
878 5232 1153 5303 plurimos
1183 5245 1251 5286 ex
1277 5230 1358 5305 eis
1400 5228 1675 5296 inventos,
1710 5242 1818 5286 tam
1847 5243 2063 5289 actores

2178 4686 2332 4742 ribus
2395 4684 2608 4755 eampis
2662 4683 2783 4738 sine
2841 4681 3093 4738 custodia
3145 4687 3200 4735 et
3252 4678 3399 4733 omni
3451 4676 3769 4746 suspicione

2140 4786 2360 4841 castra
2406 4777 2602 4843 metari
2653 4775 2930 4847 praecepit.
2977 4772 3187 4843 Populo
3235 4783 3415 4826 autem
3454 4772 3593 4825 sicut
3646 4767 3769 4822 ovi-

2177 4869 2278 4926 bus
2324 4885 2422 4940 per
2472 4883 2698 4937 campos
2752 4866 2826 4921 ad
2882 4864 3172 4936 legendum
3241 4862 3423 4921 fenum
3477 4862 3766 4935 disperso,

2172 4964 2435 5019 viderunt
2481 4962 2863 5031 exploratores
2911 4957 3424 5029 Vulgariae.vanam
3480 4953 3768 5008 Romano-

2175 5072 2305 5111 rum
2334 5038 2792 5126 dispositionem,
2834 5060 2900 5108 ct.
2937 5051 3249 5108 coacervati
3298 5032 3373 5105 ut‘
3403 5047 3529 5104 ferte
3577 5048 3767 5103 subito

2161 5151 2488 5211 irruerunt,
2536 5156 2590 5201 et
2630 5145 2983 5200 vehementer
3027 5150 3493 5215 consumpserunt
3538 5139 3767 5196 Romai-

2167 5259 2293 5299 cqu
2324 5240 2490 5305 ovile,
2520 5238 2748 5295 multam
2783 5235 3045 5306 praedam,
3079 5245 3137 5289 et
3171 5248 3344 5305 equos
3374 5238 3429 5286 et
3459 5247 3633 5296 arma,
3664 5244 3769 5289 ex'

473 5340 639 5396 quam
673 5326 938 5396 privatos,
981 5324 1237 5381 similiter
1276 5324 1576 5379 interemit.
1611 5325 1787 5380 Porro
1813 5326 2069 5382 Absima-
2168 5334 2341 5403 captis
2376 5332 2465 5385 his
2510 5329 2607 5400 qui
2652 5327 2919 5398 perempti
2975 5333 3136 5392 sunt,
3182 5320 3537 5392 accipientes.
3588 5319 3765 5376 Porro

478 5434 599 5473 Tum
653 5430 820 5489 atque
869 5416 1157 5473 Leonlium
1206 5418 1429 5473 Viﬂcws
1483 5416 1701 5473 catenis
1749 5433 1846 5488 per
1900 5424 2070 5472 lnlam
2169 5423 2519 5481 Justinianus
2552 5437 2675 5476 cum
2711 5421 2777 5475 ad
2813 5427 3055 5475 castrum
3110 5419 3342 5489 fugisset
3377 5430 3500 5469 cum
3550 5414 3634 5467 his
3666 5413 3763 5482 qui

480 5509 670 5566 urbem
734 5509 951 5581 pompis
1007 5509 1136 5565 fecit
1190 5510 1572 5568 dehonestari.
1631 5509 1887 5581 Cumque
1960 5510 2075 5563 ludi
2173 5526 2493 5579 evaserant,
2529 5529 2624 5584 per
2646 5521 2759 5566 tres
2790 5511 2910 5564 dies
2943 5517 3128 5580 portas
3164 5507 3366 5561 clausit
3388 5513 3441 5560 et
3476 5504 3766 5557 obseratas

479 5611 767 5674 equestres
821 5612 1120 5676 agerentur
1169 5605 1398 5676 ipseque
1464 5604 1519 5659 in
1582 5604 1722 5660 solio
1772 5602 2064 5668 resideret,
2176 5608 2389 5672 tenuit,
2443 5604 2743 5672 vidensque
2769 5600 3072 5671 Vulgarum
3112 5597 3597 5670 perseverantiam,
3648 5594 3769 5663 ipse

479 5696 628 5751 ducti
661 5706 792 5755 sunt
820 5699 1041 5770 publice
1067 5698 1227 5755 tracti
1256 5707 1314 5754 et
1337 5697 1568 5769 projecti
1606 5696 1764 5768 proni
1802 5696 1871 5751 ad
1899 5695 2068 5768 pedes
2172 5697 2387 5767 primus
2421 5694 2553 5766 equi
2584 5693 2674 5748 sui
2718 5704 2918 5747 nervos
2952 5687 3217 5743 incidens.
3232 5700 3430 5742 omnes
3473 5681 3529 5740 id
3582 5683 3765 5755 ipsum

555 5890 672 5966 (75)
726 5893 932 5961 Bravii,
979 5893 1155 5965 βατον.
1204 5891 1463 5949 Fortasse
1491 5890 1700 5961 legerat
1744 5888 2067 5945 Anastasius

2167 5885 2389 5941 παιδείου.
2415 5885 2509 5941 Est
2540 5889 2722 5939 autem
2753 5878 3004 5953 βραϐεῖον
3031 5875 3237 5949 palma.
