4100 6442
350 380 487 445 1345

1178 385 1551 445 HISTORIA
1596 380 2172 446 ECCLESIASTICA
2189 382 2299 445 ΕΧ
2332 382 2817 447 ΤΙΙΕΟΡΗΑΝΕ.

3496 385 3636 453 ωιθ

351 495 536 550 facere
581 493 769 564 jussit.
829 496 1015 551 Armis
1086 506 1264 553 autem
1328 498 1540 554 bellicis
1606 513 1771 567 supra
1829 512 1949 551 mu-
1980 501 2028 557 Α
2056 497 2250 553 horum
2297 497 2538 555 brachiis
2571 496 2771 554 vinctis
2804 496 2870 551 ad
2902 495 3018 552 lora
3052 497 3213 555 navis
3242 497 3553 568 alligantes,
3582 512 3636 558 et

346 603 470 641 rum
527 588 757 659 positis,
837 596 1001 643 noctu
1061 588 1128 644 ‘in
1202 592 1436 662 scaphas
1506 591 1812 647 ascendens
1863 590 1943 645 la-

349 688 528 755 tenter
587 680 930 746 enavigavit,
993 687 1048 735 et
1101 696 1228 735 cum
1281 681 1611 736 confusione
1666 680 1813 735 venit
1873 681 1940 734 ad

349 772 565 824 urbem.

416 861 577 914 Anno
618 859 833 931 imperii
860 854 1164 916 Iustiniani
1216 870 1413 932 quarto
1438 862 1737 916 exercitum
1772 859 1942 914 movit

343 947 643 1007 Masalmas
714 955 979 1007 adversus
1040 964 1334 1024 tyrannum
1402 963 1627 1023 propter
1683 953 1939 1022 indigna-

344 1048 551 1097 tionem
604 1044 878 1097 exercitus
929 1057 1036 1095 una
1079 1058 1203 1097 cum
1267 1042 1525 1096 Mauhina
1583 1058 1682 1113 per
1736 1040 1940 1095 Mauri-

344 1134 571 1188 nianum
622 1134 840 1200 occisi;
890 1142 944 1188 et
996 1134 1138 1187 hanc
1199 1133 1513 1189 obsidentes
1556 1135 1941 1190 hiemavernnt

342 1230 575 1284 ibidem.
648 1226 729 1282 Ad
799 1242 941 1296 quos
1011 1222 1181 1280 mittit
1238 1224 1543 1296 imperator
1598 1226 1743 1281 duos
1801 1242 1941 1296 pra:-

343 1335 534 1384 tores,
594 1319 945 1374 Theodorum
1010 1315 1369 1372 Carterucam
1419 1326 1475 1372 et
1514 1315 1935 1388 Tlieopltilat.ttm

340 1410 604 1478 Saliban,
662 1427 788 1468 cum
832 1411 1078 1465 exercitu
1132 1419 1187 1464 et
1247 1409 1453 1481 agresti
1516 1412 1717 1481 populo
1766 1412 1937 1465 rusti-

336 1526 468 1563 cam
541 1520 765 1576 operam
835 1505 1033 1559 daturo
1105 1501 1173 1556 ad
1246 1502 1635 1556 debellandum
1706 1518 1801 1558 eos
1881 1511 1937 1557 et

340 1599 772 1670 insequendum.
830 1596 937 1666 Ipsi
985 1610 1117 1649 vero
1165 1592 1231 1647 ad
1285 1594 1697 1647 contentionem
1746 1592 1800 1645 in
1855 1590 1936 1645 al-

336 1702 614 1747 terutrum
645 1690 946 1751 venientes,
987 1698 1041 1740 et
1072 1684 1383 1739 inordinate
1414 1686 1467 1738 in
1500 1699 1596 1740 eos
1622 1681 1932 1755 'congressi.

338 1791 651 1843 \ertuntur,
716 1788 771 1833 et
825 1778 991 1831 multa
1025 1778 1193 1831 millia
1257 1775 1565 1846 perierunt,
1623 1783 1677 1829 et
1734 1774 1932 1844 Captivi

335 1874 497 1927 multi
548 1873 697 1926 ducti
749 1877 899 1926 sunt.
951 1871 1017 1922 At
1077 1869 1152 1922 illi
1205 1867 1429 1922 sarcina
1478 1882 1667 1922 eorum
1701 1874 1756 1922 et
1787 1866 1929 1922 escis

333 1963 582 2033 abreptis
643 1962 1018 2025 obsederunt,
1086 1973 1379 2029 quousque
1435 1958 1713 2012 civitatem
1770 1972 1930 2026 cepe-

330 2064 473 2109 runt
538 2070 553 2108 :
609 2054 925 2110 defecerant
976 2054 1123 2108 enim
1180 2053 1291 2106 illis
1348 2066 1512 2115 escae,
1573 2064 1639 2105 ac
1690 2065 1785 2119 per
1825 2049 1929 2104 hoc

338 2147 613 2202 recesSnri
659 2154 840 2201 erant.
911 2144 1085 2198 Porro
1146 2144 1245 2198 viri
1311 2141 1629 2214 Tyanenses
1675 2142 1761 2196 his
1795 2141 1929 2197 visis

330 2236 615 2305 desperati
656 2233 991 2306 acceperunt
1019 2236 1247 2291 verbum
1280 2233 1656 2289 indemnitatis
1694 2246 1826 2297 suae,
1874 2238 1930 2286 et

329 2330 591 2383 exierunt
651 2330 719 2383 ad
784 2344 911 2392 eos,
981 2336 1036 2383 et
1097 2327 1362 2382 derelicta
1433 2337 1519 2381 est
1580 2325 1777 2380 civitas
1833 2324 1928 2379 de-

330 2429 486 2476 serta
554 2436 729 2491 usque
800 2422 853 2473 in
928 2431 1254 2490 praesentem
1318 2418 1487 2473 diem.
1563 2417 1763 2471 Verum
1848 2414 1927 2470 illi

329 2526 448 2566 non
496 2521 781 2566 servantes
830 2511 1057 2564 verbum
1127 2508 1228 2564 hos
1291 2508 1347 2562 in
1416 2522 1659 2562 eremum
1709 2505 1927 2561 exsules

322 2604 807 2667 transmiserunt,
874 2614 929 2659 et
997 2603 1204 2657 multos
1268 2616 1335 2656 ex
1394 2601 1481 2657 his
1543 2615 1733 2657 servos
1790 2600 1926 2655 reti-

326 2704 597 2748 nuerunt.

406 2784 594 2839 Mundi
646 2800 793 2840 anno
835 2784 1018 2852 6202,
1076 2785 1273 2840 divinae
1332 2783 1726 2839 incarnationis
1779 2796 1926 2837 anno

328 2876 474 2945 702,
524 2893 669 2934 anno
715 2894 847 2934 vero
893 2879 1106 2950 imperii
1157 2878 1456 2933 Iustiniani
1513 2880 1709 2948 quinto
1754 2878 1926 2929 movit

326 2972 638 3027 eaercitum
679 2971 828 3027 Abas
868 2980 1063 3026 contra
1111 2972 1472 3034 Romaniam,
1522 2980 1577 3033 et
1627 2971 1817 3025 multis
1868 2971 1924 3025 in

325 3068 706 3137 captivitatem
738 3066 921 3121 ductis
962 3063 1145 3130 rediit,
1174 3071 1230 3118 et
1266 3066 1434 3135 cmpit
1464 3064 1739 3120 aediﬁcare
1764 3060 1924 3118 Garis

325 3159 388 3215 in
426 3160 647 3230 regione
674 3159 965 3228 Eupolcos.

400 3251 562 3305 Anno
604 3250 821 3320 imperii
855 3247 1157 3306 Justiniani
1202 3256 1358 3306 sexto
1396 3246 1568 3303 movit
1617 3248 1919 3303 exercitum

327 3338 576 3397 Utlnnan
621 3348 811 3394 contra
863 3339 1152 3409 Ciliciam,
1207 3351 1263 3397 et
1307 3342 1483 3394 multa
1523 3348 1706 3393 castra
1755 3341 1923 3394 verbo

326 3431 563 3502 accepit.
601 3429 883 3487 Proditum
925 3443 1108 3488 autem
1140 3439 1226 3488 est
1257 3432 1306 3487 ei
1342 3440 1396 3487 et
1426 3430 1762 3486 Camachum
1793 3446 1919 3485 cum

318 3510 716 3593 adiacentibus
762 3524 868 3580 sibi
915 3524 1079 3581 locis.
1129 3523 1342 3579 lnterea
1389 3521 1738 3578 Justinianus
1780 3521 1922 3577 stolo

312 3618 555 3686 copioso
581 3624 795 3671 armato
822 3616 1067 3670 Maurum
1094 3615 1385 3685 patricium
1418 3614 1569 3668 misit
1583 3613 1918 3669 Chersonem

325 3725 439 3762 una
474 3724 600 3763 cum
648 3708 930 3778 Stephano
973 3707 1204 3779 patricio
1247 3714 1616 3777 cognomento
1646 3704 1917 3768 Asmicto,

318 3799 599 3854 malorum
655 3798 918 3853 memoria
971 3811 1275 3853 succensus
1344 3796 1779 3865 insidiarumque
1831 3808 1921 3848 re-

317 3890 592 3948 cordatus
638 3899 832 3945 contra
880 3904 939 3944 se
986 3903 1016 3942 a
1054 3888 1580 3944 Cbersonitensibus
1629 3895 1685 3941 et
1727 3904 1756 3939 a
1806 3887 1916 3939 Bo-

323 3983 828 4056 sphorianensihus
856 3999 921 4038 ac
951 3982 1179 4052 reliquis
1208 3982 1536 4037 'clirnatibns
1576 3981 1919 4045 effectarum,

321 4080 523 4133 omnes
566 4092 735 4132 naves
760 4117 775 4143 ,
817 4077 1114 4132 dromones
1150 4076 1433 4137 videlicet,
1477 4078 1675 4131 trieres
1705 4082 1760 4129 et
1799 4091 1923 4130 sca-

322 4171 501 4243 phas,
557 4171 833 4226 chimeras
890 4186 956 4224 ac
1012 4170 1205 4224 lintres
1254 4185 1429 4239 usque
1483 4170 1548 4224 ad
1596 4169 1917 4235 chelandia,

324 4280 427 4334 per
479 4263 829 4317 collationem
887 4262 955 4316 ab
1009 4277 1341 4332 unoquoque
1399 4262 1767 4316 habitantium
1827 4278 1923 4316 ur-

325 4360 491 4422 bem,
542 4367 863 4412 senatorum
927 4355 1141 4409 scilicet
1201 4362 1257 4409 et
1303 4354 1804 4424 ergasteriacorum
1866 4360 1921 4409 et

325 4452 667 4522 plebeiorum
689 4465 754 4504 ac
783 4449 966 4505 omnis
988 4446 1176 4511 ollieii,
1218 4447 1465 4519 collegit.
1491 4446 1704 4514 Quibus
1733 4447 1923 4503 missis

2046 590 2325 662 lapidibus
2354 593 2495 645 hanc
2531 589 2844 660 implentcs,
2870 584 2931 643 in
2965 588 3300 660 profundum
3342 592 3631 650 miserunt.

2045 681 2141 738 His
2180 692 2362 739 autem
2393 680 2739 738 Justinianus
2768 681 3088 752 compertis,
3136 697 3235 752 pro
3277 682 3456 739 salute
3500 700 3637 754 puc-

2044 790 2228 830 rormn
2271 777 2525 842 saeviens,
2560 774 2729 846 jussit
2765 790 2860 829 eos
2890 774 2958 829 ad
2998 791 3059 830 se
3103 776 3434 845 quantocius
3472 776 3639 832 adve-

2044 867 2182 922 nire.
2234 868 2369 923 Cnm
2416 877 2601 923 autem
2656 866 2837 922 stolus
2893 882 3080 922 mense
3140 864 3404 922 Octobrio
3452 882 3634 923 morus

2041 973 2095 1015 et
2152 961 2204 1014 in
2260 961 2450 1030 pelago
2504 974 2922 1032 prmoccnpatns
2977 968 3125 1016 esset
3191 961 3244 1014 in
3307 961 3446 1017 astri
3506 974 3631 1016 ortu

2040 1052 2185 1122 quod
2237 1052 2436 1106 Artnra
2486 1051 2723 1118 dicitur,
2785 1067 2923 1122 pene
2984 1061 3133 1108 totus
3184 1050 3473 1109 demersus
3522 1063 3627 1109 est.

2042 1144 2187 1199 Sane
2226 1153 2520 1199 numerata
2562 1154 2691 1199 sunt
2723 1159 2916 1200 eorum
2949 1146 3041 1213 qui
3080 1145 3371 1216 naufragio
3416 1146 3631 1214 periere

2040 1236 2213 1289 millia
2268 1237 2617 1305 septuaginta
2667 1236 2790 1290 tria.
2852 1237 2923 1290 At
2982 1251 3112 1291 vero
3142 1235 3491 1292 Justinianns
3545 1238 3631 1291 his

2038 1327 2242 1397 agnitis
2286 1343 2396 1381 non
2445 1335 2530 1382 est
2582 1330 2864 1392 tristatus,
2899 1328 3029 1397 quin
3070 1328 3253 1397 potius
3292 1329 3496 1396 gaudio
3542 1346 3631 1384 rc-

2036 1419 2237 1487 pletus.
2280 1414 2349 1472 Et
2379 1419 2693 1489 huiusmodi
2747 1420 2928 1473 adhuc
2970 1420 3209 1474 vesania:
3252 1418 3489 1486 deditus,
3519 1423 3634 1474 cla-

2036 1528 2189 1566 more
2235 1527 2432 1582 magno
2461 1513 2727 1567 minitans
2764 1513 2959 1567 iterum
2992 1512 3159 1566 alium
3201 1516 3403 1567 stolum
3438 1514 3629 1579 mittit,

2035 1612 2089 1657 ct
2149 1606 2294 1659 arari
2364 1614 2529 1675 atque
2585 1605 2653 1660 ad
2718 1606 3093 1675 pavimentum
3148 1605 3631 1673 illidi.,universrs

2036 1714 2209 1770 usque
2231 1699 2297 1753 ad
2331 1699 2664 1767 mingentem
2696 1698 2770 1753 ad
2805 1700 3068 1768 parietem
3092 1699 3284 1768 jussit.
3316 1699 3631 1756 Audierunt

2033 1790 2151 1845 btec
2181 1790 2274 1859 qui
2305 1801 2466 1845 erant
2505 1807 2571 1845 ex
2617 1791 2814 1847 castris
2859 1791 2990 1858 illis,
3027 1800 3080 1845 et
3121 1806 3244 1846 sese
3284 1791 3625 1859 munierunt,

2033 1886 2322 1952 coactique
2364 1892 2560 1936 contra
2599 1884 2987 1952 imperatorem
3026 1898 3219 1951 sapere
3255 1882 3527 1939 miserunt
3556 1885 3626 1938 ad

2031 1974 2341 2044 cbaganum
2398 1974 2453 2029 in
2507 1973 2864 2038 Chazariam,
2918 1982 3175 2043 petentes
3238 1975 3498 2044 populum
3556 1977 3626 2031 ad

2029 2065 2337 2121 custodiam
2381 2064 2490 2119 sui.
2531 2062 2736 2120 Verum
2787 2063 2932 2119 inter
2978 2064 3094 2121 hare
3142 2065 3373 2139 erigitur
3420 2075 3475 2121 et
3516 2062 3626 2122 ilc-

2030 2159 2131 2214 iias
2174 2157 2492 2229 spatharius
2541 2169 2593 2212 et
2634 2156 2912 2211 Bardanes
2955 2157 3137 2222 exsul,
3203 2157 3297 2227 qui
3338 2165 3475 2213 tunc
3502 2156 3626 2213 fue-

2029 2261 2116 2307 rat
2163 2267 2191 2305 a
2241 2249 2593 2321 Cephallenia
2648 2262 2936 2303 revocatus
2990 2258 3217 2317 eratque
3270 2264 3394 2303 eum
3440 2249 3625 2304 classe

2030 2346 2175 2419 apud
2241 2342 2601 2397 Chersonem.
2656 2338 2830 2395 Porro
2889 2341 3191 2408 imperator
3247 2338 3333 2394 his
3387 2341 3624 2417 cognitis

2029 2435 2181 2490 misit
2235 2449 2360 2488 cum
2426 2434 2615 2504 paucis
2675 2431 3040 2487 dromonibus
3095 2430 3388 2503 Georgium
3450 2432 3621 2500 patri-

2029 2525 2173 2579 cium
2200 2534 2564 2591 cognomento
2589 2519 2813 2593 Syrum,
2836 2531 2894 2576 et
2920 2521 3232 2592 generalem
3261 2522 3623 2593 logothetam,

2027 2624 2081 2670 et
2109 2612 2373 2669 Joannem
2424 2612 2761 2684 praefectum,
2806 2621 2974 2683 atque
3006 2611 3469 2684 Christophorum
3506 2623 3624 2671 tur-

2029 2707 2289 2761 marchen
2344 2705 2745 2758 Thracensium
2794 2719 2922 2758 cum
2981 2712 3289 2760 tercentum
3355 2708 3622 2774 armatis,

2028 2799 2253 2855 tradens
2292 2798 2375 2853 eis
2422 2795 2719 2851 Tudunum
2771 2812 2836 2851 ac
2876 2795 3143 2853 Zohelum
3168 2839 3185 2865 ,
3233 2798 3324 2869 qui
3359 2798 3625 2854 deberent

2026 2887 2295 2943 Chersoni
2337 2886 2581 2953 restitui,
2624 2887 2931 2942 secundum
2974 2886 3124 2958 quod
3168 2898 3329 2942 antea
3378 2886 3622 2958 fueran’t,

2026 2980 2095 3035 ad
2151 2981 2417 3034 rationem
2469 2978 2806 3035 reddendam
2856 2979 3106 3049 chagano
3165 2995 3261 3049 per
3313 2980 3620 3051 apocrisia-

2026 3076 2206 3138 rium,
2259 3070 2656 3142 ducendosque
2703 3070 2773 3125 ad
2821 3086 2882 3125 se
2934 3069 3144 3124 Heliam
3202 3080 3366 3143 atque
3414 3071 3623 3127 Barda-

1951 3184 1994 3243 ο
2027 3165 2201 3221 nium.
2249 3162 2461 3230 Quibus
2508 3163 2983 3218 transmeantibus
3020 3163 3079 3219 in
3126 3163 3488 3233 Chersonem,
3532 3167 3622 3222 his
3662 3224 3669 3231 ,

2023 3259 2364 3315 Chersonita:
2424 3257 2693 3312 rationem
2750 3246 2980 3312 reddere
3028 3254 3307 3326 dedignati
3357 3269 3506 3313 sunt.
3563 3256 3623 3313 In

2022 3351 2327 3405 crastinum
2373 3363 2502 3403 vero
2545 3350 2694 3404 solos
2738 3347 2842 3405 bos
2884 3349 3032 3405 cives
3079 3350 3291 3422 ingredi
3340 3351 3622 3405 exhortati

2023 3451 2211 3512 portas
2271 3439 2629 3504 clauserunt,
2689 3447 2745 3495 et
2809 3441 3122 3511 generalem
3183 3441 3404 3511 quidem
3466 3443 3623 3516 logo-

2022 3534 2233 3588 thetam
2303 3548 2411 3586 una
2460 3548 2587 3587 cum
2653 3531 2913 3602 praefecto
2979 3532 3163 3602 gladip
3236 3533 3619 3601 trucidarunt,

2022 3624 2315 3680 Tudunum
2343 3640 2473 3678 vero
2494 3637 2621 3677 cum
2656 3622 2864 3678 Zohelo
2886 3631 2940 3678 et
2972 3624 3086 3694 jam
3120 3623 3269 3678 dicto
3302 3623 3620 3682 turmarcba

2023 3733 2132 3773 una
2183 3732 2309 3771 cum
2356 3696 2620 3770 trecentis
2660 3713 2928 3769 militibus
2975 3713 3243 3769 Chazaris
3278 3715 3619 3771 tradiderunt

2021 3816 2076 3864 et
2122 3807 2193 3862 ad
2229 3806 2538 3877 ehaganum
2584 3805 2803 3861 mittere
2848 3814 3205 3864 curaverunt.
3252 3805 3488 3863 Tuduno
3519 3825 3623 3862 an-

2023 3907 2131 3955 tem
2174 3901 2228 3954 in
2274 3899 2468 3954 itinere
2516 3906 2759 3962 mortuo,
2814 3897 3046 3953 Chazari
3101 3900 3157 3952 in
3206 3898 3615 3973 susceptionem

2020 4000 2146 4046 cum
2169 3991 2491 4047 occiderunt
2518 3989 2861 4045 turmaehem
2897 4006 3003 4044 una
3039 4004 3163 4045 cum
3190 3991 3296 4046 300
3328 3993 3617 4048 militibus.

2023 4082 2179 4139 Tunc
2238 4083 2295 4137 hi
2339 4084 2435 4155 qui
2482 4082 2780 4138 Chersonis
2831 4074 2995 4139 erant
3046 4092 3481 4156 ceterorumque
3527 4103 3620 4142 ca-

2024 4184 2293 4241 strorum,
2344 4173 2660 4231 Iustiniano
2690 4175 2908 4245 quidem
2946 4177 3090 4230 mala
3140 4176 3427 4248 imprecati
3464 4187 3615 4246 sunt,

2021 4266 2355 4322 Bardanium
2413 4283 2545 4323 vero
2609 4264 3008 4337 Philippicum,
3079 4268 3175 4339 qui
3250 4268 3367 4323 illic
3440 4269 3619 4328 fuerat

2020 4361 2217 4415 exsilio
2268 4361 2563 4429 relegatus,
2608 4357 2772 4412 etiam
2818 4366 2875 4412 ut
2921 4356 3313 4427 imperatorem
3359 4359 3616 4416 laudibus

2023 4454 2362 4508 extulerunt.
2414 4450 2509 4506 llis
2550 4451 2849 4520 compertis
2888 4446 3269 4516 Justinianus,
3310 4459 3365 4506 et
3405 4466 3618 4522 peram-

236 4588 253 4595 -
326 4543 590 4614 pmcepit
633 4557 826 4598 omnes
870 4543 1181 4597 habitantes
1227 4541 1282 4595 in
1331 4542 1531 4596 castris
1580 4540 1689 4596 illis
1735 4541 1917 4612 gladio
1948 4533 1993 4589 Ι)
2023 4544 2167 4614 plius
2225 4544 2538 4607 insaniens,
2590 4541 2731 4597 filios
2763 4540 2982 4611 quidem
3039 4539 3205 4596 Heliae
3251 4543 3517 4613 spatharii
3558 4545 3615 4601 in

322 4636 640 4690 interﬁcere
682 4642 737 4691 et
781 4634 1056 4700 neminem
1105 4634 1416 4699 vivificare,
1477 4633 1698 4713 tradens
1736 4634 1819 4689 eis
1858 4641 1909 4688 et

319 4728 541 4784 Heliam
600 4728 962 4800 spatharium,
1013 4730 1105 4799 qui
1159 4729 1385 4785 deberet
1438 4729 1698 4798 princeps
1735 4726 1912 4783 Cher-

318 4821 480 4875 sonis
549 4820 833 4875 constitui.
904 4819 1011 4886 Qui
1084 4819 1421 4876 Chersonem
1492 4819 1909 4890 pervenientes,

317 4912 548 4966 nemine
594 4910 698 4967 sibi
735 4911 1049 4977 resistente,
1091 4922 1273 4966 castra
1314 4922 1577 4982 ceperunt
1622 4922 1677 4965 et
1719 4926 1912 4965 omnes

280 5002 527 5083 gladio.
559 5003 999 5069 interfecerunt,
1050 5004 1298 5075 exceptis
1343 5003 1680 5068 infantibus,
1726 5011 1913 5073 utpote

319 5094 572 5167 parvulis
617 5097 703 5150 bis
753 5106 1041 5166 parcentes
1098 5106 1151 5150 et
1202 5096 1306 5150 sibi
1361 5098 1461 5150 hos
1512 5096 1567 5150 in
1624 5096 1909 5150 servitium

318 5200 693 5245 reservantes.
740 5188 1032 5245 Tudunum
1078 5200 1260 5243 autem
1308 5189 1613 5259 principem
1666 5187 1910 5243 Cherso—

316 5284 446 5348 nis,
490 5285 581 5352 qui
615 5293 674 5336 ut
718 5299 787 5337 ex
835 5298 1072 5355 persona
1109 5281 1343 5351 cliagani
1382 5291 1526 5347 erat,
1564 5289 1618 5336 et
1661 5278 1909 5344 Zoelum,

313 5376 418 5444 qui
452 5390 518 5429 cx
570 5374 709 5429 linea
748 5382 801 5428 et
844 5390 1045 5445 genere
1081 5374 1292 5445 primus
1324 5373 1526 5428 civium
1580 5372 1910 5437 habebatur,

313 5481 488 5537 atque
548 5468 686 5522 alios
742 5467 1109 5538 quadraginta
1172 5465 1417 5520 illustres
1478 5480 1576 5521 seu
1638 5466 1912 5534 primores

310 5560 624 5616 Chersonis
681 5576 788 5617 una
841 5576 965 5614 cum
1019 5559 1220 5615 familia
1262 5561 1524 5631 ipsorum
1581 5559 1797 5613 vinctos
1845 5558 1913 5612 ad

314 5655 712 5721 imperatorem
759 5646 1052 5706 miserunt.
1098 5648 1253 5707 Alios
1287 5665 1422 5706 vero
1451 5656 1659 5719 septem
1695 5664 1760 5704 ex
1802 5649 1913 5719 pri-

311 5743 571 5801 moribus
600 5740 901 5800 Chersonis
945 5743 999 5799 in
1046 5744 1286 5799 verubus
1326 5742 1521 5814 ligneis
1569 5741 1680 5812 igni
1735 5740 1914 5811 appli-

310 5841 515 5890 cantes
547 5838 907 5901 assavcrunt;
946 5833 1084 5889 alios
1118 5834 1283 5889 etiam
1320 5831 1509 5905 viginti
1541 5836 1666 5901 post
1696 5837 1910 5901 tergum

2020 4635 2213 4689 matris
2282 4637 2406 4688 sinu
2464 4633 2734 4704 peremit,
2797 4635 2939 4686 hanc
3002 4640 3184 4686 autem
3232 4634 3413 4704 coegit
3472 4650 3615 4690 con-

2009 4723 2166 4794 jungi
2198 4724 2422 4794 proprio
2447 4739 2649 4795 coquo,
2685 4723 2780 4794 qui
2809 4728 2927 4776 erat
2959 4710 3161 4791 genere
3191 4720 3380 4780 Indus.
3412 4725 3616 4799 Sicque

2019 4817 2129 4869 alio
2177 4816 2394 4887 navigio
2436 4822 2762 4870 constructo
2808 4812 3055 4868 Maurum
3086 4816 3380 4887 patricium
3418 4815 3612 4873 Besum

2016 4907 2238 4978 dirigit,
2319 4908 2539 4963 traditis
2591 4908 2641 4964 ei
2691 4909 2759 4963 ad
2812 4910 3097 4964 civitatum
3150 4913 3612 4983 expugnationem

2020 5004 2292 5058 machinis
2327 5011 2383 5057 ct
2413 5003 2586 5057 ariete
2615 4998 2879 5075 omnique
2923 5002 2991 5058 ad
3037 5003 3188 5059 urbis
3222 5005 3611 5061 exterminium

2015 5095 2407 5161 instrumento,
2439 5093 2710 5150 mandans
2736 5096 2813 5149 illi
2847 5111 3033 5150 muros
3062 5096 3283 5165 quideni
3312 5096 3611 5153 Cherson'zs

2015 5202 2345 5256 omnemque
2384 5187 2576 5241 urbem
2627 5187 2695 5243 ad
2743 5194 2946 5242 terram
2984 5195 3351 5256 prosternere,
3402 5188 3608 5242 nullam

2014 5294 2146 5334 vero
2186 5280 2423 5332 animam
2472 5295 2541 5333 ex
2582 5280 2703 5351 ipsa
2741 5280 3042 5342 vivificare,
3093 5278 3456 5351 crebriusque
3486 5297 3610 5350 qua:

2015 5387 2047 5426 a
2102 5386 2165 5426 se
2225 5378 2535 5440 agerentur
2590 5370 3042 5441 suggestionibus
3127 5352 3406 5424 intimare.
3494 5367 3608 5425 lioc

2015 5472 2202 5517 autem
2247 5472 2658 5529 transmeante,
2712 5477 2918 5532 perque
2969 5462 3193 5515 arietem
3245 5469 3452 5515 turrem
3486 5476 3609 5532 qua:

2014 5555 2308 5612 dicebatur
2361 5555 2767 5618 Centinarisia,
2822 5553 2988 5608 simul
3038 5561 3094 5608 et
3138 5555 3441 5625 proximam
3484 5554 3608 5625 eius

2014 5645 2304 5718 Syagrium
2346 5656 2593 5701 vocatam
2655 5646 2986 5716 deponenlc,
3046 5643 3419 5716 Chazarisque
3479 5663 3608 5717 pet-

2019 5740 2370 5796 vcnicntibus
2419 5736 2580 5796 facta:
2622 5746 2750 5795 sunt
2800 5730 3036 5794 induciae
3085 5736 3237 5794 belli.
3296 5736 3605 5793 Dardanius

2017 5840 2198 5907 autem
2250 5831 2485 5906 fugiens
2519 5833 2585 5889 ad
2637 5834 2943 5905 chaganum
2996 5832 3275 5906 pergebat.
3306 5830 3441 5887 Cum
3474 5845 3604 5887 vero
