4100 6418
526 400 659 465 1347

1625 390 2026 451 ANASTASII
2076 384 2710 450 BIBIJOTHECARII

3673 383 3804 450 1348

522 514 778 574 inefﬁcax
823 514 1001 571 stolus
1046 513 1280 569 eﬂ'ectns
1320 502 1389 564 ad
1432 506 1822 579 imperatorem
1879 518 2127 562 remeare
2152 517 2205 568 Α
2233 513 2299 560 Μ
2346 506 2425 559 ait
2474 504 2799 558 inclausus:
2852 490 2914 555 Si
2969 494 3112 554 Deus
3156 499 3331 569 jubet,
3382 510 3437 553 tu
3471 500 3804 570 quamobrem

522 613 706 666 minus
737 608 992 673 auderet,
1012 603 1391 660 Iustinianum
1414 599 1639 671 quidem
1670 596 1944 655 exsecrati
1970 602 2123 669 sunt,

523 699 858 756 ltardanium
916 706 1100 751 autem
1166 700 1224 750 ut
1273 692 1671 764 imperatorem
1727 700 1782 747 et
1841 689 1947 761 ipsi
2005 687 2128 744 lau-

521 796 685 849 dibus
748 791 1091 847 extulerunt.
1147 787 1419 841 Praeterea
1475 784 1759 855 petierunt
1803 794 1835 836 a
1877 783 2127 854 chagano

526 885 610 941 uti
663 886 823 940 daret
867 880 973 938 sibi
1028 879 1426 950 Philippicum.
1473 868 1651 931 Porro
1700 875 1953 945 chagano
1992 886 2119 929 ver-

524 981 652 1033 bum
705 976 776 1030 ab
833 974 946 1030 illis
996 974 1275 1044 exigente,
1333 982 1403 1025 ne
1452 969 1786 1040 proderetur
1830 967 1901 1021 ab
1941 964 2026 1021 eis
2073 971 2153 1019 et'

521 1066 832 1125 deferretur
877 1067 929 1123 ei
977 1080 1077 1137 per
1124 1074 1575 1134 unumquemque
1619 1062 1798 1116 virum
1850 1060 2126 1114 nomisma

524 1173 733 1225 unum,
775 1158 855 1215 illi
910 1159 1172 1229 protinus
1210 1155 1298 1211 his
1340 1156 1487 1210 datis
1524 1156 1863 1224 acceperunt
1910 1146 2127 1218 Philip-

523 1259 710 1321 picqu
768 1255 1189 1323 imperatorem.
1241 1242 1378 1305 Cum
1444 1259 1629 1303 autem
1686 1242 1886 1302 classis
1941 1252 2127 1298 mora-

523 1356 680 1402 rctur
725 1352 781 1401 et
837 1345 1127 1416 suggestio
1190 1344 1339 1397 nulla
1401 1342 1654 1406 veniret,
1715 1339 1893 1394 sensit
1950 1332 2129 1391 Justi—

525 1442 727 1493 manus
780 1451 1031 1506 causam,
1083 1437 1435 1507 sumptisque
1481 1448 1668 1490 secum
1707 1432 1793 1488 bis
1834 1433 1929 1503 qui
1968 1438 2128 1485 erant

519 1527 762 1597 Obsicii,
822 1536 878 1585 et
936 1537 1093 1601 parte
1137 1526 1663 1593 Thracesiensium,
1720 1523 1975 1580 ascendit
2028 1537 2125 1578 us-

523 1639 631 1692 que
693 1618 954 1691 Sinopem
1011 1621 1083 1675 ad
1139 1620 1406 1676 discenda
1465 1630 1590 1688 quae
1647 1615 1947 1671 Chersonte
2010 1612 2130 1668 fue-

521 1722 650 1768 rant
705 1722 883 1784 geSta.
926 1708 1176 1783 Cumque
1218 1712 1534 1766 intueretur
1576 1705 1875 1763 interiores
1913 1712 2125 1777 partes,

523 1807 673 1862 videt
731 1806 969 1861 classem
1029 1806 1097 1859 ad
1146 1805 1338 1859 urbem
1388 1803 1511 1856 vela
1570 1808 1882 1855 moventem
1913 1838 1928 1862 ,
1981 1796 2131 1851 fren-

517 1898 772 1970 densque
830 1905 888 1952 ut
933 1898 1053 1964 leo,
1103 1908 1160 1951 et
1212 1897 1330 1968 ipse
1378 1894 1446 1950 ad
1500 1894 1695 1950 urbem
1755 1902 2126 1953 reversurus,

524 1990 788 2060 impetum
839 1985 1266 2045 demonstravit.
1324 1978 1529 2041 Verum
1582 1984 1888 2056 Philippica
1931 1994 2125 2055 perve-

524 2085 710 2138 niente
756 2082 874 2152 ipse
928 2084 993 2138 ad
1053 2081 1388 2136 Damastrim
1434 2080 1667 2135 veniens
1718 2088 1903 2134 castra
1951 2084 2127 2131 meta-

522 2187 614 2231 tus
650 2184 755 2231 est.
794 2178 866 2230 At
893 2184 1025 2231 vero
1054 2170 1397 2245 Philippicus
1427 2173 1694 2229 continuo
1728 2170 1895 2226 mittit
1927 2176 2125 2226 contra

523 2266 807 2327 Tiberium
855 2269 1078 2341 quidem
1111 2265 1364 2324 Maurum
1403 2269 1697 2340 patricium
1746 2280 1872 2321 cum
1913 2265 2127 2321 Joanne

526 2364 813 2434 spathario
869 2371 1243 2435 cognomento
1298 2356 1561 2424 Strutbo,‘
1604 2359 1819 2415 Heliam
1857 2373 1988 2414 vero
2046 2359 2125 2413 si-

528 2458 735 2512 militer
787 2470 911 2512 eum
968 2456 1288 2511 incursione
1337 2455 1560 2510 militari
1618 2462 1811 2509 contra
1860 2450 2127 2507 Justinia-

526 2560 658 2604 num
730 2549 786 2604 in
862 2543 1234 2613 Damastrim,
1309 2547 1619 2617 iterumque
1690 2546 1858 2600 alium
1933 2552 2125 2599 contra

527 2638 1003 2703 Barisbacnriuin,
1050 2638 1143 2711 qni
1188 2638 1317 2712 fuga
1373 2638 1555 2694 fuerat
1604 2652 1764 2694 usus.
1797 2636 1866 2692 Et
1903 2636 2126 2693 Maurus

524 2735 748 2805 quidem
790 2750 896 2788 una
936 2751 1061 2789 cum
1103 2735 1217 2805 jam
1259 2735 1408 2789 dicto
1450 2731 1680 2789 Strutho
1718 2747 1844 2787 cum
1884 2732 1953 2787 ad
1998 2727 2126 2786 Bla-

526 2829 766 2883 rbernas
819 2827 1071 2895 abiisset,
1126 2828 1337 2882 invenit
1377 2823 1661 2881 Tiberium
1713 2826 1885 2879 altera
1929 2833 2127 2878 tenen-

527 2929 639 2976 tem
699 2936 862 2974 manu
913 2918 1264 2975 columellain
1319 2929 1524 2975 sancta:
1573 2932 1778 2973 incnsm
1828 2916 1920 2971 Dei
1961 2913 2127 2971 Geni-

530 3013 690 3068 tricis
736 3010 933 3068 altaris
980 3020 1037 3067 et
1085 3012 1255 3069 altera
1302 3011 1543 3082 pretiosa
1583 3008 1751 3081 ligna,
1791 3016 1847 3063 et
1884 3010 1941 3062 in
1978 3009 2123 3062 collo

531 3102 807 3177 phylacta,
844 3111 999 3158 extra
1027 3100 1273 3158 tribunal
1305 3112 1488 3157 autem
1530 3099 1861 3157 residentem
1886 3101 2129 3155 Anasta-

529 3199 704 3261 siam,
763 3191 938 3265 patris
982 3192 1106 3263 ejus
1157 3204 1429 3265 matrem,
1489 3208 1613 3264 quae
1666 3189 1843 3245 Mauri
1893 3191 2126 3263 pedibus

2232 596 2558 653 contradicis
2586 592 2613 648 .’
2645 597 2762 650 Hoc
2795 602 2972 647 autem
3002 590 3124 647 dico
3156 591 3273 657 tibi,
3305 593 3431 662 quia
3473 600 3623 646 sexta
3657 608 3806 664 syno-

2230 688 2330 743 dus
2358 687 2497 742 male
2525 686 2674 757 facta
2704 694 2803 740 est.
2861 683 2925 739 Si
2950 700 3074 754 ergo
3100 681 3469 753 imperaverit,
3504 682 3639 738 hanc
3686 698 3808 753 pro-

2221 782 2354 853 jice,
2408 791 2459 836 et
2510 780 2777 851 efﬁcietur
2807 779 3088 849 imperium
3121 779 3217 832 tibi
3252 777 3392 845 forte
3423 785 3580 847 atque
3617 776 3810 849 longis-

2230 892 2373 931 vum.
2427 874 2532 941 Qui
2589 888 2716 927 cum
2771 871 3089 942 juramento
3153 869 3449 940 sp0pondit
3498 870 3545 924 ei
3596 883 3657 925 se
3708 868 3808 925 hoc

2231 966 2523 1023 facturum.
2569 966 2709 1020 Cum
2742 978 2927 1020 autem
2958 963 3224 1019 Leontius
3257 962 3570 1019 Justiniano
3597 977 3811 1018 succes-

2230 1058 2433 1122 sisset,
2486 1054 2738 1113 ascendit
2792 1053 3137 1127 Philippicus
3189 1054 3257 1109 ad
3326 1053 3672 1117 inclausum,
3718 1054 3808 1124 qui

2230 1150 2365 1207 dicit
2402 1152 2453 1206 ei
2488 1169 2502 1205 :
2541 1146 2625 1204 Ne
2652 1150 2873 1220 festines
2899 1164 2918 1203 :
2963 1148 3055 1218 ﬁet
3088 1145 3202 1201 tibi.
3244 1146 3493 1217 Cumque
3539 1155 3595 1200 et
3653 1146 3811 1202 Absi-

2230 1256 2419 1301 marus
2472 1244 2823 1314 imperasset,
2880 1256 3076 1296 rursus
3128 1237 3374 1294 ascendit
3422 1237 3489 1293 ad
3531 1254 3678 1302 cum,
3719 1237 3811 1293 cui

2232 1336 2323 1392 ille
2362 1338 2561 1392 iterum
2593 1337 2671 1390 ait
2700 1351 2713 1388 :
2770 1329 2855 1388 Ne
2882 1330 3171 1389 acceleret:
3199 1330 3333 1385 illud
3363 1331 3502 1384 enim
3531 1325 3813 1401 praestola-

2233 1445 2320 1490 tur
2370 1444 2440 1489 te.
2516 1431 2690 1489 Porro
2737 1446 2863 1487 cum
2921 1426 3262 1500 Pbilippicus
3319 1429 3424 1483 hoc
3480 1422 3809 1498 quibusdam

2232 1529 2427 1584 amicis
2487 1527 2605 1583 suis
2675 1527 2911 1581 lidenter
2958 1523 3160 1579 fuisset
3212 1521 3549 1584 confessus,
3613 1521 3679 1575 ab
3734 1522 3815 1575 eis

2230 1623 2526 1678 Absimaro
2558 1624 2868 1677 nuntiatum
2899 1627 3007 1684 est,
3039 1619 3132 1689 qui
3166 1628 3370 1672 caesum
3407 1629 3472 1670 ac
3501 1624 3720 1669 tonsum
3748 1628 3815 1668 ac

2233 1717 2430 1774 ferreis
2471 1718 2710 1775 vinculis
2757 1715 3042 1788 alligatum
3093 1712 3237 1768 hunc
3290 1713 3343 1765 in
3403 1708 3812 1780 Cephalleniam

2232 1812 2478 1883 exsulem
2533 1809 2701 1866 misit.
2732 1808 2870 1865 Cum
2918 1815 3099 1862 autem
3141 1803 3487 1859 Justinianus
3526 1802 3813 1873 imperium

2163 1896 2203 1951 Β
2231 1905 2586 1974 suscepisset,
2623 1902 2901 1958 revocavit
2941 1915 3087 1964 cum,
3125 1906 3183 1953 et
3212 1913 3338 1953 cum
3372 1903 3646 1967 regnaret,
3688 1890 3817 1950 fecit

2232 1992 2734 2067 pseudosynodum,
2782 1991 3171 2063 episcoporum
3200 1989 3355 2058 juxta
3398 1988 3817 2057 pseudo-mona-

2232 2088 2322 2144 chi
2370 2095 2425 2143 et
2482 2083 2719 2142 inclausi
2762 2096 3095 2144 sermonem,
3150 2088 3205 2135 et
3234 2077 3437 2147 abiecit
3470 2081 3715 2131 sanctam
3762 2084 3819 2128 et

2234 2179 2600 2237 universalem
2657 2183 2870 2234 sextam
2930 2171 3225 2246 synodum.
3305 2169 3618 2237 Eodemque
3669 2179 3817 2220 anno

2232 2287 2410 2328 vanus
2441 2270 2729 2329 oculorum
2769 2268 3072 2323 caecitatem
3110 2263 3386 2327 incurrit;
3445 2260 3647 2331 quique
3690 2267 3813 2313 eum

2234 2364 2292 2418 in
2349 2362 2521 2416 multa
2577 2359 2794 2432 positus
2835 2356 3135 2413 securitate
3175 2355 3230 2409 in
3265 2353 3542 2424 regalibus
3569 2350 3812 2420 degeret,

2235 2454 2756 2524 multitudinemque
2775 2451 3136 2522 pecuniarum
3163 2457 3216 2502 et
3244 2443 3814 2518 splendidissimarnm

2233 2546 2668 2604 substantiarum
2710 2544 2846 2609 illic,
2899 2558 2967 2597 ex
3023 2539 3213 2597 multis
3266 2548 3416 2593 retro
3476 2534 3816 2605 temporibus

2234 2641 2304 2696 ab
2330 2640 2419 2695 his
2446 2639 2540 2708 qui
2577 2645 2736 2692 antea
2786 2637 3196 2707 imperaverant
3224 2672 3242 2698 ,
3288 2646 3355 2686 ex
3400 2628 3816 2701 proscriptioni-

2235 2733 2339 2790 bus
2369 2744 2424 2788 et
2469 2731 2708 2788 diversis
2765 2728 3179 2794 occasionibus,
3238 2712 3587 2794 maximeque
3624 2737 3656 2777 a
3680 2735 3821 2793 prc-

2233 2825 2382 2880 dicto
2409 2820 2726 2879 Iustiniano
2757 2819 3118 2877 collectarum
3175 2814 3503 2882 invenisset,
3544 2814 3656 2871 haec
3699 2811 3814 2867 frn-

2234 2925 2347 2977 stra
2388 2923 2444 2969 et
2488 2915 2771 2969 incassum
2812 2927 2878 2967 ac
2916 2912 3040 2966 sine
3083 2909 3276 2964 dolore
3308 2905 3589 2978 dispersit.
3652 2903 3717 2960 Et
3757 2907 3813 2962 in

2232 3003 2706 3074 disputationibus
2748 3001 2972 3072 quidem
3030 2999 3149 3056 suis
3201 2992 3546 3052 rationabilis
3585 3003 3639 3049 et
3692 3011 3820 3061 pru-

2232 3093 2368 3148 dens
2400 3084 2842 3155 existimabatur,
2873 3088 2928 3143 in
2970 3086 3188 3143 actibus
3219 3094 3401 3140 autem
3444 3084 3733 3139 inhoneste
3754 3096 3820 3135 ac

2236 3184 2458 3254 indigne
2515 3182 2684 3235 vitam
2737 3194 3130 3235 consummatis
3180 3173 3559 3246 improbabilis
3610 3171 3823 3241 ubique

531 3262 823 3358 provoluta
876 3282 1163 3358 ﬂagitabat
1224 3262 1293 3340 ne
1354 3262 1515 3341 suus?
1545 3262 1907 3339 occideretur
1952 3300 2128 3354 nepos
2155 3262 2199 3319 (ἶ
2240 3273 2728 3330 deinonstrabatnr
2761 3292 2774 3328 :
2812 3279 2933 3327 erat
2966 3282 3150 3326 autem
3180 3268 3474 3327 hazreticus
3501 3272 3557 3323 et
3584 3265 3822 3323 adulter.

531 3377 811 3443 Tiberius,
858 3386 1048 3448 utpote
1091 3374 1182 3448 qni
1228 3375 1369 3431 nihil
1403 3385 1649 3448 gesserat
1687 3392 1937 3447 pravum.
1969 3372 2135 3431 Cum-

528 3484 636 3540 que
671 3471 761 3525 illa
801 3471 969 3542 pedes
1024 3471 1145 3541 ejus
1188 3474 1400 3525 teneret
1431 3479 1490 3525 et
1535 3485 1660 3525 cum
1706 3470 1965 3543 lacrymis
1999 3487 2132 3543 sup-

529 3565 795 3636 plicaret,
848 3562 1136 3634 ingressus
1189 3573 1276 3619 est
1334 3560 1602 3618 Struthus
1659 3561 1806 3617 intra
1864 3560 2132 3629 tribunal,

527 3666 584 3710 et
632 3655 682 3709 vi
732 3654 969 3725 arripuit
1038 3655 1216 3723 illum,
1278 3664 1334 3710 et
1408 3651 1649 3725 pretiosa
1702 3652 1922 3723 quidem
1974 3650 2153 3727 ligna~

530 3746 600 3799 ab
651 3759 716 3800 eo
776 3746 994 3801 sublata
1049 3760 1220 3817 supra
1286 3759 1534 3800 mensam
1595 3744 1814 3813 posuit,
1876 3743 2130 3816 phylacta

533 3855 665 3895 vero
714 3839 771 3894 in
826 3838 969 3892 collo
1011 3852 1114 3891 suo
1162 3836 1474 3907 suspendit.
1526 3830 1704 3892 Puero
1750 3848 1933 3892 autem
1987 3836 2134 3894 foras

528 3930 732 3989 educto
779 3937 946 4000 atque
990 3927 1286 4000 dispoliato
1334 3942 1611 4000 supraque
1661 3928 1830 3983 limen
1859 3942 2129 4001 expanso,

533 4031 726 4093 guttur
783 4017 906 4093 ejus
975 4021 1152 4076 instar
1215 4021 1335 4075 ovis
1391 4026 1680 4087 secarunt,
1748 4025 1804 4073 et
1862 4017 2009 4075 hunc
2074 4017 2132 4073 in

530 4114 740 4188 templo
780 4106 883 4169 SS.
929 4113 1373 4184 Anargyrorum,
1415 4108 1562 4182 quod
1610 4108 1854 4166 Paulina:
1881 4117 2129 4177 vocatur,

532 4198 753 4282 sepeliri
799 4198 1158 4263 mandarunt.
1202 4203 1654 4275 Comprehensus
1696 4216 1830 4257 vero
1871 4202 2132 4273 praeterea

530 4308 586 4359 et
635 4296 1083 4363 Barisbacurius,
1131 4299 1343 4370 primus
1387 4298 1654 4368 patricius
1702 4305 1757 4351 et
1805 4312 1991 4352 comes
2034 4294 2132 4350 ob-

530 4394 735 4468 sequii,
788 4392 1155 4463 interemptus
1234 4402 1338 4448 eSt.
1392 4388 1566 4444 Porro
1620 4385 1774 4445 Helia
1835 4404 1944 4443 una
2001 4402 2128 4442 cum

530 4503 599 4543 eo
649 4487 766 4559 ,qui
837 4501 1025 4542 secum
1088 4496 1209 4541 erat
1267 4480 1601 4541 ascendente
1666 4482 1721 4537 in
1788 4481 2125 4548 Damastrin,

2240 3362 2412 3422 Porro
2451 3364 2596 3439 Cyro
2638 3365 2950 3436 patriarcha
2991 3364 3152 3437 pulso
3185 3359 3453 3420 Joannem
3510 3363 3824 3419 communi-

2237 3469 2480 3514 catorem
2530 3474 2693 3514 suum
2746 3466 2915 3529 atque
2963 3456 3281 3513 limreticum
3338 3455 3396 3512 in
3449 3455 3821 3529 patriarcham

2239 3550 2531 3624 promovit.

2310 3640 2499 3700 Mundi
2545 3658 2692 3699 anno
2736 3636 2899 3705 6204,
2959 3636 3160 3696 divinae
3211 3637 3619 3695 incarnationis
3674 3652 3825 3693 anno

2234 3728 2362 3803 704,
2405 3737 2639 3806 imperat
2687 3733 2956 3791 Romanis
2992 3730 3367 3806 Philippicus,
3400 3730 3493 3802 qui
3528 3728 3828 3802 imperavit

2234 3830 2397 3885 annis
2443 3829 2684 3885 duobus.
2729 3826 3004 3882 Arabibus
3038 3834 3237 3897 praeest
3272 3822 3490 3891 Hualid,
3517 3824 3610 3895 qui
3645 3821 3823 3879 duca-

2233 3931 2348 3977 tum
2397 3938 2592 3978 novem
2642 3922 2819 3977 tenuit
2876 3920 3061 3977 annis.
3110 3917 3354 3974 Joannes
3409 3932 3631 3989 quoque
3668 3916 3824 3972 Con-

2234 4004 2763 4086 stantinopolitanus
2810 4023 2975 4084 atque
3014 4008 3260 4067 Joannes
3290 4006 3824 4082 Hierosolymitanus

2233 4107 2508 4164 habentur
2533 4108 2834 4171 antistites,
2869 4122 3105 4176 quorum
3138 4106 3277 4160 alter
3305 4098 3506 4172 tribus,
3539 4103 3680 4159 alter
3701 4117 3818 4158 vero

2231 4197 2457 4271 triginta
2507 4195 2726 4268 praefuit
2782 4195 2944 4250 annis
2975 4192 3256 4250 Ecclesize.

2305 4293 2464 4346 Anno
2514 4290 2684 4362 igitur
2739 4288 2956 4359 imperii
2996 4286 3080 4344 Sui
3123 4280 3460 4358 Philippicus
3497 4287 3676 4357 primo
3720 4288 3831 4341 Ar-

2233 4380 2445 4441 menios
2484 4382 2555 4439 de
2605 4396 2752 4440 terra
2789 4398 2888 4438 sua
2918 4383 3129 4455 pellens
3152 4380 3206 4436 in
3247 4383 3510 4435 Armenia
3543 4394 3742 4452 quarta
3771 4390 3834 4435 et

2230 4470 2486 4534 Melitene
2512 4474 2767 4531 habitare
2800 4476 3002 4547 coegit.
3040 4471 3214 4527 Porro
3250 4487 3359 4527 non
3400 4472 3683 4543 praevaluit
3724 4488 3836 4527 sae-

528 4591 587 4635 et
639 4576 707 4635 ad
754 4590 1041 4635 sermones
1084 4594 1210 4634 cum
1274 4593 1340 4632 co
1394 4576 1491 4648 qui
1539 4572 1654 4631 illic
1709 4584 1828 4631 erat
1877 4575 2120 4630 exercitu
2157 4612 2200 4666 υ
2229 4571 2352 4625 vius
2383 4568 2594 4625 moveri
2629 4576 2822 4624 contra
2852 4572 3103 4623 sanctam
3133 4573 3188 4620 et
3214 4562 3580 4620 universalem
3607 4575 3833 4619 sextam

532 4673 813 4737 veniente,
853 4672 1194 4750 verbumque
1234 4665 1582 4741 impunitatis
1632 4668 1836 4740 p0pulo
1877 4667 1972 4738 qui
2004 4676 2123 4721 crat

529 4779 655 4819 cum
707 4763 1021 4822 JuStiniano
1069 4765 1383 4836 praebente.
1439 4761 1772 4832 ecqueStrati
1826 4766 1960 4816 Sunt
2005 4760 2128 4814 uni-

532 4857 675 4913 versi
732 4866 787 4913 et
824 4857 1207 4913 discesserunt
1257 4871 1287 4910 a
1336 4848 1691 4917 Justiniano,
1745 4850 1925 4908 solum
1978 4850 2127 4906 hunc

528 4948 850 5007 deserentes
910 4958 965 5005 et
1028 4951 1094 5004 ad
1158 4959 1342 5020 partes
1400 4940 1692 5018 Philippici
1758 4944 2122 5001 conﬂuentes.

530 5040 686 5101 Tunc
744 5040 1042 5117 prwdictus
1108 5042 1295 5098 Helias
1364 5041 1684 5114 Spatharius
1746 5036 1935 5094 furore
1997 5053 2125 5093 cur-

527 5153 679 5200 rens,
739 5136 883 5193 collo
934 5130 1059 5207 ejus
1109 5130 1481 5207 apprehenso,
1533 5134 1801 5204 pugione,
1849 5147 1959 5202 quo
2005 5140 2124 5185 erat

528 5232 840 5296 accinctus,
871 5230 1178 5300 amputavit
1201 5236 1366 5298 caput
1395 5225 1592 5298 ipsius,
1623 5236 1675 5280 ct
1700 5239 1795 5296 per
1812 5218 2122 5278 Romanum

528 5320 868 5393 spatltarinm
924 5323 992 5378 ad
1046 5321 1414 5393 Philippicum
1470 5319 1639 5376 misit.
1694 5320 1763 5375 At
1813 5333 1945 5373 vero
1999 5316 2123 5371 Phi—

530 5415 768 5488 lippicus
823 5431 921 5486 per
973 5412 1227 5468 eumdem
1283 5412 1622 5483 spatharium
1680 5403 1787 5464 hoc
1839 5405 1909 5463 ad
1957 5403 2120 5461 Occi-

528 5504 776 5562 dentales
808 5514 991 5576 partes
1009 5520 1201 5574 ousque
1225 5499 1456 5558 Romam
1481 5499 1815 5557 transmisit.
1986 5516 2038 5568 λ)

604 5593 872 5652 Praeterea
906 5590 1231 5668 priusquam
1276 5590 1578 5665 imperaret
1618 5600 1740 5647 erat
1769 5588 1995 5660 quidam
2030 5587 2118 5642 in-

532 5688 757 5747 clausus
804 5686 860 5743 in
896 5685 1233 5745 monasterio
1277 5683 1583 5743 Callistrati
1624 5683 1894 5754 praevisor
1923 5688 1978 5737 et
2010 5682 2121 5734 liae-

530 5779 772 5843 i-eticus,
817 5780 913 5850 qui
961 5776 1280 5834 ascendenti
1340 5778 1407 5832 ad
1455 5791 1516 5832 se
1572 5771 1881 5846 Philippico
1930 5769 2116 5828 dixit:

534 5868 825 5942 Imperium
850 5881 925 5925 est
962 5870 1059 5924 tibi
1093 5868 1404 5939 repositum.
1466 5869 1535 5922 At
1588 5868 1678 5923 ille
1715 5866 1971 5923 turbatus
2009 5875 2113 5922 est.

2229 4664 2525 4734 synodum,
2563 4661 2885 4717 subvertere
2933 4658 3166 4713 studens
3226 4652 3437 4723 divina,
3473 4671 3595 4728 quae
3641 4658 3715 4708 ab
3758 4671 3835 4711 ea

2232 4750 2493 4808 roborata
2534 4754 2687 4815 sunt,
2723 4748 3002 4821 dogmata.
3039 4746 3261 4818 Repetit
3286 4755 3466 4803 autem
3512 4749 3598 4803 sui
3623 4763 3834 4804 sensus

2226 4826 2703 4916 Joannempqnem
2729 4843 3051 4915 episcopum
3080 4840 3639 4912 Constantinopoleos
3665 4840 3832 4907 fecit,

2227 4934 2482 5012 deposito
2532 4937 2680 5009 Cyro
2719 4934 2953 5007 praesule
3009 4930 3197 5006 hujus,
3253 4950 3414 5006 quem
3454 4933 3648 4990 exsilio
3682 4934 3836 4989 rele-

2225 5032 2375 5105 gavit
2424 5028 2479 5085 in
2515 5025 2863 5109 monasterio
2892 5023 3124 5093 Cboras,
3167 5018 3567 5096 Nicolaumque
3617 5040 3649 5079 a
3701 5014 3835 5079 dia-

2225 5137 2368 5177 cono
2403 5136 2637 5178 caucum
2691 5116 2974 5183 eﬂ'ectum,
3009 5119 3107 5187 qui
3144 5134 3272 5172 cum
3313 5116 3626 5174 medicinali
3677 5124 3835 5171 esset

2223 5214 2519 5286 disciplina
2583 5212 2858 5282 sophista,
2909 5216 3044 5266 tunc
3102 5220 3349 5282 quaestor
3403 5217 3544 5274 erat,
3602 5207 3837 5281 Agelpi-

2224 5307 2489 5379 diumque
2529 5306 2824 5362 diaconum
2855 5300 3062 5377 Magnae
3101 5300 3372 5370 ecclesiae,
3429 5312 3594 5375 atque
3622 5303 3839 5358 Antio-

2222 5402 2389 5457 chum
2428 5398 2931 5473 chartOphylacem,
2963 5409 3020 5454 ct
3045 5400 3181 5454 alios
3217 5411 3431 5454 morum
3474 5398 3840 5462 earumdem,

2223 5496 2319 5566 qui
2387 5490 2556 5549 etiam
2634 5494 2848 5567 scripto
2905 5488 3515 5548 anathematizavernnt
3568 5501 3843 5546 sanctam

2222 5595 2432 5643 sextam
2470 5591 2765 5661 synodum.
2795 5584 3008 5643 Interea
3048 5584 3314 5658 Vulgares
3336 5602 3432 5657 per
3459 5580 3646 5641 Philea
3678 5585 3843 5640 ciam

2223 5680 2278 5737 in
2301 5691 2596 5752 angustum
2626 5680 2953 5741 incidentes.
2986 5688 3040 5735 et
3067 5695 3265 5755 magna
3298 5676 3446 5734 caede
3476 5676 3618 5732 facta
3644 5693 3845 5747 usque

2222 5773 2290 5828 ad
2332 5771 2531 5828 urbem
2578 5771 2990 5837 discurrentes,
3021 5780 3076 5826 et
3110 5766 3314 5829 inultos
3364 5768 3835 5830 transvehentes,

2224 5860 2543 5935 nnptiisque
2595 5863 2877 5934 opulentis
2933 5873 2987 5920 et
3022 5864 3331 5936 dapsilibns
3384 5861 3633 5933 prandiis
3693 5875 3839 5918 cum
