4100 6462
371 403 515 473 1389

1182 397 1552 457 HISTORIA
1588 392 2167 457 ECCLESIASTICA
2206 394 2309 455 EX
2337 393 2828 456 THEOPHANE.

3522 392 3660 458 1350

376 511 532 569 vario
575 517 804 579 argento
835 514 1147 574 enteroth
1195 513 1461 574 apparatu
1521 503 1754 573 repertis
1795 516 1973 570 usque
2000 502 2054 563 Α
2149 505 2311 560 Auno
2353 505 2566 576 imperii
2611 506 2867 572 Artemii,
2897 505 2991 577 qui
3027 513 3081 561 et
3116 509 3443 562 Anastasius
3478 509 3662 566 diu",

376 606 448 661 ad
504 616 730 658 auream
779 611 992 672 portam
1042 598 1448 664 discurrentes,
1497 605 1722 667 totaque
1763 595 1977 650 Thrace

375 699 560 770 praeda
593 706 885 762 evacuate,
930 694 1086 750 illaesi
1136 709 1261 749 cum
1310 694 1622 750 innumeris
1683 693 1978 763 pecoribus

376 795 448 848 ad
499 790 723 862 propria
781 796 914 844 sunt
942 787 1180 843 reversi.
1217 785 1492 841 Similiter
1519 796 1576 842 et
1607 785 1821 840 Arabes
1845 783 1978 840 Mis-

375 885 548 941 thiam
591 891 861 951 ceperunt
907 887 963 934 et
988 879 1093 934 alia
1130 889 1335 940 castra,
1369 879 1542 934 multa
1588 879 1771 948 prada
1822 877 1983 932 fami-

379 980 580 1033 liarum
633 977 998 1046 plurimarum
1053 982 1108 1028 et
1152 987 1420 1044 pecorum
1477 971 1971 1027 innumerabilium

379 1074 548 1126 facta.

453 1163 617 1216 Anno
645 1160 859 1230 imperii
905 1158 1200 1228 Philippici
1252 1157 1498 1213 secundo
1537 1155 1712 1212 movit
1763 1153 1978 1209 exerci-

372 1264 500 1310 tum
533 1254 715 1310 Habes
753 1263 946 1308 contra
981 1252 1333 1318 Romaniam,
1369 1260 1425 1306 et
1448 1250 1596 1321 cepit
1629 1245 1982 1303 Antiochiam

375 1346 602 1402 Pisidiae
633 1357 758 1400 cum
813 1345 984 1399 multa
1010 1341 1214 1413 prada,
1244 1353 1300 1398 et
1350 1354 1610 1398 reversus
1638 1349 1743 1395 est.
1783 1337 1986 1393 Factus

381 1454 570 1497 autent
608 1451 693 1497 est
744 1449 798 1496 et
842 1449 1002 1494 terra:
1049 1445 1238 1493 metus
1272 1437 1330 1491 in
1359 1435 1542 1506 Syria.
1595 1433 1826 1488 Biennio
1855 1445 1986 1486 vero

374 1537 602 1606 imperii
658 1532 950 1603 Philippici
995 1533 1049 1586 in
1073 1531 1166 1586 his
1221 1537 1562 1592 transeunte,
1596 1529 1859 1597 circoque
1885 1539 1988 1578 na-

393 1629 583 1683 talicio
613 1633 1022 1690 consummato,
1055 1635 1185 1677 cum
1217 1621 1433 1676 Prasini
1478 1620 1763 1681 vicissent,
1805 1616 1983 1671 visum

381 1728 473 1773 est
527 1717 846 1790 imperatori
888 1716 1118 1771 sabbato
1180 1713 1539 1769 Pentecostes
1576 1711 1822 1780 equitem
1859 1721 1984 1764 cum

385 1812 746 1881 susceptione
793 1824 858 1863 ac
913 1809 1140 1878 organis
1178 1805 1418 1876 ingredi,
1469 1813 1524 1858 et
1581 1802 1754 1857 lavari
1800 1801 1854 1854 in
1885 1815 1986 1869 pu~

388 1907 535 1960 biico
595 1906 793 1959 balneo
853 1899 1144 1972 Zeuxippi,
1177 1909 1392 1956 etcum
1452 1898 1670 1951 civibus
1717 1893 1988 1965 prosapia:

375 1997 627 2065 antiquae
657 1994 945 2064 prandere.
987 1993 1126 2046 Cum
1171 1999 1356 2046 autem
1389 1989 1622 2043 meridie
1655 1988 1985 2055 quiesceret,

381 2096 618 2158 repente
646 2101 744 2156 per
774 2099 998 2138 auream
1031 2092 1249 2153 portam
1281 2081 1532 2136 introivit
1567 2075 1746 2134 Rufus
1779 2079 1988 2150 primus

381 2186 688 2233 stratarum
719 2193 724 2196 ·
764 2175 1050 2244 Obsequii,
1075 2215 1088 2229 .
1111 2213 1125 2227 .
1150 2211 1164 2226 .
1189 2214 1202 2229 .
1260 2180 1631 2243 cognomento
1689 2169 1869 2225 Burali
1933 2179 1989 2224 et

387 2269 667 2323 Theodori
695 2267 914 2337 patricii
949 2264 1166 2335 Myacii,
1194 2278 1319 2318 cum
1352 2262 1553 2315 laxatis
1590 2275 1732 2330 quos
1755 2259 1987 2313 habebat

388 2367 447 2417 in
501 2361 716 2415 Thrace
769 2360 1031 2414 thematis
1078 2359 1190 2421 sui,
1221 2366 1275 2409 et
1309 2354 1582 2410 festinans
1630 2355 1684 2407 in
1723 2351 1988 2422 palatium

393 2458 607 2510 invenit
645 2453 1018 2523 Philippicum
1055 2448 1289 2505 meridie
1327 2448 1727 2518 Quiescentem,
1759 2455 1811 2499 et
1836 2458 1987 2498 com-

383 2550 726 2619 prehensum
777 2561 902 2599 eum
940 2543 1097 2598 duxit
1128 2555 1352 2596 sursum
1411 2541 1465 2592 in
1517 2538 1822 2593 oratoriqu
1851 2535 1988 2590 Pra-

378 2641 663 2701 sinorum,
695 2645 749 2690 et
791 2635 907 2690 illic
939 2633 1063 2703 ejus
1093 2632 1288 2688 oculos
1333 2630 1500 2692 eruit,
1550 2629 1702 2682 nullo
1756 2628 1986 2684 sciente.

387 2731 457 2785 in
491 2729 797 2783 crastinum
836 2736 1041 2789 autem,
1073 2722 1129 2778 id
1167 2731 1255 2778 est
1281 2721 1625 2784 Pentecoste,
1663 2724 1991 2775 coacervata

391 2825 449 2875 in
497 2818 694 2889 Magna
732 2816 967 2871 ecclesia
1007 2813 1210 2884 popqu
1246 2819 1547 2866 coronatus
1574 2817 1661 2864 est
1707 2807 1990 2861 Artemius

387 2913 602 2980 primus
658 2925 689 2964 a
753 2909 1008 2971 secretis,
1058 2913 1277 2960 mutato
1347 2904 1576 2958 nurnine
1639 2899 1988 2955 Anastasius.

385 3005 632 3058 Sabbato
704 3015 836 3056 vero
897 3005 1022 3069 post
1082 2995 1449 3051 Pentecostcn
1517 2993 1694 3048 oculis
1746 2992 1990 3062 privatus

389 3102 447 3147 et
470 3091 793 3145 Theodorus
820 3087 1061 3160 Myaces,
1095 3095 1151 3142 et
1185 3085 1429 3142 secundo
1467 3083 1699 3138 sabbato
1727 3083 1783 3138 id
1808 3084 1989 3149 ipsum

2013 1851 2061 1911 Β

2084 606 2188 661 est,
2231 599 2478 652 secundo
2522 604 2773 655 mortuus
2809 607 2896 654 est
2933 597 3130 654 Vhaiid
3171 601 3418 654 Arabum
3444 601 3578 666 dux,
3611 615 3665 658 et

2082 686 2328 740 Sulimao
2362 687 2418 740 in
2469 687 2776 757 principatu
2823 691 3090 757 suecedit,
3124 691 3220 759 qui
3247 691 3426 746 tribus
3447 693 3667 761 praefuit

2085 779 2269 834 annis.
2361 779 2669 835 Germanus
2734 796 2955 852 quoque
3011 782 3666 854 Coustantinopolitanus

2085 872 2318 928 habetur
2347 874 2710 944 antistes,qui
2746 875 2923 930 eidem
2955 877 3157 930 throno
3185 877 3501 947 quindecim
3526 893 3665 948 prai-

2084 964 2228 1020 sedit
2263 968 2447 1022 annis.
2515 967 2718 1024 Eodem
2747 985 2968 1041 quoque
2999 984 3145 1025 anno
3176 972 3480 1028 translatus
3513 980 3600 1027 est
3633 986 3664 1027 a

2083 1057 2287 1129 Cyzico
2314 1059 2448 1114 urbe
2471 1062 2761 1130 metropoli
2786 1060 3348 1134 Constantinopolim,
3387 1064 3440 1119 in
3473 1079 3586 1136 quo
3613 1075 3668 1119 et

2086 1152 2571 1206 commonitorium
2624 1155 3030 1223 translationis,
3090 1157 3236 1226 quod
3295 1157 3663 1222 ubinl‘ertur,

2087 1246 2506 1312 pronuntiatum
2537 1255 2623 1302 est
2659 1249 2948 1305 continens
2975 1250 3048 1303 ita
3079 1268 3092 1304 :
3122 1251 3388 1307 Electioue
3405 1262 3455 1308 et
3480 1269 3668 1324 appro-

2087 1335 2302 1392 batione
2339 1338 2866 1407 religiosissimorum
2915 1343 3343 1412 presbyterorum
3402 1357 3450 1400 et
3485 1347 3668 1401 dims-

2091 1441 2280 1482 norum
2308 1438 2356 1482 et
2393 1430 2558 1484 totius
2587 1431 2904 1485 venerabilis
2939 1433 3069 1486 cieri
3105 1437 3351 1505 sacrique
3377 1448 3592 1493 senatus
3618 1449 3668 1492 et

2091 1520 2252 1574 amici
2286 1519 2487 1575 Christi
2523 1522 2709 1590 populi
2745 1520 2851 1576 Deo
2892 1511 3469 1594 conservandte'hujus
3512 1531 3670 1599 regia!

2091 1612 2258 1676 urbis,
2283 1611 2464 1667 divina
2493 1616 2694 1684 gratia,
2720 1630 2840 1685 qua:
2865 1630 3068 1685 semper
3105 1617 3320 1685 in/irma
3354 1630 3508 1674 curat
3534 1633 3582 1675 et
3609 1640 3672 1678 ea

2089 1717 2206 1772 qua:
2241 1714 2368 1758 sunt
2409 1705 2686 1772 adimplet,
2735 1707 3012 1761 transtulit
3048 1701 3367 1764 Germanum
3391 1716 3673 1770 sanctissi-

2091 1809 2234 1848 mum
2269 1797 2552 1865 prwsulem
2596 1797 2965 1867 Cyzicensium
3007 1805 3352 1870 metropaleas
3388 1805 3442 1859 in
3466 1809 3670 1874 episco-

2089 1903 2209 1953 pum
2245 1891 2402 1961 hujus
2447 1891 2553 1945 Deo
2594 1891 2968 1948 conservanda:
3001 1912 3064 1949 ac
3094 1897 3450 1963 imperatoria:
3483 1901 3672 1955 civita-

2090 1983 2180 2036 tis.
2221 1981 2392 2038 Facta
2425 1993 2600 2038 autem
2634 1992 2712 2038 est
2739 1995 2975 2053 prasens
3009 1991 3292 2043 translatio
3309 1990 3358 2043 in
3387 1996 3671 2059 prrescnlia

2091 2074 2364 2130 Michaelis
2398 2076 2726 2130 sanctissimi
2755 2077 3047 2146 presbyteri
3082 2089 3132 2132 et
3167 2083 3504 2150 apocrisiarii
3540 2101 3670 2153 apo-

2090 2171 2293 2225 stolica:
2321 2171 2484 2236 sedis,
2510 2179 2559 2224 et
2583 2172 2908 2240 reliquorum
2928 2174 3264 2227 sacerdotum
3291 2186 3353 2228 ac
3379 2179 3671 2244 pra’sulum

2091 2263 2186 2316 sub
2247 2262 2484 2316 Artemio
2535 2262 2872 2329 imperatore.
2960 2263 3132 2318 Porro
3200 2281 3322 2320 cum
3390 2269 3672 2324 Artemius

2093 2356 2372 2411 didicisset
2395 2355 2540 2426 quod
2568 2356 2766 2412 classis
2804 2358 3200 2412 Saracenorum
3237 2359 3305 2414 ab
3338 2358 3668 2414 A'exandria

2096 2449 2147 2501 in
2193 2447 2488 2503 thnicen
2527 2459 2883 2518 properasset
2918 2450 2983 2502 ad
3020 2449 3366 2504 incidendum
3398 2451 3668 2522 iignamen

2094 2540 2497 2610 cypressinum,
2560 2541 2750 2594 electis
2797 2556 2860 2594 ex
2921 2535 3142 2609 proprio
3197 2543 3338 2596 Stolo
3394 2544 3671 2598 velocibus

2095 2632 2314 2701 scaphis
2347 2634 2496 2685 misit
2529 2640 2746 2688 tavatos
2771 2647 2834 2686 ex
2869 2633 3108 2687 themate
3142 2633 3388 2699 Obsicio,
3442 2641 3495 2688 et
3525 2636 3667 2704 apud

2095 2724 2346 2779 Rhodum
2381 2739 2575 2781 omnes
2605 2725 2788 2794 colligi
2814 2725 2998 2794 jussit.
3038 2727 3438 2796 prazposuitque
3475 2737 3672 2798 pra-to-

2097 2829 2207 2872 rem
2248 2817 2330 2872 eis
2377 2825 2430 2871 et
2469 2823 2632 2883 caput
2657 2815 2925 2870 Joannem
2978 2814 3184 2886 Magnae
3218 2817 3465 2874 ecclesiae
3511 2820 3673 2872 mini-

2095 2920 2317 2972 strum,
2373 2911 2465 2978 qui
2521 2909 2807 2964 dicebatur
2868 2921 3005 2980 papa
3057 2909 3397 2973 Joannacis,
3465 2913 3671 2982 quique

2093 3001 2366 3072 generalis
2396 3011 2513 3056 erat
2543 3011 2668 3054 tunc
2702 3001 2992 3072 logotlieta.
3026 2999 3076 3056 ls
3101 3015 3231 3072 ergo
3260 3015 3385 3057 cum
3414 3001 3668 3058 Rhodum

2096 3095 2324 3150 adiisset
2383 3101 2438 3148 et
2508 3093 2724 3164 navigia
2786 3095 3226 3160 convenissent,
3291 3096 3675 3166 alloquebatur

387 3184 618 3256 pertulit
649 3183 922 3253 Georgius
952 3179 1327 3248 Buramphus,
1365 3186 1422 3233 et
1444 3177 1500 3231 in
1543 3176 1800 3231 exsilium
1834 3172 1990 3229 missi
2021 3195 2062 3254 ρ
2095 3185 2372 3256 principes
2411 3195 2576 3253 super
2614 3185 2858 3239 motione
2920 3197 2984 3240 ac
3049 3187 3248 3242 itinere
3306 3188 3553 3258 ipsorum
3618 3190 3673 3244 in

391 3287 524 3336 sum
583 3275 728 3347 apud
782 3273 1250 3329 Thessalonicen.

461 3367 646 3422 Mundi
698 3380 845 3419 anno
903 3362 1085 3425 6206,
1138 3361 1344 3416 divinae
1395 3357 1799 3414 incarnationis
1849 3371 1994 3413 anno

389 3459 516 3527 ⁸106,
551 3474 695 3512 anno
737 3471 866 3512 vero
894 3454 1110 3526 imperii
1150 3452 1384 3507 Artemii
1427 3452 1606 3520 primo
1638 3449 1992 3504 incursiones

388 3553 684 3608 Hasahuas
711 3550 980 3605 adversus
1003 3546 1334 3603 Romaniam
1365 3543 1560 3609 movit,
1605 3551 1660 3598 et
1693 3542 1992 3612 dispoliata

390 3644 605 3700 Galatia
669 3641 832 3697 rediit
889 3653 1014 3694 cum
1072 3637 1251 3706 prada
1293 3644 1347 3689 et
1379 3635 1576 3705 spoliis
1627 3633 1840 3687 multis.
1891 3631 1994 3685 Ast

391 3742 669 3798 Artemius
699 3735 1115 3807 magistratibus
1144 3735 1196 3787 in
1229 3731 1585 3801 equestribus
1614 3728 1828 3783 militiis
1865 3726 1990 3781 idoa

389 3833 537 3899 acia,
561 3839 618 3888 et
661 3825 1084 3884 ratimiabilibus
1115 3825 1170 3878 in
1205 3825 1370 3878 rebus
1400 3821 1663 3876 civilibus
1697 3817 1991 3880 ordinatis,

387 3928 505 3996 jam
572 3923 816 3990 requiem
871 3918 1106 3990 degebat
1158 3915 1414 3986 adeptus.
1473 3914 1724 3982 Cumque
1783 3911 1994 3966 Arabes

390 4024 589 4070 contra
621 4009 946 4066 Romaniam
979 4019 1125 4061 terra
1157 4008 1411 4074 marique
1445 4010 1817 4066 armarentur,
1845 4000 1997 4058 misit

395 4111 698 4178 imperator
741 4101 1022 4173 principes
1075 4099 1129 4152 in
1183 4095 1400 4170 Syriam
1443 4096 1512 4150 ad
1561 4094 1782 4159 Vhalid,
1833 4096 1997 4163 quasi

395 4215 497 4268 pro
551 4199 636 4254 his
663 4212 787 4268 quae
820 4196 888 4250 ad
921 4205 1114 4264 pacem
1142 4193 1420 4264 pertinent
1460 4191 1771 4255 locuturos,
1802 4188 1996 4243 Daniet

397 4295 503 4346 lem
552 4289 814 4344 videlicet
864 4287 1012 4341 inter
1055 4284 1217 4348 alios,
1265 4283 1577 4350 Siuopiten,
1619 4281 1912 4350 patricium
1941 4285 1997 4334 et

394 4383 716 4456 praelectum
745 4380 922 4444 urbis,
955 4376 1225 4432 mandans
1263 4377 1313 4430 ei
1348 4375 1642 4446 diligenter
1667 4373 1998 4443 investigare

394 4480 468 4533 de
491 4483 642 4531 motu
672 4489 864 4530 eorum
913 4480 971 4527 et
992 4471 1201 4526 virtute
1249 4479 1443 4524 contra
1483 4467 1812 4524 Romaniam
1863 4481 1994 4522 eon—

2095 3276 2394 3332 Pbamicen
2448 3277 2515 3332 ad
2561 3275 2913 3332 incidendum
2968 3277 3244 3348 lignamen
3305 3286 3358 3334 et
3403 3292 3676 3352 praepara-

2096 3370 2323 3433 tionem,
2384 3379 2506 3438 quat
2569 3368 2910 3425 inveniretur
2961 3370 3358 3440 Agarcnorum.
3429 3373 3676 3444 Cumque

2095 3469 2288 3514 omnes
2318 3459 2578 3514 alacriter
2614 3459 2995 3524 obaudissent,
3050 3461 3102 3515 hi
3147 3464 3239 3533 qui
3284 3471 3442 3518 erant
3468 3464 3676 3521 Ohsicii

2095 3551 2200 3604 hoc
2231 3551 2546 3605 nullatenus
2575 3551 2938 3617 admiserunt,
2967 3561 3019 3604 et
3047 3552 3430 3622 imperatorem
3452 3556 3673 3624 quidem

2095 3643 2348 3695 detestati
2399 3648 2550 3703 sunt,
2611 3640 2902 3695 diaconum
2948 3656 3076 3696 vero
3131 3639 3394 3699 Joannem
3453 3644 3679 3700 frameis

2095 3743 2466 3803 peremerunt.
2530 3731 2668 3788 iiinc
2701 3741 2837 3804 ergo
2869 3736 2997 3788 stoli
3034 3733 3196 3791 divisi
3228 3735 3294 3789 ad
3325 3749 3424 3790 sua
3453 3737 3677 3808 naviga-

2094 3833 2294 3878 verunt
2338 3824 2478 3880 loca.
2543 3823 2624 3879 illi
2678 3836 2808 3881 vero
2865 3839 3097 3897 nequam
3132 3839 3451 3898 Operatorcs
3482 3835 3678 3884 contra

2096 3915 2298 3985 regiam
2335 3915 2705 3970 ascenderunt
2742 3914 2958 3973 urbem.
3008 3917 3145 3973 Cum
3193 3926 3375 3974 autem
3413 3918 3680 3990 Adramy-

2096 4009 2234 4062 tium
2291 4008 2560 4064 adiisscnt
2617 4019 2913 4080 essentque
2965 4009 3084 4067 sine
3110 4010 3309 4082 capite,
3351 4011 3682 4068 invenerunt

2097 4099 2212 4154 illic
2244 4100 2522 4155 hominem
2557 4101 2871 4174 indigenam
2913 4099 3284 4158 Theodosium
3315 4106 3559 4167 nomine,
3583 4104 3680 4175 qui

2097 4193 2446 4264 publicorum
2494 4203 2614 4251 erat
2670 4197 3001 4252 tributorum
3065 4208 3346 4270 exceptor,
3405 4199 3554 4255 iners
3616 4216 3681 4255 ac

2099 4286 2287 4350 idiota,
2321 4295 2374 4341 et
2411 4288 2612 4342 hortati
2649 4294 2780 4344 sunt
2812 4305 2938 4345 eum
2985 4292 3278 4361 imperare.
3323 4292 3391 4346 At
3432 4294 3521 4348 ille
3553 4287 3680 4364 fuga

2099 4388 2234 4432 usus
2280 4377 2334 4432 in
2367 4389 2551 4433 monte
2589 4380 2832 4451 latebat;
2889 4392 3048 4453 Quem
3096 4385 3376 4439 inventum
3419 4395 3478 4438 ut
3510 4386 3681 4456 impe-

2101 4478 2339 4526 ratorem
2395 4467 2651 4529 laudibus
2719 4476 3074 4540 ertulerunt,
3138 4478 3187 4531 vi
3242 4485 3502 4548 cegentes
3553 4497 3678 4534 eum

395 4569 683 4626 struenda.
717 4565 822 4634 Qui
856 4580 982 4620 cum
1025 4565 1260 4620 abiisset
1298 4571 1354 4616 et
1401 4569 1724 4622 remeasset,
1761 4560 1988 4614 nuutia-
2012 4536 2066 4598 Β
2096 4566 2384 4634 imperare.
2416 4565 2630 4631 Quibus
2660 4566 2937 4623 Artemius
2971 4536 3233 4640 cognitis,
3282 4536 3526 4641 praefecit
3559 4572 3679 4626 urbi

393 4667 479 4719 vit
511 4659 832 4733 imperatori
877 4674 1138 4730 magnum
1189 4667 1384 4711 contra
1412 4656 1619 4723 regiam
1674 4653 1862 4708 urbem
1896 4667 1990 4721 per

397 4767 606 4812 terram
656 4761 714 4807 et
761 4766 912 4806 mare
971 4752 1402 4806 instrumentum
1453 4758 1668 4802 eorum.
1703 4742 1859 4798 Tunc
1900 4744 1992 4799 ille

399 4846 662 4921 praecepit
735 4859 846 4915 quo
920 4845 1308 4913 unusquisque
1366 4847 1618 4910 sumptus
1677 4851 1855 4906 usque
1921 4833 1990 4890 ad

396 4939 626 4995 triennii
683 4948 903 5008 tempus
959 4937 1198 4992 sollicite
1261 4939 1621 5003 pratpararet,
1664 4931 1758 5000 qui
1805 4935 1990 4981 autem

400 5033 510 5088 hoc
571 5044 680 5084 non
742 5027 1074 5097 possederit,
1127 5026 1196 5078 ab
1245 5024 1412 5088 urbe,
1458 5022 1656 5090 inquit,
1698 5018 1967 5073 discedat.

395 5122 704 5180 Constituit
731 5128 918 5176 autem
952 5118 1282 5190 prapositos
1326 5111 1768 5170 construentium
1799 5121 1992 5175 naves.

395 5223 468 5283 et.
491 5214 660 5284 coepit
687 5211 958 5268 aediﬁcare
991 5209 1290 5264 dromones
1329 5215 1386 5262 et
1416 5205 1596 5261 (lieres
1642 5202 1904 5275 igniferas
1939 5207 1996 5256 et

399 5305 676 5361 tuasitnas
731 5303 954 5371 trieres,
985 5310 1042 5358 et
1093 5300 1405 5356 maritimos
1448 5297 1673 5362 quidem
1710 5292 1998 5350 renovavit

397 5412 616 5462 muros,
665 5395 922 5453 similiter
963 5401 1148 5450 autem
1177 5402 1234 5449 et
1266 5400 1540 5453 terrenos,
1597 5389 1802 5444 sistens
1837 5397 1998 5440 arco-

396 5489 631 5546 balistas
661 5499 716 5545 et
769 5503 1044 5560 mangana
1072 5487 1128 5540 in
1183 5485 1430 5540 turribus
1475 5491 1530 5537 et
1575 5488 1996 5552 argumentosas

397 5583 543 5638 alias
591 5583 918 5649 machinas;
960 5589 1014 5636 et
1055 5577 1360 5635 secundum
1389 5575 1534 5646 quod
1583 5572 1852 5645 possibile
1888 5570 1994 5626 sibi

394 5682 524 5728 erat
575 5676 766 5728 urbem
815 5671 1075 5736 munivit,
1125 5669 1418 5740 frugesque
1443 5666 1712 5736 plurimas
1754 5665 1807 5717 in
1839 5675 1998 5732 rega-

393 5768 552 5823 libus
607 5767 821 5824 horreis
871 5767 1079 5838 posuit,
1125 5773 1292 5836 atque
1344 5762 1588 5819 munitas
1637 5759 1858 5816 sibimet
1905 5768 1995 5813 rea»

389 5861 662 5918 servavit.

2092 4650 2428 4713 domesllcOs
2463 4657 2716 4715 homines
2753 4675 2884 4716 suos
2920 4662 3204 4732 principes
3229 4679 3333 4717 una
3363 4679 3484 4718 cum
3512 4667 3679 4727 stolo,

2093 4760 2257 4817 quem
2297 4749 2415 4819 ipse
2455 4755 2866 4814 construxerat,
2919 4755 2974 4806 et
3021 4754 3249 4810 armatis
3303 4759 3384 4810 eis
3439 4757 3556 4825 ipse
3590 4754 3684 4808 Ni-

2095 4850 2260 4896 caeam
2321 4841 2604 4912 ingreSsus
2668 4843 2780 4898 abit
2837 4845 2892 4898 in
2952 4847 3191 4912 urbem,
3244 4846 3556 4916 ibidemque
3623 4862 3682 4900 se

2095 4933 2289 4986 munit.
2337 4927 2589 4990 Rebelles
2620 4943 2802 4990 autem
2852 4937 3250 5003 ascendentes,
3306 4947 3360 4993 et
3403 4945 3681 4992 commoto

2097 5029 2212 5077 toto
2239 5021 2480 5078 themate
2515 5021 2722 5080 Obsicii
2767 5035 2822 5082 et
2856 5023 3258 5098 Gothograacis,
3313 5027 3680 5096 comprehen-

2097 5116 2284 5185 sisque
2313 5117 2499 5173 multis
2537 5117 2753 5188 pusillis
2784 5128 2837 5175 et
2869 5122 3082 5192 magnis
3134 5118 3510 5192 negotiatoriis
3549 5133 3685 5174 sca-

2097 5208 2242 5278 phis,
2302 5220 2401 5279 per
2445 5219 2647 5265 terram
2706 5228 2913 5283 perque
2945 5229 3097 5268 mare
3127 5208 3511 5286 Chrysopolim
3549 5226 3681 5265 cur-

2098 5307 2244 5355 runt.
2295 5299 2432 5357 Cum
2474 5313 2655 5358 autem
2689 5305 2841 5360 urbis
2871 5303 3070 5360 classis
3106 5305 3158 5358 iu
3193 5313 3352 5376 portu
3392 5301 3449 5358 S.
3491 5301 3682 5357 Mamae

2099 5391 2392 5448 stationem
2437 5395 2666 5457 ﬁxisset,
2703 5396 2938 5466 singulis
2989 5391 3302 5466 quibusque
3345 5393 3542 5449 diebus
3587 5407 3684 5462 per

2099 5495 2193 5539 sex
2225 5494 2446 5539 menses
2480 5486 2714 5539 invicem
2748 5494 3155 5556 expugnarunt.
3203 5483 3339 5538 Cum
3367 5500 3498 5539 vero
3531 5485 3684 5538 urbis

2100 5577 2275 5632 stolus
2319 5576 2384 5631 ad
2418 5574 2602 5630 Neorii
2649 5573 2803 5632 urbis
2837 5587 3058 5648 portum
3096 5573 3376 5649 prolectus
3417 5579 3681 5642 stetisset,

2099 5669 2381 5725 transiens
2411 5667 2756 5726 Theodosius
2817 5664 3163 5740 Thracenses
3208 5671 3446 5726 obtinuit
3473 5681 3681 5742 partes.

2101 5759 2424 5818 Proditione
2458 5775 2588 5818 vero
2628 5759 2770 5817 facta
2807 5779 2902 5832 per
2936 5772 3147 5833 portam
3189 5763 3487 5834 singularis
3537 5759 3682 5817 muri

2109 5854 2534 5909 Biachernarum
2611 5855 2800 5911 urbem
2863 5859 3024 5926 cepit.
3093 5855 3186 5913 Ast
3241 5855 3413 5928 iniqui
3479 5855 3683 5913 Obsicii
