4100 6418
501 371 636 442 13:.1

1664 363 2068 427 ANASTASII
2093 358 2726 422 BIBLIOTHECARII

3639 369 3657 431 l
3671 369 3774 432 352

502 487 682 557 νυνιιιὶ
723 498 830 538 una
866 496 989 537 cum
1017 475 1398 549 Gotlt'ogrteeis
1442 483 1608 529 noctu
1652 489 1750 544 per
1780 475 1972 527 domos
2001 472 2080 525 ei-
2110 477 2153 534 Α
2187 469 2406 522 nomine
2433 466 2632 530 aner,
2667 468 2720 521 in
2757 468 3078 557 prtesentia;
3101 469 3254 525 stetit
3299 471 3524 526 dicens:
3578 471 3776 530 Servus

505 577 652 632 vium
691 573 1089 633 discurrentes,
1143 568 1438 622 maximum
1490 564 1627 619 nulli
1671 573 1962 634 parcentes
1988 578 2085 614 ex-
2124 611 2165 650 π

501 669 709 722 eidinm
756 665 961 733 operati
1015 669 1162 714 sunt.
1226 657 1509 726 Principes
1541 669 1744 718 autem,
1793 657 1884 723 qui
1923 655 1975 706 in
2023 667 2086 706 ea

502 767 697 820 erant,
741 756 964 809 Artemii
1047 767 1154 806 una
1216 766 1341 805 cum
1406 749 1681 802 Germano
1735 748 2088 801 sanctissimo

505 855 816 923 patriarcha
850 846 1462 915 Constantinopolitano
1513 843 1954 911 comprehensos
1985 841 2086 892 tln-

499 950 702 996 .xernnt
749 942 798 992 in
849 954 1035 992 casam
1076 935 1306 989 Artemii
1364 943 1416 987 et
1453 948 1643 987 eorum
1675 933 1768 1002 qui
1806 947 1929 984 cum
1971 932 2090 998 ipso

499 1043 680 1084 m'ant.
740 1030 912 1082 Porro
950 1027 1232 1082 Artemius
1271 1025 1359 1078 his
1395 1023 1551 1088 visis,
1588 1023 1970 1092 desperatione
2005 1023 2091 1077 sui

505 1125 721 1188 fessus,
753 1131 927 1178 semet
967 1123 1146 1190 ipsum
1205 1117 1475 1180 tradidit,
1522 1117 1800 1184 verboque
1849 1114 2093 1184 impuni-

504 1218 631 1267 latis
672 1214 910 1283 expetito
942 1211 1251 1266 monasliro
1289 1210 1514 1264 indutus
1543 1218 1629 1262 est
1657 1208 1869 1260 habitu.
1917 1206 2091 1270 Quem

503 1307 847 1362 Theodosius
903 1307 1132 1359 illaesum
1159 1318 1449 1358 reservans
1476 1301 1620 1369 apud
1638 1299 2091 1354 Thessalonicam

499 1402 698 1455 exsilio
729 1400 1011 1468 relegavit.
1059 1395 1232 1450 Porro
1265 1396 1606 1463 Philippicas
1648 1393 1935 1461 imperavit
1968 1391 2093 1460 qui-

502 1491 625 1544 dem
659 1491 821 1545 annis
865 1492 1082 1543 duobus
1117 1496 1170 1540 et
1221 1487 1508 1540 mensibus
1555 1500 1775 1546 novem,
1811 1485 2092 1538 Artemius

505 1594 633 1630 vero
672 1595 817 1632 anno
853 1594 961 1631 uno
1012 1586 1063 1632 et
1116 1577 1400 1630 mensibus
1441 1577 1636 1630 tribus.
1690 1574 1801 1630 Leo
1831 1585 2094 1644 pra-terea

504 1686 627 1723 cum
663 1680 807 1725 esset
843 1677 1043 1739 prartor
1073 1667 1462 1727 Orirnlalium,
1500 1668 1759 1736 quoniam
1792 1668 2096 1722 auxiliaba-

505 1771 593 1813 t;tr
621 1761 887 1822 Artemio,
922 1775 1027 1812 non
1055 1769 1137 1814 est
1168 1759 1424 1812 subditus
1456 1757 1789 1812 Theodosio.
1848 1756 2095 1811 Habebat

2191 557 2328 626 fugit
2375 557 2586 622 furatus
2637 556 2914 623 pecuniam
2965 555 3212 623 multum,
3261 570 3307 611 et
3360 569 3573 628 propter
3624 563 3775 615 illum

2189 647 2334 714 equis
2363 646 2677 700 insedimus.
2727 645 2896 701 Porro
2923 647 3174 716 ipsorum
3208 651 3388 719 agnita
3433 664 3634 720 praetor
3681 655 3778 706 de-

2191 739 2464 807 ceptiOue,
2497 739 2635 793 dixit
2663 739 2728 792 ad
2768 754 2903 793 eos:
2960 739 3042 793 Ne
3093 743 3373 796 turbemini
3403 759 3444 796 εν
3475 760 3598 796 nam
3647 762 3778 813 quo-

2191 846 2394 901 cunque
2451 833 2736 899 perrexerit
2765 872 2782 895 ,
2838 835 2893 886 in
2946 835 3142 887 castris
3195 837 3392 888 nostris
3459 839 3776 904 reperiemus

2192 943 2332 982 eum.
2392 926 2672 982 Tristatus
2706 937 2886 982 autem
2924 931 3104 997 potuit-
3133 932 3347 986 occulte
3377 947 3472 1002 per
3499 933 3776 988 hominem

2196 1034 2356 1071 suum
2401 1020 2745 1074 innotescere
2801 1021 2884 1074 his
2929 1022 3023 1090 qui
3069 1023 3275 1076 Alnorii
3305 1032 3497 1088 erant,
3541 1025 3774 1080 dicens:

2198 1109 2400 1164 Timete
2429 1110 2620 1176 Deum,
2663 1129 2726 1165 ne
2759 1115 3100 1176 rosmetipsos
3149 1117 3414 1183 prodatis.
3476 1115 3613 1170 Ecce
3639 1118 3776 1170 enim

2189 1211 2244 1256 et
2280 1201 2581 1257 Masalmas
2618 1207 3026 1275 appropinquat.
3085 1205 3150 1258 Et
3194 1208 3328 1260 exiit
3359 1207 3524 1261 etiam
3559 1209 3780 1278 episco-

2197 1309 2300 1363 pus
2336 1295 2402 1347 ad
2464 1311 2613 1355 eum,
2657 1305 2710 1350 et
2761 1297 2948 1350 eadem
3002 1299 3118 1366 ipsa
3175 1298 3308 1351 dicit
3357 1299 3427 1352 ei.
3479 1297 3616 1353 Cum
3651 1315 3782 1356 vero

2199 1385 2513 1440 Suhelimau
2569 1389 2853 1443 didicisset
2904 1390 3048 1458 quod
3102 1388 3310 1442 exisset
3355 1390 3420 1442 ad
3483 1405 3609 1443 eum
3665 1391 3782 1458 epi-

2196 1495 2439 1548 scopus.
2499 1481 2658 1534 miltit
2703 1481 2768 1534 ad
2822 1489 3149 1548 praetereat:
3204 1479 3285 1532 Da
3335 1480 3515 1544 nobis,
3563 1481 3781 1546 dicens,

2195 1574 2521 1641 episcopum.
2583 1573 2689 1638 Qui
2759 1585 2990 1628 tumstus
3043 1573 3221 1628 factus
3285 1573 3572 1628 abs-condit
3627 1589 3779 1638 cum,

2197 1665 2415 1718 cuidam
2451 1665 2732 1718 hominum
2772 1680 2996 1720 suorum
3035 1665 3402 1735 prmeipiens:
3447 1664 3645 1730 Nobis,
3692 1666 3783 1720 in-

2198 1757 2339 1826 quit,
2375 1755 2801 1826 colloquemibus
2836 1756 2996 1809 :‘udue
3029 1773 3146 1810 eum
3185 1759 3306 1810 aliis
3337 1758 3514 1819 stolis,
3547 1767 3597 1811 et
3627 1758 3784 1828 quasi

500 1865 682 1907 autem
720 1854 1123 1924 conspirantem
1159 1852 1264 1906 sibi
1297 1860 1351 1905 et
1376 1862 1797 1905 concurrentem
1825 1849 2090 1911 Artabass
2119 1843 2164 1898 Β
2191 1856 2405 1918 propter
2435 1847 2580 1916 ligna
2625 1847 2704 1898 rel
2749 1862 2944 1916 aquam
2995 1848 3216 1902 missum
3271 1849 3386 1902 sine
3425 1859 3485 1902 ut
3535 1850 3692 1902 vadat
3727 1852 3780 1902 in

504 1947 632 1998 dum
673 1946 1011 2007 Armenium,
1047 1953 1337 2012 praetorem
1379 1942 1861 2008 Armeniacornm,
1915 1943 2004 2023 cui
2037 1951 2092 1996 et

505 2037 796 2106 spopondit
829 2036 994 2089 tiliam
1024 2051 1083 2089 se
1115 2050 1266 2091 suam
1303 2036 1356 2088 in
1394 2050 1617 2088 uxorem
1655 2034 1770 2088 fore
1809 2035 2090 2103 daturum;

502 2129 647 2198 quod
677 2136 728 2180 et
763 2126 883 2180 ferit
901 2167 914 2180 .

577 2219 760 2272 Mundi
809 2233 954 2271 anno
1019 2216 1179 2281 6208,
1233 2216 1432 2270 divina:
1487 2215 1888 2271 incarnationis
1943 2231 2090 2271 anno

507 2310 630 2370 708.
663 2309 974 2365 Germanus
1019 2309 1666 2377 Constantinopolitanus
1711 2308 1942 2361 habetur
1993 2325 2093 2362 an-

505 2400 661 2453 tistes
684 2437 699 2460 ,
741 2400 834 2468 qui
873 2399 1131 2452 Ecclesia:
1164 2414 1356 2451 novem
1385 2397 1602 2466 pitefuit
1627 2396 1806 2450 annis.
1840 2395 2094 2451 Theodo-

503 2489 620 2545 sius
653 2505 781 2542 vero
812 2491 1041 2558 imperat
1071 2503 1218 2542 anno
1252 2503 1397 2554 uno;
1431 2487 1591 2555 cujus
1619 2495 1864 2556 tempore
1894 2485 2094 2540 lllasal-

508 2600 626 2637 tnas
667 2584 932 2636 adversus
981 2581 1516 2649 Constantinopolim
1569 2581 1742 2635 aciem
1777 2580 1985 2650 dirigit,
2040 2587 2094 2633 et

503 2675 767 2741 praemisit
831 2672 1167 2727 thelimam
1229 2688 1355 2727 cum
1412 2673 1659 2727 exercitu
1724 2688 1820 2742 per
1859 2675 2092 2738 siccam,

505 2754 802 2822 lluntarum
838 2782 965 2820 vero
999 2781 1090 2835 per
1119 2781 1289 2820 mare.
1321 2765 1494 2818 Porro
1526 2767 1641 2834 ipse
1679 2773 1805 2833 post
1841 2779 1938 2819 eos
1966 2779 2092 2818 cum

504 2860 674 2913 multo
729 2867 991 2928 apparatu
1045 2858 1227 2912 hostili
1260 2844 1454 2912 'veuit.
1523 2859 1858 2912 Suhelimam
1910 2866 2094 2912 autem

500 2963 554 3006 et
594 2953 900 3007 Bacbarum
947 2954 1229 3007 Atnoriutn
1279 2953 1658 3022 pervenientes
1713 2952 1968 3006 scribunt
2021 2949 2092 3006 ad

505 3041 743 3096 Leonem
793 3054 1084 3113 praetorem
1111 3045 1468 3096 Orientalium
1499 3043 1575 3096 ita
1609 3060 1622 3096 :
1667 3041 1930 3097 Nouimus
1968 3042 2096 3112 quia

503 3138 785 3205 imperium
821 3137 1179 3192 Romanorum
1210 3147 1261 3190 te
1292 3141 1459 3192 decet.
1533 3135 1657 3189 Veni
1695 3152 1817 3206 ergo
1869 3137 1941 3189 ad
1977 3151 2093 3201 nos,

503 3241 553 3283 et
603 3231 884 3300 loquamur
939 3247 1056 3301 qua:
1101 3231 1170 3282 ad
1231 3245 1411 3298 pacem
1469 3239 1612 3282 sunt.
1657 3231 1884 3283 lntuens
1913 3238 2096 3283 autem

504 3321 841 3374 Suhelimam
892 3323 1179 3376 Amorium
1242 3320 1546 3375 exercitum
1589 3335 1700 3376 non
1756 3319 1995 3383 habere,
2048 3325 2101 3373 et

505 3413 852 3469 inimicitiam
882 3430 1050 3483 penes
1079 3415 1465 3480 magistratum
1497 3415 1680 3484 jacere
1713 3414 1784 3468 ob
1835 3413 2100 3467 auxilium

509 3506 661 3576 quod
702 3507 948 3559 Artetnio
1001 3505 1358 3570 conferebat,
1415 3505 1633 3559 obsedit
1692 3505 1859 3567 illud,
1913 3504 2103 3560 volens

505 3599 616 3651 illic
645 3607 699 3651 et
728 3596 1047 3651 Masalmam
1077 3607 1420 3668 exspectare.
1451 3597 1571 3650 Mox
1606 3604 1784 3650 autem
1818 3603 1876 3649 ut
1909 3611 2103 3666 appro-

508 3689 790 3758 pinquavit
841 3688 1051 3744 civitati
1093 3730 1107 3749 ,
1169 3698 1461 3758 coeperunt
1514 3688 1780 3742 Saraceni
1840 3687 2100 3743 laudibus

503 3774 787 3831 diliamare
819 3788 1108 3847 praetorem
1158 3777 1395 3834 Leonem
1439 3780 1854 3848 imperatorem,
1891 3794 2099 3848 rogano

503 3879 591 3924 tes
654 3870 850 3925 ethos
903 3871 997 3939 qui
1068 3871 1217 3925 intus
1263 3881 1463 3935 erant,
1520 3871 1574 3925 id
1635 3869 2098 3941 ipsumel’ﬁcere.

508 3959 771 4013 Videntes
827 3975 1010 4013 autem
1056 3967 1109 4014 et
1167 3960 1219 4014 hi
1271 3962 1364 4030 qui
1421 3971 1578 4016 erant
1634 3963 1885 4027 Amorii,
1947 3961 2099 4032 quod

508 4049 770 4103 Saraceni
833 4050 979 4104 hunc
1029 4065 1219 4105 amore
1272 4052 1582 4114 laudarent,
1640 4050 2003 4106 laudaverunt
2039 4062 2098 4107 et

510 4137 636 4204 ipsi.
673 4137 1023 4203 Cognoscens
1056 4153 1188 4193 vero
1222 4147 1424 4208 praetor
1447 4140 1594 4209 quod
1620 4141 1821 4196 taxatis
1852 4157 1916 4195 ac
1946 4143 2101 4214 prin-

504 4231 722 4300 cipibns
742 4247 848 4284 non
874 4233 1271 4287 exsistentibus
1300 4234 1603 4304 periturum
1627 4234 1768 4290 foret
1789 4236 2098 4303 Amorium,

505 4324 778 4394 signilieat
825 4323 1187 4380 Suheliman:
1238 4325 1301 4380 Si
1345 4331 1444 4390 vis,
1477 4329 1757 4398 inquiens,
1794 4339 1851 4384 ut
1895 4333 2098 4385 veniam

504 4418 572 4466 ad
599 4423 646 4468 te
671 4428 719 4468 et
745 4432 862 4487 qua:
893 4419 1040 4484 pacis
1073 4428 1196 4471 sunt
1233 4419 1536 4490 loquamur,
1585 4438 1682 4474 cur
1713 4422 1923 4478 obsides
1967 4424 2092 4479 cici.

2197 1948 2416 1992 mortles.
2476 1937 2862 1993 lusistentibns
2915 1949 3098 1992 autem
3148 1955 3245 2008 pro
3307 1941 3567 2011 episcopo
3617 1941 3782 1995 Sara-

2191 2039 2348 2093 cenis
2396 2037 2531 2091 dicit
2589 2045 2841 2106 praeter:
2912 2035 3036 2090 Non
3096 2046 3174 2091 est
3221 2037 3327 2092 hic.
3407 2037 3782 2094 Verumtamen

2191 2128 2392 2198 pergite
2411 2129 2480 2180 ad
2506 2144 2762 2187 amet-am,
2794 2137 2843 2181 et
2871 2130 3020 2181 venio
3050 2129 3213 2181 etiam
3247 2130 3376 2195 ipse,
3415 2139 3463 2182 et
3490 2131 3552 2181 de
3575 2130 3781 2185 cunctis

2192 2219 2486 2289 loquemur.
2528 2217 2632 2288 Ipsi
2677 2228 2860 2272 autem
2897 2221 3201 2290 cogitantes
3229 2221 3373 2289 quod
3420 2236 3546 2274 eum
3587 2222 3783 2276 introi-

2196 2319 2277 2363 ret
2311 2313 2376 2364 ad
2407 2325 2673 2371 amerain,
2711 2311 2762 2362 in
2805 2310 2987 2364 medio
3023 2311 3267 2379 ipsorum
3300 2311 3601 2366 retinerent
3627 2330 3779 2379 eum,

2196 2401 2342 2455 hunc
2393 2400 2745 2454 dimiserunt.
2816 2401 2886 2452 At
2940 2401 3031 2454 ille
3085 2416 3208 2456 cum
3263 2417 3406 2470 equo
3464 2404 3780 2473 insedisset,

2195 2492 2476 2563 proiectus
2511 2508 2634 2545 cum
2693 2492 2776 2546 bis
2820 2500 3040 2546 centum
3094 2491 3410 2548 hominibus
3439 2495 3592 2560 quasi
3624 2509 3786 2548 vena-

2198 2595 2377 2649 turus,
2404 2583 2556 2638 dedit
2604 2583 2657 2637 in
2707 2593 2915 2651 partem
2972 2584 3276 2637 sinistram.
3329 2585 3588 2638 Saraceni
3627 2599 3776 2654 ergo,

2194 2681 2288 2751 qtti
2344 2686 2503 2733 erant
2547 2692 2672 2732 cum
2711 2692 2803 2737 eo.
2859 2675 3052 2731 dicunt
3102 2677 3223 2730 illi:
3285 2677 3403 2742 Quo
3453 2678 3653 2731 radis?
3712 2675 3781 2731 la

2195 2773 2388 2838 pratis,
2415 2772 2509 2832 ait,
2545 2771 2657 2824 uolo
2685 2785 2916 2822 attinere.
2945 2769 3012 2822 At
3047 2768 3121 2821 illi
3153 2768 3408 2822 dixerunt
3438 2784 3449 2819 :
3483 2767 3776 2822 Consilium

2197 2877 2346 2919 tuum
2381 2880 2484 2918 non
2509 2875 2585 2917 est
2624 2864 2838 2925 bonum,
2866 2872 2914 2916 et
2947 2879 3052 2914 non
3089 2863 3352 2916 veniemus
3384 2874 3572 2915 terum.
3627 2863 3784 2917 Tunc

2195 2959 2331 3016 dicit
2362 2972 2563 3031 praeter
2594 2961 2709 3015 suis
2743 2975 2756 3012 :
2811 2959 2973 3013 Verbo
3015 2959 3162 3010 nobis
3196 2965 3321 3010 dato
3367 2967 3538 3010 tenere
3581 2974 3673 3011 nos
3703 2974 3786 3011 uo-

2198 3054 2432 3118 luerunt,
2466 3063 2515 3106 et
2549 3064 2766 3122 propter
2795 3067 2888 3105 nos
2926 3049 3260 3108 Christianos
3295 3052 3530 3118 perdere.
3593 3050 3783 3102 Verum

2199 3160 2264 3198 ea:-
2298 3145 2596 3198 Itominibus
2635 3146 2833 3198 nostris
2885 3143 2965 3196 vel
3004 3143 3388 3205 animantibus,
3423 3157 3538 3211 qm:
3572 3157 3788 3194 reman-

2203 3248 2426 3302 serunt,
2480 3237 2686 3290 nullum
2745 3237 2993 3290 retinent.
3065 3236 3129 3288 lit
3178 3251 3304 3288 cum
3362 3237 3494 3290 isset
3546 3236 3788 3290 millibus

2203 3327 2415 3389 decem,
2469 3327 2692 3380 mansit.
2734 3327 2962 3380 Postera
2994 3341 3120 3380 vero
3162 3326 3251 3379 die
3283 3327 3446 3379 mittit
3487 3337 3785 3380 stratornm

2203 3433 2432 3474 suorum
2478 3419 2864 3480 domesticmn,
2905 3425 2957 3472 et
2992 3419 3264 3488 significat
3302 3419 3426 3472 eis:
3485 3419 3624 3483 Quia
3671 3435 3788 3472 ver-

2203 3510 2326 3564 bum
2363 3511 2493 3564 mihi
2534 3510 2758 3564 dedistis
2785 3519 2836 3563 et
2863 3510 2990 3564 dolo
3019 3526 3099 3564 me
3141 3511 3366 3563 retinere
3397 3512 3660 3571 voluistis,
3696 3511 3786 3564 ir!-

2201 3605 2344 3656 circo
2394 3602 2604 3656 recessi.
2658 3603 2728 3654 At
2786 3615 2915 3655 vero
2944 3600 3234 3655 Masaimas
3278 3602 3552 3656 elaustras
3601 3610 3790 3656 trans-

2205 3697 2366 3760 ierat,
2451 3693 2768 3748 Suheliman
2830 3703 3011 3747 autem
3074 3693 3175 3746 hoc
3232 3692 3540 3762 ignorabat.
3616 3691 3791 3746 Porro

2203 3787 2518 3842 tumultuati
2556 3796 2688 3840 sunt
2727 3787 2930 3840 amerei
2973 3795 3028 3840 et
3064 3785 3298 3854 populus
3345 3795 3536 3839 contra
3581 3783 3796 3838 Sit-heli-

2204 3895 2354 3944 Inan,
2379 3879 2731 3947 perhibean
2763 3896 2776 3931 :
2812 3875 2883 3930 Ut
2917 3876 3043 3947 quid
3070 3875 3369 3930 obsidemus
3393 3893 3592 3938 muros,
3633 3887 3684 3929 et
3714 3877 3793 3929 irt-

2202 3971 2472 4024 cursiones
2513 3986 2615 4022 non
2664 3968 2937 4037 lacimus.’
2986 3969 3373 4038 Repositisque
3419 3969 3794 4022 tabernaculis

2202 4064 2598 4118 discesserunt.
2655 4061 2864 4116 Praetor
2909 4072 3091 4116 autem
3144 4062 3382 4114 Nicaeam
3411 4061 3786 4116 turmam-ham

2202 4170 2326 4208 cum
2354 4155 2688 4224 octingentis
2720 4153 2985 4208 militibus
3016 4153 3070 4208 in
3103 4153 3422 4206 Armoriunt
3459 4155 3788 4222 introduxit,

2201 4249 2420 4302 emissis
2450 4264 2516 4301 ex
2547 4263 2612 4302 eo
2657 4248 2846 4302 multis
2896 4248 3222 4302 mulieribus
3258 4259 3310 4301 et
3352 4247 3690 4312 infantibus,
3735 4260 3791 4303 et

2202 4341 2574 4409 proﬁciscitur
2608 4341 2727 4412 ipse
2771 4341 2827 4395 in
2861 4341 3144 4396 Pisidiam.
3199 4341 3334 4395 Cum
3361 4354 3541 4396 autem
3584 4343 3790 4396 Masal-

2202 4451 2323 4490 mas
2362 4437 2610 4490 venisset
2641 4437 2693 4489 in
2735 4435 3162 4506 Cappadociam,
3204 4437 3477 4505 desperati
3521 4451 3691 4506 super
3731 4452 3796 4491 se

508 4517 670 4560 tatem
697 4509 722 4560 .9
761 4509 827 4601 At
859 4509 984 4562 ille:
1017 4507 1171 4601 veni,
1215 4510 1418 4582 inquit,
1447 4522 1497 4566 et
1531 4514 1736 4569 recedo.
1769 4514 1835 4568 Ει
1869 4524 2098 4587 accepto
2131 4541 2174 4596 υ
2203 4526 2560 4596 Cappadoces
2587 4529 2842 4583 exierunt
2877 4529 2941 4582 ad
2970 4543 3121 4589 eum,
3156 4536 3216 4582 ut
3245 4543 3306 4582 se
3334 4530 3601 4597 reciperet
3628 4529 3794 4601 ﬁngi-

507 4606 708 4665 praator
751 4599 818 4651 ab
850 4614 914 4653 eo
954 4600 1120 4656 verbo
1162 4617 1286 4655 cum
1342 4604 1605 4658 trecentis
1643 4607 1922 4674 equitibus
1947 4608 2098 4662 venit

505 4690 572 4741 ad
631 4689 805 4742 illum.
879 4690 1138 4746 Videntcs
1196 4702 1376 4747 autem
1429 4710 1554 4750 eum
1612 4696 1851 4766 Agareni
1910 4698 2096 4754 vestiti

510 4778 697 4833 loricis
737 4780 852 4834 suis
893 4796 1160 4837 venerunt
1193 4785 1240 4838 ci
1277 4785 1517 4852 obviam,
1572 4788 1666 4858 qui
1711 4792 1971 4846 manebat
2015 4791 2098 4845 di-

507 4866 678 4920 midio
723 4869 915 4936 procul
966 4885 995 4924 a
1042 4873 1240 4927 castris
1269 4889 1458 4929 eorum
1514 4878 1794 4934 milliario.
1851 4879 1955 4935 Per
1984 4890 2100 4938 tres

509 4972 640 5009 sane
665 4959 782 5013 dies
831 4975 897 5014 eo
928 4965 1262 5030 procedente
1294 4966 1359 5021 ad
1396 4967 1603 5036 ipsum,
1654 4986 1776 5040 quae
1805 4971 1871 5025 ad
1909 4987 2096 5042 pacem

509 5060 660 5116 sum,
719 5054 1112 5123 l0quebantur,
1167 5066 1219 5110 et
1251 5067 1365 5112 uta
1394 5060 1617 5116 civitate
1652 5063 2015 5120 recederent:
2043 5074 2102 5122 at

508 5141 584 5195 illi
634 5146 993 5200 asserebant:
1030 5144 1240 5216 Sponde
1267 5164 1470 5216 pacem,
1503 5161 1553 5204 et
1585 5155 1895 5210 recedimus.
1929 5156 2098 5210 Com-

509 5245 662 5302 perte
724 5254 854 5292 vero
924 5251 1127 5310 praetor
1187 5243 1332 5311 quod
1391 5259 1516 5298 eum
1572 5247 1773 5302 vellent
1836 5249 2097 5312 retinere.

509 5331 722 5383 vocavit
766 5333 966 5387 multos
997 5351 1063 5388 ex
1102 5335 1410 5389 illustribus
1441 5334 1732 5394 Saracenis
1759 5342 1824 5395 ad
1855 5357 2095 5407 coenam,

507 5432 562 5474 et
607 5425 962 5480 vescentibus
1022 5430 1105 5482 eis
1176 5430 1327 5484 misit
1393 5428 1715 5486 Suheliman
1773 5435 1877 5488 tria
1927 5433 2098 5489 millia

509 5515 864 5572 loricatorum
895 5520 960 5574 ad
989 5522 1443 5578 circumdandum
1481 5540 1607 5580 eum
1646 5543 1713 5581 ue
1759 5526 1994 5598 fugeret,
2041 5539 2097 5584 et

509 5611 860 5666 servandum.
909 5614 1025 5681 Quo
1051 5618 1272 5687 cognito
1303 5619 1557 5674 custodia
1599 5621 1874 5675 nuntiavit
1897 5621 1946 5675 ei
1969 5622 2096 5691 quia

510 5703 889 5761 multitudines
937 5711 1274 5777 equestrium
1315 5709 1715 5766 Saracenorum
1761 5713 1813 5766 in
1857 5714 2098 5769 circuitu

509 5803 702 5848 nostro
747 5805 912 5850 stant.
974 5797 1213 5858 Veniens
1265 5813 1443 5858 autem
1492 5820 1634 5862 unus
1679 5821 1743 5860 ex
1794 5809 1873 5862 eis
1904 5823 2093 5878 eques,

2202 4627 2403 4673 tantes.
2481 4617 2683 4673 Audita
2742 4634 2877 4674 vero
2937 4617 3226 4673 Masalmas
3282 4619 3562 4673 inimicitia
3621 4637 3792 4690 quam

2202 4707 2440 4762 habebat
2489 4705 2834 4763 Theodosius
2882 4707 2937 4760 in
3003 4714 3340 4774 praetorem,
3410 4710 3597 4761 volens
3641 4711 3796 4763 inme

2201 4799 2457 4868 decipere
2499 4807 2556 4852 et
2606 4798 2812 4868 pacisci
2857 4813 2983 4853 eum
3029 4813 3095 4852 eo
3130 4813 3193 4852 ae
3241 4814 3338 4868 per
3371 4800 3550 4868 ipsum
3583 4799 3795 4856 Roma-

2203 4890 2345 4945 niam
2381 4891 2484 4944 sibi
2515 4889 2816 4958 subjicere,
2847 4890 2983 4946 dicit
3013 4892 3096 4945 eis
3124 4906 3136 4942 :
3180 4889 3305 4945 Non
3341 4894 3470 4947 estis
3509 4898 3798 4961 prtrtoris.’

2201 4985 2296 5054 qui
2342 4983 2645 5038 dixerunt:
2683 4981 2885 5038 Etiam.
2937 4982 3148 5038 Facitis
3190 4985 3445 5055 quidquid
3494 4987 3676 5056 facit?
3725 4989 3796 5041 At

2203 5077 2325 5130 illi:
2375 5074 2580 5130 Etiam.
2625 5073 2778 5130 Tunc
2801 5076 2937 5130 dicit
2960 5079 3082 5131 eis:
3135 5076 3218 5130 Ite
3247 5080 3316 5130 ad
3363 5090 3543 5134 castra
3591 5091 3792 5144 vestra,

2201 5178 2249 5222 et
2277 5176 2586 5240 quemquam
2615 5169 2783 5221 nolite
2811 5170 3012 5232 timere,
3041 5169 3316 5238 iussitque
3350 5174 3549 5240 popqu
3588 5189 3692 5227 suo
3727 5189 3798 5226 ne

2205 5262 2583 5329 prtedarentur
2635 5262 2688 5313 in
2751 5263 2970 5314 cunctis
3011 5263 3264 5329 praetoris
3312 5264 3628 5330 provinciis.
3694 5264 3794 5318 llis

2204 5356 2404 5416 praetor
2434 5349 2764 5418 compertis,
2808 5359 2860 5404 et
2919 5352 3230 5420 intelligens
3271 5353 3416 5421 quod
3463 5353 3793 5409 Suheliman

2202 5439 2486 5494 nuntiaret
2521 5440 2801 5495 Masalmze
2833 5442 2978 5511 quod
3019 5457 3076 5496 se
3120 5442 3392 5498 dimiserit
3421 5455 3473 5498 et
3507 5445 3795 5499 discesse-

2203 5531 2296 5594 rit,
2351 5531 2502 5587 misit
2547 5531 2768 5586 litteras
2831 5532 2898 5584 ad
2950 5531 3272 5597 Masalman,
3327 5532 3560 5591 dicens:
3609 5535 3694 5588 Ad
3747 5547 3800 5588 te.

2201 5623 2436 5678 volebam
2457 5625 2650 5688 venire,
2700 5623 2794 5677 sed
2829 5622 3166 5687 Suhelimau,
3199 5642 3319 5678 cum
3355 5628 3512 5681 issem
3552 5630 3620 5680 ad
3643 5645 3796 5693 enix,

2204 5727 2374 5772 tenere
2403 5733 2484 5770 me
2510 5717 2696 5781 voluit,
2725 5727 2775 5770 et
2805 5717 3003 5770 idcirco
3031 5728 3206 5774 metuo
3245 5720 3415 5774 venire
3441 5721 3512 5774 ad
3538 5730 3608 5775 te.
3649 5720 3796 5773 DiCll

2199 5827 2330 5881 ergo
2362 5809 2658 5866 Masalmas
2694 5809 2900 5864 homini
2937 5813 3188 5878 praetoris
3220 5829 3232 5864 :
3295 5811 3433 5866 Novi
3487 5814 3630 5882 quod
3658 5813 3794 5867 illu-
