4100 6416
398 374 538 441 I353

1215 363 1583 430 HISTORIA
1623 362 2201 426 ECCLESIASTICA
2242 363 2346 424 EX
2384 360 2865 425 THEOPHANE.

3525 355 3661 422 135i

389 493 487 545 dat
537 488 667 544 mihi
714 495 933 558 praetor,
976 500 1038 540 ne
1084 484 1292 554 penitus
1333 481 1620 551 deperdam
1664 479 1965 548 provincias
2000 483 2043 540 Α
2072 478 2201 533 vulo
2232 478 2289 533 in
2324 480 2531 533 cacabo
2562 477 2705 531 hunc
2734 479 3027 537 coxerunt,
3060 479 3224 541 atque
3251 449 3310 525 in
3337 469 3663 540 huiusmodi

390 585 530 653 ejus.
557 581 697 637 Dicit
738 583 784 635 ei
814 580 977 635 homo
1009 578 1300 648 praetoris:
1340 573 1466 629 Non
1513 581 1592 628 est
1634 573 1713 625 ita
1737 611 1753 636 ,
1780 572 1869 625 sed
1919 571 1974 624 in

391 678 615 731 veritate
672 673 855 728 scribit
903 672 1019 726 tibi.
1094 668 1253 724 Tunc
1300 669 1647 736 interrogat:
1701 661 1978 729 Quomodo

390 776 471 821 est
531 765 811 820 Amorium
853 778 981 833 erga
1026 760 1233 817 illum?
1276 759 1409 814 Ait:
1456 757 1595 812 Bene
1631 765 1681 810 et
1723 757 1774 811 in
1802 755 1978 825 subje-

392 858 566 911 ctione
595 856 729 924 ejus.
768 852 944 907 Iratus
985 860 1167 905 autem
1200 848 1418 920 injuriis
1468 848 1647 902 affecit
1676 861 1801 907 eum
1827 886 1842 911 ,
1893 846 1981 899 di-

392 964 570 1005 cens:
630 947 743 1002 Cur
795 944 1088 1000 mentiris?
1135 943 1207 996 At
1246 942 1374 997 ille:
1414 939 1501 996 Ita
1527 950 1607 996 est
1646 948 1705 992 ut
1733 938 1868 994 dixi.
1914 936 1983 992 Et

393 1050 617 1096 taxatos
647 1039 815 1094 mittit
872 1051 980 1092 una
1024 1049 1149 1091 cum
1194 1035 1509 1089 turmarcha
1560 1033 1615 1087 in
1659 1031 1839 1102 ipsum
1869 1070 1883 1093 ,
1928 1035 1985 1084 et

396 1133 588 1188 eduxit
625 1129 1060 1186 abundantiores
1091 1127 1352 1182 familias.
1383 1124 1767 1181 Tribulatione
1800 1123 1986 1191 itaque

397 1226 610 1299 ingenti
642 1224 933 1280 Masahnas
954 1236 1123 1292 super
1147 1223 1251 1276 hoc
1283 1228 1532 1290 accepta,
1570 1217 1760 1271 furore
1790 1216 1986 1285 plenus

398 1319 616 1391 expulit
643 1332 792 1373 eum.
818 1313 1122 1371 Consilium
1164 1313 1366 1383 quippe
1399 1310 1635 1391 habebat
1673 1316 1862 1364 aestate
1890 1320 1987 1361 ca-

397 1388 533 1482 pere
566 1409 724 1471 illud,
754 1416 809 1460 et
842 1404 1197 1476 exspectandi
1221 1404 1480 1467 classem,
1519 1388 1575 1455 et
1604 1400 1686 1456 sic
1721 1401 1774 1453 in
1803 1398 1986 1452 Asiam

400 1487 779 1561 descendendi
810 1507 977 1569 atque
1002 1496 1298 1553 hiemandi.
1354 1493 1556 1549 lterum
1588 1505 1718 1563 ergo
1755 1490 1990 1561 quaesito

399 1594 658 1669 praetoris
693 1592 918 1648 homine
953 1590 1271 1647 sciscitatur
1298 1587 1367 1641 ab
1399 1601 1485 1642 eo.
1539 1585 1633 1641 llle
1673 1598 1803 1639 vero
1837 1583 1991 1653 jure-

394 1686 637 1757 jurando
667 1684 806 1741 dixit
838 1683 906 1737 ad
950 1697 1075 1738 eum
1110 1699 1123 1735 :
1159 1679 1355 1735 Omnia
1393 1693 1511 1750 qua:
1550 1676 1642 1731 aio
1687 1675 1818 1740 tibi,
1862 1691 1985 1729 uera

402 1788 552 1836 sunt.
622 1775 727 1832 Sed
752 1785 803 1830 et
841 1774 988 1828 mille
1016 1774 1071 1827 in
1094 1772 1150 1826 id
1184 1772 1357 1825 taxati
1406 1786 1524 1824 cum
1560 1766 1870 1822 turmarcha
1902 1767 1991 1820 in-

2083 567 2195 623 Deo
2216 567 2542 624 detestabile
2564 566 2901 624 sacrificium
2924 576 3137 628 omnes,
3160 562 3253 631 qui
3280 560 3487 617 bellare
3514 562 3663 616 vole-

2081 661 2239 725 bant,
2290 660 2535 716 dexterae
2582 673 2781 714 manus
2821 670 2938 713 suae
2981 655 3236 710 manicas
3277 652 3663 722 intingebant;

2082 759 2137 808 et
2171 752 2378 808 idcirco
2409 751 2654 807 inimicis
2681 758 2813 805 sunt
2840 748 3048 804 traditi.

2154 840 2341 897 Mundi
2366 856 2512 897 anno
2533 841 2695 909 6209,
2720 840 2921 896 divinae
2947 837 3346 893 incarnationis
3368 849 3515 891 anno
3534 834 3663 900 709,

2085 933 2197 990 Leo
2226 935 2529 1005 imperator
2561 934 2936 988 Romanorum
2966 930 3309 1001 provehitur,
3342 930 3435 1000 qui
3463 926 3532 981 24
3559 924 3666 982 itii—

2085 1026 2299 1096 peravit
2326 1026 2508 1081 annis.
2536 1025 2857 1081 Suheliman
2887 1038 3018 1078 vero
3063 1024 3173 1078 dus
3204 1022 3447 1078 Arabum
3481 1022 3666 1076 nosci-

2088 1128 2199 1184 tur,
2235 1120 2329 1191 qui
2381 1119 2562 1174 tribus
2613 1117 2833 1189 praefuit
2885 1117 3069 1171 annis.
3119 1115 3233 1171 Hoc
3282 1113 3470 1185 itaque
3518 1129 3668 1168 anno

2088 1211 2199 1269 Leo
2242 1213 2516 1282 imperare
2556 1212 2725 1280 coepit
2754 1227 2819 1266 ex
2874 1209 3403 1265 Germanicensibus
3450 1206 3669 1262 deriva-

2092 1315 2200 1369 tus,
2233 1318 2435 1375 genere
2482 1302 2679 1375 Syrus,
2731 1303 2824 1372 qui
2873 1317 2902 1357 a
2951 1302 3264 1357 Iustiniano
3314 1300 3669 1370 imperatore.

2089 1411 2215 1450 cum
2278 1396 2433 1467 prius
2487 1407 2767 1468 regnaret,
2811 1394 3145 1449 transfertur
3193 1392 3249 1446 in
3291 1391 3670 1447 Mcscmbriam

2091 1489 2345 1544 Thraca).
2404 1488 2581 1545 Porro
2632 1488 2961 1559 posterioris
3017 1484 3233 1555 imperii
3288 1484 3377 1538 sui
3429 1492 3673 1553 tempore

2090 1599 2216 1639 cum
2248 1581 2464 1637 veniret
2504 1597 2613 1636 una
2647 1596 2773 1636 cum
2815 1578 3169 1648 Vulgaribus,
3203 1576 3401 1632 obvius
3446 1576 3496 1631 ei
3547 1591 3672 1631 cum

2093 1674 2420 1730 muneribus
2482 1672 2589 1728 fuit
2662 1673 2845 1727 ovium
2910 1672 3359 1741 quingentarum.
3419 1667 3677 1722 Placatus

2095 1774 2279 1822 autem
2300 1762 2655 1827 Justinianus
2684 1762 3026 1832 spatharium
3053 1750 3307 1830 pretinus
3339 1757 3491 1811 illum
3520 1755 3673 1823 fecit,

402 1870 573 1941 gressi
609 1875 756 1930 sunt,
800 1872 1150 1933 cunctamque
1183 1862 1548 1916 substantiam
1596 1859 1795 1913 ibidem
1833 1858 1988 1912 ltabi-
2018 1831 2066 1891 Β
2095 1864 2150 1912 et
2173 1857 2365 1911 habuit
2393 1855 2543 1910 hunc
2570 1831 2733 1909 sicuti
2760 1868 3084 1924 germanum
3112 1851 3373 1905 amicum.
3404 1849 3675 1904 Praeterea

407 1960 645 2015 lantiunt
673 1966 723 2011 et
754 1958 933 2024 inopes
966 1954 1209 2024 familias
1235 1951 1422 2006 eduxit
1456 1951 1628 2004 illinc.
1660 1949 1758 2004 His
1790 1949 1991 2004 auditis

405 2052 606 2109 scribit
657 2047 882 2119 praetori
918 2063 933 2100 :
978 2045 1110 2099 Veni
1160 2047 1228 2098 ad
1279 2059 1383 2110 me,
1421 2042 1702 2112 inquiens,
1734 2050 1784 2096 et
1821 2050 1993 2095 tecum

402 2145 673 2214 paciscor,
710 2151 762 2196 et
795 2142 1043 2195 universa
1077 2148 1135 2191 ut
1180 2138 1257 2192 vis
1297 2136 1547 2207 patrabo.
1574 2134 1993 2205 Contemplatus

406 2237 580 2307 igitur
610 2241 808 2304 praetor
830 2232 979 2302 quod
1008 2229 1281 2286 Massaleo
1304 2228 1735 2298 propinquasset
1763 2237 1819 2282 et
1847 2226 1995 2297 quod

407 2327 467 2381 in
502 2325 626 2379 aliis
652 2324 896 2393 quinque
923 2320 1117 2376 diebus
1148 2319 1464 2389 provincias
1493 2332 1624 2373 suas
1655 2318 1996 2372 transiturus

409 2421 585 2479 eSset,
618 2412 804 2467 missis
839 2410 907 2465 ad
942 2426 1067 2466 eum
1100 2410 1315 2465 duobus
1345 2409 1669 2464 consulibus
1720 2408 1997 2479 significat

407 2504 463 2560 ei
495 2503 685 2558 dicens
712 2520 727 2557 :
768 2500 1004 2555 Litteras
1044 2508 1163 2554 tuas
1194 2500 1371 2569 accepi
1400 2506 1449 2554 et
1478 2499 1803 2554 uoluntatem
1849 2508 1997 2552 tuam

409 2592 640 2659 suscepi,
673 2600 722 2645 et
746 2607 812 2645 en
839 2591 907 2644 ad
933 2600 981 2643 te
1011 2589 1179 2643 venio.
1206 2587 1336 2653 Sed,
1361 2600 1416 2642 ut
1442 2590 1601 2653 nosti,
1634 2598 1833 2657 prcetor
1855 2604 1995 2655 sunt,

409 2692 464 2737 et
496 2682 730 2751 pecunia:
779 2689 832 2735 et
890 2689 1169 2750 argentum
1220 2689 1272 2735 et
1309 2679 1537 2749 populus
1588 2695 1669 2733 me
1719 2688 1998 2733 secuturus

408 2784 515 2839 est,
547 2791 609 2828 ac
648 2789 740 2842 per
783 2772 879 2827 hoc
925 2789 1006 2827 me
1056 2773 1297 2841 permitte
1330 2774 1457 2825 mihi
1503 2788 1665 2842 super
1689 2787 2001 2843 unoquoque

411 2867 652 2936 ipsorum
690 2864 927 2919 uerbum.
962 2862 1032 2917 Et
1075 2864 1123 2918 si
1168 2863 1379 2934 quidem
1416 2862 1865 2933 quemadmodum
1911 2879 2001 2919 re-

409 2958 568 3028 quiro
615 2973 680 3012 ea:
733 2955 874 3011 vobis
922 2972 1089 3011 causa
1132 2972 1251 3010 mea
1290 2956 1453 3026 fuerit
1514 2956 1696 3026 facta,
1758 2957 1885 3011 bene
1948 2965 1999 3011 et

411 3051 613 3117 optime
639 3064 663 3121 :_
701 3049 787 3103 sin
826 3057 1028 3115 autem,
1062 3047 1323 3101 indemnis
1352 3047 1545 3101 saltem
1575 3057 1624 3102 et
1658 3046 2004 3103 tribulatione

413 3140 735 3210 proﬁciscar
761 3148 997 3208 excepta.
1035 3138 1365 3195 Consulibus
1402 3153 1534 3210 ergo
1554 3140 2004 3208 pervenientibus

417 3232 489 3286 ad
543 3246 668 3285 eum
725 3231 780 3285 in
839 3229 1277 3295 Theodosianis,
1315 3231 1452 3286 dicit
1506 3231 1616 3287 illis
1659 3230 2003 3287 Masalmas:

414 3323 669 3379 Sciebam
706 3323 847 3392 quod
879 3321 1132 3377 illuderet
1163 3323 1294 3377 mihi
1321 3330 1520 3393 prwtor
1547 3333 1735 3379 uester.
1776 3324 1848 3378 At
1884 3324 2002 3392 illi,

416 3415 594 3481 Absit,
624 3414 899 3483 inquiunt.
936 3413 1093 3470 Tunc
1124 3413 1270 3469 facto
1302 3415 1448 3485 quod
1477 3416 1807 3485 quaesieram
1841 3416 2006 3471 verbo

414 3510 631 3566 dimisit
666 3524 788 3565 eos.
841 3507 1028 3565 Donec
1059 3509 1247 3579 itaque
1268 3509 1530 3565 consules
1567 3524 1692 3565 cum
1732 3510 2007 3579 suscripto

416 3602 591 3657 verbo
645 3601 713 3657 ad
770 3609 1063 3672 praetorem
1119 3602 1362 3657 fuissent
1398 3602 1652 3668 reversi,
1713 3602 2008 3658 Masalmas

414 3692 680 3762 copiosas
732 3693 1115 3749 multitudines
1163 3694 1412 3761 habens,
1470 3703 1527 3751 et
1570 3710 1805 3766 usquam
1860 3706 2010 3752 stare

418 3798 536 3837 non
571 3768 1221 3852 valettszcbrobenum
1274 3787 1414 3844 adit.
1464 3787 1738 3844 Praeterea
1772 3804 1900 3844 cum
1927 3789 2011 3845 vi-

422 3876 606 3930 disset
641 3884 843 3943 praeter
881 3878 1027 3947 quod
1059 3895 1191 3935 suas
1226 3880 1632 3937 transmisisset
1658 3880 1750 3936 ille
1783 3881 2012 3952 provin-

419 3964 567 4028 cias,
608 3964 986 4023 Nicomediam
1033 3970 1205 4035 vadit,
1254 3978 1309 4026 et
1338 3969 1639 4027 Theodosii
1680 3971 1855 4026 filium
1880 3986 2014 4027 con-

422 4066 655 4113 secutus
676 4060 822 4128 capit
840 4060 989 4115 hunc
1017 4076 1144 4118 cum
1162 4061 1315 4118 omni
1343 4072 1609 4133 apparatu
1628 4063 1778 4135 regio
1806 4070 1862 4120 et
1884 4062 2017 4119 viris

424 4153 626 4223 primis
660 4154 871 4225 palatii.
930 4155 1002 4211 At
1046 4172 1176 4213 vero
1228 4155 1522 4213 Masalmas
1572 4157 1917 4214 descendens
1961 4158 2017 4212 in

424 4246 616 4300 Asiam
665 4246 929 4303 hiemavit
970 4248 1108 4313 illic,
1161 4255 1217 4304 et
1244 4247 1526 4305 Humarus
1556 4251 1612 4305 in
1652 4250 1865 4305 Cilicia.
1918 4250 2019 4304 Ast

426 4350 632 4410 praetor
673 4347 959 4412 assumpto
992 4340 1102 4395 tilio
1131 4341 1504 4412 imperatoris,
1531 4350 1585 4397 et
1614 4342 1752 4398 inito
1785 4341 2021 4398 consilio

427 4444 560 4487 cum
628 4430 715 4487 his
766 4432 862 4501 qui
910 4446 1094 4487 secum
1154 4441 1346 4500 erant,
1410 4435 1562 4488 venit
1608 4428 2025 4505 Chrysopolim.

2095 1945 2303 2002 invidia
2333 1946 2487 2002 ducti
2520 1946 2746 2017 quidam
2783 1946 3141 2000 detraxerunt
3188 1942 3238 1998 ei
3271 1950 3533 2011 tanquam
3569 1941 3679 1995 imo

2093 2039 2307 2109 perium
2358 2039 2662 2109 appetenti.
2711 2038 2845 2092 Cum
2895 2050 3031 2091 vero
3080 2050 3245 2105 super
3299 2033 3405 2088 hoc
3443 2033 3679 2103 quaestio

2098 2128 2291 2193 ﬁeret,
2344 2128 2516 2183 veluti
2571 2127 2988 2183 insimulatores
3043 2122 3265 2179 confusi
3332 2131 3480 2177 sunt.
3535 2120 3679 2175 Sane

2099 2220 2484 2290 hujuscemodi
2532 2234 2716 2277 sermo
2764 2235 2833 2275 ex
2864 2226 2998 2273 tunc
3040 2218 3149 2273 dici
3186 2217 3356 2287 coepit
3400 2231 3431 2271 a
3466 2216 3677 2271 multis.

2095 2312 2448 2369 Justinianus
2476 2327 2609 2382 ergo
2640 2313 2771 2366 licet
2817 2309 3112 2366 manifeste
3146 2311 3347 2365 laedere
3386 2310 3537 2365 hunc
3574 2323 3679 2363 no-

2097 2408 2318 2471 luisset,
2348 2405 2567 2461 taedium
2597 2405 2821 2476 quidem
2859 2404 2964 2459 sibi
3006 2412 3203 2458 contra
3237 2417 3363 2457 eum
3403 2402 3680 2473 injicitur,

2098 2509 2156 2558 et
2202 2501 2374 2555 mittit
2414 2515 2539 2555 eum
2578 2502 2633 2555 in
2680 2500 2932 2554 Alaniam
2968 2512 3092 2553 cum
3131 2498 3381 2569 pecuniis
3421 2497 3488 2552 ad
3533 2511 3685 2551 com-

2102 2594 2402 2650 movendos
2445 2595 2655 2649 Alanos
2700 2595 2967 2651 adversus
3016 2594 3335 2663 Abasgiam,
3391 2590 3685 2647 Saracenis

2101 2686 2473 2742 retinentibus
2507 2695 2617 2740 tam
2652 2687 2945 2757 Abasgiam
2986 2700 3148 2753 quam
3199 2684 3433 2738 Lazicen
3486 2693 3542 2739 et
3590 2683 3685 2736 Hi-

2100 2779 2334 2835 beriam.
2360 2780 2431 2833 At
2458 2779 2551 2835 ille
2576 2793 2702 2835 cum
2733 2787 2986 2849 pergeret
3018 2778 3073 2831 in
3107 2775 3385 2839 Lazicam,
3420 2774 3685 2844 pecunias

2102 2871 2329 2943 quidem
2382 2871 2634 2941 reposuit
2687 2870 2827 2941 apud
2888 2868 3225 2935 Phasidem,
3276 2866 3686 2937 perpaucisque

2102 2963 2407 3033 assumptis
2439 2962 2716 3033 indigenis
2748 2961 2889 3016 adiit
2917 2960 3210 3031 Apsiliam,
3244 2967 3300 3015 et
3330 2973 3456 3014 cum
3493 2964 3682 3012 trans-

2108 3055 2300 3111 ivisset
2328 3053 2641 3108 Caucaseos
2674 3060 2889 3107 montes
2911 3051 3063 3106 venit
3108 3050 3163 3105 in
3212 3050 3483 3104 Alaniam.
3514 3049 3689 3104 Justi-

2111 3148 2314 3203 nianus
2345 3156 2529 3201 autem
2556 3146 2750 3200 volens
2789 3159 2914 3199 eum
2969 3144 3221 3214 perdere,
3271 3143 3445 3207 misit,
3479 3149 3534 3196 et
3568 3142 3692 3197 tulit

2110 3242 2375 3314 pecunias
2399 3255 2467 3295 ex
2494 3239 2753 3295 Phaside.
2785 3238 2944 3293 Alani
2976 3247 3159 3292 autem
3189 3236 3532 3307 spatharium
3564 3250 3688 3289 cum

2109 3335 2260 3390 omni
2320 3333 2533 3388 honore
2601 3331 3015 3401 suscipientes,
3072 3338 3238 3399 atque
3289 3329 3458 3383 verba
3517 3327 3692 3398 ipsius

2110 3425 2427 3488 audientes,
2476 3422 2814 3477 introierunt
2850 3429 2906 3475 et
2934 3420 3161 3490 praedati
3212 3428 3343 3474 sunt
3371 3418 3689 3487 Abasgiatn.

2111 3516 2180 3568 At
2214 3529 2345 3568 vero
2394 3513 2654 3567 dominus
2701 3511 3049 3580 Abasgorum
3101 3510 3321 3563 intimat
3369 3508 3565 3563 Alanis
3612 3508 3695 3562 di-

2111 3621 2284 3662 cens:
2319 3604 2391 3659 Ut
2430 3605 2659 3670 invenio,
2694 3603 2861 3657 alium
2892 3602 3053 3656 talem
3078 3601 3691 3656 mentionariumlusti-

2113 3699 2307 3752 nianus
2342 3713 2446 3751 non
2476 3696 2683 3762 habuit,
2727 3711 2877 3766 quem
2921 3696 3129 3749 mittere
3167 3694 3430 3749 debuisset
3459 3705 3509 3749 et
3549 3711 3695 3748 com-

2114 3799 2342 3845 moveret
2382 3806 2471 3845 vos
2516 3798 2704 3842 contra
2749 3804 2843 3842 nos
2875 3788 3073 3843 vicinos
3108 3797 3328 3848 vestros,
3380 3788 3485 3841 nisi
3520 3787 3697 3840 homi—

2116 3898 2230 3937 nem
2252 3866 2414 3936 istum
2436 3896 2454 3935 :
2476 3881 2667 3951 fefellit
2696 3882 2838 3935 enim
2859 3896 2945 3935 vos
2979 3889 3030 3934 et
3052 3880 3194 3934 circa
3230 3878 3697 3947 repromissionem

2116 3990 2324 4046 quoque
2364 3976 2712 4045 pecuniarum
2743 3988 2762 4027 :
2792 3973 3006 4027 mittens
3039 3973 3182 4027 enim
3212 3969 3559 4026 Justinianus
3602 3971 3698 4024 Itas

2120 4067 2364 4122 abstulit.
2419 4066 2524 4122 Sed
2562 4068 2685 4121 date
2722 4066 2872 4120 nobis
2921 4081 3063 4129 eum,
3110 4074 3157 4118 et
3201 4063 3497 4134 praebemus
3553 4062 3698 4118 vobis

2122 4160 2507 4214 numismatum
2559 4158 2665 4211 tria
2698 4156 2892 4223 millia,
2919 4165 2970 4210 et
3006 4156 3184 4223 prisca
3219 4153 3457 4207 charitos
3513 4163 3702 4208 nostra

2121 4270 2229 4309 non
2283 4253 2536 4308 solvetur.
2606 4251 2807 4306 Verum
2862 4252 3021 4304 Alani
3088 4245 3539 4305 tlixeruntzNos
3592 4266 3700 4303 non

2121 4354 2336 4417 propter
2366 4344 2645 4415 pecuniam
2684 4343 3008 4398 obediuimus
3058 4345 3130 4405 ei,
3167 4344 3260 4395 sed
3298 4351 3511 4411 propter
3537 4342 3703 4410 impe-

2124 4438 2323 4493 ratoris
2366 4435 2727 4491 dilectionem.
2766 4434 3082 4503 lterumqne
3114 4432 3317 4502 Abasgi
3361 4432 3588 4486 mittunt
3630 4434 3699 4487 ad

425 4524 607 4579 Porro
635 4522 982 4582 Theodosius
1023 4528 1320 4597 compertis
1353 4542 1477 4597 quae
1503 4534 1655 4598 gesta
1682 4538 1836 4593 sunt,
1878 4543 2012 4584 con-
2045 4521 2090 4577 [δ
2118 4544 2217 4585 eos
2239 4527 2489 4584 dicentes
2521 4544 2534 4580 :
2573 4527 2708 4581 Date
2739 4526 2889 4580 nobis
2929 4541 3072 4589 eum,
3104 4534 3152 4579 et
3188 4524 3480 4578 tribuemus
3523 4525 3703 4579 numi-

427 4613 559 4668 silio
602 4628 630 4666 a
684 4612 963 4670 Germano
1024 4616 1337 4686 patriarcha
1391 4624 1448 4671 et
1497 4623 1694 4672 senatu
1728 4626 2009 4688 percepto,

428 4721 532 4777 per
567 4706 822 4761 eumdem
883 4708 1259 4778 patriarcham
1317 4709 1533 4778 accepit
1568 4723 1599 4762 a
1649 4707 1834 4765 Leone
1862 4709 2017 4766 inde-

428 4797 688 4853 mnitatis
734 4798 966 4853 verbum
1021 4808 1077 4856 et
1128 4799 1386 4855 Ecclesiae
1427 4800 1549 4856 sine
1598 4802 2014 4871 perturbatione

426 4889 737 4954 servandae,
771 4897 827 4944 et
856 4890 940 4945 sic
980 4889 1031 4945 ei
1077 4893 1431 4946 committunt
1480 4892 1793 4961 imperium.
1844 4892 2019 4948 Porro

429 4982 783 5037 Theodosius
812 4997 918 5037 una
942 4998 1068 5038 cum
1101 4983 1212 5038 filio
1229 4998 1332 5039 suo
1362 4983 1553 5039 clerici
1579 4984 1709 5040 facti
1736 4986 2018 5041 residuum

432 5074 562 5127 vitae
590 5088 704 5128 sua:
756 5081 977 5143 tempus
1022 5081 1413 5146 transegerunt
1462 5076 1518 5130 in
1565 5091 1720 5145 pace.
1781 5077 2021 5133 Veniens

431 5164 648 5219 interea
682 5161 971 5219 Masalmas
1007 5164 1332 5235 Pergamum
1375 5164 1519 5220 hanc
1567 5166 1809 5233 obsedit,
1850 5178 1905 5223 et
1939 5168 2020 5223 in-

434 5255 723 5325 dulgentia
752 5253 846 5310 Dei
881 5271 975 5325 per
1006 5256 1337 5313 diabolicam
1381 5259 1757 5328 operationem
1787 5260 2018 5330 accepit.

435 5345 522 5400 Ex
577 5346 898 5417 magisterio
946 5349 1149 5418 quippe
1197 5348 1341 5418 magi
1390 5348 1677 5419 cujusdam
1724 5350 2017 5404 adductam

330 5459 353 5477 ε
440 5438 546 5493 viri
594 5438 837 5493 civitatis
874 5440 1022 5495 illius
1072 5443 1359 5497 mulierem
1404 5442 1703 5496 ineinctam
1752 5441 1863 5513 (74)
1906 5443 2018 5513 jam

433 5531 662 5602 jamque
714 5531 1017 5599 parituram
1054 5534 1411 5601 inciderunt,
1459 5542 1513 5588 ct
1569 5544 1853 5605 assumpto
1893 5551 2021 5605 par-

2120 4630 2300 4677 smata
2351 4636 2447 4675 sea:
2497 4620 2694 4674 millia.
2749 4619 2922 4675 Porro
2969 4618 3129 4672 Alani
3188 4618 3437 4674 volentes
3486 4618 3704 4674 discere

2122 4714 2403 4785 regionem
2441 4712 2810 4783 Abasgorum,
2864 4711 3305 4781 rcpromiserunt
3349 4725 3409 4766 se
3454 4710 3707 4779 accipere

2125 4806 2217 4861 illa
2252 4805 2652 4862 numismatum
2703 4819 2801 4861 sex
2858 4803 3032 4858 millia
3066 4814 3122 4859 et
3163 4804 3296 4858 dare
3340 4804 3702 4874 spatharium.

2124 4895 2281 4950 Alani
2334 4910 2468 4951 vero
2519 4893 2761 4950 confessi
2828 4903 2961 4949 sunt
3023 4892 3310 4962 spathario
3371 4900 3598 4958 cuncta,
3652 4903 3706 4945 et

2126 4987 2318 5043 dicunt
2346 4987 2398 5043 ei
2429 5004 2445 5043 :
2474 4986 2937 5053 Quemadmodum
2968 4986 3140 5046 vides,
3172 4987 3256 5039 via
3282 5000 3396 5054 qua:
3433 4985 3486 5036 in
3512 4981 3705 5036 Roma-

2125 5080 2273 5133 niam
2319 5079 2465 5132 ducit
2514 5079 2707 5133 clausa
2750 5088 2848 5143 est,
2904 5086 2955 5133 et
2992 5076 3252 5147 quomodo
3310 5084 3549 5127 transeas
3598 5091 3706 5128 non

2126 5171 2308 5226 habes.
2336 5170 2443 5226 Sed
2467 5172 2644 5241 potius
2669 5170 2864 5226 callide
2888 5185 3131 5239 agamus,
3166 5175 3214 5220 et
3249 5166 3596 5235 polliceantur
3623 5166 3703 5219 eis

2125 5262 2265 5332 quod
2321 5264 2603 5318 tradamus
2654 5272 2726 5325 te,
2785 5277 2837 5318 et
2887 5261 3149 5314 mittimus
3204 5259 3439 5312 homines
3495 5266 3705 5311 nostros

2129 5374 2247 5411 cum
2281 5356 2380 5423 eis,
2408 5365 2458 5411 et
2494 5357 2749 5412 discimus
2780 5356 3064 5409 clausuras
3094 5368 3295 5415 eorum,
3331 5361 3379 5405 et
3419 5352 3704 5413 irruemus,

2130 5457 2179 5504 et
2206 5449 2680 5504 exterminabimus
2729 5448 2989 5517 regionem
3036 5446 3293 5515 ipsorum.
3341 5443 3706 5513 Apocrisiarii

2132 5556 2264 5597 vero
2305 5542 2606 5597 Alanorum
2659 5539 2925 5594 abeuntes
2980 5538 3034 5591 in
3067 5535 3383 5605 Abasgiam,
3423 5544 3478 5589 et
3520 5549 3710 5603 repro-
3798 5578 3805 5583 .

1961 5651 2175 5709 NOTAE
2187 5697 2202 5712 .

521 5747 635 5822 (74)
692 5746 1021 5822 Incinctam.
1091 5749 1490 5819 Pra'gnantem.
1554 5748 1751 5804 Festus
1808 5747 2172 5821 propinquam
2255 5750 2438 5822 partui
2520 5746 2806 5803 mulierem
2863 5745 3158 5803 incientem
3213 5745 3404 5803 vocari
3459 5745 3572 5811 ait,
3656 5744 3710 5799 in

435 5820 688 5891 gravida.
732 5818 896 5874 ann.
1150 5834 1167 5850 '

764 5912 1037 5973 PsmOL.
1079 5913 1194 5974 Gn.
1217 5913 1436 5975 CVlll.

3286 5900 3362 5962 A3
