4100 6442
520 496 523 503 ι
578 379 716 478 135i

1387 385 1758 475 HISTORIA
1788 393 2368 475 ECCLESIASTICA
2402 415 2504 474 EX
2545 409 3030 475 TIIEOPHANE.

3713 401 3851 466 1358

560 547 678 584 sum
710 544 764 583 in
802 525 1097 595 Thracem,
1130 538 1181 586 et
1205 537 1396 585 contra
1429 515 1634 598 regiam
1677 532 1870 584 urbem
1899 506 2142 584 commo-
2169 534 2223 593 Α
2248 529 2454 584 habens
2491 537 2546 583 et
2575 530 2694 598 ipse
2725 543 2894 583 naves
2923 524 3029 581 560
3073 531 3129 578 et
3159 527 3562 578 armamentum
3590 528 3648 584 et
3677 535 3835 574 sum-

558 632 646 675 tus
674 626 778 685 est,
807 621 1060 677 scribens
1099 629 1154 677 et
1196 622 1263 676 ad
1319 621 1641 677 Suiehiman
1671 622 2148 693 protosymboium

555 727 665 781 quo
692 713 910 769 veniret
938 729 1045 768 una
1094 729 1218 770 cum
1251 713 1574 786 prreparatis
1631 714 1931 769 classibus.
1977 703 2150 770 Porro

561 799 630 856 19
657 800 770 856 kal.
799 801 1179 873 Septembri'as
1207 803 1465 859 obsidere
1491 801 1662 873 coepit
1715 802 1910 856 urbem
1945 799 2148 856 Masal—

559 910 705 961 mas,
744 892 1110 967 depopulatus
1136 894 1387 952 Thracoa
1444 911 1667 967 quoque
1728 895 1974 951 castella.
2031 894 2151 950 Cir-

558 987 896 1042 cumvallato
920 1003 1052 1042 vero
1082 997 1302 1042 terreno
1332 1002 1493 1042 muro
1524 985 1785 1042 foderunt
1818 987 1874 1040 in
1906 985 2148 1040 circuitu

563 1077 775 1134 foveam
806 1081 1074 1151 prelixam
1123 1089 1178 1137 et
1233 1095 1516 1152 magnam,
1549 1089 1606 1135 et
1641 1094 1808 1150 super
1831 1093 1952 1134 eam
2013 1077 2148 1132 sicci

560 1171 759 1241 lapidis
787 1169 1078 1226 materiam
1109 1185 1365 1240 posuere.
1398 1168 1661 1224 Kalendis
1688 1175 1868 1223 autem
1899 1164 2149 1236 Septem-

559 1263 699 1319 hriis
726 1263 916 1334 primae
943 1261 1264 1319 indictionis
1293 1261 1545 1318 ascendit
1566 1261 1917 1332 impugnator
1942 1258 2146 1314 Christi

561 1353 880 1410 Sulehiman
914 1371 1038 1410 cum
1073 1357 1216 1410 stoio
1247 1365 1300 1410 et
1330 1354 1568 1409 amercis
1599 1354 1738 1421 suis,
1768 1354 1978 1409 habens
1993 1353 2149 1407 mirae

563 1449 968 1520 magnitudinis
995 1464 1187 1514 naves,
1219 1456 1273 1502 et
1326 1449 1560 1519 scaphas
1599 1455 1854 1517 sumptus
1885 1445 2145 1510 ferentes,

557 1550 612 1598 et
643 1543 942 1597 dromones
973 1556 1208 1596 numero
1251 1541 1402 1596 mille
1427 1550 1480 1595 et
1521 1541 1891 1609 octingentos,
1950 1550 2003 1594 et
2032 1538 2150 1592 ﬁxit

559 1635 854 1689 stationem
913 1649 942 1687 a
972 1632 1273 1701 Magnaura
1313 1648 1490 1702 usque
1543 1633 1608 1686 ad
1639 1631 1982 1702 Cyclobium.
2014 1630 2147 1685 Post

557 1727 697 1781 duos
731 1727 1016 1782 sane-dies
1059 1737 1250 1782 austro
1296 1726 1464 1782 ﬂante
1499 1725 1626 1781 inde
1657 1724 1890 1797 profecti
1927 1725 2147 1793 navigio

556 1827 822 1874 venerunt
866 1821 932 1875 ad
965 1820 1181 1884 urbem,
1212 1830 1265 1874 et
1305 1819 1527 1890 quidam
1562 1835 1749 1874 eorum
1785 1834 1847 1875 ea
1881 1818 1998 1874 loca
2022 1833 2146 1889 quae

2252 630 2406 691 plus.
2431 619 2699 676 Similiter
2725 627 2780 676 et
2803 620 2923 690 ipse
2961 631 3088 671 cum
3122 614 3316 671 eadem
3352 613 3421 668 de
3449 610 3682 669 humido
3714 611 3843 681 igne

2254 711 2563 780 didicisset,
2584 711 2847 782 applicuit
2873 723 3044 782 penes
3071 707 3312 764 Saturon
3329 713 3387 760 et
3409 703 3573 758 Briau
3598 709 3656 760 et
3672 716 3849 772 usque

2255 803 2323 859 ad
2351 803 2574 858 Cartam
2607 815 2850 874 portum.
2887 800 3132 874 Egyptii
3192 813 3322 853 vero
3362 798 3560 852 harum
3604 796 3843 851 duarum

2253 894 2516 952 classium
2541 896 2682 967 apud
2711 913 2771 951 se
2801 901 2966 949 noctu
2997 892 3297 956 consiliati,
3323 891 3544 946 navium
3569 890 3848 945 frumenta

2253 985 2544 1042 ferentium
2607 987 2842 1042 sublatis
2888 985 3151 1040 lintribus
3184 983 3252 1037 ad
3314 982 3508 1036 urbem
3561 980 3844 1052 fugerunt,

2254 1078 2646 1150 imperatorem
2681 1080 2994 1146 laudantes,
3035 1079 3110 1133 ita
3141 1085 3200 1130 ut
3230 1076 3300 1132 ab
3338 1075 3522 1132 llieria
3552 1089 3729 1145 usque
3775 1071 3845 1128 ad

2254 1172 2445 1227 urbem
2480 1173 2724 1242 ligneum
2757 1171 3044 1227 videretur
3068 1181 3240 1224 mare.
3269 1168 3628 1238 Comperiens
3658 1175 3844 1222 autem

2252 1280 2350 1336 per
2396 1282 2491 1322 eos
2543 1266 2850 1336 imperator
2888 1264 2956 1319 de
2991 1263 3330 1319 absconditis
3356 1263 3410 1317 in
3448 1264 3572 1319 sinu
3623 1261 3845 1317 duabus

2251 1357 2548 1424 classibus,
2583 1357 2913 1427 siphonibus
2945 1355 3200 1426 igniferis
3239 1354 3579 1412 constructis
3615 1355 3669 1408 in
3706 1353 3843 1409 dro-

2253 1463 2446 1504 mones
2501 1459 2671 1519 atque
2728 1449 2909 1504 dieres
2975 1448 3078 1503 hos
3135 1447 3442 1504 immittens
3481 1455 3677 1502 contra
3706 1445 3848 1499 duas

2252 1542 2463 1600 classes
2499 1543 2721 1598 direxit.
2764 1541 2877 1598 Deo
2912 1549 3097 1596 autem
3157 1551 3498 1610 cooperante
3530 1555 3629 1610 per
3671 1540 3848 1596 inter-

2250 1635 2562 1690 cessionem
2610 1634 2954 1690 intemerata:
2993 1632 3086 1689 Dei
3135 1632 3434 1688 Genitricis
3462 1633 3718 1702 protinus
3745 1631 3847 1687 dc-

2249 1725 2416 1781 mersi
2443 1735 2571 1782 sunt
2601 1727 2830 1791 inimici,
2868 1735 2924 1782 et
2947 1726 3255 1795 assumptis
3285 1725 3478 1795 spoliis
3509 1735 3564 1780 et
3587 1721 3848 1794 expensis

2251 1833 2443 1871 eorum
2477 1817 2653 1873 nostri
2679 1833 2804 1872 cum
2835 1818 3038 1887 gaudio
3065 1827 3119 1872 et
3151 1818 3436 1887 triumpho
3467 1817 3672 1871 reversi
3691 1823 3844 1872 sunt.

557 1912 818 1978 dicuntur
849 1913 1100 1983 Ειηιυορῑῑ
1155 1922 1208 1968 ει
1239 1913 1516 1967 Anthemii
1548 1920 1986 1976 transmeanmt,
2021 1913 2147 1982 qui-
2180 1899 2223 1955 Β
2254 1905 2449 1960 Adhuc
2480 1914 2663 1961 autem
2686 1905 2988 1960 Mardasan
3021 1905 3221 1960 iterum
3249 1918 3279 1957 a
3309 1905 3487 1973 portis
3519 1918 3646 1958 cum
3677 1918 3846 1959 exer-

557 2004 680 2058 dam
710 2011 893 2059 autem
923 1992 988 2060 ad
1034 2014 1221 2076 partes
1247 2001 1478 2060 Thraca:
1510 2021 1540 2059 a
1593 2005 1820 2061 castello
1853 2004 2031 2061 Galati
2090 2011 2146 2060 et

561 2111 736 2166 usque
766 2097 833 2151 ad
865 2095 1081 2151 Didium
1132 2098 1541 2167 applicuerunt.
1585 2095 1789 2152 Verum
1839 2097 2143 2168 grandibus

558 2185 668 2242 illis
705 2187 936 2243 navibus
968 2203 1033 2243 ex
1074 2204 1244 2244 onere
1290 2189 1602 2258 aggravatis
1634 2198 1798 2258 atque
1823 2187 2138 2254 retardatis,

554 2279 704 2334 dorsi
732 2281 996 2348 custodes
1021 2296 1201 2351 usque
1226 2280 1293 2336 ad
1331 2281 1525 2350 viginti
1562 2280 1798 2350 scaphas
1855 2295 2144 2336 remanse-

555 2381 704 2434 runt,
735 2373 1004 2429 habentes
1023 2379 1286 2429 centenos
1314 2373 1577 2428 loricatos
1612 2373 1678 2427 ad
1704 2375 1802 2427 has
1824 2373 2145 2428 custodien-

553 2465 676 2522 das.
711 2463 984 2520 Praeterea
1026 2465 1346 2530 serenitate,
1373 2479 1496 2536 quae
1523 2465 1624 2519 has
1647 2465 1700 2518 in
1724 2470 1969 2518 reumate
1987 2478 2145 2518 eom-

555 2556 866 2626 prchendit,
909 2555 1132 2624 effecta,
1166 2569 1218 2610 et
1248 2566 1484 2626 augusto
1514 2555 1628 2629 (75)
1670 2556 1948 2610 modicum
1976 2554 2142 2610 flante

555 2649 621 2704 ad
649 2649 924 2706 exteriora
957 2650 1205 2720 impulsae
1223 2657 1373 2705 sunt.
1401 2647 1705 2720 Imperator
1731 2665 1859 2704 vero
1887 2650 2140 2718 protinus

556 2733 809 2808 igniferis
857 2739 1094 2794 navibus
1134 2743 1327 2794 contra
1364 2753 1460 2793 eas
1509 2739 1739 2794 directis
1772 2739 1841 2792 ab
1881 2739 2138 2808 Acropoli

557 2826 657 2882 has
686 2827 873 2882 divina
919 2842 1023 2897 ope
1057 2829 1181 2900 igne
1210 2827 1559 2895 consumpsit
1600 2844 1616 2882 :
1651 2833 1707 2881 et
1763 2827 1884 2881 aliae
1912 2825 2138 2895 quidem

555 2924 621 2969 ex
654 2913 741 2971 his
760 2917 824 2970 ad
848 2917 979 2984 ripa:
1000 2931 1188 2971 muros
1224 2914 1486 2985 proiectae
1522 2924 1674 2981 sunt,
1715 2915 1838 2972 aliae
1867 2931 2002 2971 vero
2029 2931 2138 2970 una

556 3019 678 3060 cum
713 3005 1032 3061 hominibus
1060 3007 1112 3062 in
1139 3005 1471 3075 profundum
1496 3006 1761 3061 demersa
1791 3016 1942 3071 sunt,
1972 3021 2138 3071 porro

556 3097 678 3151 alia}
715 3091 977 3168 usquead
1015 3107 1234 3152 acutam
1261 3106 1316 3152 et
1344 3096 1511 3152 latam
1540 3097 1772 3152 insulam
1797 3108 2141 3170 consumptae

556 3197 788 3262 portatae
819 3199 970 3246 sunt.
998 3187 1138 3245 Hinc
1164 3203 1296 3259 ergo
1325 3189 1601 3259 quierant
1626 3203 1691 3242 ex
1723 3190 1858 3244 urbe
1884 3189 2137 3245 llduciam

2254 1996 2367 2050 ritu
2420 1995 2660 2052 Arabum
2728 2010 2905 2066 usque
2953 1995 3023 2049 ad
3067 1995 3307 2050 Nicaeam
3363 2003 3418 2049 et
3463 1994 3841 2050 Nicomediam

2252 2085 2624 2150 discurrente,
2651 2085 2932 2156 principes
2949 2085 3127 2156 regni,
3152 2085 3245 2155 qui
3271 2083 3327 2138 in
3351 2081 3486 2140 Libo
3507 2095 3562 2138 et
3579 2082 3844 2154 Sophene

2253 2193 2408 2233 more
2438 2176 2832 2232 Mardaitarum
2869 2177 3183 2232 abscenditi
3223 2185 3408 2243 erant,
3441 2177 3609 2232 simul
3642 2187 3696 2232 et
3748 2191 3846 2246 pe-

2251 2269 2415 2333 dites,
2464 2269 2522 2324 in
2557 2268 2660 2324 hos
2695 2267 2861 2323 simul
2912 2268 3189 2323 irruentes
3245 2276 3302 2323 et
3336 2267 3571 2323 diversis
3622 2266 3844 2322 damnis

2253 2361 2554 2417 allicientes
2587 2361 2744 2416 illinc
2773 2359 2962 2431 fugere
3005 2360 3422 2430 compulerunt,
3453 2368 3508 2415 et
3531 2359 3598 2415 de
3644 2369 3845 2416 caetero

2251 2453 2474 2509 modico
2501 2453 2756 2510 meabilis
2791 2453 2918 2510 freti
2952 2453 3106 2508 aditu
3143 2453 3375 2509 invento
3423 2452 3492 2509 ab
3541 2453 3682 2509 urbe
3713 2454 3847 2510 ohe.-

2250 2545 2437 2601 landia
2461 2545 2722 2602 exeuntia
2755 2545 3026 2615 plurimas
3059 2560 3335 2614 expensas
3367 2543 3646 2602 ferebant.
3680 2543 3844 2603 Simi-

2249 2638 2378 2693 liter
2415 2645 2598 2693 autem
2629 2644 2683 2691 et
2717 2637 3034 2708 piscatoriae
3065 2637 3360 2702 naviculas,
3398 2645 3512 2692 tam
3554 2636 3608 2691 in
3644 2635 3844 2699 insulis

2249 2744 2415 2799 quam
2451 2728 2506 2784 in
2540 2728 2678 2785 locis
2717 2729 2932 2784 circum
2977 2744 3167 2784 muros
3220 2728 3468 2784 civitatis
3497 2727 3716 2798 positis,
3747 2742 3846 2784 ca-

2247 2835 2384 2892 pere
2409 2823 2588 2892 pisces
2611 2835 2722 2878 non
2749 2823 3211 2894 prohibebantur.
3243 2823 3516 2878 Praeterea
3546 2822 3694 2878 fame
3725 2837 3845 2878 ma-

2247 2929 2351 2985 gna
2377 2915 2650 2972 Arabibus
2678 2915 2871 2972 innixa
2898 2917 3084 2971 omnia
3107 2916 3510 2982 moriebantur,
3555 2923 3613 2971 et
3631 2914 3845 2970 anima-

2248 3009 2320 3063 lia
2378 3023 2480 3064 sua
2549 3009 2938 3075 comedebant,
2998 3024 3176 3080 equos
3223 3009 3499 3074 videlicet,
3548 3007 3738 3064 asinos
3789 3017 3847 3064 et

2247 3103 2512 3158 camelos.
2549 3103 2722 3158 Aiunt
2761 3115 2944 3159 autem
2998 3103 3224 3173 quidam
3285 3103 3436 3172 quod
3473 3111 3529 3158 et
3579 3101 3838 3158 homines

2248 3203 2524 3255 mortuos.
2547 3195 2682 3265 quin
2713 3203 2768 3250 et
2791 3203 3012 3251 stercus
3039 3210 3200 3250 suum
3226 3193 3282 3248 in
3307 3194 3588 3249 clibanum
3607 3193 3842 3248 missum

557 3291 938 3359 perceperunt.
979 3283 1078 3338 Ast
1125 3281 1313 3337 hostes
1363 3295 1566 3350 magno
1623 3296 1827 3351 pavore
1877 3284 2136 3338 concussi
2165 3267 2209 3327 (ἶ
2241 3295 2406 3357 atque
2436 3302 2800 3357 conspersum
2815 3289 3064 3344 ederent.
3087 3286 3340 3343 Incubuit
3360 3295 3544 3342 autem
3566 3286 3621 3341 in
3652 3285 3756 3342 bos
3780 3294 3838 3342 et

555 3386 712 3443 sunt,
758 3373 970 3430 humidi
1029 3377 1432 3442 cognoscentes
1488 3369 1932 3427 eilicacissimam
1997 3372 2141 3444 ignis

555 3468 956 3538 operationem.
999 3462 1272 3520 volebant
1337 3463 1483 3517 enim
1546 3463 1738 3518 eadem
1789 3464 1880 3518 die
1926 3465 2141 3535 vesperi

555 3561 623 3616 ad
651 3563 784 3632 ripae
810 3573 1000 3614 muros
1033 3556 1313 3628 applicare
1355 3555 1656 3611 stationem
1686 3565 1742 3610 et
1776 3564 2022 3613 temones
2047 3573 2142 3612 su-

555 3671 649 3726 pra
672 3652 1083 3724 propugnacnla
1127 3649 1430 3720 imponere.
1470 3647 1577 3704 Sed
1613 3648 1910 3703 consilium
1950 3664 2140 3704 eorum

556 3743 848 3813 dissipavit
905 3741 1264 3811 omnipotens
1317 3738 1462 3795 Deus
1525 3753 1626 3809 per
1684 3740 2142 3797 intercessionem

553 3835 883 3893 castissimae
908 3832 1004 3887 Dei
1031 3830 1348 3888 Genitricis.
1388 3830 1594 3887 Eadem
1619 3845 1758 3887 vero
1789 3839 1952 3887 nocte
1979 3832 2147 3902 impr.»

555 3939 704 3986 rator
734 3939 985 3984 catenam
1019 3925 1206 3981 aiocis
1233 3924 1420 3980 Galati
1473 3931 1693 3981 secreto
1743 3923 1856 3996 (76)
1889 3925 2145 3980 removit.

556 4023 771 4078 inimici
800 4029 983 4076 autem
1006 4021 1346 4075 aestimantes
1373 4019 1521 4094 quod
1554 4018 1745 4074 volens
1770 4034 1864 4074 eos
1890 4019 2148 4090 decipere

554 4117 700 4171 hanc
731 4112 1030 4170 removerit
1088 4113 1411 4182 imperator,
1448 4126 1558 4165 non
1601 4111 1721 4167 ausi
1753 4119 1884 4166 sunt
1935 4113 2147 4169 intrare

554 4225 732 4282 usque
787 4207 854 4263 ad
891 4221 952 4263 ea
1002 4219 1124 4275 quae
1159 4203 1422 4258 dicuntur
1445 4202 1646 4270 Gaiati,
1684 4205 1773 4257 vel
1830 4205 2141 4274 applicare.

553 4303 651 4360 sed
685 4302 1010 4372 navigantes
1038 4298 1107 4351 ad
1134 4297 1314 4350 sinum
1353 4295 1632 4349 Sosthenii
1670 4296 1786 4349 illic
1817 4298 2147 4353 munierunt

555 4392 836 4462 navigium
868 4386 1050 4446 suum.
1083 4385 1231 4442 Sane
1269 4393 1466 4440 octavo
1490 4384 1615 4440 idus
1653 4383 1954 4443 Octobrias
1975 4389 2148 4443 mori-

554 4495 645 4539 tur
669 4481 990 4538 Sniehiman
1015 4479 1125 4533 dux
1159 4491 1373 4541 eorum,
1403 4483 1457 4531 et
1487 4490 1686 4529 amerre
1709 4476 1880 4530 sumit
1908 4476 2143 4532 cilicium

552 4577 786 4631 Hnmar.
817 4575 951 4630 Cum
985 4578 1169 4626 autem
1205 4569 1381 4623 hiems
1411 4568 1469 4623 in
1506 4568 1723 4624 Thrace
1755 4570 1914 4625 valde
1961 4572 2144 4641 gravis

553 4668 916 4728 accessisset,
954 4664 1092 4718 adeo
1120 4669 1181 4716 ut
1211 4669 1358 4716 terra
1382 4672 1492 4714 non
1527 4668 1742 4727 pareret
1782 4673 1809 4712 a
1845 4662 1992 4725 nive,
2025 4676 2145 4730 quae

549 4761 610 4815 in
634 4757 952 4829 crystallum
972 4768 1133 4810 versa
1157 4766 1282 4808 esse
1307 4749 1622 4817 videbatur,
1653 4750 1954 4804 multitudo
1979 4765 2147 4820 equo-

551 4865 676 4904 rum
708 4857 763 4904 et
787 4848 1122 4903 camelorum
1157 4853 1592 4911 cmterorumque
1636 4841 2000 4898 animantium
2034 4843 2143 4896 ini-

551 4941 827 4994 micorum
864 4946 1082 4994 mortua‘
1132 4943 1236 4993 est.
1268 4935 1444 4989 Porro
1472 4934 1684 4990 vernali
1717 4943 1966 5005 tempore
1989 4935 2143 4991 venit

555 5027 825 5100 Suphiam
853 5031 976 5084 cum
1010 5027 1175 5092 stole,
1197 5027 1289 5096 qui
1311 5025 1490 5081 fuerat
1516 5023 1738 5095 Egypti
1765 5034 2141 5090 constructus,

555 5124 768 5178 habens
792 5139 959 5177 naves
982 5120 1318 5175 frumentum
1351 5116 1590 5174 ferentes
1615 5116 1721 5171 400
1739 5123 1794 5171 et
1821 5115 2141 5175 dromones.

551 5211 860 5282 Comperta
916 5210 1167 5264 Romaici
1199 5207 1456 5264 'emcacia
1497 5207 1644 5278 ignis
1683 5211 2023 5267 transcurrit
2051 5211 2144 5264 Bi-

557 5305 829 5376 thyniam,
886 5315 940 5360 et
1001 5303 1056 5358 in
1091 5309 1290 5358 contra
1327 5301 1611 5356 transiens
1640 5301 1707 5355 ad
1761 5313 1980 5371 porcum
2019 5302 2144 5358 boni

563 5396 692 5465 Agri
719 5396 1003 5468 applicuit.
1031 5394 1166 5450 Post
1197 5393 1481 5466 paululum
1514 5401 1696 5448 autem
1728 5393 1877 5448 venit
1901 5403 1959 5448 et
1988 5392 2144 5448 llizid

563 5505 688 5544 cum
722 5490 830 5544 alio
862 5488 1026 5552 stoio,
1067 5489 1162 5558 qui
1207 5487 1385 5542 fuerat
1413 5493 1773 5540 constructus
1821 5486 1875 5540 in
1938 5485 2145 5553 Africa,

2246 3379 2516 3448 pestilens
2533 3379 2787 3449 languor,
2805 3387 2860 3435 et
2889 3379 3328 3435 innumerabiles
3347 3394 3413 3434 ex
3435 3378 3517 3434 eis
3533 3379 3836 3446 perierunt.

2247 3469 2424 3525 Porro
2462 3475 2810 3526 coacervavit
2837 3470 2892 3524 in
2925 3486 3024 3527 eos
3067 3471 3272 3526 bellum
3318 3471 3483 3526 etiam
3527 3468 3833 3540 Vulgarum

2244 3575 2402 3628 gens,
2465 3569 2522 3616 et
2554 3570 2612 3614 ut
2641 3560 2794 3615 aiunt
2822 3561 2916 3631 qui
2961 3562 3066 3627 hoc
3111 3562 3319 3617 certius
3362 3569 3588 3625 norunt,
3634 3562 3830 3632 viginti

2246 3652 2357 3705 duo
2392 3651 2562 3706 millia
2596 3667 2662 3707 ex
2719 3652 2998 3708 Arabibus
3025 3652 3376 3719 occiderunt,
3407 3660 3460 3708 et
3490 3652 3660 3710 multa
3691 3660 3839 3710 temq-

2247 3759 2381 3812 pnre
2410 3743 2506 3798 illo
2527 3744 2612 3799 eis
2639 3744 2967 3806 acciderunt
2996 3745 3232 3810 atracia,
3267 3745 3338 3798 ita
3371 3753 3438 3798 nt-
3469 3745 3847 3816 experimento

2246 3836 2534 3892 discerent
2578 3837 2704 3907 quia
2750 3835 2896 3893 Deus
2943 3847 3001 3893 et
3041 3837 3395 3896 sanctissima
3435 3836 3606 3906 Virgo
3641 3837 3847 3909 Deique

2247 3927 2430 3982 Mater
2457 3927 2602 3984 hanc
2632 3928 2893 3984 muniunt
2942 3929 3139 3986 urbem
3174 3937 3230 3985 et
3255 3929 3703 3991 Christianorum
3742 3930 3846 3984 im-

2245 4029 2587 4091 peratorem,
2625 4027 2682 4076 et
2720 4036 2832 4077 non
2888 4029 2978 4078 est
3027 4021 3347 4078 omnimoda
3380 4020 3633 4078 dimissio
3661 4019 3758 4076 Dei
3789 4019 3844 4075 in

2249 4114 2338 4170 his
2361 4115 2457 4182 qui
2485 4115 2746 4171 invocant
2775 4129 2904 4170 eum
2935 4114 2989 4169 in
3022 4114 3274 4178 veritate,
3301 4113 3430 4170 licet
3469 4112 3542 4168 ad
3569 4112 3844 4172 modicum

2244 4207 2380 4277 quid
2418 4206 2759 4276 castigemur
2785 4215 3010 4275 propter
3049 4212 3278 4275 peccata
3306 4214 3518 4260 nostra.

2320 4299 2510 4354 Mundi
2536 4313 2683 4361 anno
2705 4299 2872 4364 62m,
2897 4297 3106 4354 divina
3122 4296 3525 4353 incarnationis
3549 4310 3698 4360 anno
3718 4296 3844 4366 710,

2251 4409 2400 4448 anno
2433 4407 2566 4455 vero
2607 4391 2826 4462 imperii
2876 4391 3078 4447 Leonis
3132 4390 3402 4454 secundo,
3429 4391 3546 4446 dux
3597 4389 3844 4450 Arabum

2255 4484 2491 4540 habetur
2531 4481 2760 4544 ﬂumar,
2785 4482 2880 4551 qui
2901 4480 2982 4536 eis
3024 4479 3240 4536 duobus
3271 4479 3493 4548 praefuit
3520 4479 3704 4542 annis.
3735 4479 3846 4536 Eo-

2254 4575 2375 4630 dem
2409 4589 2633 4647 quoque
2657 4588 2804 4627 anno
2833 4572 3061 4642 Sergius
3089 4569 3580 4643 protospatharius
3611 4577 3667 4625 et
3701 4584 3845 4640 pras-

2251 4677 2337 4722 tor
2371 4665 2595 4731 Sicilire,
2642 4666 2833 4719 audito
2869 4663 3019 4736 quod
3066 4664 3332 4720 Saraceni
3395 4662 3722 4719 obsiderent
3757 4677 3846 4717 re-

2253 4758 2395 4826 giam
2425 4757 2637 4821 urbem,
2673 4755 2961 4811 coronavit
2990 4754 3103 4810 illic
3135 4755 3421 4825 proprium
3455 4754 3842 4822 imperatorem

2252 4850 2428 4904 virum
2481 4846 3192 4918 Constantinopolitanum,
3227 4862 3292 4901 ex
3344 4844 3668 4901 hominibus
3699 4843 3842 4907 suis,

2255 4943 2422 4996 filium
2474 4939 2723 5011 Gregorii
2775 4937 3445 5010 Onomaguii,Tiberium
3476 4943 3689 4990 mutato
3739 4950 3845 4989 no-

2243 5035 2393 5089 mine
2458 5034 2784 5096 vocitatum,
2826 5032 2918 5103 qui
2964 5031 3100 5090 fecit
3157 5030 3538 5102 promotiones
3594 5034 3651 5083 et
3707 5041 3843 5084 suos

2244 5127 2526 5206 principes
2561 5127 2807 5199 praedicti
2857 5120 3328 5194 consilio‘Sergii.
3382 5122 3486 5177 Ast
3536 5122 3844 5191 imperator

2245 5220 2334 5276 his
2361 5219 2563 5275 auditis
2596 5219 2745 5274 misit
2779 5217 3009 5274 Paulum
3047 5216 3331 5287 proprium
3354 5227 3517 5270 suum
3547 5211 3840 5268 chartula-

2245 5311 2415 5374 rium,
2449 5311 2598 5365 hunc
2641 5311 2936 5380 patricium
2971 5307 3286 5363 ordinatum
3321 5313 3376 5361 et
3408 5315 3701 5375 praetorem
3749 5301 3842 5356 Si-

2234 5401 2420 5465 ‘ciiiae,
2466 5402 2608 5456 datis
2667 5401 2722 5455 in
2763 5399 3030 5454 auxilium
3077 5398 3124 5453 ei
3177 5395 3478 5467 spathariis
3515 5393 3735 5454 duobus
3783 5399 3841 5444 et

2257 5497 2314 5551 in
2362 5495 2648 5551 servitium
2693 5495 2814 5567 ejus
2873 5491 3164 5564 perpaucis
3233 5488 3570 5555 hominibus,
3631 5483 3840 5556 iussio-

2074 5629 2130 5682 ’Ν
2137 5630 2322 5688 ΟΤΑΞ.

547 5771 554 5774 _
638 5722 752 5792 (75)
779 5723 933 5792 Diae.
971 5734 1186 5779 austro.

639 5790 753 5865 (76')
780 5791 1014 5868 Secreto.
1037 5792 1352 5868 Μυςτικῶς.
1393 5791 1485 5848 Sic
1523 5790 1696 5868 Graeci
1731 5791 1816 5852 lC.
1853 5799 2152 5848 testamen-

568 5863 681 5919 tum
720 5867 862 5935 quod
891 5881 953 5919 es
984 5865 1191 5935 scripto
1216 5863 1432 5919 constat
1463 5863 1750 5934 mysticum
1783 5871 1840 5919 et
1873 5869 2149 5919 secretum

2261 5730 2565 5799 appellant,
2603 5729 2740 5799 πρὸς
2794 5722 3202 5793 ἀντιδιαστολὴν
3257 5716 3639 5799 nu_ncupativi,
3693 5715 3837 5790 quod

2261 5788 2495 5856 testibus
2527 5788 2880 5859 audientibus
2913 5788 3280 5865 nuncupat“?-
3311 5788 3477 5846 ΠΜ)
