4100 6414
384 347 525 418 13)9

1501 346 1909 411 ANASTASII
1950 345 2586 409 BIBLIOTHECARII

3526 345 3666 413 1360

386 476 662 541 ntbusque
705 468 773 525 ad
822 466 1103 541 principes
1144 463 1469 521 Occidentis
1494 506 1510 530 ,
1561 470 1616 519 et
1673 478 1831 519 sacra
1874 476 1976 533 po-
2006 464 2052 523 Α
2082 461 2139 516 in
2163 461 2411 518 triclinio
2426 462 2705 534 Augusta,
2738 465 2793 518 et
2823 460 3096 533 processit
3135 460 3252 518 sola
3281 476 3407 519 cum
3433 464 3667 541 solemni

382 565 513 635 pulo
560 563 865 619 recitanda.
918 560 1023 628 Qui
1071 575 1198 615 cum
1246 565 1413 614 noctu
1465 556 1701 628 ingressi
1744 555 1977 610 fuissent

381 660 437 712 in
470 658 792 713 dromonem
831 656 1099 720 velocem,
1147 653 1407 709 exierunt
1444 653 1499 706 in
1538 660 1725 723 partes
1760 647 1971 721 Cyzici.

381 752 423 802 Α
455 750 577 806 loco
606 759 789 805 autem
834 747 902 802 ad
943 748 1125 802 locum
1166 761 1263 816 per
1293 753 1501 799 terram
1556 757 1766 813 perque
1821 754 1973 795 mare

377 843 579 898 itinere
602 842 746 896 facto
772 847 999 911 repente
1020 838 1075 893 in
1096 838 1340 892 Siciliam
1372 843 1764 905 pervenerunt.
1795 832 1966 887 Cum-

377 949 487 1005 que
518 932 853 1005 Syracusam
888 930 1242 993 introissent,
1273 928 1486 1003 audivit
1519 926 1746 996 Sergius
1785 931 1842 979 et
1873 923 1973 977 ob-

377 1026 611 1094 s1upuit,
652 1034 709 1080 et
765 1023 991 1094 proprio
1022 1036 1256 1077 excessu
1296 1033 1572 1090 perpenso
1617 1015 1869 1087 confugit
1901 1014 1968 1069 ad

377 1119 723 1189 propinquos
749 1114 1020 1171 Calabriae
1067 1112 1491 1185 Longobardos.
1545 1109 1793 1180 Populus
1840 1121 1971 1163 vero

374 1219 767 1283 congregatus.
793 1218 848 1266 et
888 1223 1047 1266 sacra
1081 1208 1283 1263 reiecta
1312 1221 1409 1276 per
1434 1218 1555 1260 eam
1582 1212 1768 1258 certus
1789 1200 1969 1255 factus

377 1308 523 1376 quod
562 1317 614 1362 et
673 1304 968 1376 imperium
1005 1308 1179 1358 staret
1206 1308 1263 1356 et
1291 1299 1423 1354 urbs
1462 1296 1776 1367 promptior
1820 1301 1969 1350 esset

373 1402 639 1456 adversus
657 1407 871 1470 gentes,
902 1411 1120 1452 necnon
1145 1403 1199 1450 et
1219 1392 1613 1450 enarrantihus
1636 1389 1746 1444 illis
1768 1404 1830 1444 ea
1846 1402 1968 1458 qua:

372 1509 541 1564 super
574 1493 791 1548 duobus
820 1490 979 1546 stolis
1010 1490 1233 1545 fuerant
1263 1495 1441 1558 gesta,
1468 1485 1707 1540 Leonem
1741 1482 1962 1553 quidem

375 1586 763 1655 imperatorem
796 1583 1065 1637 continuo
1116 1579 1505 1641 laudaverunt,
1564 1574 1829 1631 Basilium
1867 1589 1966 1627 au-

372 1686 482 1729 tem
518 1672 920 1743 Onomagulum
952 1678 1007 1725 et
1039 1670 1343 1742 principes,
1376 1667 1468 1737 qui
1505 1668 1574 1723 ab
1600 1668 1694 1721 illo
1717 1665 1962 1736 provecti

375 1768 617 1833 fuerant,
673 1766 890 1821 vinctos
940 1764 1163 1835 praetori
1223 1761 1599 1816 tradiderunt.
1661 1758 1785 1827 Ipse
1834 1771 1963 1811 vero

2083 554 2355 625 obsequio
2383 558 2501 611 sine
2542 554 2661 609 viro
2694 554 2757 609 ad
2791 552 3041 623 Magnam
3070 553 3396 620 Ecclesiam,
3449 564 3503 611 et
3534 571 3666 612 ora-

2082 648 2234 702 tione
2262 658 2390 703 ante
2418 648 2734 715 ingrcssum
2766 647 2957 702 altaris
3006 646 3180 703 ell‘usa
3215 647 3436 703 transiit
3476 647 3549 704 ad
3571 650 3668 703 ba-

2082 740 2399 811 ptisterium
2446 755 2729 811 magnum,
2780 740 2902 795 viro
2928 738 3185 810 ejusjam
3213 755 3333 795 cum
3368 742 3562 813 paucis
3588 740 3668 796 fa-

2081 831 2390 887 miliaribus
2419 833 2535 888 suis
2564 833 2836 903 ingresso.
2870 830 2973 887 Ubi
3004 848 3129 887 cum
3156 831 3465 890 Germanus
3509 848 3668 887 sum-

2079 939 2204 978 mus
2238 924 2501 981 sacerdos
2530 925 2976 989 Constantinum,
3011 926 3267 995 nequitia:
3315 926 3559 997 ipsorum
3610 934 3667 981 ct

2079 1017 2293 1087 imperii
2336 1032 2743 1083 successorem,
2792 1018 3123 1087 baptizaret,
3168 1017 3349 1073 dirum
3398 1019 3662 1089 quiddam

2076 1120 2127 1167 et
2156 1112 2405 1166 foetidum
2437 1127 2467 1167 a
2490 1112 2884 1185 parvuloiidem
2906 1111 3305 1168 Constantinus
3322 1088 3664 1185 praesignans

2076 1206 2326 1260 exhibuit
2371 1215 2784 1275 argumentum,
2815 1220 3018 1261 cacans
3066 1206 3119 1259 in
3162 1215 3356 1260 sancto
3412 1206 3657 1273 lavacro,

2076 1300 2136 1346 ut
2164 1292 2322 1348 aiunt
2371 1293 2466 1365 qui
2513 1293 2809 1365 diligenter
2838 1294 3004 1365 hujus
3035 1295 3112 1350 rei
3160 1295 3287 1349 facti
3318 1306 3446 1351 sunt
3476 1297 3663 1367 inspe-

2073 1394 2274 1452 ctores,
2333 1386 2408 1440 ita
2445 1394 2504 1441 ut
2531 1385 2842 1443 Germanus
2893 1388 3281 1444 sanctissimus
3342 1390 3660 1460 prophetico

2072 1479 2320 1534 diceret:
2358 1478 2582 1534 Constat
2634 1480 2864 1534 maximi
2916 1478 3242 1535 Christianis
3294 1492 3345 1535 et
3401 1480 3657 1537 Ecclesia

2071 1570 2203 1624 mali
2247 1586 2339 1639 per
2371 1588 2490 1625 eum
2526 1571 2781 1642 eﬂiciendi
2818 1572 2916 1626 hoc
2979 1573 3189 1643 signum
3233 1589 3348 1627 esse
3388 1573 3654 1638 futurum;

2072 1662 2231 1719 llunc
2263 1664 2447 1735 itaque
2479 1664 2821 1736 baptizatum
2862 1666 3271 1737 provinciarum
3295 1675 3461 1737 atque
3494 1682 3655 1722 sena-

2070 1766 2163 1813 tus
2192 1759 2469 1829 principes
2498 1767 2887 1830 susceperunt.
2921 1759 3051 1815 Post
3084 1760 3268 1815 divina
3315 1776 3450 1816 sane
3476 1761 3654 1816 ollicia

374 1860 637 1914 Basilium
699 1856 926 1927 quidem
988 1870 1113 1910 cum
1169 1853 1443 1923 singulari
1488 1862 1724 1922 praetore
1782 1850 1959 1920 ipsius
1993 1836 2186 1907 Bcum
2229 1853 2466 1908 solemni
2495 1868 2691 1909 rursus
2742 1853 3014 1923 obsequio
3044 1853 3291 1923 Augusta
3337 1853 3511 1909 Maria
3543 1870 3652 1910 una

371 1950 686 2017 decollavit,
713 1957 770 2004 et
797 1949 978 2018 capita
1015 1962 1209 2002 eorum
1251 1945 1403 2001 fusca
1435 1944 1658 1999 condita
1706 1957 1805 2012 per
1834 1957 1963 2013 spa-

371 2041 584 2098 tbarios
636 2039 958 2112 imperatori
1010 2039 1344 2101 transmisit,
1376 2037 1720 2107 reliquorum
1774 2042 1957 2089 autem

371 2120 641 2203 quosdam
672 2134 994 2190 verberatos
1049 2140 1104 2187 et
1151 2139 1368 2196 tensos,
1400 2130 1672 2202 quosdam
1708 2144 1841 2185 vero
1869 2127 1960 2183 ab-

370 2228 562 2284 scissis
588 2228 819 2283 naribus
836 2227 889 2282 in
912 2227 1172 2283 exsilium
1187 2226 1507 2282 destinavit.
1528 2222 1733 2293 Sicque
1752 2222 1958 2278 factum

369 2331 456 2377 est
491 2328 551 2375 ut
580 2321 710 2375 hinc
738 2321 795 2374 in
854 2320 1309 2376 Occidentalibus
1339 2332 1538 2388 magna
1589 2314 1959 2386 correptionis

369 2410 695 2467 constitutio
722 2410 898 2466 fieret.
940 2410 1114 2465 Porro
1145 2409 1371 2481 Sergius
1406 2409 1577 2463 verbo
1609 2406 1959 2478 impunitatis

369 2519 400 2559 a
424 2512 662 2575 praetore
690 2502 863 2573 petito
889 2503 1099 2572 pariter
1129 2510 1185 2556 et
1246 2509 1470 2569 accepto
1495 2499 1666 2555 exivit
1715 2498 1782 2552 ad
1807 2514 1954 2565 eum,

366 2605 423 2652 et
483 2594 557 2653 ita
616 2610 810 2653 omnes
864 2611 1001 2667 pace
1058 2596 1251 2667 potita:
1308 2602 1442 2650 sunt
1494 2591 1775 2665 Hesperia:
1830 2605 1958 2663 par—

356 2697 475 2744 tes.

436 2780 651 2863 Interea
679 2780 957 2837 Humarus
978 2795 1104 2837 cum
1140 2780 1481 2837 obtinuisset
1517 2779 1754 2845 Arabes,
1811 2792 1953 2849 prte-

356 2872 513 2943 cepit
543 2872 845 2928 Masalma‘n
870 2874 1073 2929 redire.
1108 2874 1372 2930 Saraceni
1408 2888 1541 2943 ergo
1570 2875 1704 2928 moti
1740 2872 1956 2927 decimo

357 2977 558 3024 octavo
587 2968 864 3025 Kalendas
893 2970 1172 3041 Augustas
1222 2985 1348 3025 cum
1405 2969 1581 3023 multa
1621 2966 1957 3023 confusione

366 3063 572 3117 reversi
604 3073 767 3131 sunt;
798 3078 923 3118 cum
955 3063 1104 3119 enim
1132 3064 1238 3118 iter
1271 3071 1460 3132 ageret
1501 3061 1700 3117 classis
1736 3070 1953 3126 eorum,

358 3162 663 3224 tempestas
691 3170 720 3208 a
756 3154 869 3210 Deo
908 3170 1003 3224 per
1037 3155 1469 3211 intercessiones
1505 3153 1598 3209 Dei
1635 3152 1826 3209 Matris
1869 3153 1955 3207 in-
1985 3189 2026 3246 ο

363 3246 634 3301 cumbens
660 3246 714 3300 in
750 3246 878 3301 illos
907 3247 1008 3302 hos
1030 3246 1317 3317 dispersit,
1340 3255 1395 3301 et
1418 3247 1557 3302 alios
1603 3246 1823 3315 quidem
1855 3246 1958 3300 ho-

366 3354 689 3411 rum'penes
718 3338 1093 3395 Proconesum
1137 3346 1191 3394 et
1228 3338 1474 3409 reliquas
1524 3338 1757 3403 insulas,
1816 3337 1956 3392 alios

362 3448 494 3489 vero
542 3434 597 3488 in
630 3426 935 3503 vertigines
968 3440 1024 3487 et
1073 3439 1271 3487 caetera
1310 3430 1579 3486 demersit
1616 3430 1670 3485 in
1706 3444 1952 3499 aequora.

362 3525 588 3583 Residui
632 3540 857 3596 quoque
888 3540 1014 3580 eum
1070 3525 1377 3587 transirent
1408 3523 1657 3593 Egzeum
1700 3523 1952 3592 pelagus,

360 3619 984 3690 extemplo-supervenit
1006 3618 1060 3672 in
1091 3617 1173 3672 eis
1200 3616 1466 3673 terribilis
1489 3615 1795 3685 indignatio
1817 3614 1909 3671 Dei
1935 3632 1951 3671 :

352 3711 570 3779 grando
597 3694 832 3780 namque
862 3709 1021 3779 ignea
1048 3708 1397 3765 descendens
1432 3723 1601 3777 super
1656 3722 1755 3763 eos
1780 3722 1954 3777 aquas

355 3804 530 3859 maris
557 3804 788 3858 ebullire
817 3801 972 3867 iecit,
1022 3812 1080 3857 et
1118 3802 1243 3872 pice
1274 3801 1574 3871 liquefacta
1608 3801 1776 3857 simul
1824 3816 1951 3858 cum

349 3896 682 3952 hominibus
711 3910 880 3950 naves
915 3895 979 3948 in
1020 3895 1356 3964 profundum
1395 3894 1639 3949 inductae
1668 3902 1823 3960 sunt,
1854 3893 1953 3950 de-

356 4005 477 4045 cem
506 3990 642 4045 solis
672 4003 740 4044 ex
766 3990 850 4044 eis
881 3997 936 4041 et
968 3987 1106 4055 ipsis
1142 3986 1486 4056 providentia
1513 3985 1610 4041 Dei
1646 3985 1951 4041 Salvatoris

356 4081 723 4139 audentibus
760 4083 831 4135 ad
883 4079 1331 4135 annuntiandum
1385 4078 1570 4145 nobis,
1636 4092 1853 4133 necnon
1897 4087 1953 4134 et

359 4174 658 4239 Arabibus,
688 4173 964 4243 magnalia
996 4169 1114 4237 Dei,
1148 4187 1272 4243 quae
1320 4172 1376 4226 in
1419 4172 1531 4227 illis
1567 4170 1760 4227 eﬁ‘ecta
1780 4172 1951 4241 lsunt.

358 4258 506 4335 Quas
533 4267 700 4322 etiam
732 4273 1018 4321 nostrates
1054 4264 1429 4331 invenientes,
1460 4264 1709 4337 quinque
1752 4264 1950 4320 harum

355 4356 826 4426 comprehendere
850 4362 1193 4425 potuerunt:
1219 4354 1341 4410 alia:
1364 4370 1494 4410 vero
1516 4356 1764 4427 quinque
1785 4357 1952 4413 salvae

356 4452 415 4504 in
447 4448 662 4522 Syriam
701 4447 882 4504 ducta
919 4455 1088 4515 sunt,
1133 4447 1237 4505 Dei
1284 4448 1700 4506 annuntiatum
1750 4457 1948 4521 poten-

354 4544 635 4670 thEodem
664 4630 798 4671 vero
856 4628 1005 4671 anno
1043 4621 1209 4670 terra:
1238 4621 1389 4670 motu
1424 4628 1626 4686 magno
1679 4614 1736 4670 in
1788 4614 1947 4685 Syria

355 4706 505 4763 facto
537 4704 747 4762 Humar
774 4723 805 4762 a
841 4707 1165 4763 civitatibus
1187 4707 1378 4762 vinum
1413 4707 1675 4776 inhibuit,
1703 4717 1757 4763 et
1780 4706 1946 4763 Chri-

355 4800 571 4856 stianos
598 4806 913 4869 apostatare
940 4794 1145 4868 coegit,
1195 4809 1253 4854 et
1287 4806 1668 4869 apostatantes
1722 4799 1947 4868 quidem

355 4891 705 4948 sinetributo
733 4906 858 4947 esse
902 4890 1159 4958 faciebat,
1200 4906 1313 4946 non
1348 4891 1769 4947 consentientes
1812 4905 1947 4946 vero

356 4984 732 5051 interimebat,
783 5000 848 5041 ac
890 5000 989 5055 per
1014 4970 1085 5039 id
1130 4986 1337 5042 multos
1370 4993 1650 5057 martyres
1684 4995 1947 5055 operatus

354 5087 462 5134 est.
501 5077 699 5134 Sanxit
723 5080 899 5135 etiam
930 5079 1324 5135 testimonium
1354 5079 1653 5135 Christiani
1679 5077 1947 5136 adversus

357 5164 696 5225 Saraceaum
738 5169 967 5225 minime
997 5169 1400 5240 recipiendum.
1435 5169 1586 5225 Fecit
1613 5180 1795 5226 autem
1825 5168 1947 5240 epi-

359 5263 554 5316 stolam
589 5262 958 5333 dogmaticam
1008 5264 1074 5319 ad
1109 5261 1351 5318 Leonem
1403 5263 1818 5333 imperatorem,
1860 5277 1951 5317 ra-

354 5362 451 5409 tus
476 5355 677 5426 impius
710 5355 761 5411 ei
797 5356 1133 5426 persuadere
1167 5371 1279 5429 quo
1340 5371 1370 5411 a
1436 5355 1539 5412 [ide
1569 5372 1670 5412 sua
1722 5357 1949 5413 recede-

360 5452 467 5499 ret.

430 5537 590 5593 Anno
620 5535 833 5608 imperii
866 5540 951 5597 sui
987 5541 1153 5596 tertio
1192 5550 1359 5597 natus
1385 5548 1469 5595 est
1498 5540 1664 5594 Leoni
1714 5536 1950 5609 principi

360 5628 507 5684 illius
536 5630 761 5685 nomine
790 5630 1216 5699 Constantinus,
1270 5635 1365 5703 qui
1409 5632 1587 5704 magis
1618 5632 1713 5688 illo
1745 5632 1949 5703 impius

362 5720 467 5775 fuit
493 5730 548 5777 et
576 5722 897 5780 Antichristi
927 5741 1262 5796 praecursor.
1299 5726 1571 5782 Caeterum
1611 5734 1807 5782 octavo
1844 5724 1950 5781 Ka-

362 5812 554 5871 lendas
587 5811 881 5873 Ianuarias
920 5816 1092 5873 Maria
1141 5832 1281 5875 uxor
1335 5816 1535 5879 Leonis
1577 5829 1837 5877 coronata
1863 5827 1948 5878 est

2063 1961 2189 2002 cum
2221 1947 2498 2016 baptizato
2541 1946 2653 2001 ﬁlio
2690 1962 2914 2003 reversa
2948 1956 3034 2004 est
3076 1948 3355 2003 donativis
3413 1949 3655 2018 crogatis
3690 1950 3695 1963 ’

2062 2039 2129 2093 ab
2157 2039 2391 2094 ecclesia
2419 2054 2597 2109 usque
2622 2037 2687 2092 ad
2712 2037 2943 2093 Aineam
2979 2046 3216 2108 portam.
3253 2038 3451 2095 Eodem
3484 2041 3652 2094 etiam

2060 2144 2204 2184 anno
2232 2128 2455 2185 Nicetas
2487 2129 2761 2201 Xylinites
2784 2129 2981 2186 scribit
3032 2129 3099 2184 ad
3149 2131 3451 2186 Artemium
3477 2129 3655 2187 Thes-

2028 2225 2319 2281 ‘salonicaa
2375 2234 2704 2291 morantem,
2767 2240 2879 2295 quo
2945 2233 3197 2296 pergeret
3241 2226 3305 2279 ad
3366 2224 3650 2293 Terbeliu,

2059 2327 2336 2389 quatenus
2354 2332 2478 2373 cum
2508 2317 2714 2371 auxilio
2738 2314 3037 2387 Vulgarico
3068 2327 3263 2371 contra
3288 2315 3527 2372 Leonem
3554 2332 3649 2371 ve-

2058 2410 2224 2466 niret.
2270 2408 2375 2478 Qui
2411 2408 2716 2465 obaudicns
2747 2409 2815 2463 ad
2869 2407 3124 2463 Terbeliu
3160 2407 3320 2472 abiit,
3376 2416 3431 2463 et
3472 2408 3565 2462 dat
3598 2406 3648 2462 ei

2055 2500 2383 2566 exercitum,
2419 2506 2474 2555 et
2502 2498 2597 2553 dat
2625 2498 2673 2552 ei
2704 2498 3111 2569 quinquaginta
3143 2498 3263 2552 auri
3292 2497 3608 2553 centenaria
3632 2514 3649 2562 ;

2056 2598 2110 2648 et
2134 2590 2219 2645 his
2246 2589 2485 2659 receptis
2510 2587 3053 2658 Constantinopolim
3098 2588 3252 2642 venit
3275 2586 3409 2642 urbe
3434 2603 3567 2642 sane
3594 2586 3649 2640 id

2057 2682 2280 2737 minime
2312 2680 2662 2736 admittente.
2696 2676 2969 2749 Vulgares
3022 2679 3170 2733 hunc
3210 2678 3378 2734 Leoni
3408 2677 3650 2733 tradide-

2057 2784 2209 2839 runt,
2246 2782 2300 2831 et
2323 2773 2535 2830 liberali
2567 2773 2826 2827 honorati
2860 2771 2929 2826 ab
2959 2786 3025 2826 eo
3060 2771 3405 2840 benignitate
3439 2771 3648 2827 reversi

2057 2877 2211 2926 sunt.
2260 2866 2363 2923 Ast
2418 2866 2722 2935 imperator
2758 2865 2905 2919 hunc
2938 2878 3066 2918 cum
3100 2860 3355 2936 Xyliuite
3386 2862 3646 2933 peremit,

2057 2959 2279 3031 publico
2308 2973 2530 3028 quoque
2562 2956 2694 3012 ﬁsco
2732 2955 3103 3011 substantiam
3162 2955 3447 3024 applicans
3494 2951 3648 3025 Xyli-

2056 3053 2205 3118 nitis,
2238 3053 2332 3122 qui
2365 3066 2490 3106 cum
2515 3049 2778 3122 magister
2805 3055 2976 3113 esset,
3005 3047 3379 3103 substantiam
3410 3047 3643 3102 multam

2060 3144 2406 3214 possederat.
2446 3143 2752 3199 Sisinnium
2790 3142 3087 3213 patricium
3140 3148 3512 3211 cognomento
3541 3138 3648 3195 Re-

2060 3235 2303 3299 dacium,
2357 3249 2426 3288 eo
2465 3231 2613 3303 quod
2671 3231 2838 3287 fuerit
2882 3245 3008 3286 cum
3058 3230 3329 3295 Artemio,
3376 3230 3646 3301 Vulgares

2058 3327 2238 3397 capite
2271 3324 2571 3396 punierunt
2597 3341 2614 3390 ;
2645 3334 2699 3379 et
2734 3324 3212 3396 archiepiscopum
3242 3322 3645 3379 Thessalonicae

2057 3419 2228 3475 Leoni
2256 3418 2491 3489 principi
2514 3416 2884 3484 tradiderunt,
2919 3418 3011 3487 qui
3048 3416 3355 3472 decollatus
3392 3422 3477 3469 est
3515 3429 3641 3469 eum

2055 3511 2323 3567 Artemio.
2360 3508 2632 3564 Similiter
2655 3517 2708 3563 et
2733 3507 2938 3565 Hisoen
2976 3508 3274 3579 patricium
3308 3516 3361 3561 et
3385 3508 3643 3560 comitem

2056 3603 2288 3668 Obsicii,
2313 3610 2367 3657 et
2401 3601 2786 3657 Theoctistum
2818 3600 3060 3671 primum
3117 3614 3148 3654 a
3183 3599 3429 3662 secretis.
3466 3605 3520 3653 et
3550 3596 3644 3650 Ni-

2056 3705 2235 3751 cetam
2290 3694 2625 3749 Anthracem
2658 3701 2713 3746 et
2747 3693 3011 3749 comitem
3043 3691 3297 3760 Titichei,
3345 3700 3404 3746 ut
3434 3692 3643 3748 amicos

2056 3796 2111 3843 et
2143 3786 2451 3844 concordes
2494 3786 2618 3854 eius
2662 3784 2868 3841 occidit
2906 3804 2921 3841 :
2954 3785 3199 3855 reliquos
3256 3793 3439 3839 autem
3474 3784 3644 3838 muti—

2057 3881 2182 3937 latis
2209 3881 2437 3937 naribus
2498 3878 2908 3951 proscriptione
2948 3876 3245 3933 damnatos
3274 3876 3329 3931 in
3383 3875 3640 3931 exsiliqu

2055 3974 2230 4031 misit.

2125 4064 2314 4120 Mundi
2335 4078 2480 4119 anno
2502 4062 2668 4129 6212,
2688 4061 2893 4118 divinae
2916 4061 3319 4119 incarnationis
3341 4075 3486 4115 anno
3514 4058 3640 4121 719..

2054 4174 2203 4214 anno
2228 4174 2358 4215 vero
2392 4156 2614 4228 imperii
2632 4155 2838 4211 Leonis
2867 4163 3069 4227 quarto
3096 4154 3253 4210 Hizid
3272 4153 3511 4209 Arabum
3530 4152 3643 4207 dux

2056 4254 2308 4320 habetur,
2363 4251 2459 4324 qui
2513 4252 2597 4307 eis
2651 4259 2890 4321 quatuor
2939 4249 3159 4321 praefuit
3201 4247 3384 4303 annis.
3438 4246 3640 4301 Eodem

2052 4357 2274 4414 quoque
2311 4356 2459 4397 anno
2506 4340 2811 4397 indictione
2841 4340 3027 4405 tertia,
3067 4339 3155 4393 die
3199 4336 3446 4403 Paschae,
3480 4351 3644 4391 coro-

2054 4446 2220 4493 natus
2263 4444 2350 4493 est
2384 4434 2791 4492 Constantinus
2843 4449 2874 4488 a
2906 4432 3090 4487 Leone
3129 4439 3285 4501 patre
3331 4446 3432 4486 suo
3453 4430 3643 4487 intri-

1982 4543 2027 4600 υ
2056 4525 2285 4582 bunalio
2317 4525 2507 4580 decem
2540 4532 2595 4580 et
2620 4538 2818 4579 novem
2846 4524 3225 4586 accubitunm,
3247 4519 3521 4576 Germano
3546 4534 3646 4591 pa-

2054 4618 2297 4674 triarcha
2330 4616 2568 4672 faciente
2609 4616 2891 4670 orationes
2926 4613 3230 4671 secundum
3271 4626 3498 4667 morem.
3527 4610 3643 4667 Hoc

2052 4711 2215 4767 etiam
2254 4723 2401 4764 anno
2425 4716 2678 4763 mortuus
2701 4715 2786 4762 est
2819 4705 3095 4761 Hutnarus
3130 4706 3239 4759 dux
3288 4704 3556 4769 Arabum,
3585 4713 3642 4760 ct

2052 4804 2230 4858 oritur
2261 4802 2316 4858 in
2348 4802 2575 4858 Perside
2627 4809 2903 4872 tyrannus
2956 4806 3011 4855 et
3063 4799 3180 4869 ipse
3217 4798 3438 4853 nomine
3480 4795 3641 4852 llizid

2053 4897 2323 4961 Moalahe,
2390 4903 2447 4952 et
2496 4895 2907 4949 abieruntcum
2952 4907 3020 4947 eo
3066 4907 3131 4947 ex
3183 4891 3402 4946 Perside
3456 4892 3639 4945 multi.

2053 4988 2226 5046 Misso
2252 4997 2436 5044 autem
2482 4987 2643 5042 Hizid
2676 4984 2941 5042 Masalma
2972 4983 3177 5041 occidit
3206 4998 3331 5039 eum
3363 4991 3418 5039 et
3465 4982 3643 5040 Persi-

2054 5085 2178 5141 dem
2208 5082 2478 5139 subdidit.

2049 5179 2083 5234 Β
2125 5177 2286 5229 Anno
2317 5172 2529 5244 imperii
2570 5171 2771 5228 Leonis
2833 5172 3031 5243 quinto
3090 5171 3351 5241 apparuit
3408 5168 3635 5241 quidam

2054 5265 2252 5337 Syrius
2283 5264 2744 5335 pseudochristus
2776 5271 2832 5319 et
2860 5263 3079 5320 seduxit
3103 5261 3364 5317 Hebraeos
3387 5302 3406 5330 ,
3448 5260 3639 5316 dicens

2052 5376 2114 5416 se
2139 5359 2446 5415 Christum.

2090 5449 2287 5509 'Anno
2322 5451 2540 5523 imperii
2571 5451 2659 5505 sui
2690 5456 2849 5505 sexto
2882 5447 2993 5504 Leo
3054 5448 3235 5518 coegit
3284 5445 3547 5502 Hebraeos
3583 5453 3639 5500 et

2053 5542 2343 5600 Montanos
2376 5543 2669 5614 baptizari.
2701 5542 2773 5598 At
2806 5556 2937 5596 vero
2985 5538 3158 5595 Judaei
3193 5548 3385 5594 contra
3431 5553 3634 5607 propo-

2053 5636 2219 5691 situm
2242 5634 2506 5705 haptizati
2536 5634 2827 5689 dilnebant
2849 5630 3209 5702 baptismum,
3259 5639 3313 5684 et
3345 5630 3637 5684 comeden-

2053 5734 2135 5783 tes
2166 5727 2343 5783 sancti
2368 5728 2618 5782 muneris
2641 5724 3143 5797 participahantur,
3203 5731 3259 5778 et
3292 5721 3636 5777 contamina-

2052 5820 2184 5878 bant
2213 5819 2401 5878 ﬁdem.
2429 5817 2598 5877 Porro
2631 5817 2875 5877 Montani
2904 5816 3218 5875 divinantes
3250 5815 3380 5882 sibi,
3408 5820 3463 5871 et
3500 5811 3638 5869 dim-
