4100 6424
491 406 624 474 1361

1273 410 1646 474 HISTORIA
1682 412 2261 478 ECCLESIASTICA
2299 416 2405 479 EX
2442 417 2933 482 THEOPHANE.

3616 420 3757 489 136?.

486 519 700 574 nientes
739 514 906 586 diem,
937 517 1130 575 domos
1158 516 1488 575 introierunt
1514 521 1689 578 errori
1718 538 1821 578 suo
1849 522 2078 595 deputa-
2108 528 2154 588 Α
2184 533 2354 582 aestus
2382 527 2663 596 incendio,
2695 538 2845 586 tot-us
2876 530 3069 586 fumus
3100 528 3295 602 igneus
3324 536 3761 594 monstrabatur;

488 622 594 679 tas,
628 622 683 667 et
711 611 1077 667 incenderunt
1106 621 1279 669 semet
1310 612 1477 681 ipsos.

555 705 718 760 Anno
768 704 981 775 imperii
1028 703 1231 765 Leonis
1284 706 1518 777 septimo
1544 705 1771 765 Iudaeus
1814 706 2065 777 quidam,

485 797 757 852 oriundus
792 812 857 852 ex
892 797 1163 853 Laodicea
1218 798 1506 855 maritimae.
1536 799 1858 865 Phceniciae,
1899 800 2070 855 male-

486 889 647 954 ﬁcus,
701 889 930 944 veniens
971 888 1040 943 ad
1076 887 1235 944 Hizid
1283 892 1615 959 repromittit
1660 908 1784 947 eum
1830 891 2071 961 quadra-

485 983 636 1052 ginta
688 982 852 1038 annis
903 987 1249 1036 retenturum
1290 982 1531 1037 Arabum
1578 984 1970 1054 principatum,
2020 984 2068 1041 si

486 1073 855 1139 venerabiles,
878 1089 1002 1145 quae
1043 1074 1097 1128 in
1128 1075 1380 1131 ecclesiis
1403 1074 1847 1131 Christianorum
1876 1076 1928 1131 in
1954 1084 2070 1131 toto

485 1168 799 1237 principatu
832 1182 934 1223 suo
966 1166 1236 1237 imagines
1269 1169 1711 1232 honorabantnr,
1744 1170 2066 1238 deponeret.

487 1258 626 1313 Huic
663 1258 846 1328 itaque
883 1257 1120 1313 stolidus
1155 1256 1391 1312 credens
1419 1255 1578 1311 Hizid
1629 1256 1871 1312 edictum
1902 1271 2070 1328 gene-

484 1346 601 1401 rale
653 1354 845 1400 contra
897 1353 1124 1402 sanctas
1180 1346 1451 1416 imagines
1500 1346 1891 1418 promulgavit.
1959 1346 2067 1402 Sed

484 1439 659 1509 gratia
696 1439 914 1495 Domini
951 1439 1129 1494 nostri
1171 1436 1303 1495 Jesu
1339 1438 1572 1506 Christi,
1619 1449 1675 1495 et
1705 1440 2067 1496 intercessio-

483 1532 649 1587 nibus
690 1531 1021 1600 incorrupta:
1047 1530 1241 1586 Matris
1274 1530 1395 1600 ejus
1433 1532 1797 1602 omniumque
1844 1541 2068 1588 sancto-

484 1639 630 1685 rum,
680 1622 874 1678 eodem
936 1637 1081 1679 anno
1134 1632 1387 1681 mortuus
1435 1635 1522 1679 est
1580 1622 1757 1689 Hizid,
1815 1625 2066 1695 pluribus

481 1717 663 1771 adhuc
715 1732 816 1772 nec
880 1716 1075 1772 audire
1125 1717 1440 1774 valentibus
1499 1718 1820 1773 Satanicum
1886 1719 2065 1790 ipsius

479 1808 742 1863 edictum.
777 1807 1039 1878 l’ercepta
1071 1824 1204 1864 vero
1250 1824 1441 1863 amara
1482 1814 1585 1865 Ista
1628 1817 1685 1865 et
1728 1810 1922 1865 illicita
1968 1826 2066 1865 ne-

480 1915 647 1969 quam
709 1901 964 1956 doctrina
1020 1900 1131 1956 Leo
1188 1901 1492 1972 imperator
1538 1902 1835 1958 multorum
1902 1903 2064 1959 nobis

478 2010 645 2051 causa
688 1996 955 2050 malorum
989 1995 1217 2052 eﬂ'ectus
1248 2002 1357 2053 est.
1387 1996 1560 2051 Porro
1586 2011 1712 2051 cum
1758 1996 2062 2053 invenisset

481 2088 1013 2158 lndisciplinationis
1065 2089 1229 2160 hujus
1283 2097 1717 2146 consentaneum
1768 2090 2060 2161 quemdam

483 2181 625 2239 Bisir
674 2182 922 2246 nomine,
976 2182 1070 2251 qui
1123 2191 1289 2237 natus
1331 2182 1553 2253 quidem
1606 2198 1673 2238 ex
1720 2183 2061 2240 Christianis

478 2276 683 2340 fuerat,
715 2274 812 2330 sed
852 2274 1103 2342 captivus
1137 2275 1191 2328 in
1236 2274 1451 2347 Syriam
1494 2275 1694 2333 ductus
1724 2275 1916 2346 refuga
1947 2276 2058 2347 (77)

475 2370 626 2440 ﬁdei,
663 2385 786 2440 quae
814 2377 900 2427 est
932 2369 988 2425 in
1021 2368 1327 2436 Christum,
1359 2379 1610 2440 repertus
1643 2378 1748 2435 est,
1783 2372 2058 2427 Arabum-

475 2477 586 2533 que
625 2462 886 2532 dogmata
933 2462 1139 2533 sectari
1181 2463 1456 2532 apparuit.
1493 2464 1636 2519 Ante
1673 2460 1890 2535 tempus
1934 2480 2063 2522 vero

475 2568 587 2609 non
628 2552 862 2607 multum
911 2553 981 2608 ab
1034 2554 1256 2608 illorum
1313 2556 1580 2610 servitute
1625 2557 1765 2611 liber
1810 2557 2059 2623 effectus,

474 2662 603 2701 cum
652 2648 898 2703 venisset
946 2647 1015 2702 ad
1064 2662 1181 2701 rem
1222 2647 1500 2715 publicam
1551 2648 1950 2715 Romanorum,
1990 2651 2065 2705 ob

476 2742 647 2795 robur
677 2740 934 2811 corporis
980 2747 1037 2796 et
1069 2755 1400 2795 consensum
1435 2757 1616 2812 pravae
1651 2742 1933 2813 opinionis
1960 2745 2063 2800 lio-

475 2841 710 2888 noratus
751 2841 838 2888 est
871 2833 940 2887 ab
986 2833 1183 2887 eodem
1237 2833 1457 2901 Leone;
1496 2835 1589 2904 qui
1638 2844 1693 2890 et
1742 2836 2062 2907 imperatori

479 2924 668 2979 fautor
724 2925 779 2980 in
829 2940 1032 2996 magno
1083 2925 1401 2995 hujusmodi
1454 2927 1673 2997 piaculo
1716 2927 1898 2984 factus
1952 2938 2059 2985 est.

472 3017 867 3074 Concordabat
911 3027 1096 3074 autem
1131 3018 1181 3074 ei
1231 3027 1287 3074 et
1330 3019 1627 3089 episcopus
1673 3019 1934 3086 Nacoliae,
1966 3024 2061 3093 qui

478 3111 976 3181 indisciplinationi
1021 3112 1147 3182 ejus
1200 3128 1424 3183 operam
1459 3114 1601 3171 dans
1629 3116 1906 3171 consimili
1949 3119 2060 3173 vita

472 3204 696 3261 vivebat
718 3221 841 3261 cum
866 3207 1008 3276 ipso.

546 3297 733 3352 Mundi
752 3313 898 3353 anno
915 3297 1077 3377 6ῼ16,
1095 3298 1294 3355 divina;
1319 3299 1721 3357 incarnationis
1744 3316 1890 3358 anno
1934 3304 2059 3367 716,

472 3406 621 3445 anno
673 3406 809 3446 vero
866 3392 1084 3462 imperii
1138 3391 1341 3448 Leonis
1403 3400 1601 3448 octavo
1666 3402 1919 3450 mortuus
1976 3403 2064 3450 est

473 3483 635 3539 llizid
674 3484 913 3540 Arabum
952 3484 1087 3555 dux,
1125 3483 1217 3539 cui
1252 3482 1506 3539 succedit
1548 3482 1719 3539 Nisan
1755 3483 1920 3553 hujus
1952 3483 2063 3543 iraa?

474 3584 581 3638 ter,
630 3579 686 3629 et
730 3572 899 3644 ccepit
941 3573 1219 3629 aediﬁcare
1260 3588 1358 3642 per
1401 3572 1656 3629 civitates
1698 3582 1754 3629 et
1806 3575 2060 3644 regiones

471 3665 700 3735 palatia,
742 3673 800 3720 et
855 3666 1085 3720 novales
1140 3664 1322 3721 facere
1351 3674 1405 3720 et
1429 3667 1745 3736 paradisos,
1795 3674 1851 3721 et
1883 3681 2058 3737 aquas

474 3759 761 3813 reducere.
811 3756 978 3824 Movit
1023 3758 1190 3813 etiam
1242 3757 1413 3813 aciem
1461 3766 1655 3813 contra
1706 3758 2056 3826 ltomaniam,

472 3850 776 3920 multisque
821 3865 1035 3918 eorum,
1087 3852 1183 3922 qui
1238 3867 1431 3908 secum
1465 3862 1645 3919 erant,
1687 3852 1913 3910 amissis
1970 3870 2060 3910 re-

470 3957 669 3998 VCfSUS
696 3952 801 3998 εει.
1888 3958 1891 3961 ’

547 4036 703 4091 Anno
738 4036 952 4106 imperii
996 4034 1201 4093 Leonis
1245 4051 1394 4093 nono
1421 4036 1731 4107 Gregorius
1768 4053 1907 4110 papa
1943 4038 2059 4094 Ro-

468 4142 657 4182 mana:
684 4136 883 4197 praeest
924 4126 1206 4183 Ecclesiae.
1241 4127 1361 4195 Quo
1401 4127 1665 4184 videlicet
1709 4143 1859 4184 anno
1893 4130 2060 4199 coepit

466 4220 671 4289 impius
714 4221 1020 4290 imperator
1054 4219 1165 4276 Leo
1198 4220 1565 4291 depositionis
1592 4231 1782 4278 contra
1832 4233 2059 4279 sanctas

473 4316 526 4365 et
567 4308 910 4364 universales
945 4308 1215 4378 imagines
1244 4307 1426 4364 facere
1454 4309 1707 4365 verbum.
1737 4310 1895 4377 Quod
1931 4326 2058 4365 cum

466 4403 761 4460 didicisset
818 4402 1120 4473 Gregorius
1173 4418 1312 4474 papa
1364 4402 1651 4461 Romanus
1703 4407 1909 4463 tributa
1948 4405 2059 4462 Ro-

466 4508 648 4549 manae
692 4493 842 4549 urbis
878 4491 1163 4563 prohibuit
1197 4502 1252 4548 et
1295 4494 1484 4561 italiae,
1520 4495 1775 4553 scribens
1817 4498 1880 4552 ad
1917 4496 2057 4553 Leo-

2172 620 2351 678 Porro
2408 623 2784 679 crassitudine
2833 631 3064 678 terrenae
3118 625 3447 681 substantiae
3512 630 3759 697 petrinas

2170 719 2419 789 pumices
2456 719 2695 790 grandes
2738 728 2799 774 ut
2831 721 3088 776 cumulos
3137 721 3406 789 quosdam
3449 724 3761 780 transmisit

2171 826 2271 882 per
2295 820 2466 865 totam
2500 811 2767 865 minorem
2800 812 2987 866 Asiam
3030 821 3085 867 et
3120 812 3384 878 Lesbum,
3426 815 3676 887 Abydum
3709 825 3764 871 ct

2174 903 2453 957 maritima
2486 901 2841 967 Macedoniae,
2880 904 2957 958 ita
2990 912 3049 959 ut
3088 912 3201 959 tota
3232 905 3556 976 superﬁcies
3592 910 3763 963 maris

2172 995 2339 1064 hujus
2368 996 2686 1065 pumicibus
2715 997 3212 1066 supernatantibns
3242 1009 3390 1053 esset
3426 1001 3658 1070 repleta.
3691 1000 3750 1055 In

2173 1089 2354 1144 medio
2390 1096 2574 1143 autem
2612 1091 2747 1144 tanti
2780 1091 2923 1162 ignis
2959 1092 3136 1146 insula
3186 1108 3255 1148 ex
3306 1102 3468 1147 terrae
3503 1094 3764 1166 congerie

2170 1178 2314 1234 facta
2373 1180 2605 1245 insulae.
2651 1198 2773 1253 quae
2832 1199 2991 1239 sacra
3047 1183 3273 1250 dicitur,
3323 1186 3580 1255 copulata
3636 1193 3759 1248 est.

2169 1272 2417 1326 nondum
2464 1273 2621 1343 prius
2673 1274 2991 1341 exsistens,
3036 1291 3235 1331 verum
3284 1277 3431 1332 sicut
3482 1275 3761 1346 ιιι-δόξαιτε

2170 1362 2365 1420 Therae
2383 1363 2644 1420 videlicet
2674 1373 2730 1419 et
2754 1365 3037 1421 Therasiae
3067 1366 3263 1422 insulae
3292 1368 3570 1436 quondam
3599 1367 3761 1421 ebn|‘-

2169 1456 2395 1521 lierunt,
2462 1457 2541 1510 ita
2588 1466 2641 1511 et
2699 1457 2823 1525 ipsa
2884 1472 3057 1526 nunc,
3112 1458 3459 1528 temporibus
3509 1458 3763 1515 videlicet

2169 1549 2583 1619 impugnatoris
2632 1548 2731 1604 Dei
2762 1548 2990 1616 Leonis,
3027 1551 3122 1621 qui
3159 1549 3404 1606 divinam
3457 1551 3594 1605 iram
3634 1566 3763 1606 con-

2167 1650 2253 1698 tra
2303 1658 2363 1699 se
2395 1658 2497 1714 pro
2544 1657 2605 1699 se
2636 1641 2755 1699 fore
2805 1643 3090 1715 opinatus,
3141 1644 3520 1715 impudentius
3565 1653 3760 1701 contra

2166 1744 2391 1791 sanctas
2416 1743 2472 1791 et
2498 1735 2850 1792 venerabiles
2878 1736 3151 1807 imagines
3182 1735 3430 1806 praelium
3472 1736 3758 1802 excitavit,

2167 1831 2433 1902 collegam
2464 1838 2519 1885 et
2571 1831 2960 1887 auxiliatorem
3004 1833 3213 1887 habens
3247 1831 3412 1888 Beser
3446 1832 3540 1887 Dei
3581 1833 3758 1889 abne-

2166 1931 2414 1995 gatorem
2441 1930 2499 1979 et
2523 1924 3009 1979 irrationabilitate
3038 1924 3143 1981 sibi
3177 1924 3515 1980 simillimum
3543 1944 3557 1981 :
3595 1926 3758 1981 ambo

2168 2016 2375 2086 quippe
2404 2015 2779 2074 ineruditione
2827 2028 2987 2074 erant
3028 2028 3084 2074 et
3127 2018 3640 2090 indisclplinatione
3669 2033 3760 2073 re-

2169 2109 2340 2174 ferti,
2398 2123 2467 2165 ex
2525 2124 2633 2179 qua
2688 2110 2863 2165 multa
2923 2110 3197 2166 malorum
3252 2125 3455 2183 genera
3502 2111 3753 2166 veniunt.

2168 2202 2368 2257 Turbae
2397 2213 2605 2270 autem,
2642 2216 2766 2272 qua:
2809 2206 2861 2256 in
2904 2203 3054 2273 regia
3103 2204 3240 2259 urbe
3278 2210 3434 2258 erant
3465 2203 3621 2258 valde
3654 2204 3757 2258 tri-

2168 2302 2281 2351 stes
2322 2309 2489 2365 super
2521 2296 2680 2349 novis
2710 2295 2983 2353 doctrinis
3007 2296 3237 2362 eﬁ‘ectaa,
3266 2296 3679 2354 meditabantur
3700 2297 3758 2352 in

2167 2405 2291 2445 eum
2326 2388 2640 2456 insurgere,
2666 2396 2721 2443 et
2747 2388 3020 2459 quosdam
3050 2389 3236 2460 regios
3267 2388 3523 2444 homines
3546 2387 3760 2444 occide-

2165 2487 2319 2542 runt,
2350 2479 2559 2533 domini
2609 2479 2951 2549 deponentes
2987 2478 3205 2534 iconam
3258 2494 3380 2548 quae
3414 2494 3582 2550 super
3636 2493 3757 2533 ma-

2163 2587 2326 2642 gnam
2357 2570 2587 2626 IEneam
2622 2580 2838 2641 portam
2877 2572 3058 2641 posita
3111 2572 3463 2632 cernebatur,
3512 2570 3650 2627 adeo
3697 2584 3760 2625 ut

2166 2662 2324 2717 multi
2357 2678 2547 2717 eorum
2584 2678 2685 2733 pro
2721 2663 2957 2718 veritate
2999 2664 3330 2734 punirentur
3377 2664 3755 2719 membrorum

2164 2757 2682 2813 detruncationibus
2712 2757 3010 2829 “agrisque
3040 2766 3096 2813 et
3121 2756 3338 2814 exsiliis
3358 2755 3759 2827 rerumqueja-

2164 2851 2363 2916 cturis,
2384 2850 2732 2922 maximeque
2761 2852 2837 2905 illi
2872 2852 2965 2921 qui
2998 2852 3288 2907 nobilitate
3327 2866 3391 2905 ac
3416 2850 3583 2906 verbo
3615 2848 3759 2905 clari

2164 2955 2287 2996 esse
2317 2940 2667 3006 videbantur,
2699 2941 2772 2994 ita
2804 2936 2891 2996 ut'
2926 2949 2981 2996 et
3024 2940 3399 2996 eruditionum
3443 2938 3668 2995 scholas
3702 2945 3760 2994 et

2163 3033 2309 3103 piam
2361 3034 2730 3088 eruditionem
2791 3049 2822 3087 a
2876 3040 3084 3090 sancta:
3143 3032 3428 3089 memoriae
3480 3031 3760 3087 Constan-

2165 3124 2286 3177 tino
2319 3138 2516 3192 magno
2543 3124 2835 3193 hucusque
2859 3131 3134 3179 servatam
3168 3124 3561 3194 exstingueret.
3583 3121 3759 3190 Cujus

2091 3246 2132 3304 ο
2166 3213 2423 3271 videlicet
2450 3229 2575 3269 cum
2608 3215 2735 3270 aliis
2763 3228 2988 3285 quoque
3018 3215 3206 3270 multis
3232 3215 3395 3271 bonis
3442 3215 3759 3270 destructor

2166 3305 2278 3361 Leo
2310 3306 2487 3373 factus
2516 3315 2619 3374 est,
2646 3307 2789 3376 ejus,
2812 3307 2971 3378 cujus
3001 3315 3055 3362 et
3078 3306 3361 3375 Saraceni,
3391 3323 3589 3364 sensus
3612 3306 3761 3362 exsi-

2166 3406 2341 3454 stens.
2372 3398 2431 3455 In
2465 3399 2551 3455 bis
2587 3413 2719 3470 ergo
2754 3401 2876 3455 zelo
2935 3400 3127 3456 divino
3161 3400 3295 3455 moti
3349 3401 3760 3456 tumultuantur

2164 3497 2357 3544 contra
2385 3505 2511 3545 eum
2548 3507 2745 3560 magna
2777 3492 3173 3561 congressione
3200 3492 3414 3547 navalis
3470 3491 3759 3546 exercitus

2163 3581 2514 3647 concinnata,
2550 3589 2661 3635 tam
2686 3581 2952 3637 Helladici
3004 3566 3171 3653 quam
3200 3582 3257 3637 hi
3305 3580 3401 3652 qui
3453 3580 3757 3653 Cycladum

2163 3672 2384 3729 fuerant
2452 3658 2786 3729 insiihrum.
2833 3674 3156 3745 Agallianus
3187 3681 3370 3730 autem
3426 3675 3753 3730 turmarcha

2163 3764 2573 3820 ilclladicorum
2603 3775 2720 3821 erat
2744 3766 2955 3821 militiae
2980 3766 3116 3831 dux,
3140 3766 3309 3822 simul
3333 3773 3387 3820 et
3413 3764 3756 3837 Stephanus.

2161 3856 2345 3923 quiet
2384 3857 2549 3927 regiae
2595 3858 3047 3929 approximantes
3106 3859 3231 3913 urbi
3286 3857 3503 3914 decimo
3554 3868 3759 3929 quarto

2160 3948 2434 4007 Kalendas
2496 3950 2678 4005 Maias
2741 3950 2971 4007 decimae
3051 3950 3370 4007 indictionis
3428 3958 3760 4021 superantur

2161 4042 2445 4111 congressi
2470 4056 2596 4097 cum
2628 4042 2933 4115 Byzantiis,
2963 4041 3068 4098 sibi
3094 4041 3356 4097 confecto
3380 4042 3503 4113 igne
3523 4041 3758 4095 navibus

2164 4135 2558 4191 concrematis.
2596 4133 2660 4189 Et
2691 4135 2786 4189 alii
2817 4133 3041 4205 quidem
3090 4134 3287 4189 horum
3329 4133 3756 4203 demerguntur,

2161 4224 2306 4279 inter
2322 4241 2464 4297 quos
2498 4233 2553 4280 et
2581 4225 2898 4296 Agallianus
2939 4234 3188 4281 armatus
3246 4240 3307 4280 se
3338 4223 3522 4294 ipsum
3556 4226 3779 4294 νηοί-ς

2160 4318 2353 4387 pitavit
2391 4337 2404 4373 :
2439 4333 2608 4388 porro
2641 4318 3035 4388 superstitibus
3070 4319 3140 4373 ad
3180 4318 3571 4387 imperatorem
3620 4330 3759 4371 con-

2160 4405 2457 4462 ﬂuentibus
2486 4407 2720 4463 Cosmas
2747 4417 2801 4463 et
2832 4405 3148 4477 Stephanus
3186 4406 3452 4463 abscissis
3485 4406 3761 4476 capitibus

2160 4497 2490 4570 puniuntur.
2527 4496 2741 4554 Crescit
2782 4496 2969 4566 itaque
3022 4496 3233 4551 malitia
3289 4495 3494 4565 impius
3554 4493 3668 4547 Leo
3702 4502 3769 4546 ct~

466 4602 595 4643 nem
625 4587 916 4657 epistolam
946 4586 1334 4656 dogmaticam,
1374 4604 1484 4643 non
1515 4598 1774 4659 Oportere
1816 4590 2053 4659 impera—
2086 4587 2129 4643 D
2157 4588 2514 4645 consentanei
2546 4587 2714 4658 hujus
2748 4597 2945 4645 contra
2979 4586 3236 4658 pietatem
3262 4585 3610 4642 extendendo
3631 4600 3759 4654 pcr-

463 4691 644 4737 torem
700 4679 766 4736 de
816 4680 920 4735 ﬁde
960 4679 1147 4735 facere
1191 4681 1422 4736 verbum
1462 4688 1517 4735 et
1559 4680 1806 4738 novitate
1851 4682 2059 4739 violare

465 4774 695 4844 antiqua
725 4773 978 4843 dogmata
1007 4772 1267 4831 Ecclesiae
1295 4773 1603 4842 catholicae,
1636 4791 1758 4848 quae
1785 4791 1813 4845 ᾳ
1848 4776 2060 4835 sanctis

464 4866 725 4923 Patribus
756 4876 838 4921 est
869 4864 1183 4936 praedicata.

539 4955 702 5012 Anno
741 4955 959 5027 imperii
1008 4954 1212 5012 Leonis
1259 4954 1479 5012 decimo
1528 4957 1699 5012 movit
1750 4959 2058 5015 exercitum

464 5050 772 5106 Masalmas
803 5057 997 5104 contra
1037 5046 1349 5104 Ciesaream
1401 5050 1788 5121 Cappadociae,
1825 5058 1881 5106 et
1911 5052 2058 5122 cepit

463 5160 612 5200 eam.
646 5143 895 5205 Maulnias
922 5158 1054 5199 vero
1088 5141 1231 5197 ﬁlius
1268 5142 1476 5198 Hisami
1512 5144 1684 5199 aciem
1720 5145 1890 5200 movit
1916 5160 2056 5201 con-

466 5249 554 5295 tra
607 5237 974 5299 Romaniam,
1028 5244 1084 5292 et
1130 5251 1257 5291 cum
1305 5236 1750 5301 deambulasset,
1800 5253 2056 5294 reversus

463 5339 575 5389 est.
625 5330 685 5386 ln
737 5330 859 5399 ipso
910 5343 1058 5384 anno
1103 5327 1294 5384 ως,ιὶνο
1338 5337 1588 5397 tempore
1634 5342 1829 5399 vapor,
1882 5337 1944 5384 ut
1988 5345 2053 5385 ex

465 5419 691 5475 camino
738 5421 905 5492 ignis,
956 5420 1113 5476 visus
1149 5428 1247 5474 est
1287 5417 1528 5473 ebullire
1565 5418 1711 5473 inter
1756 5418 1969 5475 Theras
2002 5426 2059 5476 et

466 5511 768 5569 Therasias
804 5513 1020 5571 insulas
1066 5527 1132 5568 ex
1173 5510 1452 5582 profundo
1500 5511 1674 5567 maris
1707 5526 1807 5581 per
1846 5512 2059 5581 aliquot

467 5603 614 5661 dies.
660 5603 782 5670 Quo
828 5605 1094 5676 paulatim
1142 5604 1461 5660 incrassato
1505 5612 1561 5659 et
1616 5601 1848 5657 dilatato
1894 5602 2053 5674 igniti

2160 4683 2527 4739 secutionem.
2553 4680 2655 4736 Per
2680 4682 2929 4736 aestivum
2948 4695 3080 4735 vero
3102 4679 3398 4736 solstitium
3424 4677 3759 4746 bujusdeci~

2161 4790 2264 4829 ma:
2294 4773 2636 4837 indictionis,
2672 4782 2804 4844 post
2851 4788 3090 4844 nequam
3124 4772 3193 4828 de
3223 4770 3755 4828 contribulibusac-

2160 4876 2375 4937 ceptam
2410 4865 2730 4930 victoriam,
2775 4874 2971 4920 contra
3032 4864 3456 4936 Bithynensium
3515 4860 3753 4916 Nicaeam

2161 4959 2410 5033 praelium
2431 4965 2767 5013 construunt
2782 4955 3190 5012 Saracenorum
3208 4953 3413 5010 amerei
3436 4953 3567 5018 duo,
3590 4951 3770 5007 Amen

2162 5053 2374 5110 scilicet
2398 5052 2453 5106 in
2479 5050 2723 5107 millibus
2745 5049 3063 5120 quindecim
3098 5047 3481 5118 expeditorum
3516 5058 3759 5116 praeeura

2161 5159 2291 5200 rens
2333 5149 2389 5197 et
2428 5142 2759 5213 imparatam
2785 5140 3137 5195 circumdans
3167 5138 3466 5197 civitatem,
3516 5142 3571 5188 et
3609 5131 3758 5186 Mau-

2163 5236 2289 5292 hias
2322 5234 2670 5304 subsequens
2703 5233 2754 5287 in
2790 5232 2912 5287 aliis
2954 5229 3278 5299 octuaginta
3309 5226 3554 5297 quinque
3588 5225 3766 5279 milli‘

2159 5325 2299 5391 bus;
2332 5341 2457 5396 quae
2487 5334 2614 5397 post
2646 5324 2878 5378 multam
2897 5320 3265 5388 obsidionem,
3291 5315 3753 5388 et-particularem

2161 5435 2448 5475 murorum
2481 5418 2842 5475 eversionem
2866 5416 3009 5470 hanc
3072 5413 3297 5485 quidem
3335 5427 3445 5467 non
3494 5410 3755 5465 obtinue-

2157 5521 2309 5580 runt,
2349 5512 2490 5567 bene
2513 5510 2757 5581 acceptis
2785 5516 3104 5565 sanctorum
3134 5506 3359 5561 Patrum
3391 5503 3652 5575 precibus
3685 5503 3755 5557 ad

2159 5606 2332 5663 Deum
2362 5605 2607 5672 directis,
2633 5612 2688 5659 et
2716 5600 3158 5660 sanctiﬁcatione
3189 5600 3423 5655 faciente
3458 5595 3753 5653 venerabi-

1985 5716 2221 5779 NOTAE.

546 5809 659 5881 (77)
714 5808 947 5881 Refugia.
1017 5810 1409 5867 Glossarium:
1454 5808 1773 5879 ἀποστάτης
1836 5808 2051 5881 refuga.

467 5880 818 5941 Glossarium
882 5880 1120 5939 Dositlici
1180 5884 1426 5957 magistri
1467 5898 1479 5936 :
1517 5892 1766 5954 apostata
1828 5880 2040 5951 refuga.

2153 5881 2282 5939 dam
2313 5879 2791 5940 sanctimonialem
2831 5878 2936 5936 sibi
2971 5878 3350 5950 copulaverat.
3383 5894 3403 5929 ι

2164 5810 2510 5865 Flodoardus
2535 5809 2681 5873 5,18
2707 5823 2719 5859 :
2754 5825 2773 5858 ι
2808 5821 2908 5877 pro
2938 5806 3177 5877 quodam
3199 5806 3410 5878 refuga,
3432 5804 3526 5930 ἓψυί
3549 5817 3745 5872 quam-

2164 5881 2281 5930 {iam
2313 5879 2790 5930 sanctimonialem
2831 5878 2936 5930 sibi
2971 5878 3350 5930 conulaverat.
3383 5894 3403 5929 ι
3478 5890 3599 5930 salt.

3478 5891 3599 5929 ABB-
