4100 6416
372 384 513 451 i353

1484 387 1886 450 ANASTASII
1921 387 2560 451 BIBLIOTHECARII

3513 379 3660 454 1864

366 495 434 550 lis
467 495 680 567 templi,
715 495 808 550 ubi
868 495 921 550 in
957 495 1207 552 colendis
1241 495 1363 552 suis
1397 496 1814 555 characteribus
1847 499 1957 553 eri-
1987 507 2033 562 Α
2063 515 2429 572 summusque
2484 501 2748 558 sacerdos
2789 501 2927 558 dixit
2961 503 3027 558 ad
3062 517 3186 559 eum
3217 519 3233 557 :
3267 501 3661 572 Depositionem

369 597 603 659 guntur,
635 596 690 645 et
722 589 897 658 usque
927 583 1072 642 nunc
1098 588 1168 643 ab
1219 588 1306 644 his
1341 589 1436 658 qui
1463 590 1546 645 eis
1578 591 1792 646 similes
1833 601 1966 646 sunt

374 683 749 738 honorantur.
781 680 1052 736 Praeterea
1075 681 1482 738 Constantinus
1504 681 1734 753 quidam
1761 689 1969 740 strator

367 772 664 830 Artabasdi
698 772 895 828 videns
929 771 1222 842 imaginem
1249 771 1345 826 Dei
1373 771 1674 830 Genitricis
1697 783 1962 844 stantem,

369 867 778 938 apprehensmn
813 864 1050 937 lapidem
1085 865 1380 921 adversum
1420 881 1541 921 eam
1598 868 1861 938 projecit,
1910 876 1968 924 et

371 959 653 1024 contrivit,
685 966 738 1014 et
771 973 895 1012 cum
961 957 1257 1013 cecidisset
1282 956 1517 1013 calcavit
1547 974 1563 1022 ;
1632 968 1687 1013 et
1730 959 1878 1016 videt
1913 961 1966 1018 in

369 1051 583 1108 somnis
615 1057 887 1106 astantem
927 1049 1034 1106 sibi
1059 1048 1375 1116 Dominam,
1400 1057 1457 1105 et
1487 1051 1761 1108 dicentem
1805 1073 1820 1109 :
1853 1052 1969 1108 Νο-

370 1146 441 1200 sti
469 1159 633 1216 quam
673 1152 878 1198 sontem
917 1141 971 1196 in
997 1158 1077 1196 me
1095 1158 1315 1197 causam
1341 1143 1506 1213 fueris
1531 1155 1784 1214 operatus
1811 1161 1968 1202 :vere

370 1250 560 1295 contra
611 1250 769 1309 caput
823 1249 974 1293 tuum
1032 1238 1132 1292 hoc
1173 1239 1368 1308 fecisti.
1409 1240 1640 1297 Postera
1713 1255 1845 1298 vero
1881 1243 1998 1298 die,

371 1348 498 1410 cum
533 1331 796 1388 Saraceni
842 1331 1110 1390 adversus
1141 1349 1363 1390 murum
1416 1334 1794 1391 incursionem
1823 1335 1971 1392 face-

371 1433 496 1484 rent
545 1434 602 1483 et
639 1432 898 1498 ageretur
939 1426 1168 1491 bellum,
1233 1441 1466 1482 currens
1504 1426 1574 1481 ad
1631 1443 1850 1484 murum
1911 1437 1971 1485 ut

373 1516 538 1574 fortis
573 1518 734 1574 miies
765 1518 957 1582 infelix
982 1517 1074 1574 ille
1101 1518 1326 1588 ejicitur
1363 1534 1394 1572 a
1420 1519 1602 1590 lapide
1633 1520 1969 1577 transmisso

371 1627 438 1668 ex
481 1626 777 1681 mangano,
819 1619 875 1666 et
900 1611 1199 1666 contritum
1230 1620 1324 1668 est
1349 1621 1516 1682 caput
1548 1612 1670 1683 ejus
1699 1621 1755 1669 et
1777 1612 1968 1676 facies.

375 1704 596 1776 dignam
629 1703 930 1774 impietatis
983 1718 1098 1759 sua:
1136 1703 1563 1760 retributionem
1618 1705 1968 1776 percipiens;

373 1796 670 1866 praedaque
688 1795 863 1851 multa
879 1802 937 1850 et
956 1796 1171 1851 exuviis
1194 1794 1458 1852 Saraceni
1485 1797 1739 1854 collectis
1756 1799 1969 1854 reversi

375 1896 528 1955 sunt,
549 1887 876 1944 ostendente
905 1889 1018 1943 Deo
1049 1888 1104 1944 in
1146 1887 1252 1944 hoc
1286 1889 1452 1943 etiam
1481 1889 1654 1957 impio
1684 1889 1784 1953 illi,
1819 1891 1966 1960 quod
2005 1867 2044 1922 Β

374 1997 483 2038 non
525 1989 749 2052 propter
781 1981 1066 2052 pietatem,
1089 1990 1148 2036 ut
1174 1980 1268 2036 ille
1289 1981 1638 2048 diﬂ‘amabat,
1664 1981 1733 2038 de
1757 1983 1970 2038 contri-

374 2072 602 2128 bulibus
627 2071 1078 2143 triumphaverit,
1101 2071 1196 2127 sed
1220 2080 1446 2142 propter
1474 2070 1726 2128 divinum
1749 2081 1802 2127 et
1830 2071 1972 2127 inef-

327 2153 332 2160 ’
375 2165 542 2220 t‘abile
573 2163 850 2235 quoddam
887 2163 1186 2233 judicium,
1221 2163 1525 2220 retundcns
1560 2179 1625 2221 ac
1679 2179 1970 2221 removen

376 2257 700 2326 huiusmodi
751 2255 1052 2313 Arabicam
1108 2254 1492 2312 fortitudinem
1557 2270 1591 2312 a
1647 2265 1971 2313 sanctorum

373 2349 604 2404 Patrum
630 2347 860 2404 civitate
907 2346 1409 2403 intercessionibus
1453 2346 1702 2411 illorum,
1749 2356 1972 2418 propter

374 2439 836 2512 diligentissimos
874 2439 1227 2496 characteres
1255 2438 1529 2510 ipsorum,
1563 2439 1656 2511 qui
1687 2438 1974 2496 honoran-

376 2542 468 2588 tur
495 2533 553 2588 in
585 2545 670 2599 ea,
705 2531 763 2588 in
793 2530 1242 2603 redargutionem
1266 2547 1489 2604 quoque
1519 2547 1586 2592 ac
1636 2535 1972 2606 inexpugna-

373 2624 486 2680 bile
513 2624 733 2696 tyranni
761 2625 1032 2696 judicium
1057 2635 1114 2680 et
1129 2624 1217 2696 pie
1241 2625 1520 2695 agentium
1559 2626 1968 2682 eertitudinem.

374 2715 495 2774 Non
514 2717 661 2774 enim
693 2716 874 2774 solum
901 2718 1053 2773 circa
1071 2716 1473 2780 venerabilium
1498 2713 1808 2774 alfectivam
1835 2719 1973 2773 ima-

372 2807 562 2882 ginum
608 2806 989 2863 adorationem
1039 2806 1262 2863 errabat
1302 2807 1532 2878 impius,
1567 2806 1666 2864 sed
1707 2818 1761 2865 et
1822 2808 1972 2866 circa

375 2903 811 2959 intercessiones
833 2901 1166 2962 castissima:
1197 2901 1292 2958 Dei
1349 2901 1654 2960 Genitricis
1691 2904 1974 2960 omnium-

375 3010 486 3066 que
504 3003 853 3063 sanctorum,
884 3010 1122 3067 quorum
1145 3003 1200 3051 et
1224 2994 1493 3064 reliquias
1508 2997 1970 3062 scelestissimus,

376 3097 442 3146 ut
496 3087 752 3159 magistri
797 3087 918 3156 ejus
945 3089 1182 3154 Arabes,
1234 3088 1688 3146 abominabatur.
1744 3089 1824 3147 Ex
1867 3090 1974 3148 hoc

2070 605 2382 651 sanctarum
2402 597 2696 667 imaginum
2718 597 3020 652 audivimus
3050 596 3257 668 quidem
3281 596 3544 666 futuram,
3569 602 3663 654 sed

2069 706 2177 744 non
2227 698 2460 760 tempore
2509 689 2721 759 imperii
2753 690 2851 744 tui.
2891 688 3027 746 Cum
3065 700 3254 745 autem
3318 689 3410 745 ille
3439 698 3664 761 cogeret

2067 796 2196 835 eum
2238 780 2422 836 dicere
2468 781 2572 836 sub
2622 781 2783 852 cujus
2819 780 3073 852 imperio,
3109 781 3186 835 ait
3241 781 3347 837 sub
3383 781 3654 838 Cononis.

2071 877 2140 929 At
2173 873 2308 930 ille:
2349 873 2440 940 Re,
2493 875 2699 946 inquit,
2730 889 2854 929 vera
2888 889 2954 929 ea:
2994 875 3260 944 baptismo
3312 873 3457 932 Cano
3529 875 3666 929 mihi

2072 983 2260 1022 nomen
2287 977 2386 1022 est.
2414 967 2597 1022 Atille
2613 966 2752 1021 dixit
2796 984 2810 1020 :
2852 966 3030 1032 Absit,
3073 966 3305 1033 domine,
3341 979 3399 1022 ut
3428 984 3521 1037 per
3563 969 3667 1022 im-

2067 1057 2275 1126 perium
2331 1065 2480 1110 tuum
2526 1056 2729 1110 malum
2760 1055 2904 1110 istud
2957 1056 3267 1126 perﬁciatur
3295 1072 3314 1112 :
3345 1055 3665 1114 Antichristi

2071 1149 2210 1203 enim
2251 1161 2554 1218 prwcursor
2578 1157 2677 1214 est,
2705 1149 2797 1219 qui
2830 1147 2924 1202 hoc
2959 1147 3348 1218 adimpleturus
3383 1157 3480 1212 est,
3502 1158 3553 1203 et
3579 1151 3666 1204 in-

2073 1255 2316 1298 carnatus
2364 1243 2558 1296 divina:
2592 1241 3014 1311 dispensationis
3053 1255 3285 1296 eversor.
3333 1239 3394 1295 in
3423 1240 3509 1297 his
3531 1257 3665 1312 ergo

2074 1353 2255 1394 stevus
2317 1345 2590 1408 tyrannus
2648 1334 2934 1390 insaniens
2976 1334 3136 1388 beato
3169 1331 3448 1389 Germano
3488 1335 3669 1389 minas

2073 1427 2652 1499 praetendebatinstar
2692 1425 2924 1483 Herodis
2975 1427 3254 1496 quondam
3311 1426 3666 1496 prtecursori.

2076 1519 2396 1576 Reducebat
2431 1527 2611 1574 autem
2645 1519 2712 1573 ad
2745 1519 3064 1574 memoriam
3113 1517 3233 1586 ejus
3269 1517 3578 1587 patriarcha
3614 1526 3670 1572 et

2075 1614 2407 1683 sponsiones
2427 1614 2551 1683 ejus
2587 1620 2715 1666 ante
2744 1611 3036 1682 imperium
3067 1608 3272 1676 factas,
3311 1609 3548 1681 qualiter
3563 1611 3670 1666 sibi

2076 1707 2246 1760 Deum
2273 1704 2488 1760 dederit
2525 1703 2745 1768 vadem,
2773 1704 2827 1757 in
2858 1703 3010 1758 nullo
3037 1718 3094 1758 se
3127 1711 3536 1757 commoturum
3569 1703 3671 1757 Eo

2075 1797 2305 1853 clesium
2335 1796 2426 1851 Dei
2485 1810 2516 1850 a
2553 1797 2670 1852 suis
2705 1795 3026 1866 apostolicis
3057 1803 3112 1850 et
3141 1793 3414 1849 divinitus
3442 1794 3664 1850 traditis

2075 1887 2304 1942 ritibus.
2340 1885 2449 1942 Sed
2481 1899 2582 1942 nec
2607 1887 2688 1940 sic
2720 1885 2988 1941 confusus
3011 1895 3099 1940 est
3127 1886 3319 1942 miser.
3351 1885 3670 1942 Observans

2075 1989 2261 2037 autem
2303 1990 2471 2052 atque
2509 1979 2843 2034 submittens
2875 1979 3144 2048 quosdam
3177 1989 3483 2044 sermones,
3515 1987 3669 2033 sata-

2076 2075 2238 2145 gebat
2271 2073 2450 2128 sicubi
2478 2071 2628 2126 hunc
2659 2070 2933 2126 inveniret
2957 2080 3148 2124 contra
3177 2069 3472 2140 imperium
3502 2086 3667 2126 somn

2078 2174 2354 2237 agentem,
2383 2170 2662 2234 quatenus
2695 2169 2757 2216 ut
2809 2161 3218 2233 conjuratorem
3245 2170 3301 2217 et
3334 2175 3444 2216 non
3500 2161 3673 2218 veluti

2074 2257 2452 2316 confessorem
2502 2272 2532 2311 a
2583 2256 2786 2312 throno
2817 2255 3142 2327 deponeret,
3203 2255 3414 2312 habens
3459 2255 3513 2310 in
3560 2256 3670 2312 hoc

2074 2352 2523 2421 compartieipem
2545 2349 2898 2406 Auastasium
2937 2347 3272 2419 discipulum
3291 2356 3347 2403 et
3366 2346 3673 2419 syncellum

2073 2442 2214 2514 ejus,
2243 2443 2333 2497 cui
2375 2441 2678 2513 spopondit
2710 2449 2898 2512 utpote
2927 2441 3227 2512 impietatis
3258 2455 3372 2497 sum
3430 2455 3672 2496 consen-

2075 2543 2238 2591 taneo
2269 2533 2454 2590 throni
2488 2548 2614 2590 eum
2637 2533 2948 2589 adulterum
2991 2547 3373 2590 successorem
3401 2531 3668 2588 futurum.

2073 2623 2248 2690 Quem
2267 2623 2464 2681 beatus
2481 2639 2594 2680 non
2616 2624 2880 2694 ignorans
2900 2625 2984 2680 sic
3005 2639 3265 2695 perverse
3291 2623 3668 2690 nﬂ'ectantem,

2075 2718 2325 2775 imitatus
2367 2717 2541 2774 Deum
2591 2732 2780 2784 suum,
2809 2731 2876 2773 ac
2912 2717 2959 2772 si
2993 2716 3061 2771 ad
3093 2716 3262 2771 alium
3317 2715 3664 2783 lscariotem,

2074 2810 2356 2882 Sapienter
2387 2817 2442 2866 et
2467 2818 2757 2866 mansuete
2789 2817 2986 2865 eorum
3013 2823 3136 2880 quae
3177 2807 3514 2880 proditionis
3542 2816 3674 2865 sunt

2081 2902 2406 2960 memoriam
2427 2903 2688 2959 faciebat.
2713 2901 2854 2968 Quia
2872 2916 3002 2957 vero
3027 2899 3526 2957 inconvertibiliter
3544 2914 3671 2954 eum

2074 2997 2297 3054 videbat
2331 3012 2552 3060 errare,
2594 3011 2902 3054 conversus
2930 2995 2999 3051 ad
3047 3009 3174 3051 eum
3213 2995 3521 3049 calcantem
3572 2991 3674 3046 ali.

2073 3091 2297 3162 quando
2324 3090 2634 3161 posteriora
2664 3090 2820 3146 stolae
2843 3103 2979 3152 sure,
3000 3101 3128 3142 cum
3171 3086 3238 3141 ad
3265 3085 3660 3156 imperatorem

375 3180 548 3252 igitur
580 3188 830 3248 tempore
860 3179 1215 3251 impudenter
1237 3181 1400 3236 beato
1428 3179 1708 3238 Germano
1736 3183 1972 3253 patriar-
1999 3211 2043 3272 α
2078 3181 2482 3253 ingrederetur,
2529 3181 2608 3236 ait
2646 3197 2660 3236 :
2698 3180 2782 3236 Ne
2841 3180 3057 3250 festines
3093 3195 3112 3235 :
3145 3194 3275 3234 nam
3323 3193 3428 3232 non
3459 3176 3670 3247 effugiet

375 3271 498 3328 cita
511 3270 1135 3343 Constantinopolitano
1146 3270 1467 3342 derogabat,
1491 3287 1763 3328 accusans
1779 3288 1973 3330 omnes

375 3371 760 3421 antecessores
785 3379 918 3420 suos
944 3365 1224 3437 principes
1260 3373 1316 3422 et
1341 3364 1632 3436 pontifices
1674 3374 1842 3436 atque
1873 3383 1974 3437 po-

377 3454 541 3524 pulos
589 3453 964 3524 Christianos,
999 3454 1161 3527 quasi
1211 3453 1519 3511 idololatrae
1569 3454 1778 3512 fuerint
1808 3473 1976 3528 super

375 3546 702 3605 adcretione
734 3560 1055 3604 sanctarum
1091 3562 1156 3603 ac
1203 3547 1610 3604 venerabilium
1655 3547 1972 3613 iconarum,

379 3653 488 3695 non
521 3639 749 3712 capiens
783 3641 956 3698 idiota
989 3640 1316 3698 infidelitate
1359 3651 1559 3713 captus
1589 3641 1658 3698 de
1687 3641 1973 3698 aﬂ‘ectuali

377 3730 699 3788 adoratione
717 3746 1032 3788 sermonem
1044 3773 1058 3787 .

449 3821 638 3878 Mundi
657 3839 804 3880 anno
823 3823 990 3888 6219,
1020 3825 1220 3882 divinae
1250 3826 1656 3883 incarnationis
1674 3840 1822 3882 anno
1845 3825 1972 3891 7l9,

379 3928 528 3969 anno
555 3913 918 3985 veroimperii
938 3913 1140 3971 Leonis
1160 3915 1482 3982 undecimo,
1507 3915 1810 3988 Gregorius
1830 3931 1898 3986 pa
1910 3930 1976 3985 pa

381 4005 668 4063 Romanus
727 4005 982 4062 habetur.
1014 4007 1220 4062 Eodem
1258 4023 1480 4078 quoque
1529 4022 1677 4064 anno
1726 4007 1980 4064 Mauhias

380 4107 547 4172 capto
582 4099 758 4157 Ateus
789 4108 975 4156 castro
1003 4116 1063 4158 re
1075 4116 1265 4157 versus
1290 4110 1397 4156 est.

451 4193 614 4247 Anno
643 4193 862 4264 imperii
897 4192 1098 4250 Leonis
1113 4193 1446 4250 duodecimo
1470 4193 1643 4250 movit
1671 4193 1975 4250 exercitum

382 4285 531 4344 titius
564 4283 818 4356 Chagaui
857 4284 1128 4356 principis
1164 4283 1453 4340 Chazariae
1513 4293 1708 4340 contra
1744 4283 1976 4341 Mediam

379 4383 435 4429 et
461 4373 805 4442 Armeniam,
835 4376 1236 4446 inventumque
1288 4375 1346 4430 in
1378 4375 1581 4430 Arabia
1627 4374 1976 4431 Gardacbum

377 4467 620 4524 Arabum
649 4477 938 4539 praetorem
972 4467 1300 4533 trucidavit,
1333 4475 1389 4523 et
1409 4467 1824 4524 multitudinem
1856 4482 1980 4539 quas

2077 3293 2108 3331 α
2143 3285 2194 3330 te
2241 3284 2442 3345 tempus
2471 3273 2808 3346 ingrediendi
2834 3273 3076 3343 Diippin.
3109 3271 3180 3326 At
3212 3271 3306 3326 ille
3353 3283 3521 3341 super
3550 3283 3671 3325 ser-

2076 3381 2296 3423 monem
2345 3366 2606 3422 tristatus
2657 3380 2785 3420 cum
2829 3365 2958 3421 aliis
3007 3366 3103 3435 qui
3146 3364 3296 3420 hunc
3359 3361 3671 3430 audierant,

2077 3460 2410 3531 praesagium
2440 3457 2754 3529 ignorabat.
2783 3456 2944 3524 Quod
2984 3471 3112 3512 cum
3139 3456 3303 3511 linem
3327 3464 3452 3525 post
3507 3456 3671 3525 quin-

2076 3547 2257 3605 decim
2321 3563 2502 3604 snnos
2533 3547 2891 3618 percepisset,
2947 3546 3118 3601 tertio
3158 3545 3414 3602 videlicet
3459 3545 3673 3616 imperii

2078 3640 2430 3698 Constantini
2458 3640 2836 3711 persecutoris
2861 3653 3028 3705 anno,
3053 3637 3372 3695 indictionis
3399 3637 3668 3694 duodeci-

2078 3748 2201 3798 mae,
2215 3731 2476 3788 erunibus
2491 3731 2718 3788 credere
2736 3730 3013 3802 persuasit
3038 3744 3106 3785 ex
3126 3729 3313 3785 divina
3347 3729 3522 3800 gratia
3542 3727 3678 3784 fuis-

2079 3843 2140 3883 se
2183 3827 2404 3898 ingrato
2450 3824 2774 3896 prophetice
2821 3823 3055 3880 dictum.
3088 3822 3493 3879 Constantinus
3522 3823 3670 3877 enim

2080 3928 2206 3990 post
2238 3917 2429 3989 generi
2463 3916 2550 3972 sui
2603 3915 2898 3971 Artabasdi
2929 3914 3284 3970 rebellionem
3336 3929 3464 3969 cum
3499 3913 3676 3984 impeo

2079 4012 2224 4067 rium
2252 4010 2615 4073 obtinuisset,
2643 4009 2793 4064 hunc
2843 4009 3206 4064 Anastasium
3233 4022 3435 4064 cassum
3465 4014 3521 4062 et
3545 4022 3670 4061 cum

2079 4103 2203 4158 aliis
2244 4101 2487 4157 inimicis
2517 4101 2575 4155 in
2632 4099 3092 4171 Hippodromium
3145 4115 3244 4170 per
3279 4098 3550 4169 Diippium
3590 4098 3676 4152 in~

2079 4209 2362 4266 gressum,
2396 4192 2606 4250 nudum
2641 4208 2810 4263 super
2839 4191 3056 4247 asinum
3095 4207 3260 4248 verso
3290 4191 3442 4245 vultu
3478 4189 3679 4247 seden-

2083 4299 2190 4346 tem
2232 4287 2542 4359 pompavit,
2571 4301 2637 4343 eo
2660 4287 2807 4358 quod
2839 4287 2947 4342 sibi
2979 4301 3088 4341 una
3122 4301 3249 4339 cum
3278 4283 3678 4356 aiiis_inimicis

2082 4381 2225 4436 mala
2262 4381 2432 4437 fuerit
2460 4381 2802 4450 imprecatus
2851 4389 2909 4435 et
2956 4376 3331 4433 Artahasdum
3368 4391 3677 4431 coronave-

2080 4474 2177 4538 rit,
2213 4474 2360 4530 sicut
2395 4473 2452 4528 in
2481 4488 2582 4528 suo
2616 4471 2953 4528 indicabitur
2981 4471 3124 4526 loco.
3157 4470 3227 4524 Et
3281 4468 3529 4539 Byzantii
3557 4467 3681 4537 qui-

379 4559 549 4616 simul
573 4575 700 4615 cum
735 4574 806 4616 eo
827 4567 969 4626 erat,
1003 4567 1058 4615 et
1089 4561 1459 4632 depopulatus
1477 4561 1866 4617 Armeniorum
1891 4569 1974 4616 at-

2085 4566 2212 4623 dem
2244 4576 2628 4638 prepugnator
2658 4581 2758 4636 pro
2782 4561 3382 4636 dogmatibus'pictatis
3408 4576 3567 4617 sacer
3587 4561 3678 4615 hic

378 4667 488 4722 que
542 4650 830 4707 Medorum
883 4653 1142 4723 regiones
1198 4652 1386 4720 rediit,
1434 4662 1641 4709 metum
1699 4653 1982 4711 incutiens

377 4743 660 4802 Arabibus
681 4746 939 4800 multum.

449 4840 612 4897 Anno
651 4839 866 4910 imperii
890 4839 1090 4898 Leonis
1117 4841 1335 4896 decimo
1384 4840 1550 4897 tertio
1593 4848 1776 4896 castra
1808 4839 1978 4896 movit

379 4934 673 4992 Haesimus
704 4933 974 4992 adversus
1011 4935 1244 4992 humum
1271 4935 1609 5002 Turcorum,
1657 4942 1714 4992 ct
1740 4935 1974 4991 invicem

380 5027 690 5100 congressi,
723 5043 789 5084 es
819 5037 1056 5100 utraque
1082 5036 1242 5100 parte
1265 5027 1473 5086 cadunt
1523 5029 1581 5084 in
1610 5029 1820 5099 praelio,
1857 5043 1975 5084 me-

382 5129 552 5191 tuque
593 5122 930 5193 perterritus
991 5121 1287 5180 Masalmas
1340 5121 1562 5196 fugiens
1608 5138 1706 5194 per
1760 5130 1977 5178 montes

380 5210 666 5271 Cbazariai
687 5229 947 5271 reversus
973 5223 1082 5272 est.

455 5304 660 5364 Eodem
691 5323 827 5364 vero
857 5324 1004 5365 anno
1043 5307 1238 5365 furens
1270 5309 1386 5364 Leo
1407 5309 1712 5378 imperator
1757 5311 1984 5382 iniquus

385 5410 578 5456 contra
608 5409 816 5458 rectam
853 5401 1042 5470 fidem,
1085 5402 1330 5460 adducto
1353 5402 1515 5459 beato
1538 5403 1836 5469 Germano,
1868 5419 1982 5460 cte-

387 5491 466 5562 pit
495 5507 620 5550 eum
643 5493 866 5552 blandis
897 5495 1245 5554 sermonibus
1259 5495 1510 5552 delinire.
1531 5497 1600 5551 At
1627 5512 1755 5552 vero
1776 5496 1994 5553 beatus

2085 4667 2142 4716 et
2168 4661 2425 4731 egregius
2470 4658 2714 4729 pollebat
2740 4657 3076 4720 Germanus,
3111 4669 3211 4710 ceu
3252 4661 3446 4708 contra
3479 4652 3681 4709 bestias

2084 4767 2339 4824 pugnans
2372 4751 2643 4808 adversus
2674 4749 3023 4820 feronymum
3061 4746 3176 4818 (78)
3230 4745 3379 4800 hunc
3437 4743 3681 4799 Leonem

2083 4855 2140 4902 et
2166 4845 2414 4900 fautores
2441 4848 2587 4913 ejus.
2625 4842 2686 4897 ln
2739 4840 2954 4896 Seniori
2979 4855 3114 4896 vero
3140 4837 3314 4894 Roma
3357 4835 3680 4906 Gregorius,

2085 4938 2504 4998 sacratissimus
2556 4936 2646 4991 vir
2686 4934 3072 5006 apostolicus,
3135 4942 3189 4988 et
3242 4929 3392 4986 Petri
3451 4927 3682 4984 verticis

2085 5031 2467 5104 apostolorum
2506 5043 2807 5086 consessor
2843 5028 3017 5082 verbo
3061 5033 3116 5081 et
3174 5031 3300 5080 actu
3349 5035 3680 5080 coruscans,

2083 5125 2178 5196 qui
2211 5124 2444 5180 removit
2488 5123 2718 5178 Romam
2760 5128 2817 5177 et
2863 5119 3099 5185 Italiam,
3132 5131 3351 5174 necnon
3384 5125 3439 5171 et
3491 5113 3680 5170 omnia

2088 5227 2203 5272 tam
2237 5217 2314 5272 rei
2347 5216 2585 5286 publica:
2617 5230 2784 5286 quam
2818 5212 3090 5270 Ecclesiae
3109 5210 3237 5282 jura
3285 5210 3341 5266 in
3371 5205 3678 5278 Hesperiis,

2085 5312 2155 5366 ab
2179 5309 2496 5366 obedientia
2518 5307 2724 5365 Leonis
2752 5315 2808 5364 et
2834 5306 3050 5377 imperii
3076 5306 3322 5376 suh.ipso
3354 5298 3675 5358 constituti.

2079 5403 2252 5460 Porro
2285 5405 2340 5459 in
2394 5403 2555 5476 Syria
2585 5418 2758 5474 penes
2789 5401 3120 5456 Damascum
3159 5397 3402 5455 Joannes
3451 5395 3680 5449 Mansur

2086 5495 2385 5566 presbyter
2415 5502 2472 5549 et
2501 5494 2832 5558 monachus,
2863 5497 3231 5564 cognomento
3277 5485 3677 5558 Cbrysorroas.

1905 5630 2141 5690 ΝΟΤιΕ.

457 5724 574 5792 (78)
621 5723 999 5794 Feronymum.
1041 5725 1230 5780 Virum
1267 5726 1512 5780 nominis
1563 5727 1669 5780 sui.
1727 5724 1976 5782 Bullinus

392 5793 668 5862 interpres
685 5793 907 5850 Eusebii
939 5797 1002 5850 H.
1031 5797 1091 5851 Ε.
1116 5798 1172 5861 6,
1197 5797 1257 5852 3i
1287 5815 1300 5847 :
1336 5817 1353 5846 ε
1379 5797 1604 5860 quidam
1632 5799 1714 5850 vir
1734 5799 1977 5852 nominis

398 5864 484 5919 sui
525 5863 822 5922 Macarius.
864 5884 881 5918 ι
912 5869 1234 5922 Anastasius
1287 5867 1338 5921 in
1387 5863 1660 5938 liypomu.
1688 5865 1754 5923 de
1783 5869 1974 5924 Anast.

2087 5741 2311 5794 apocr.:
2339 5743 2357 5775 ι
2394 5724 2488 5793 qui
2511 5732 2571 5777 ut
2595 5738 2722 5778 vere
2745 5723 2796 5794 in
2817 5721 3034 5776 cunctis
3054 5721 3448 5792 pheronymus,
3471 5717 3683 5788 Euprc-

2087 5787 2184 5867 pes
2216 5787 2535 5852 nominatus
2566 5803 2672 5849 est.
2701 5815 2717 5846 ο
2756 5787 2930 5848 Fies.
