4100 6428
393 383 538 448 ίξέϐδ

1176 383 1545 444 HISTORIA
1583 383 2160 444 ECCLESIAS‘ll-LA
2201 384 2306 441 LX
2342 385 2821 444 'l‘ﬂLUl’hAtVIL.

3530 388 3667 450 1366

386 503 585 557 doctor
618 497 856 568 optimus
888 495 996 551 vita
1023 501 1079 550 et
1101 495 1268 551 verbo
1293 494 1579 566 prmlulsit.
1604 493 1804 550 Verum
1839 491 1978 548 Ger-
2010 489 2054 544 Α
2084 497 2256 554 retur,
2313 491 2517 547 tributa
2551 492 2810 563 capitalia
2871 493 3046 549 tertiae
3099 495 3240 566 parti
3305 495 3508 553 Siciliae
3568 516 3666 556 seu

388 606 612 646 manum
673 597 862 658 utpote
893 589 997 644 sub
1023 602 1084 643 se
1113 587 1476 642 constitutum
1503 601 1534 640 a
1563 586 1764 640 throno
1793 583 1965 656 pellit.

387 682 688 753 Gregorius
716 690 900 736 autem
955 695 1053 750 per
1085 679 1352 749 epistolas
1386 694 1533 742 eum,
1597 691 1718 748 quae
1780 676 1972 732 multis

386 783 514 832 sunt
543 782 710 839 notae,
761 770 1056 826 manifeste
1109 769 1408 840 redarguit.
1464 767 1570 822 Sed
1624 773 1679 821 et
1730 763 1973 820 Joannes

388 869 538 922 hunc
565 880 690 920 cum
716 862 961 918 Orientis
997 860 1276 931 episcopis
1303 856 1751 914 anathematibus
1780 853 1971 910 subdi-

388 954 492 1010 dit.
524 951 697 1008 Porro
749 951 985 1021 septimo
1038 949 1165 1006 Idus
1200 948 1492 1004 Januarias
1517 947 1744 1002 decimae
1800 944 1975 1000 tertia:

385 1044 734 1110 indictionis,
759 1042 921 1098 tertia
957 1039 1118 1108 feria,
1156 1039 1358 1111 impius
1385 1039 1496 1094 Leo
1529 1037 1811 1094 silentium
1841 1050 1976 1089 con-

385 1149 470 1194 tra
503 1153 696 1206 sacras
725 1145 780 1194 et
803 1136 1148 1194 venerabiles
1197 1134 1499 1191 celebravit
1537 1134 1728 1189 iconas
1783 1130 1840 1186 in
1870 1129 1965 1194 tri-~

385 1232 614 1289 bunalio
666 1231 859 1287 decem
911 1241 966 1285 et
1021 1244 1217 1285 novem
1267 1226 1648 1292 accubituum,
1710 1223 1976 1280 advocato

384 1340 607 1395 quoque
638 1332 694 1380 et
727 1324 1085 1380 sanctissimo
1117 1322 1434 1394 patriarcha
1473 1321 1773 1382 Germano,
1797 1321 1976 1373 'ratus

387 1434 452 1474 se
478 1432 643 1488 posse
672 1417 755 1472 illi
808 1415 1147 1487 persuadere
1187 1430 1297 1484 quo
1349 1412 1730 1469 subscriberet
1779 1418 1974 1466 contra

385 1518 610 1566 sanctas
641 1509 857 1564 iconas.
915 1506 1024 1563 Sed
1055 1515 1114 1563 et
1138 1505 1301 1562 fortis
1332 1505 1538 1561 Christi
1568 1520 1763 1560 servus
1796 1503 1974 1559 nulla-

383 1611 551 1657 tenus
603 1599 972 1670 acquiescens
1032 1598 1345 1655 detestabili
1398 1596 1717 1653 cacodoxiae
1775 1595 1974 1666 ipsius,

384 1707 516 1747 cum
539 1691 769 1746 verbum
803 1689 1068 1746 veritatis'
1091 1697 1244 1744 recte
1267 1687 1581 1754 direxisset,
1616 1686 1975 1742 abrenuntia-

382 1783 467 1836 vit
501 1797 776 1839 summum
801 1780 1198 1848 sacerdotium,
1238 1780 1461 1835 tradens
1487 1779 1740 1850 pallium,
1768 1785 1822 1834 et
1849 1785 1977 1850 post

2038 605 2044 611 -
2079 581 2350 638 Calabria:
2401 584 2586 655 populi
2642 583 3099 655 superimposuit.
3157 588 3229 641 Ea
3265 605 3395 642 vero
3427 607 3550 660 qum
3588 594 3668 647 di-

2079 687 2284 730 cuntur
2315 677 2648 746 patrimonia
2679 688 2999 734 sanctorum
3039 681 3350 751 principum
3392 685 3670 753 apostolo-

2079 783 2221 831 rum,
2259 782 2383 838 quae
2411 767 2481 822 ab
2513 769 2644 823 olim
2678 770 2928 826 ecclesiis
2961 771 3083 825 auri
3119 753 3410 828 dimidium
3466 785 3521 831 et
3563 779 3667 834 tria

2080 859 2440 916 conferebant
2473 863 2700 930 talenta,
2727 865 2958 935 publica:
2983 867 3187 921 rationi
3213 869 3425 923 exsolvi
3459 885 3669 939 praece-

2082 949 2185 1020 pit,
2213 953 2567 1008 considerare
2591 954 2757 1010 etiam
2776 963 2940 1026 atque
2962 956 3279 1013 describere
3299 969 3462 1016 natos
3486 977 3671 1018 mares

2077 1044 2297 1114 jubens,
2333 1051 2392 1098 ut
2424 1044 2636 1100 Pharao
2673 1048 2950 1117 quondam
2989 1063 3086 1104 eos
3117 1051 3208 1120 qui
3245 1060 3405 1106 erant
3454 1069 3522 1108 ex
3555 1056 3667 1109 He-

2081 1132 2283 1199 braeis;
2315 1133 2464 1206 quod
2486 1149 2587 1189 nec
2623 1135 2725 1205 ipsi
2760 1137 3008 1207 magistri
3035 1138 3156 1208 ejus
3186 1139 3393 1198 Arabes
3420 1143 3473 1197 in
3505 1142 3670 1198 Chri-

2083 1226 2317 1292 stianos,
2351 1225 2446 1295 qui
2479 1227 2531 1278 in
2558 1227 2676 1282 eois
2701 1235 2831 1282 sunt
2860 1229 2998 1291 oris,
3032 1229 3232 1288 fecisse
3261 1247 3596 1290 noscuntur.

2153 1315 2313 1370 Anno
2343 1316 2555 1386 imperii
2589 1315 2792 1372 Leonis
2838 1319 2906 1372 I7
2955 1320 3100 1376 facta
3142 1333 3228 1380 est
3261 1326 3572 1384 mortalitas
3612 1329 3668 1384 iu

2087 1405 2268 1478 Syria,
2301 1408 2570 1479 multique
2596 1411 2905 1480 perierunt.

2155 1503 2315 1558 Anno
2339 1502 2555 1573 imperii
2579 1503 2782 1560 Leonis
2816 1504 2880 1563 18
2915 1503 3215 1562 Zacharias
3253 1511 3442 1564 Romae
3467 1513 3680 1580 praesul“

2085 1595 2352 1661 habetur;
2403 1595 2710 1667 eodemque
2769 1612 2918 1666 anno
2978 1596 3300 1657 Theodorus
3349 1599 3574 1658 Mansur
3613 1603 3669 1660 in

2086 1685 2340 1740 exsilium
2377 1686 2584 1743 missus
2613 1695 2695 1742 est
2721 1687 2864 1758 apud
2891 1688 3113 1744 climata
3141 1690 3347 1758 eremi,
3373 1701 3429 1747 et
3465 1691 3667 1750 factum

2088 1784 2174 1832 est
2205 1777 2422 1849 signum
2447 1779 2503 1833 in
2522 1779 2664 1836 cmlo
2689 1779 2910 1849 igneum
2943 1781 3325 1850 resplendens,
3342 1791 3398 1839 et
3418 1782 3670 1842 Mauhias

383 1874 589 1931 multos
631 1887 918 1929 sermones
950 1873 1314 1928 didascalicos
1372 1871 1564 1928 dicens
1590 1887 1604 1923 :
1635 1869 1695 1926 Si
1721 1887 1814 1940 ego
1851 1887 1968 1924 sum
2015 1859 2058 1914 Β
2086 1869 2273 1924 Asiam
2297 1870 2660 1941 depopulatus
2689 1879 2795 1928 est.

381 1965 582 2034 Jonas,
611 1966 767 2020 mitte
790 1981 871 2020 me
925 1966 982 2018 in
1010 1981 1178 2019 mare.
1219 1963 1429 2035 Absque
1458 1964 1749 2019 universali
1776 1965 1969 2034 quippe

383 2057 587 2130 synodo
617 2058 869 2114 innovare
889 2055 1047 2126 ﬁdem
1072 2055 1399 2125 impossibile
1422 2055 1552 2110 mihi
1573 2064 1647 2110 est
1680 2053 1971 2109 secundum

385 2149 737 2220 apostolicam
791 2160 840 2205 et
867 2162 1150 2218 paternam
1195 2149 1535 2203 traditionem
1555 2185 1571 2214 ,
1604 2164 1634 2201 ο
1658 2148 1968 2216 imperator.

385 2245 456 2300 Et
491 2245 686 2301 abiens
716 2243 782 2297 ad
821 2244 1000 2299 locum
1032 2243 1127 2314 qui
1166 2242 1375 2320 dicitur
1401 2241 1741 2306 Platanium,
1772 2241 1827 2294 in
1875 2254 1973 2311 pa-

383 2337 584 2394 rentali
614 2337 779 2392 domo
808 2351 909 2392 sua
947 2336 1116 2407 quieti
1147 2349 1371 2406 operam
1422 2334 1594 2399 dedit,
1629 2347 1845 2390 summo
1884 2347 1974 2388 sa-

383 2428 638 2485 cerdotio
671 2428 922 2493 Iunctus
966 2426 1128 2482 annis
1173 2424 1628 2496 quatuordecim,
1688 2423 1974 2480 mensibus

385 2520 655 2590 quinque,
685 2517 880 2572 diebus
910 2526 1142 2588 septem.
1174 2515 1349 2570 Porro
1396 2515 1690 2570 undecimo
1721 2513 1840 2568 Kal.
1873 2513 1976 2570 Fe-

383 2611 640 2668 bruarias
669 2618 860 2665 creant
897 2610 1020 2666 falsi
1047 2609 1290 2665 nominis
1311 2609 1693 2674 Anastasium,
1727 2607 1975 2677 discipu-

387 2705 504 2760 lum
539 2718 604 2760 ac
653 2704 959 2776 syncellum
1013 2702 1263 2772 ejusdem
1320 2701 1467 2758 beati
1500 2700 1785 2766 Germani,
1836 2714 1973 2754 con-

387 2795 716 2855 sentientem
750 2794 952 2850 Leonis
991 2795 1263 2864 impietati
1294 2800 1524 2865 propter
1551 2807 1794 2847 amorem
1819 2790 1975 2862 prin-

386 2887 607 2957 cipatus
637 2885 935 2952 mundani,
987 2885 1135 2940 hunc
1187 2884 1243 2938 in
1291 2883 1790 2954 pseudepiscopum
1828 2881 1974 2935 Cun-

387 2976 829 3048 stantinopoleos
893 2975 1278 3047 provehentes.
1321 2973 1468 3028 Sane
1505 2971 1804 3043 Gregorius
1847 2986 1976 3026 san-

390 3068 684 3124 ctissimus
730 3067 932 3137 praesul
964 3064 1270 3128 Romanus,
1325 3061 1788 3134 quemadmodum
1833 3076 1974 3130 prae-

389 3161 529 3226 dixi,
561 3159 920 3215 Anastasium
955 3173 1064 3212 una
1099 3173 1226 3212 cum
1259 3155 1460 3211 libellis
1482 3155 1703 3225 abjecit,
1736 3152 1974 3209 Leonem

388 3268 494 3324 per
529 3251 795 3321 epistolas
827 3259 1089 3320 tanquam
1134 3249 1302 3320 impie
1329 3254 1584 3318 agentem
1615 3247 1974 3318 redarguens,

388 3351 447 3398 et
482 3342 709 3398 Romam
738 3357 864 3396 cum
906 3348 1018 3395 tota
1047 3339 1201 3394 Italia
1244 3341 1310 3394 ab
1334 3340 1486 3394 illius
1544 3338 1776 3407 imperio
1823 3352 1978 3394 rece-

391 3431 524 3488 dere
549 3432 782 3487 faciens.
808 3427 1095 3487 Insaniens
1128 3445 1259 3496 ergo
1290 3437 1562 3500 tyrannus
1585 3439 1780 3482 contra
1809 3444 1976 3484 vene-

391 3523 598 3580 rabiles
644 3523 911 3594 imagines
962 3521 1410 3593 persecutionem
1463 3519 1734 3574 extendit.
1807 3517 1977 3574 Porro

393 3613 554 3669 multi
590 3613 778 3669 clerici
811 3621 865 3668 et
890 3611 1147 3667 monachi
1175 3619 1231 3667 et
1260 3611 1504 3683 religiosi
1533 3609 1661 3666 laici
1691 3626 1793 3682 pro
1825 3619 1977 3667 recto

393 3707 689 3783 periclitati
722 3713 854 3763 sunt
883 3706 1074 3762 verbo.

466 3797 652 3854 Mundi
677 3812 823 3852 anno
845 3796 1004 3865 6222,
1027 3796 1224 3851 divinae
1249 3795 1649 3853 incarnationis
1675 3809 1820 3851 anno
1843 3795 1973 3862 722,

395 3902 541 3942 anno
567 3903 700 3943 vero
727 3886 946 3958 imperii
993 3882 1196 3942 Leonis
1231 3885 1319 3953 H,
1344 3886 1678 3943 Anastasius
1702 3886 1980 3942 Constan-

394 3978 704 4049 tinopoleos
741 3979 978 4033 habetur
1012 3977 1246 4034 antistes
1281 3977 1599 4042 hereticus,
1639 3979 1735 4050 qui
1777 3977 1849 4032 24
1879 3991 1982 4033 an-

393 4071 484 4126 nis
512 4069 732 4142 praefuit
769 4069 1053 4126 Ecclesiae.
1091 4068 1208 4125 l-Ioc
1232 4085 1450 4141 quoque
1483 4086 1630 4126 anno
1662 4071 1831 4126 movit
1863 4069 1979 4126 Ma-

393 4163 602 4221 salmas
619 4163 925 4218 exercitum
947 4171 1142 4218 contra
1175 4161 1525 4226 Romaniam,
1559 4171 1754 4219 etcum
1790 4163 1978 4220 venis-

395 4263 483 4312 set
513 4256 567 4312 in
610 4253 1041 4326 Cappadociam,
1092 4253 1222 4310 dolo
1277 4254 1422 4326 cepit
1459 4254 1827 4312 Charsianum
1884 4269 1980 4311 ca-

393 4357 596 4404 strum.

469 4439 631 4496 Anno
661 4438 879 4512 imperii
931 4435 1134 4496 Leonis
1165 4438 1232 4494 15
1272 4437 1566 4495 Masalmas
1613 4446 1800 4496 castra
1863 4453 1983 4494 mo-

2147 1963 2308 2016 Anno
2343 1962 2554 2034 imperii
2582 1963 2785 2020 Leonis
2808 1965 2872 2021 19
2902 1967 3073 2023 movit
3101 1968 3410 2024 exercitum
3439 1969 3668 2025 Sulehi-

2079 2068 2206 2109 man
2235 2053 2380 2110 ﬁlius
2423 2055 2609 2111 llisam
2643 2057 2910 2116 adversus
2935 2060 3326 2117 Armeniorum
3358 2062 3667 2134 regionem,

2079 2155 2134 2202 et
2161 2147 2301 2202 nihil
2327 2148 2585 2220 proiecit.

2150 2242 2308 2295 Anno
2344 2241 2562 2312 imperii
2621 2239 2824 2299 Leonis
2874 2243 2940 2297 ‘21
2997 2241 3321 2304 Sulehiman
3373 2244 3568 2300 multis
3613 2246 3670 2299 in

2079 2333 2453 2402 captivitatem
2501 2348 2569 2388 ex
2622 2332 2754 2388 Asia
2813 2334 3036 2401 ductis,
3095 2337 3388 2406 quemdam
3452 2351 3673 2406 quoque

2083 2424 2482 2494 Pergamenum
2518 2425 2729 2494 pariter
2780 2424 2939 2482 duxit
2991 2427 3295 2496 captivum,
3328 2426 3426 2497 qui
3449 2427 3669 2484 dicebat

2081 2533 2142 2574 se
2168 2516 2450 2573 Tiberium
2480 2517 2656 2572 ﬁlium
2687 2534 2810 2576 esse
2833 2517 3159 2575 Iustiniani.
3203 2518 3376 2578 ﬂunc
3409 2519 3579 2575 IIison
3613 2519 3670 2575 in

2083 2607 2348 2662 honorem
2391 2606 2489 2661 lilii
2540 2606 2627 2662 sui
2659 2614 2825 2677 atque
2865 2609 2920 2662 in
2952 2608 3354 2678 imperatorum
3397 2615 3670 2663 terrorem

2081 2715 2208 2755 cum
2242 2700 2607 2771 imperatorio
2637 2715 2702 2756 ac
2735 2700 2954 2756 decenti
3000 2699 3221 2756 honore-
3244 2698 3571 2768 militiisque
3605 2713 3671 2753 ac

2085 2791 2283 2849 bandis
2334 2800 2389 2848 et
2435 2792 2674 2863 sceptris
2731 2791 2788 2846 in
2837 2789 3140 2850 Jerusalem
3183 2791 3370 2857 mittit,
3407 2798 3462 2846 et
3502 2797 3670 2846 totam

2081 2885 2296 2956 Syriam
2321 2885 2666 2942 circumduci
2694 2901 2820 2942 cum
2858 2886 3033 2942 multo
3055 2884 3217 2956 jubet
3240 2884 3454 2940 honore
3479 2883 3551 2939 ad
3587 2883 3672 2940 vi-

2083 2979 2298 3035 sionem
2329 2987 2683 3034 cunctorum.

2153 3066 2313 3120 Anno
2341 3065 2555 3135 imperii
2583 3064 2781 3122 Leuis
2812 3063 2884 3116 22
2911 3071 3094 3119 movet
3120 3062 3423 3118 exercitum
3445 3060 3669 3118 Sulehi-

2086 3171 2213 3211 man
2247 3169 2437 3211 contra
2465 3154 2814 3221 Romanam,
2844 3161 2900 3209 et
2925 3154 3292 3224 depopulatus
3317 3160 3404 3207 est
3425 3159 3670 3207 castrum

2083 3247 2229 3318 quod
2279 3246 2484 3303 dicitur
2513 3246 2790 3311 Siderum,
2826 3255 2882 3302 et
2920 3243 3281 3302 Eustachium
3333 3243 3501 3298 lilium
3559 3242 3673 3298 Ma-

2081 3339 2223 3394 riani
2250 3338 2469 3410 patricii
2499 3339 2781 3409 captivum
2820 3337 3000 3392 duxit.

2148 3431 2310 3486 Anno
2338 3431 2556 3500 imperii
2590 3429 2792 3484 Leonis
2821 3431 2914 3494 25,
2954 3443 3147 3484 mense
3206 3425 3370 3487 Maio,
3411 3425 3673 3482 indictio-

2083 3522 2172 3578 nis
2203 3522 2259 3588 8,
2288 3530 2463 3578 movit
2514 3523 2822 3579 exercitum
2871 3521 3192 3577 Sulehiman
3227 3527 3422 3574 contra
3477 3518 3676 3572 Roma-

2079 3612 2228 3667 niam
2253 3626 2379 3667 cum
2399 3613 2697 3682 nonaginta
2721 3611 2968 3667 millibus
3006 3619 3060 3667 et
3097 3609 3512 3680 magistratibus
3535 3624 3672 3680 qua-

2081 3715 2239 3770 tuor,
2283 3719 2516 3775 quorum
2556 3703 2760 3760 Gamer
2789 3702 2900 3757 dux
2934 3709 3056 3758 erat
3105 3701 3374 3758 insidians
3412 3701 3467 3755 in
3515 3701 3673 3757 denis

2080 3794 2328 3852 millibus
2355 3795 2685 3850 latrunculis
2729 3795 2951 3851 Asiana:
2999 3801 3162 3850 terra:
3186 3792 3463 3864 partibus,
3512 3791 3674 3862 cujus

2082 3887 2221 3942 socii
2274 3897 2433 3944 erant
2487 3886 2683 3944 Melich
2723 3896 2780 3943 ct
2821 3886 2976 3942 Batal
3021 3901 3148 3942 cum
3203 3886 3395 3956 viginti
3433 3883 3675 3940 millibus

2083 3979 2332 4050 equitum
2363 3982 2510 4036 circa
2536 3980 2920 4036 Achrobinum
2955 3978 3372 4036 debacchantes
3394 4017 3413 4042 ,
3447 3985 3502 4034 et
3551 3984 3678 4048 post

2083 4071 2188 4128 hos
2215 4070 2541 4128 Sulehiman
2580 4074 2636 4127 in
2681 4071 2970 4142 sexaginta
3005 4070 3252 4126 millibus
3283 4069 3428 4125 circa
3461 4067 3676 4139 (lappa-
3754 4088 3772 4102 ο

2084 4163 2283 4218 docum
2308 4161 2542 4234 Tyanim
2585 4178 2938 4235 progressus,
2966 4177 3202 4233 quorum
3240 4160 3334 4215 alii
3367 4175 3466 4229 per
3482 4159 3676 4214 Asiam

2084 4251 2138 4314 et
2157 4256 2586 4329 Cappadociam,
2615 4257 2792 4311 multo
2832 4254 3048 4312 excidio
3075 4255 3316 4310 virorum
3363 4267 3429 4308 ac
3480 4251 3674 4307 mulie-

2088 4365 2209 4404 rum
2263 4359 2432 4420 atque
2481 4349 2863 4420 jumentorum
2904 4354 3241 4419 perpetrato,
3282 4343 3438 4400 illaesi
3470 4346 3686 4400 reversi

2085 4451 2234 4498 sunt.
2269 4441 2335 4496 Ili
2378 4457 2511 4497 vero
2547 4441 2641 4512 qui
2669 4457 2795 4497 cum
2833 4440 3030 4497 Melich
3053 4447 3108 4496 et
3135 4438 3288 4494 Batal
3320 4438 3467 4509 apud
3512 4437 3682 4492 (lbra-

394 4533 477 4587 vit
506 4541 698 4588 contra
735 4531 1053 4598 Thraciam,
1106 4541 1160 4587 et
1221 4547 1345 4586 cum
1413 4531 1754 4602 pervenisset
1810 4545 1985 4602 usque
2017 4561 2063 4618 Β
2091 4534 2279 4588 himon
2312 4541 2492 4599 erant,
2529 4534 2828 4604 expugnati
2860 4549 2891 4588 a
2920 4532 3103 4588 Leone
3148 4546 3245 4587 seu
3304 4529 3676 4586 Constantino

394 4622 466 4677 ad
498 4619 724 4692 Caspias
759 4629 968 4692 portas,
1003 4630 1251 4676 metuens
1283 4619 1408 4674 inde
1446 4633 1699 4674 reversus
1731 4626 1836 4674 est.

471 4715 633 4768 Anno
666 4713 884 4784 imperii
913 4713 998 4768 sui
1055 4712 1120 4767 I6
1154 4712 1262 4767 Leo
1295 4711 1592 4782 imperator
1644 4708 1810 4764 ﬁliam
1843 4707 1983 4764 Cha-

396 4807 527 4879 gani
559 4805 892 4879 Scytharum
926 4805 1118 4860 arbitri
1153 4805 1265 4859 lilio
1306 4819 1408 4860 suo
1436 4802 1828 4869 Constantino,
1857 4817 1982 4856 cum

400 4903 546 4955 hanc
592 4898 967 4972 Christianam
998 4896 1244 4958 fecisset,
1317 4896 1670 4952 matrimonio
1730 4895 1982 4956 sociavit,

397 4991 698 5046 nominans
736 5003 854 5044 eam
907 4986 1201 5042 Heirenen.
1259 4987 1392 5054 Quae
1420 5002 1545 5042 cum
1576 5002 1764 5042 sacras
1820 4986 1988 5042 Litte-

398 5097 497 5138 ras
537 5080 844 5144 didicisset,
898 5079 1095 5150 pietati
1149 5079 1290 5134 dans
1339 5093 1564 5150 operam
1624 5078 1850 5144 claruit,
1886 5077 1988 5133 bos

399 5173 706 5245 impietatis
730 5172 1090 5244 redarguens.
1124 5169 1372 5226 Mauhias
1397 5186 1528 5226 vero
1577 5170 1725 5226 ﬁlius
1774 5168 1988 5226 Hisami

401 5269 580 5324 aciem
607 5276 806 5322 contra
845 5265 1171 5322 Romaniam
1207 5266 1439 5330 direxit,
1473 5272 1528 5320 et
1561 5266 1784 5320 veniens
1816 5280 1990 5335 usque

401 5363 464 5417 in
496 5359 925 5431 Paphlagoniam
961 5359 1141 5430 praeda
1173 5373 1298 5412 cum
1332 5359 1502 5413 multa
1533 5358 1716 5414 rediit.
1767 5359 1868 5413 Ast
1894 5358 1989 5411 im-

402 5463 632 5524 perator
663 5462 856 5507 contra
912 5465 1109 5521 papam
1166 5459 1327 5522 atque
1373 5465 1652 5506 recessum
1684 5448 1872 5507 Romae
1925 5466 1991 5504 ac

400 5545 581 5602 Italia:
631 5545 910 5612 smviebat,
960 5552 1451 5615 constructumque
1480 5545 1683 5601 Stolqu
1733 5559 1989 5616 magnum

404 5637 612 5694 direxit
656 5640 923 5694 adversus
977 5653 1092 5706 eos,
1125 5635 1335 5693 Manem
1388 5646 1673 5708 praetorem
1717 5637 1992 5708 Cibyraeo-

405 5733 648 5786 tensium
681 5739 849 5801 caput
882 5731 936 5787 in
959 5732 1048 5816 eis.
1065 5732 1432 5786 constituens.
1461 5730 1618 5784 Tunc
1644 5729 1994 5802 impugnator

411 5823 508 5882 Dei
541 5826 880 5898 peramplius
917 5827 1170 5892 saeviens,
1209 5840 1334 5882 cum
1366 5825 1597 5882 Arabico
1626 5841 1794 5882 sensu
1850 5835 1994 5882 tene-

2094 4627 2336 4698 superati
2385 4635 2555 4693 sunt;
2584 4635 2639 4682 et
2687 4628 2876 4698 plures
2897 4642 2965 4681 ex
3010 4625 3098 4680 his
3151 4624 3321 4678 armis
3362 4622 3498 4694 ipsis
3554 4638 3682 4677 cum

2095 4718 2310 4775 duobus
2339 4717 2684 4789 principibus
2722 4715 3346 4787 perierunt,octingenti
3402 4730 3531 4770 vero
3579 4729 3682 4783 pu-

2095 4821 2375 4882 gnatores,
2409 4811 2502 4880 qui
2539 4826 2601 4864 ex
2627 4810 2734 4864 illis
2760 4808 2826 4864 ad
2854 4824 2950 4864 sex
2983 4807 3149 4862 millia
3189 4806 3531 4868 institerant,
3575 4804 3682 4874 Sy-~

2098 4905 2292 4961 nadem
2329 4903 2681 4974 confugiunt,
2705 4910 2760 4958 et
2798 4903 2936 4957 salvi
2966 4907 3321 4955 remanentes
3356 4895 3680 4952 Sulehiman

2099 4996 2298 5054 sociati
2337 5007 2488 5061 sunt,
2520 5002 2574 5049 et
2599 4993 2656 5048 in
2691 4994 2908 5064 Syriam
2944 4991 3278 5063 repedarunt
3302 4987 3544 5060 inglorii.
3580 4986 3685 5041 Eoo

2097 5089 2222 5144 dem
2249 5089 2417 5143 etiam
2447 5101 2593 5141 anno
2624 5093 2679 5142 et
2710 5086 2764 5141 in
2801 5084 2990 5140 Africa
3054 5082 3213 5138 multi
3265 5081 3336 5135 ab
3366 5079 3450 5134 eis
3495 5077 3680 5148 perdi-

2100 5185 2236 5238 tioni
2271 5199 2401 5239 cum
2425 5191 2656 5254 praetore
2691 5182 3033 5238 Damasceno
3087 5179 3307 5234 nomine
3359 5183 3680 5246 patuerunt.

2169 5278 2329 5331 Anno
2361 5276 2576 5345 imperii
2601 5275 2824 5339 Leonis,
2849 5271 3172 5344 nequissimi
3195 5269 3340 5341 Syri,
3367 5267 3440 5322 24
3467 5266 3679 5320 incensi

2100 5375 2230 5424 sunt
2263 5368 2365 5422 fori
2421 5367 2566 5438 apud
2601 5368 2928 5421 Damascum
2977 5365 3045 5418 ab
3080 5359 3530 5437 I_Iieraceusibus,
3586 5355 3682 5424 qui

2101 5461 2346 5530 patibulo
2377 5471 2510 5515 sunt
2540 5459 2708 5513 allixi.
2739 5458 3055 5528 Eodemque
3108 5469 3256 5509 anno
3286 5462 3448 5508 terrae
3495 5457 3682 5504 motus

2103 5554 2281 5608 lactus
2306 5561 2392 5608 est
2420 5568 2656 5622 magnus
2689 5559 2853 5620 atque
2891 5548 3154 5605 terribilis
3175 5540 3680 5610 Constantinopoli.

2104 5647 2336 5716 septimo
2397 5644 2518 5700 Kal.
2550 5643 2931 5708 Novembrias,
2969 5641 3291 5698 indictionis
3329 5651 3510 5700 nona,
3549 5634 3681 5691 feria

2104 5747 2326 5809 quarta,
2363 5739 2496 5793 hora
2528 5747 2746 5802 octava,
2790 5746 2846 5792 et
2887 5745 3219 5792 corruerunt
3245 5732 3494 5790 ecclesia:
3518 5738 3683 5798 atque

2105 5831 2462 5899 monasteria,
2497 5829 2845 5901 populusque
2877 5830 3081 5887 multus
3112 5828 3419 5885 exstinctus
3449 5831 3550 5878 cst.
3585 5822 3677 5875 tic-
