4100 6442
461 392 593 456 1367

1582 380 1988 447 ANASTASII
2026 376 2659 442 BIBLIOTHECARII

3578 370 3725 439 i368

451 514 589 569 cidit
620 517 802 566 autem
835 517 890 565 et
921 506 1301 571 simulacrum,
1327 503 1473 576 quod
1495 504 1679 559 stabat
1703 517 1871 573 super
1892 500 2037 557 Atali
2068 505 2115 563 Α
2141 509 2198 557 et
2227 498 2413 556 comiti
2443 494 2729 568 Obsequii,
2760 491 2858 566 qui
2888 490 3100 547 Annam
3142 502 3386 546 sororem
3416 487 3537 560 cjns
3589 505 3734 545 nxo~

453 613 690 675 portam,
740 602 921 673 magni
963 597 1337 665 Constantini,
1369 611 1479 652 una
1516 611 1644 651 cum
1680 597 1804 666 ipso
1852 594 2035 662 Atalo,

451 709 506 755 et
537 698 731 753 titulus
760 694 1003 761 Arcadii,
1034 693 1130 763 qui
1163 705 1330 762 supra
1374 688 1671 759 Xerolophi
1713 687 2033 743 columnam

452 790 657 857 stabat,
713 796 769 844 et
819 786 1174 843 simulacrum
1227 781 1457 852 majoris
1508 778 1835 844 Theodosii,
1888 776 2037 850 quod

454 896 618 949 supra
656 887 873 950 portam
912 877 1149 931 Auream
1205 873 1518 938 videbatur,
1571 878 1889 941 necnonget
1926 877 2039 925 ter-

454 973 570 1028 reni
597 972 753 1027 urbis
790 968 955 1032 muri,
986 975 1043 1023 et
1071 966 1326 1023 civitates
1354 980 1419 1020 ac
1448 963 1596 1019 villae
1619 964 1673 1019 in
1709 961 1946 1027 Thrace,
1984 968 2041 1017 et

452 1063 771 1119 Nicomedia
826 1061 883 1116 in
929 1059 1189 1132 Bithynia
1235 1066 1291 1115 et
1324 1057 1609 1113 Prienetus
1664 1064 1720 1113 et
1750 1054 1951 1121 Nicaea,
1985 1054 2041 1110 in

451 1169 558 1226 qua
608 1168 718 1208 una
746 1150 900 1209 salva
954 1149 1224 1206 remansit
1261 1147 1519 1205 ecclesia.
1550 1145 1713 1218 Fugit
1774 1156 1953 1201 autem
1987 1151 2042 1201 et

453 1262 607 1302 mare
638 1246 904 1301 terminos
934 1258 1067 1300 suos
1098 1243 1153 1297 in
1180 1241 1514 1313 quibusdam
1562 1240 1721 1307 locis,
1756 1248 1812 1295 et
1844 1236 2042 1309 perdu-

452 1338 596 1393 ravit
616 1345 780 1393 terrae
806 1347 992 1392 motus
1022 1335 1311 1391 mensibus
1358 1332 1671 1389 duodecim.
1702 1333 1803 1387 Ast
1861 1330 2041 1401 impe-

452 1440 606 1487 rator
634 1431 918 1484 allocutus
945 1433 1033 1485 est
1070 1426 1335 1498 populum
1365 1425 1561 1481 dicens
1602 1441 1616 1479 :
1662 1422 1767 1479 Vos
1813 1439 1917 1477 non
1949 1439 2041 1478 va-

455 1525 575 1578 letis
604 1520 875 1591 azdiﬁcare
913 1536 1116 1584 muros,
1149 1520 1261 1574 διά·
1285 1534 1382 1573 nos
1433 1516 1768 1588 praecipimus
1804 1514 2040 1569 admini—

454 1613 803 1677 stratoribus,
837 1618 887 1665 et
917 1610 1021 1679 ipsi
1047 1609 1255 1679 exigent
1298 1609 1354 1663 in
1392 1606 1631 1677 regulam
1665 1620 1759 1676 per
1800 1602 2042 1674 singulos

456 1718 644 1759 aureos
675 1716 948 1755 numnum
998 1706 1303 1771 argenteum
1362 1713 1551 1755 unum.
1592 1695 1713 1763 Quo
1750 1694 2042 1765 imperium
2074 1680 2081 1701 ³

455 1801 683 1864 accepto
706 1790 1007 1855 aediﬁcavit
1032 1805 1247 1854 muros,
1297 1798 1353 1845 et
1406 1789 1483 1843 ita
1508 1787 1654 1843 facta
1684 1793 1771 1841 est
1811 1798 2046 1841 consue-

2147 606 2263 647 rem
2297 589 2552 655 duxerat,
2578 588 2664 643 vis
2689 600 2789 657 pro
2816 581 3155 652 capessendo
3206 580 3439 650 imperio
3477 579 3732 650 impone—

2145 672 2317 740 retur.
2349 681 2554 738 Eodem
2588 694 2809 751 quoque
2846 692 2990 733 anno
3036 673 3224 729 Hisam
3255 672 3530 728 interfecit
3562 672 3731 728 Chri-

2147 777 2365 834 stianos
2416 775 2665 845 captivos
2714 773 2772 827 in
2808 771 2955 826 omni
3004 769 3254 831 civitate,
3308 766 3455 822 inter
3484 780 3626 837 quos
3671 772 3731 821 et

2151 867 2480 925 Eustachius
2538 866 2687 920 ﬁlius
2741 860 2973 918 Mariani
3035 857 3256 931 patricii
3310 863 3521 927 martyr
3565 869 3732 910 verus

2147 970 2407 1017 ostensus
2441 964 2527 1014 est
2553 958 2606 1012 in
2634 954 2861 1013 Carram
2893 947 3323 1022 Mesopotamiae,
3370 945 3466 1001 ubi
3513 952 3568 1001 et
3599 945 3733 1001 reli-

2147 1053 2291 1126 quiae
2318 1053 2490 1124 ipsius
2525 1052 2789 1108 sanitates
2816 1062 2919 1120 per
2948 1044 3043 1101 Dei
3072 1041 3303 1115 gratiam
3333 1049 3654 1112 operantur,
3674 1045 3733 1094 et

2148 1147 2306 1203 multi
2331 1146 2425 1200 alii
2458 1160 2555 1216 per
2590 1143 2914 1214 sanguinem
2944 1135 3312 1195 consummatl
3343 1141 3494 1190 sunt.

2221 1240 2408 1296 Mundi
2439 1254 2585 1294 anno
2611 1237 2772 1302 6235,
2791 1234 2992 1290 divinae
3017 1227 3419 1287 incarnationis
3441 1239 3587 1281 anno
3600 1223 3730 1290 733,

2149 1332 2568 1397 Constantinus,
2610 1334 2937 1397 persecutor
2964 1325 3146 1395 legum
3189 1336 3219 1376 a
3250 1318 3509 1375 Patribus
3558 1316 3734 1373 tradi-

2152 1432 2358 1490 tarum,
2386 1423 2620 1492 imperat
2651 1419 2854 1476 divinis
2880 1416 3106 1488 jndiciis
3131 1421 3186 1469 et
3217 1410 3573 1467 multitudine
3610 1409 3735 1463 cnl-

2150 1532 2346 1588 parum
2375 1515 2629 1585 exigente
2659 1520 2996 1568 nostrarum.
3040 1506 3147 1575 Qui
3199 1519 3325 1561 cum
3370 1502 3564 1574 quinto
3606 1500 3730 1556 Kal.

2149 1607 2328 1665 Julias
2359 1606 2426 1663 ad
2474 1613 2657 1677 partes
2689 1606 2952 1675 egressus
2975 1598 3189 1656 Obsicii
3219 1597 3483 1652 adversus
3520 1594 3733 1648 Ara-bes

2150 1709 2319 1769 esset,
2360 1700 2511 1755 venit
2542 1697 2611 1753 ad
2663 1697 2942 1753 civitatem
2974 1706 3096 1764 quae
3121 1690 3325 1745 dicitur
3356 1686 3551 1743 Craso.
3583 1685 3730 1740 Cum

2152 1804 2334 1851 autem
2381 1792 2678 1865 praedictus
2720 1788 2998 1845 Artahuas
3045 1785 3264 1841 Dorilaei
3316 1798 3443 1839 cum
3494 1779 3731 1837 Obsiaco

455 1886 591 1942 tudo
613 1885 781 1944 dandi
814 1884 976 1940 binas
1037 1883 1271 1953 siliquas
1307 1878 1882 1945 administratoribus,
1914 1892 2041 1934 cum
2080 1868 2124 1925 Β
2150 1887 2351 1959 populo
2380 1895 2549 1949 esset,
2575 1882 3020 1955 suspiciebantur
3071 1877 3141 1933 ad
3196 1877 3454 1933 invicem.
3506 1874 3730 1930 Mittens

457 1991 637 2033 annus
660 1983 807 2033 esset
840 1990 870 2029 a
905 1973 1224 2031 conditione
1263 1974 1483 2044 quidem
1513 1971 1704 2027 mundi
1744 1970 1901 2042 juxta
1942 1969 2046 2026 Ro-

456 2084 652 2123 manos
681 2068 751 2123 ab
785 2067 958 2123 Adam
989 2065 1152 2131 6248,
1185 2063 1494 2121 secundum
1547 2062 1843 2137 £gyptios
1903 2077 2041 2119 vero

456 2176 555 2216 seu
580 2157 988 2215 Alexandrinos
1011 2157 1174 2223 6252,
1195 2172 1227 2211 a
1251 2156 1506 2228 Philippo
1525 2156 1832 2213 secundum
1863 2155 2046 2211 Mace-

456 2253 630 2308 dones
673 2250 837 2306 1065.
879 2249 1152 2321 Regnavit
1192 2248 1344 2305 enim
1392 2247 1505 2306 Leo
1553 2249 1624 2305 ab
1675 2258 1874 2305 octavo
1922 2246 2044 2303 Kal.

456 2344 795 2414 Apriliarum
834 2342 1066 2398 decimae
1130 2340 1342 2411 quinta:
1381 2340 1704 2397 indictionis
1756 2354 1938 2411 usque
1978 2338 2048 2395 ad

456 2433 735 2488 decimum
793 2441 1051 2502 quartum
1100 2429 1224 2487 Kal.
1271 2430 1448 2487 Iulias
1497 2445 1663 2488 nona:
1704 2429 2046 2494 indictionis,

454 2540 583 2581 cum
643 2530 929 2595 regnasset
1010 2524 1174 2579 annis
1241 2521 1336 2591 24,
1387 2522 1672 2579 mensibus
1734 2521 1807 2587 2,
1852 2520 2049 2579 diebus

453 2616 548 2674 25.
620 2615 886 2671 Similiter
952 2613 1356 2672 Constantinus
1407 2615 1559 2671 ﬁlius
1614 2614 1760 2686 ejus,
1830 2613 2049 2685 imperii

453 2717 512 2767 et
564 2709 868 2780 impietatis
928 2706 1106 2777 ipsius
1138 2708 1459 2778 isuccessor
1491 2748 1510 2776 ,
1575 2707 1646 2763 ab
1692 2706 1889 2765 eodem
1950 2706 2051 2762 de-

456 2803 602 2858 cimo
635 2809 836 2872 quarto
892 2798 1015 2856 Kal.
1043 2798 1220 2857 Julias
1274 2814 1436 2856 nona
1485 2799 1811 2856 indictionis
1868 2813 2050 2870 usque

458 2894 529 2949 ad
568 2894 841 2949 decimum
874 2902 1131 2949 octavum
1163 2892 1291 2948 Kal.
1312 2889 1604 2948 Octobrias
1628 2891 1857 2948 decimae
1878 2907 2050 2964 quar-

457 2997 527 3040 tae
573 2984 918 3049 indictionis,
961 2998 1089 3039 cum
1135 2991 1425 3055 regnasset
1476 2990 1533 3040 et
1563 2983 1690 3055 ipse
1740 2983 1903 3043 annis
1956 2982 2049 3051 54,

459 3077 747 3133 mensibus
774 3078 830 3144 3,
855 3076 1057 3133 diebus
1083 3074 1140 3130 2.

533 3165 744 3222 Taliter
780 3180 939 3238 ergo,
973 3174 1033 3221 ut
1066 3165 1446 3236 praediximus,
1468 3165 1659 3222 eodem
1704 3180 1850 3223 anno
1894 3182 2055 3224 nonae

459 3258 785 3314 indictionis
820 3265 1073 3313 mortuus
1097 3266 1182 3314 est
1217 3256 1329 3313 Leo
1364 3273 1473 3313 una
1499 3273 1625 3314 cum
1656 3259 1857 3315 animae
1885 3260 2053 3318 simul
2079 3227 2122 3286 Ο

460 3358 515 3405 et
560 3349 811 3420 corporis
855 3359 1054 3415 morte,
1096 3359 1152 3405 et
1197 3348 1433 3422 imperat
1464 3348 1867 3408 Constantinus
1909 3351 2055 3408 ﬁlius

460 3441 604 3511 ejus.
639 3440 706 3496 Et
729 3441 950 3512 quidem
985 3456 1325 3513 quascunque
1354 3441 1461 3498 sub
1491 3440 1677 3498 Leone
1704 3442 1874 3513 impio
1895 3443 2057 3498 Chri-

459 3534 657 3590 stianis
699 3541 1024 3599 evenerunt,
1076 3534 1195 3589 sive
1237 3534 1388 3589 circa
1438 3533 1601 3589 ﬁdem
1653 3534 2055 3604 orthodoxam,

462 3628 581 3681 sive
641 3638 812 3696 super
864 3624 1125 3682 civilibus
1169 3623 1677 3695 dispositionibus,
1723 3626 1843 3684 sive
1892 3642 2058 3697 super

465 3716 643 3787 turpis
681 3718 819 3772 lucri
850 3725 1067 3787 quaestu
1106 3723 1160 3773 et
1195 3717 1429 3772 avaritia
1476 3732 1575 3787 per
1600 3717 1871 3785 Siciliam,
1896 3718 2057 3775 Cala-

466 3809 646 3864 briam
668 3816 725 3863 et
747 3809 968 3865 Cretam
997 3808 1291 3864 adinventa
1323 3809 1536 3879 pariter
1550 3818 1605 3864 et
1634 3810 1915 3880 imposita,
1940 3810 2059 3867 sive

466 3901 525 3955 in
556 3900 725 3955 italia:
760 3901 1038 3970 apostasia
1069 3910 1294 3970 propter
1325 3900 1491 3970 hujus
1522 3900 1905 3969 cacodoxiam,
1940 3902 2058 3959 sive

468 3992 526 4046 in
582 3990 728 4045 fame
780 4006 846 4045 ac
897 3991 1213 4062 pestilentia
1258 3992 1619 4062 gentiumque
1659 3993 1960 4062 pressuris,
1998 4000 2060 4048 ut

469 4084 827 4157 particularia
859 4093 1090 4152 taceam,
1126 4084 1183 4140 in
1220 4085 1665 4156 praecedentibus
1694 4086 2062 4142 ostenduntur

468 4177 742 4246 capitulis.
776 4177 1007 4249 Dignum
1037 4186 1218 4233 autem
1241 4184 1326 4233 est
1363 4176 1434 4233 de
1457 4184 1655 4233 caetero
1683 4187 1739 4233 et
1784 4177 1935 4248 impii
1965 4176 2063 4232 ﬁlii

469 4268 613 4339 ejus,
652 4278 911 4339 tanquam
946 4269 1081 4336 Deo,
1129 4270 1224 4341 qui
1260 4269 1448 4324 omnia
1487 4270 1773 4340 perspicit,
1815 4279 2064 4325 contem-

472 4361 678 4428 plante,
740 4362 1015 4417 veraciter
1068 4370 1125 4417 et
1182 4377 1292 4417 non
1343 4360 1621 4434 superﬂue
1659 4362 1729 4417 ad
1769 4362 2062 4417 utilitatem

469 4454 733 4523 posteris,
785 4462 841 4509 et
872 4454 1113 4519 miseris,
1150 4455 1246 4525 qui
1293 4470 1440 4510 nunc
1473 4456 1529 4510 in
1576 4456 1876 4511 cacodoxia
1916 4455 2066 4512 illius

2148 1988 2331 2035 autem
2366 1975 2765 2033 Constantinus
2810 1974 2877 2029 ad
2908 1986 3033 2028 eum
3063 1970 3284 2043 petebat
3326 1968 3432 2025 sibi
3463 1966 3623 2037 dirigi
3666 1964 3729 2019 ﬁ-

2147 2072 2252 2128 lios
2283 2070 2428 2142 ejus,
2480 2082 2622 2140 quos
2652 2066 2813 2137 quasi
2854 2063 3235 2121 desiderabat.
3268 2066 3461 2132 utpote
3501 2066 3737 2129 nepotes

2149 2176 2280 2219 suos
2310 2161 2515 2218 videre.
2550 2158 2787 2214 intentio
2813 2163 2998 2213 autem
3029 2154 3151 2226 ejus
3190 2160 3328 2220 erat,
3358 2153 3731 2238 comprehen—

2149 2255 2316 2313 dendi
2340 2270 2436 2311 eos
2468 2261 2524 2309 et
2556 2250 2899 2309 retrudendi.
2955 2249 3025 2304 At
3062 2249 3155 2304 ille
3195 2262 3323 2304 cum
3369 2245 3737 2302 intellexisset

2151 2347 2424 2414 fraudem,
2478 2342 2987 2400 lmmensurabilem
3036 2338 3305 2396 malitiam
3356 2336 3478 2408 ejus
3524 2336 3735 2402 sciens,

2150 2440 2237 2498 sui
2273 2437 2713 2509 desperationem
2754 2434 3012 2500 incurrit,
3043 2424 3419 2505 populumque
3447 2431 3739 2499 alloquens

2150 2538 2206 2587 et
2265 2527 2606 2601 persuadens
2636 2527 2847 2597 impetu
2895 2524 3160 2580 adversus
3211 2523 3363 2577 illum
3404 2535 3529 2577 cum
3578 2519 3737 2575 omni

2152 2623 2504 2681 multitudine
2526 2619 2867 2691 properavit.
2888 2617 2957 2672 Et
2986 2617 3153 2675 Beser
3174 2616 3395 2689 quidem
3418 2612 3735 2684 patricium,

2151 2717 2249 2790 qui
2278 2730 2478 2773 sensus
2507 2720 2626 2769 erat
2656 2711 3064 2767 Saracenorum
3101 2718 3345 2767 sectator
3366 2708 3569 2779 quique
3595 2720 3739 2777 pra-

2153 2815 2421 2877 cesserat,
2471 2805 2771 2877 romphaeis
2824 2802 3248 2860 interfecerunt.
3303 2803 3372 2857 At
3412 2814 3544 2857 vero
3588 2798 3739 2854 Con-

2153 2902 2432 2960 stantinus
2466 2900 2668 2957 misere
2713 2915 2858 2972 equo
2911 2898 3056 2955 forte
3105 2903 3281 2954 strato
3328 2902 3571 2966 reperto,
3610 2907 3737 2949 cum

2153 2992 2501 3050 ascendisset
2559 2992 2617 3048 in
2646 3006 2793 3060 eum,
2852 2989 3069 3060 fugiens
3118 2988 3268 3041 venit
3305 2984 3609 3040 Amorium.
3674 2982 3743 3037 Et

2153 3101 2280 3143 cum
2315 3085 2383 3141 ad
2439 3084 2804 3139 Orientalium
2853 3082 3076 3145 thema,
3121 3079 3283 3150 cujus
3346 3086 3548 3149 praeter
3606 3085 3740 3132 tunc

2154 3179 2433 3235 Lancinus
2459 3186 2609 3245 erat,
2642 3176 3012 3239 cucurrisset,
3046 3173 3482 3228 circumvenitur
3508 3170 3576 3225 ab
3606 3169 3742 3239 illis,

2154 3287 2294 3343 quos
2319 3272 2493 3341 magis
2525 3270 2822 3326 sublevans
2864 3265 3354 3339 pollicitationibus
3384 3262 3450 3318 ad
3491 3262 3742 3318 Sisinna-

2156 3366 2295 3421 tium
2322 3364 2489 3419 mittit
2518 3362 2833 3425 confestim,
2885 3360 2979 3431 qui
3008 3365 3143 3413 tunc
3188 3364 3393 3429 praetor
3422 3365 3542 3412 erat
3563 3352 3743 3411 Thra-

2156 3456 2405 3514 censium
2438 3455 2720 3522 thematis,
2751 3462 2806 3509 et
2837 3451 3131 3525 persuadet
3172 3451 3282 3506 illis
3330 3448 3580 3504 auxiliari
3613 3446 3740 3504 sibi.

2158 3548 2299 3605 llinc
2328 3563 2460 3619 ergo
2485 3546 2848 3601 atrocissima:
2879 3557 3072 3615 pugnae
3099 3548 3153 3597 et
3186 3538 3478 3595 conﬂictus
3509 3537 3744 3593 subditis

2156 3649 2515 3714 generantur,
2557 3652 2683 3693 cum
2733 3636 3036 3706 imperator
3063 3632 3438 3705 appellaretur
3488 3640 3740 3702 uterque.

2159 3735 2430 3791 Praeterea
2456 3731 2650 3788 scribit
2695 3728 3080 3785 Artahuasdus
3111 3726 3180 3781 ad
3212 3724 3604 3796 Theophanem
3643 3738 3742 3794 pa-

2160 3826 2380 3882 tricium
2405 3832 2460 3880 et
2509 3822 2860 3894 magistrum,
2888 3821 2986 3892 qui
3016 3837 3084 3877 ex
3113 3834 3352 3891 persona
3385 3818 3648 3891 principis
3689 3818 3746 3874 in

2162 3917 2301 3972 urbe
2353 3922 2719 3977 remanserat,
2771 3928 2870 3985 per
2921 3912 3287 3967 Athanasium
3349 3910 3745 3976 silentiarium,

2162 4024 2283 4080 quae
2308 4013 2463 4080 gesta
2491 4014 2641 4063 sunt.
2678 4004 2936 4071 Quicum
2976 4001 3329 4059 Artahuasdo
3374 4002 3603 4071 faveret,
3646 4016 3749 4057 co-

2163 4108 2417 4157 acervato
2456 4100 2659 4170 pepulo
2688 4097 2832 4168 apud
2863 4096 3280 4152 catechumenia
3314 4093 3523 4166 Magnae
3564 4093 3749 4150 eccle-

2164 4194 2281 4257 sia,
2308 4199 2362 4247 et
2395 4206 2492 4263 per
2527 4191 2738 4245 litteras
2763 4197 2818 4244 et
2861 4203 2959 4259 per
3000 4188 3115 4260 jam
3149 4187 3357 4244 dictum
3388 4183 3751 4240 Athanasium

2165 4283 2439 4356 persuasit
2462 4280 2718 4337 omnibus
2747 4281 2973 4336 credere
3001 4278 3144 4350 quod
3169 4279 3469 4349 imperator
3497 4285 3752 4334 mortuus

2165 4375 2354 4442 fuerit,
2389 4372 2776 4428 Artahuasdus
2806 4380 2990 4427 autem
3042 4386 3074 4426 a
3122 4371 3459 4428 thematibus
3506 4385 3752 4440 pronun-

2168 4466 2338 4522 tiatus
2396 4466 2470 4520 sit
2527 4465 2849 4535 imperator.
2911 4463 3067 4519 Tunc
3115 4464 3296 4520 omnis
3347 4464 3581 4536 pepulus
3626 4478 3752 4518 cum

472 4546 849 4615 decipiuntur.
881 4532 1121 4602 ludibria
1148 4548 1399 4618 exsequi.
1438 4562 1562 4619 quae
1592 4549 1663 4603 ab
1691 4547 1797 4604 hac
1818 4548 1887 4603 ιθ
1919 4547 2066 4604 Indi-
2097 4569 2143 4625 n
2171 4558 2472 4614 Anastasio
2504 4532 2626 4613 falsi
2661 4558 2904 4613 nominis
2955 4556 3270 4628 patriarcha
3325 4532 3660 4610 anathemati
3698 4561 3757 4609 et
3790 4548 3793 4549 '

473 4639 656 4694 ctione
688 4639 865 4708 ipsius
896 4640 1110 4710 imperii
1144 4642 1272 4696 anui
1305 4641 1471 4711 primi
1512 4656 1692 4712 usque
1723 4642 1793 4697 ad
1820 4641 1889 4697 i4
1914 4642 2073 4698 indi-'

475 4729 713 4783 ctionem
754 4731 946 4785 mortis
974 4730 1122 4787 illius
1149 4731 1317 4802 impie
1348 4732 1540 4802 gessit.
1573 4732 1672 4788 Hic
1696 4734 1842 4788 enim
1876 4714 2066 4802 perni;

474 4820 826 4876 ciosissimus
875 4832 929 4877 et
977 4824 1215 4893 agrestis
1238 4823 1433 4890 ferus,
1487 4832 1543 4880 et
1608 4824 1895 4896 tyrannice
1965 4837 2071 4880 nec

476 4913 718 4983 legitime
759 4913 966 4969 abusus
1008 4914 1263 4986 imperio,
1321 4916 1501 4986 primo
1539 4916 1764 4987 quidem
1795 4931 1825 4970 a
1868 4914 1981 4971 Deo
2016 4923 2072 4972 et

480 5004 803 5058 intemerata
832 5002 1002 5059 Matre
1022 5005 1197 5075 ipsius
1218 5019 1282 5061 ac
1299 5005 1556 5061 omnibus
1574 5006 1784 5063 sanctis
1798 5006 2069 5072 abscedit,

479 5094 708 5166 magicis
727 5096 1011 5154 maleﬁciis
1036 5105 1090 5152 et
1114 5097 1353 5154 luxuriis
1389 5100 1748 5168 cruentisque
1777 5097 2072 5155 sacriﬁciis

480 5195 538 5241 et
596 5186 888 5243 caballinis
944 5190 1289 5246 stercoribus
1339 5200 1506 5261 atque
1558 5192 1694 5245 lotio
1736 5192 2069 5258 delectatus,

484 5280 821 5336 mollitiebus
870 5297 1091 5352 quoque
1140 5297 1207 5337 ac
1260 5282 1572 5337 daemonum
1621 5283 2073 5341 invocationibus

485 5373 756 5443 gaudens,
813 5382 979 5445 atque
1025 5376 1290 5439 omnibus
1333 5377 2075 5454 animastcorrunipentibus

487 5467 974 5525 adinventionibus
1030 5484 1060 5521 a
1114 5477 1307 5524 tenera
1350 5477 1515 5526 aetate
1565 5470 1893 5527 convivens.
1935 5469 2074 5538 Quia

487 5572 621 5613 vero
652 5570 943 5629 paternum
983 5563 1352 5633 principatum
1389 5578 1517 5618 cum
1542 5562 1548 5571 ’
1569 5563 1779 5618 malitia
1810 5564 2075 5635 suscepit,

490 5668 598 5705 non
630 5653 901 5706 modicam
945 5654 998 5707 in
1024 5654 1175 5708 brevi
1207 5660 1456 5724 tempore
1494 5655 1844 5709 demonstrat
1882 5655 2076 5724 nequi-

490 5744 646 5806 tiam,
711 5745 787 5798 ita
842 5755 902 5798 nt
949 5746 1018 5800 ab
1063 5746 1321 5800 omnibus
1374 5747 1446 5800 ob
1496 5746 1892 5816 impudentiam
1945 5761 2076 5801 cou-

493 5828 674 5886 icstitn
715 5831 842 5887 odio
875 5831 1190 5900 haberetur,
1252 5844 1303 5888 et
1351 5833 1701 5891 Artahuasdo
1762 5836 2071 5908 curopalati

2171 4648 2522 4705 detestationi
2577 4648 2961 4704 submiserunt
3009 4648 3435 4703 Constantinum
3487 4654 3547 4700 ut
3599 4659 3756 4700 arro-

2172 4738 2390 4809 gantem
2421 4745 2474 4794 et
2503 4737 2881 4793 adversarium
2932 4737 3048 4803 Dei,
3098 4746 3265 4808 atque
3321 4737 3498 4809 ipsius
3554 4735 3757 4792 eadem

2172 4830 2637 4902 amplectabiliter
2671 4829 3016 4885 admiserunt
3062 4838 3324 4901 tanquam
3371 4844 3401 4884 a
3442 4830 3587 4885 malo
3641 4842 3761 4882 ma-

2172 4923 2324 4978 ximo
2379 4922 2660 4978 liberati:
2722 4922 3132 4978 Artahnasdum
3195 4937 3325 4977 vero
3350 4922 3760 4992 .impcratorem

2173 5012 2621 5082 prmdicaverunt
2680 5020 2740 5066 ut
2795 5012 3163 5069 orthodoxum
3210 5021 3265 5068 et
3301 5013 3615 5068 divinorum
3664 5012 3763 5066 do-

2173 5111 2416 5176 gmatum
2452 5112 2941 5176 propugnatorem.
2978 5105 3098 5159 Mox
3133 5119 3265 5175 ergo
3311 5104 3559 5175 Monotes
3593 5103 3764 5158 mittit

2177 5197 2231 5251 in
2259 5204 2446 5267 partes
2474 5194 2823 5253 Thraceuses
2856 5196 2923 5252 ad
2956 5195 3331 5268 Nicephorum
3374 5196 3544 5252 ﬁlium
3576 5210 3761 5263 suum,

2175 5295 2468 5360 praetorem
2525 5287 2951 5357 Thracensium,
3003 5305 3114 5360 quo
3149 5290 3218 5345 ad
3264 5289 3571 5345 custodiam
3605 5286 3763 5343 urbis

2177 5380 2415 5436 minaret
2440 5379 2557 5435 illic
2584 5381 2887 5436 exercitum
2910 5382 3298 5438 constitutum.
3329 5379 3609 5435 Obseratis
3628 5394 3763 5449 ergo

2178 5472 2353 5543 portis
2384 5487 2675 5527 murorum
2708 5481 2761 5529 et
2792 5474 2993 5545 vigiliis
3018 5474 3231 5545 positis,
3254 5473 3394 5528 ﬁlios
3416 5470 3763 5529 Constantini

2178 5564 2608 5635 comprehensos
2647 5581 2821 5623 cmsos
2852 5582 2917 5620 ac
2947 5575 3140 5623 tousos
3163 5566 3219 5620 in
3252 5563 3504 5621 custodia
3554 5564 3763 5635 posuit.

2177 5657 2312 5712 Cum
2348 5666 2533 5713 autem
2579 5659 2966 5715 Artahuasdus
3013 5674 3137 5715 cum
3175 5658 3634 5729 Obsequiisesset
3665 5672 3763 5710 nr-

2178 5750 2298 5804 bcm
2330 5749 2640 5819 ingressus,
2700 5752 2949 5820 pervenit
2997 5760 3052 5806 et
3080 5751 3485 5807 Constantinus
3523 5748 3765 5804 (ΞΜ-νεο-

2182 5840 2345 5911 polim
2374 5855 2500 5896 cum
2531 5841 2751 5900 duobus
2781 5844 3151 5913 themaiibus,
3187 5843 3579 5902 Thraccnsium
3609 5842 3765 5900 scili-
