4100 6434
404 411 542 478 1369

1207 410 1578 474 HISTORIA
1605 410 2185 473 ECCLESIASTICA
2231 409 2338 471 EX
2366 410 2848 476 THEOPHANE.

3510 416 3651 483 1370

396 538 484 584 cet
510 533 564 580 et
591 523 988 586 Orientalium;
1020 526 1068 576 et
1103 535 1230 576 cum
1273 523 1412 577 nihil
1463 537 1626 593 agere
1683 521 1973 588 valuisset,
2004 526 2047 582 Α
2076 515 2320 588 inﬁdeles
2356 522 2514 574 amici
2547 522 2664 575 sitis
2691 537 2710 575 :
2748 522 3050 576 testamenti
3081 537 3204 576 vero
3235 523 3343 578 mei
3377 531 3530 579 testes
3563 544 3654 581 vos

395 635 657 676 reversus
706 617 848 687 apud
905 617 1192 672 Amorium
1245 615 1528 673 hiemavit.
1586 613 1974 668 Artahuasdus

397 719 580 764 autem
611 724 708 780 per
751 716 922 762 totam
981 710 1172 765 urbem
1226 723 1418 764 sacras
1463 709 1641 762 erexit
1683 706 1972 776 imagines.

396 801 611 856 Interea
637 799 865 855 Barbari
898 800 1202 855 sentientes
1228 799 1423 852 horum
1449 797 1682 852 invicem
1701 795 1968 866 jurgium,

397 896 626 950 multam
654 895 892 964 przedam
955 893 1010 947 in
1058 890 1380 947 Romaniam
1422 897 1830 960 perpetrarunt,
1873 889 1974 946 hos

397 985 722 1042 Sulehiman
786 993 1022 1056 praetore
1091 984 1347 1038 ducente.
1413 981 1588 1036 Porro
1645 980 1976 1036 Anastasius

395 1077 920 1150 pseudopatriarcha
973 1084 1165 1130 tenens
1189 1073 1512 1130 honoranda
1549 1083 1604 1129 et
1659 1072 1875 1128 vivifica
1913 1071 1980 1125 li-

397 1187 524 1243 gna,
551 1170 759 1240 juravit
799 1167 1003 1240 populo
1034 1168 1223 1224 dicens
1255 1183 1270 1220 :
1307 1165 1412 1222 Per
1453 1183 1574 1222 eum
1617 1167 1710 1236 qui
1751 1166 1807 1218 in
1846 1163 1975 1224 ipsis

398 1263 588 1332 atﬁxus
628 1272 732 1326 est,
776 1262 855 1316 sic
889 1261 1018 1314 mihi
1064 1259 1203 1314 dixit
1261 1257 1644 1314 Constantinus
1687 1258 1978 1325 imperator

398 1370 731 1418 asseverans,
763 1352 848 1408 Ne
891 1353 1121 1407 testimes
1175 1349 1376 1406 Filium
1414 1349 1512 1404 Dei
1541 1366 1653 1405 esse
1677 1365 1795 1404 eum
1823 1364 1977 1419 quem

396 1447 598 1516 peperit
631 1443 831 1510 Maria,
859 1445 1048 1513 quique
1093 1442 1292 1496 dicitur
1345 1441 1613 1503 Christus,
1645 1441 1735 1494 sed
1785 1457 1976 1510 purum

397 1517 683 1592 hominem.
711 1533 890 1593 Maria
933 1535 1073 1588 enim
1104 1549 1225 1589 eum
1266 1534 1466 1603 peperit
1501 1533 1636 1587 sicut
1665 1549 1747 1586 me
1778 1535 1978 1602 peperit

396 1638 571 1680 ntater
615 1640 734 1679 mea
781 1622 983 1678 Maria.
1031 1621 1096 1678 Et
1139 1631 1270 1678 tunc
1296 1622 1479 1678 omnis
1528 1622 1762 1693 populus
1805 1622 1978 1703 male;

397 1719 541 1775 dixit
579 1719 651 1772 ci.

470 1808 661 1866 Mundi
713 1824 861 1864 anno
909 1807 1070 1872 6234,
1125 1805 1328 1862 divinae
1384 1804 1783 1861 incarnationis
1832 1819 1978 1860 anno

399 1899 527 1963 754,
581 1913 728 1953 anno
769 1913 903 1953 vero
936 1896 1156 1967 imperii
1183 1895 1532 1952 Constantini
1578 1894 1846 1960 secundo,
1881 1894 1976 1964 qui

398 1993 777 2048 Romanorum
809 1991 1102 2061 imperium
1147 1991 1347 2058 tenuit,
1395 1997 1653 2046 mortuus
1681 1999 1766 2044 est
1791 1989 1979 2044 llisam

395 2081 642 2138 Arabum
675 2083 808 2138 dux.
842 2081 943 2136 Hic
971 2081 1321 2138 sanctissima
1355 2079 1701 2137 Antiochena
1747 2079 1980 2136 ecclesia

395 2191 501 2246 per
532 2190 709 2232 annos
732 2174 1096 2245 quadraginta
1115 2173 1336 2229 viduata
1367 2183 1645 2238 manente,
1676 2172 1981 2242 prohiben-

397 2267 552 2323 tibus
583 2266 704 2322 fieri
733 2267 1107 2338 patriarcham
1140 2265 1436 2332 Arabibus,
1467 2265 1524 2320 in
1549 2264 1742 2320 eadem
1771 2265 1982 2320 habens

395 2359 694 2430 quemdam
743 2359 1186 2414 amantissimum
1237 2359 1573 2414 monachum
1627 2358 1827 2431 Syrum
1878 2375 1984 2416 no-

395 2450 549 2504 mine
591 2450 957 2520 Stephanum,
988 2449 1350 2520 agrestiorem
1377 2449 1604 2520 quidem
1633 2449 1730 2506 sed
1760 2449 1985 2521 religio-

393 2555 544 2606 sum,
580 2541 740 2611 jubet
775 2540 831 2595 in
859 2539 1090 2596 Oriente
1136 2541 1334 2610 positis
1383 2540 1744 2607 Christianis,
1775 2542 1822 2598 si
1868 2543 1983 2598 vel-

392 2632 516 2688 lent
559 2632 806 2702 permitti
860 2632 968 2688 sibi
1019 2633 1387 2702 patriarcham
1439 2633 1678 2700 habere,
1711 2635 1984 2705 eligerent

394 2725 782 2796 Stephanum;
844 2726 940 2796 qui
990 2725 1260 2781 divinitus
1319 2725 1426 2782 hoc
1477 2725 1598 2781 fleri
1643 2725 1983 2782 arbitrantes

393 2829 868 2876 consecranteum
891 2819 950 2874 in
975 2819 1108 2875 sede
1133 2819 1504 2890 Theupoleos,
1537 2831 1595 2876 et
1612 2835 1680 2875 ex
1702 2828 1837 2876 tunc
1874 2820 1985 2877 huc

393 2926 574 2982 usque
595 2912 858 2968 discurrit
889 2913 1010 2968 sine
1028 2912 1404 2982 prohibitione
1431 2912 1751 2984 huiusmodi
1771 2913 1910 2968 ﬁeri.

471 3005 678 3061 Eodem
706 3020 852 3060 anno
883 3003 1340 3061 obtinuichalid
1368 3004 1514 3060 ﬁlius
1536 3004 1704 3059 Hisan
1737 3003 1984 3059 Arabum

391 3098 792 3170 principatum,
844 3098 913 3152 ad
963 3114 1128 3169 quem
1161 3096 1560 3154 Constantinus
1609 3096 1833 3167 quidem
1869 3096 1985 3150 An-

2079 628 2187 666 esse
2204 612 2342 678 volo,
2368 629 2486 666 cum
2512 615 2580 668 sit
2603 613 2731 668 tate.
2778 613 2960 669 Omnis
2989 616 3078 684 qui
3118 631 3226 668 non
3260 616 3429 669 credit
3461 618 3516 670 iu
3546 617 3658 672 Pa-

2079 715 2212 759 trem
2243 714 2290 759 et
2317 704 2508 760 Filium
2535 714 2584 758 et
2611 705 2874 776 Spiritum
2909 715 3175 772 sanctum,
3232 708 3660 764 consubstantia-

2080 800 2181 854 lem
2208 811 2257 855 et
2289 803 2523 855 divinam
2553 795 2618 856 'in
2667 804 2892 856 monade
2931 802 3263 867 Trinitatem,
3299 813 3539 858 mortuus
3579 813 3657 858 est

2079 894 2284 957 animo,
2319 904 2370 946 et
2400 903 2600 948 attento
2634 895 2824 966 dignus
2857 904 2934 949 est
2976 903 3258 950 tormento.
3310 895 3454 950 Talis
3495 907 3570 951 est
3609 907 3661 952 et

2076 985 2325 1040 Haumed
2358 987 2810 1058 pseudoprOplteta
2846 995 3018 1041 uester
3071 996 3119 1041 et
3152 988 3463 1043 Antichristi
3522 1005 3660 1059 pra:-

2079 1091 2282 1130 cursor.
2314 1076 2574 1130 Discedite
2608 1093 2753 1147 ergo,
2789 1079 2835 1131 si
2865 1078 2992 1131 mihi
3025 1078 3241 1131 creditis
3275 1080 3491 1132 testanti
3519 1078 3660 1132 vobis

2078 1167 2231 1221 hodie
2259 1167 2445 1222 cretum
2477 1179 2527 1221 et
2557 1178 2777 1233 terram,
2824 1169 2888 1223 ab
2933 1168 3082 1224 illius
3123 1169 3450 1239 fabulatioue
3477 1186 3498 1225 :
3530 1185 3660 1224 cou-

2077 1255 2195 1310 sulo
2233 1259 2374 1312 enim
2405 1259 2566 1319 vobis,
2605 1275 2671 1313 ue
2715 1261 3020 1314 cruciemiui
3044 1260 3206 1314 simul
3230 1277 3350 1315 cum
3375 1261 3487 1315 illo.
3519 1260 3659 1316 Cum

2078 1358 2264 1404 autem
2294 1349 2412 1405 haec
2445 1359 2502 1406 et
2523 1351 2614 1404 his
2653 1350 2811 1420 plura
2843 1363 2969 1405 cum
2998 1351 3082 1407 eis
3118 1351 3188 1406 de
3211 1352 3325 1407 Deo
3357 1351 3659 1407 ratiocina-

2080 1449 2172 1497 tus
2223 1441 2547 1508 dissereret,
2576 1441 2871 1498 audientes
2921 1443 3001 1497 illi
3045 1451 3272 1512 stupore
3302 1459 3402 1499 seu
3437 1445 3662 1499 vesania

2080 1533 2295 1588 detenti
2333 1533 2730 1604 longanimiter
2780 1533 2884 1588 visi
2914 1541 3047 1588 sunt
3097 1532 3265 1600 ferre,
3295 1549 3363 1588 ex
3396 1533 3663 1604 languore

2080 1624 2230 1679 hunc
2250 1632 2452 1695 praeter
2472 1640 2697 1679 sensum
2729 1639 2851 1680 esse
2893 1631 3171 1694 putantes.
3204 1625 3341 1680 Cum
3377 1634 3562 1682 autem
3595 1643 3667 1684 ex

2080 1715 2403 1772 inﬁrmitate
2455 1717 2848 1780 convaluisset,
2899 1717 3094 1788 majori
3136 1718 3304 1787 carpit
3360 1733 3496 1774 voce
3547 1720 3664 1774 cla-

2081 1819 2272 1860 mare:
2312 1804 2615 1860 Auathema
2640 1805 2891 1860 Maumed
2931 1815 2981 1859 et
3028 1806 3267 1876 fabuloso
3301 1809 3497 1879 scripto
3526 1811 3665 1880 ejus,

2080 1909 2131 1955 et
2163 1901 2363 1954 cunctis
2397 1901 2486 1970 qui
2517 1900 2738 1954 credunt
2769 1901 2838 1954 ei.
2897 1899 3054 1955 Tunc
3096 1915 3195 1971 per
3250 1901 3494 1972 gladium
3545 1903 3667 1958 ani-

2081 1991 2523 2048 madversionem
2545 2006 2842 2060 perpessus
2871 2001 3082 2062 martyr
3099 2001 3362 2048 ostensus
3376 2003 3482 2048 est.
3507 1993 3668 2049 Hunc

2081 2083 2576 2140 declamationibus
2604 2098 2924 2139 sermonum
2973 2084 3267 2140 honoravit
3294 2096 3520 2141 sanctus
3564 2086 3672 2141 Pa-

2084 2185 2170 2232 ter
2215 2184 2406 2230 noster
2456 2175 2732 2240 Joannes,
2783 2175 2882 2245 qui
2931 2175 3073 2230 bene
3125 2176 3548 2245 cognominatus
3583 2183 3672 2231 est

2082 2265 2452 2337 Chrysorroas
2499 2273 2728 2336 propter
2767 2279 2992 2320 auream
3046 2272 3104 2319 et
3154 2263 3420 2335 fulgidam
3489 2265 3669 2319 sancti

2085 2357 2328 2428 Spiritus
2349 2358 2606 2428 gratiam,
2639 2371 2763 2427 qua:
2803 2356 2862 2410 in
2895 2355 3016 2424 ipso
3061 2362 3172 2409 tam
3204 2356 3261 2409 in
3291 2355 3465 2410 verbo
3503 2370 3672 2425 quam

2085 2449 2143 2505 in
2164 2449 2290 2505 vitae
2315 2457 2442 2504 actu
2468 2448 2732 2505 efﬂoruit.
2765 2447 2940 2514 Quem
2988 2445 3249 2503 videlicet
3276 2446 3675 2504 Constantinus

2086 2541 2290 2610 impius
2328 2541 2632 2611 imperator
2674 2528 2862 2595 annuo
2904 2547 3136 2609 propter
3180 2537 3520 2594 eminentem
3576 2555 3672 2592 or-

2089 2633 2408 2689 thodoxiam
2453 2633 2576 2703 ejus
2624 2631 2964 2688 anathemati
3015 2629 3401 2696 submittebat,
3449 2639 3507 2686 et
3563 2644 3670 2700 pro

2085 2729 2332 2795 Mansur,
2358 2729 2508 2800 quod
2538 2737 2624 2786 est
2653 2729 2860 2785 avitum
2905 2744 3106 2784 nomen
3133 2729 3254 2800 ejus
3289 2727 3549 2798 quodque
3585 2742 3676 2782 re-

2085 2820 2345 2892 demptus
2365 2821 2765 2892 interpretatur
2783 2836 2948 2877 sensu
2977 2821 3228 2886 Iudaico,
3257 2835 3462 2875 novum
3481 2819 3674 2876 Eccle-

2087 2915 2182 2971 siae
2210 2914 2534 2986 magistrum
2552 2914 2846 2972 Manzeron
2868 2924 3081 2972 mutato
3119 2915 3343 2972 nomine
3371 2915 3670 2972 voeitahat.

2156 3004 2366 3061 Eodem
2393 3020 2618 3076 quoque
2677 3021 2824 3062 anno
2854 3006 3052 3062 Vhalid
3080 3004 3312 3076 Cyprios
3350 3007 3406 3061 in
3457 3005 3671 3077 Syriam

2087 3095 2392 3160 transtulit,
2422 3096 2807 3154 Artahuasdus
2831 3107 3016 3153 autem
3051 3098 3305 3154 Nicetam
3349 3097 3524 3154 filium
3548 3113 3666 3154 mov

390 3192 588 3248 dream
619 3193 987 3263 spatharium,
1014 3192 1398 3249 Artahuasdus
1444 3201 1630 3248 autem
1658 3191 1984 3262 Gregorium
2013 3204 2056 3262 ο
2088 3196 2467 3259 nostrategum
2497 3198 2811 3259 promotum
2829 3189 2899 3244 ad
2925 3190 3109 3245 thema
3141 3190 3346 3246 direxit
3369 3191 3667 3249 Armenia-

391 3287 737 3358 logothetam
807 3287 1285 3352 transmiserunt,
1339 3285 1608 3340 auxilium
1675 3291 1989 3354 quaerentes

395 3375 646 3445 utrique.
677 3376 850 3430 Porro
877 3376 1078 3445 pluviae
1103 3374 1357 3430 defectus
1385 3381 1444 3428 et
1475 3382 1639 3428 terra:
1671 3380 1857 3427 motus
1888 3387 1989 3441 per

392 3469 522 3524 loca
551 3467 680 3521 facti
713 3474 864 3533 sunt,
893 3467 968 3520 ita
996 3473 1059 3520 ut
1083 3471 1300 3520 montes
1327 3463 1618 3517 unirentur
1649 3460 1720 3515 ad
1747 3459 1985 3516 invicem

393 3577 504 3632 per
538 3575 788 3616 eremum
817 3559 1016 3614 Sabbaa
1055 3565 1115 3613 et
1143 3555 1369 3613 castella
1393 3555 1498 3611 sub
1534 3563 1736 3609 terram
1761 3553 1986 3608 immer-

394 3658 667 3721 gerentur
710 3648 991 3718 absorpta.

473 3741 681 3797 Eodem
707 3756 838 3796 vero
869 3754 1015 3796 annuo
1041 3737 1270 3795 Cosmas
1295 3735 1642 3792 Alexandriae
1669 3734 1985 3806 patriarcha

394 3851 513 3890 una
541 3849 668 3890 cum
704 3842 817 3888 tota
849 3833 1073 3888 civitate
1101 3847 1132 3886 a
1165 3829 1657 3887 monothelitarum
1688 3828 1984 3884 cacodoxia

393 3927 572 3984 rediit
598 3927 666 3981 ad
696 3925 1106 3990 orthodoxiam,
1133 3939 1258 3980 cum
1283 3921 1556 3979 tenuisset
1603 3937 1636 3976 a
1685 3919 1851 3992 Cyro,
1887 3919 1984 3992 qui

394 4020 509 4076 sub
564 4018 817 4074 Heraclio
872 4015 1220 4072 Alexandriae
1270 4015 1584 4085 patriarcha
1627 4011 1755 4067 fuit.
1811 4012 1984 4068 Porro

393 4114 708 4170 exercitum
746 4109 919 4166 movit
955 4109 1154 4164 Gamer
1183 4123 1310 4163 cum
1356 4107 1598 4162 Arabum
1628 4104 1986 4160 multitudine

395 4215 597 4262 contra
631 4203 980 4267 Romaniam,
1009 4210 1067 4256 et
1106 4201 1295 4256 multis
1321 4201 1377 4254 in
1401 4198 1777 4269 captivitatem
1804 4196 1983 4251 abdu-

393 4298 512 4354 ctis
549 4310 808 4352 reversus
861 4302 967 4360 est,
996 4302 1054 4349 et
1087 4290 1344 4363 apparuit
1374 4292 1594 4361 signum
1644 4290 1701 4344 in
1731 4289 1875 4344 coelo
1911 4287 1983 4343 ad

395 4389 719 4458 aquilonem
768 4400 961 4442 mense
1021 4384 1209 4440 Junio.
1269 4382 1466 4438 Vhalid
1520 4391 1706 4438 autem
1757 4381 1984 4436 Petrum

392 4481 816 4538 sanctissimum
869 4475 1276 4547 metropolitam
1310 4474 1561 4530 Damasci
1590 4473 1776 4545 lingua
1815 4471 1983 4528 muti-

391 4576 502 4632 ]ari
548 4574 810 4644 praecepit
841 4579 1102 4642 tanquam
1135 4576 1459 4639 arguentem
1507 4567 1688 4638 palam
1735 4565 1981 4621 Arabum

391 4675 458 4723 et
498 4665 925 4720 Manichaeorum
971 4660 1378 4732 cognationem,
1411 4667 1468 4715 et
1514 4658 1762 4714 exsulem
1812 4671 1983 4727 penes

395 4758 619 4814 felicem
653 4757 912 4810 Arabiam
945 4754 1098 4818 fecit,
1140 4753 1236 4808 ubi
1276 4761 1336 4807 et
1374 4751 1608 4806 moritur
1638 4766 1737 4820 pro
1760 4748 1982 4805 Christo

392 4849 663 4921 martyrio
695 4857 981 4919 percepto,
1011 4861 1136 4902 cum
1161 4843 1478 4915 expressius
1521 4842 1740 4897 divinas
1786 4841 1984 4896 missas

391 4943 834 5015 pronuntiasset,
883 4940 1027 4996 sicut
1077 4939 1245 5010 hujus
1309 4937 1389 4992 rei
1431 4946 1745 4992 narratores
1801 4936 1980 5002 aiunt,

390 5034 496 5106 qui
526 5048 584 5089 se
607 5033 848 5104 propriis
880 5031 1166 5086 auditibus
1199 5045 1368 5100 super
1398 5029 1504 5084 hoc
1526 5028 1838 5084 satisfactos
1855 5043 1980 5084 esse

388 5130 660 5185 fatentur.
721 5127 898 5197 llujus
965 5125 1253 5180 aunulator
1296 5131 1354 5179 et
1403 5122 1724 5194 aequivocus
1779 5122 1980 5178 Petrus

389 5219 542 5291 apud
594 5201 886 5290 Majumam
934 5218 1144 5272 eisdem
1201 5215 1544 5286 temporibus
1591 5224 1850 5272 ostensus
1891 5223 1978 5270 est

387 5331 499 5388 pro
541 5313 762 5370 Christo
812 5320 1021 5382 martyr
1048 5311 1360 5374 ultroneus,
1395 5311 1661 5381 languore
1695 5309 1972 5379 siquidem

387 5407 654 5462 detentus
678 5405 951 5475 primores
972 5402 1218 5458 Arabum
1241 5401 1552 5468 advocavit,
1575 5409 1766 5472 utpote
1789 5415 1980 5456 assue-

384 5499 571 5556 factus
621 5498 729 5554 sibi
778 5513 904 5552 cum
940 5495 1316 5553 chartularius
1351 5503 1502 5550 esset
1533 5501 1590 5550 et
1632 5494 1852 5565 publica
1883 5494 1980 5549 tri-

385 5594 528 5650 buta
552 5591 697 5647 facta
723 5591 937 5646 ratione
967 5589 1264 5654 conferret,
1287 5597 1345 5644 et
1367 5588 1446 5643 ait
1471 5589 1538 5642 ad
1571 5587 1696 5642 illos
1722 5605 1737 5642 ε
1774 5586 1980 5642 Merce-

382 5688 512 5743 dem
533 5686 744 5757 quidem
769 5701 865 5757 pro
887 5684 988 5738 mei
1017 5683 1320 5739 oisitatione
1342 5699 1376 5736 a
1402 5680 1510 5736 Deo
1538 5681 1828 5752 recipiatis,
1857 5682 1977 5736 licet

2089 3294 2304 3348 corum,
2337 3297 2505 3352 porro
2525 3281 2904 3353 Nicephorum
2935 3297 3092 3352 asque
3122 3281 3294 3337 filium
3327 3299 3488 3338 suum
3512 3299 3664 3340 coro-

2088 3373 2244 3426 navit
2285 3388 2385 3442 per
2442 3372 2796 3428 Anastasium
2851 3373 3246 3443 patriarcham.
3303 3374 3492 3431 Mense
3542 3391 3677 3431 vero

2087 3461 2230 3518 Maio
2257 3477 2388 3516 cum
2427 3463 2810 3521 Artahuasdus
2836 3463 2905 3518 ad
2954 3474 3143 3534 partes
3179 3463 3386 3520 Obsicii
3416 3481 3676 3537 egressus

2085 3553 2283 3609 fuisset
2316 3563 2374 3610 et
2405 3555 2616 3611 milites
2641 3556 2921 3627 elegisset.
2947 3563 3121 3610 totam
3147 3556 3334 3612 Asiam
3375 3557 3545 3627 cepit,
3575 3557 3670 3612 de-

2086 3648 2358 3717 populans
2393 3663 2536 3704 eam.
2565 3648 2687 3715 Quo
2715 3647 3114 3704 Constantinus
3159 3659 3448 3719 comperto
3489 3657 3675 3705 motus

2085 3747 2172 3793 est
2202 3748 2395 3794 contra
2451 3738 2653 3810 ipsum.
2714 3739 2852 3796 Cum
2901 3755 3038 3796 vero
3087 3739 3157 3795 ad
3217 3756 3348 3796 eum
3394 3741 3451 3796 in
3487 3748 3676 3811 partes

2088 3828 2426 3888 Sardeorum
2456 3848 2486 3888 a
2511 3831 2777 3888 Celbiano
2807 3832 3138 3889 redeuntem
3170 3833 3418 3890 venisset
3456 3842 3514 3890 et
3546 3848 3672 3890 cum

2087 3923 2184 3980 illo
2230 3923 2437 3978 bellum
2496 3924 2737 3990 iniisset,
2799 3924 2973 3978 vertit
3031 3940 3162 3980 eum
3229 3940 3297 3981 ac
3362 3926 3676 3995 insequitur

2085 4015 2370 4086 Cyzicum.
2401 4015 2470 4070 At
2494 4015 2586 4071 ille
2615 4030 2742 4071 cum
2770 4015 3034 4088 Cyzicum
3063 4017 3429 4087 pervenisset,
3459 4017 3678 4072 dromo-

2086 4123 2214 4164 nem
2237 4108 2521 4180 ingressus
2547 4109 2606 4164 in
2634 4109 2858 4165 civitate
2885 4109 3154 4166 salvator.
3180 4110 3454 4165 Praeterea
3483 4123 3676 4165 mense

2084 4202 2334 4274 Augusto
2391 4203 2641 4275 ejusdem
2706 4204 3022 4259 undecima:
3077 4201 3400 4258 indictionis
3451 4204 3675 4259 Nicetas

2085 4301 2535 4364 monostrategus
2588 4293 2732 4348 ﬁlius
2776 4291 3154 4359 Artahuasdi,
3214 4307 3341 4346 cum
3394 4291 3676 4348 intulisset

2086 4383 2454 4440 Constantino
2507 4385 2654 4455 apud
2706 4385 3016 4440 Modrinem
3063 4392 3121 4438 et
3155 4383 3406 4439 Cisseum
3437 4383 3672 4448 bellum,

2089 4484 2242 4546 terga
2273 4460 2500 4532 vertens
2545 4476 2778 4547 aufugit.
2831 4476 2901 4530 Et
2929 4475 3154 4545 quidem
3187 4474 3479 4546 patricium
3507 4473 3670 4529 Teri-

2013 4553 2056 4607 Ῐ)
2085 4567 2270 4624 datem
2310 4568 2660 4634 Armenium,
2691 4569 2925 4624 militem
2977 4568 3342 4624 fortissimum
3373 4573 3430 4622 et
3467 4581 3674 4622 conso-

2084 4659 2308 4714 brinum
2341 4661 2700 4727 Artahuasdi,
2739 4677 2866 4716 cum
2909 4661 3034 4716 aliis
3065 4660 3256 4716 multis
3287 4659 3481 4716 electis
3511 4660 3665 4730 prin-

2083 4751 2302 4821 cipibus
2351 4753 2629 4808 interfecit
2673 4770 2687 4806 :
2737 4752 3027 4823 utriusque
3091 4767 3226 4807 vero
3279 4752 3454 4822 partis
3507 4767 3675 4810 casus

2083 4843 2234 4899 haud
2291 4845 2545 4900 modicus
2589 4844 2769 4900 factus
2815 4853 2923 4910 est,
2961 4845 3352 4900 Armeniorum
3377 4846 3586 4902 scilicet
3618 4854 3674 4900 et

2083 4937 2540 4992 Armeniacorum
2588 4937 3034 5009 impugnantium
3068 4937 3334 4993 adversus
3358 4935 3670 4994 Orientales

2087 5041 2256 5102 atque
2285 5031 2636 5098 Thracesios,
2663 5031 3017 5088 Constantini
3068 5037 3528 5111 propugnetores.
3553 5029 3672 5086 Cu:-

2086 5133 2269 5180 terum
2300 5126 2567 5196 antiquus
2600 5126 2778 5181 hostis
2811 5125 3065 5182 diabolus
3095 5135 3286 5180 contra
3317 5123 3671 5181 Christianos

2086 5219 2435 5289 temporibus
2490 5219 2613 5275 istis
2683 5220 2847 5276 talem
2913 5217 3176 5274 excitavit
3245 5217 3548 5273 saevitatem
3613 5229 3673 5274 et

2081 5312 2471 5368 mactationem
2498 5313 2789 5380 alternam,
2817 5320 2881 5368 ut
2919 5311 3016 5367 lilii
3045 5312 3212 5368 etiam
3252 5318 3445 5365 contra
3469 5325 3669 5381 paren-

2082 5415 2168 5462 tes
2189 5413 2248 5461 et
2281 5404 2484 5460 fratres
2531 5415 2723 5460 contra
2773 5405 2972 5460 fratres
3011 5412 3518 5468 commoverentur,
3555 5418 3670 5458 non

2083 5509 2378 5570 parcentes
2402 5499 2471 5554 ad
2529 5498 2756 5564 credent,
2789 5507 2846 5553 et
2885 5497 3401 5554 immisericorditer
3445 5497 3674 5553 alterna

2085 5593 2355 5648 stationes
2388 5605 2452 5646 ac
2480 5590 2681 5646 domus
2709 5589 3160 5646 incenderentur.

2157 5684 2308 5740 Inter
2349 5683 2462 5754 (79)
2501 5683 2619 5738 haec
2647 5693 2833 5739 autem
2875 5692 2934 5740 et
2996 5681 3313 5754 hujusmodi
3353 5681 3673 5754 Stephanus

1946 5816 2180 5874 NOTAE.

467 5967 586 6044 (79)
607 5967 736 6036 Qum
760 5965 826 6024 dc
856 5965 1050 6038 l‘ipiuo
1072 5963 1162 6022 hic
1192 5970 1512 6032 narrantur,
1541 5977 1654 6019 non
1677 5966 1891 6021 exstant
1918 5957 2509 6032 gqiudTheOphanem,
2545 5955 2641 6016 sed
2667 5957 2816 6028 apud
2841 5954 3155 6015 Ccdrcuum
3186 5971 3237 6021 υ.
3279 5956 3401 6014 43:5.
3442 5953 3602 6012 Furi.
