4100 6414
511 373 640 440 13Τ1

1664 374 2068 436 ANASTASII
2103 375 2735 438 BlBLIOTHECARlI

3641 381 3783 443 1372

509 503 650 560 papa
705 487 990 541 Romanus
1052 484 1228 539 multa
1289 484 1432 540 mala
1496 484 1568 541 ab
1622 485 1897 557 Astulpho
1973 501 2102 558 rege
2133 495 2175 549 Δ
2205 489 2443 544 tensium
2491 497 2546 542 et
2575 487 2768 544 classis
2795 488 2993 560 Abydi,
3028 489 3216 546 ethos
3255 489 3686 560 comprehensos
3712 492 3785 546 ad

511 580 1006 652 Langobardorum
1068 591 1366 649 perpessus
1418 578 1484 633 ad
1544 579 1788 635 Francos
1845 579 2095 650 confugit

512 673 618 729 sub
643 671 862 741 Pipiho,
916 671 1010 740 qui
1066 671 1244 740 major
1294 669 1492 724 domus
1547 678 1670 725 erat
1711 679 1769 724 et
1801 671 2007 740 primas
2035 670 2096 724 in

514 764 766 820 omnium
821 762 1185 832 dispositione
1243 777 1430 816 rerum
1486 761 1830 816 Francorum
1881 761 2096 832 gentis,

513 855 722 925 quibus
754 852 1014 907 videlicet
1043 852 1176 907 olim
1205 853 1378 908 moris
1427 861 1550 908 erat
1579 851 1889 918 dominum,
1922 853 1978 908 id
2012 860 2099 908 est

513 963 701 1018 regem
728 942 914 1009 suuni,
969 943 1273 1000 secundum
1323 960 1501 1013 genus
1549 943 1876 1014 principari,
1921 955 1979 1002 et
2018 945 2098 1000 nil

513 1056 675 1111 agere
706 1040 792 1095 vcl
827 1039 1122 1108 diSponere
1155 1053 1321 1108 quam
1358 1037 1815 1093 irrationabiliter
1851 1038 2017 1094 edere
2042 1047 2100 1094 et

512 1131 729 1196 bibere,
757 1130 1016 1199 domique
1045 1130 1273 1192 morari,
1297 1138 1354 1182 et
1376 1127 1626 1184 kalendis
1649 1128 1776 1184 Maii
1802 1129 2100 1199 praesidere

512 1239 700 1280 coram
725 1233 837 1278 tota
854 1230 1038 1294 gente,
1054 1231 1111 1278 et
1126 1221 1368 1276 salutare
1394 1220 1540 1286 illos,
1559 1222 1855 1277 etsalutari
1873 1222 1942 1276 ab
1959 1222 2090 1288 illis,

509 1327 567 1372 et
595 1316 862 1386 obsequia
890 1314 1055 1370 solita
1102 1315 1349 1383 impensa
1372 1314 1678 1384 percipere,
1715 1321 1773 1369 et
1801 1313 1912 1369 illis
1951 1313 2102 1369 dona

511 1408 841 1480 rependere,
863 1416 921 1463 et
949 1407 1030 1464 sic
1059 1421 1246 1463 secum
1273 1405 1524 1475 usquead
1539 1406 1705 1463 alium
1726 1406 1926 1462 Maium
1939 1405 2101 1460 habi-

514 1512 654 1567 tare,
682 1500 889 1556 habere
915 1508 1100 1555 autem
1127 1500 1391 1570 majorem
1434 1499 1634 1554 domus
1661 1498 1895 1555 consilio
1919 1513 2020 1553 suo
2044 1505 2103 1554 et

513 1593 694 1664 gentis
707 1594 892 1650 omnia
906 1592 1253 1648 ordinantem
1272 1592 1492 1662 negotia
1506 1610 1519 1646 :
1531 1591 2022 1659 dicebantur-enim
2033 1606 2103 1646 ex

511 1701 716 1756 genere
765 1686 860 1741 illo
897 1685 1303 1742 descendentes
1331 1685 1595 1750 cristatae,
1627 1684 1776 1755 quod
1819 1684 2101 1754 interpre-

515 1786 664 1832 tatur
697 1777 1091 1832 trichoracbati
1123 1797 1136 1830 :
1176 1777 1320 1846 pilos
1367 1775 1515 1830 enim
1549 1774 1829 1829 habebant
1855 1786 2016 1829 natos
2045 1774 2101 1828 in

513 1871 670 1940 spina
699 1871 868 1926 veluti
904 1870 1080 1940 porci.
1115 1869 1424 1924 Prwdictns
1483 1869 1668 1938 itaque
1699 1883 1839 1939 papa
1867 1869 2102 1939 Stepha-

512 1981 623 2020 nus
676 1965 730 2020 vi
778 1981 1004 2035 pressus
1047 1974 1105 2019 et
1163 1964 1493 2022 crudelitate
1550 1963 1807 2035 Astulphi
1851 1975 2099 2033 coactus,

513 2057 681 2112 simul
717 2057 884 2112 etiam
911 2056 982 2112 ab
1009 2057 1130 2127 ipso
1164 2057 1494 2113 adhortatus
1520 2055 1601 2113 ire
1627 2057 1686 2111 in
1714 2057 2004 2112 Franciam
2043 2068 2102 2114 et

511 2152 697 2207 facere
726 2149 1100 2220 quodcunque
1123 2156 1332 2220 posset,
1359 2149 1592 2206 veniens
1622 2149 1878 2219 Pipinum
1903 2165 2103 2220 prove-

512 2243 619 2308 hit,
654 2242 836 2298 virum
866 2242 926 2297 in
949 2242 1210 2298 omnibus
1241 2241 1717 2312 probatissimum,
1742 2242 1840 2313 qui
1865 2251 2103 2313 praeerat

514 2343 654 2391 tunc
689 2349 914 2406 quoque
941 2335 1111 2392 rebus
1140 2343 1265 2405 post
1285 2350 1472 2406 regem
1495 2343 1553 2390 et
1573 2334 1948 2391 debellaverat
1965 2335 2103 2390 Ara-

513 2429 639 2495 bes,
668 2429 872 2499 qui-ab
911 2427 1096 2484 Africa
1143 2428 1200 2482 in
1232 2428 1551 2500 Hispaniam
1599 2436 2100 2496 transmeaverant,

513 2523 723 2596 quique
747 2531 1048 2580 tenuerunt
1067 2537 1244 2593 usque
1268 2536 1422 2578 nunc
1464 2521 1718 2578 eamdem
1755 2521 2099 2593 Hispaniam,

512 2626 571 2672 et
599 2616 970 2688 probaverant
1006 2613 1243 2687 pmliari
1281 2613 1647 2672 nihilominus
1703 2625 1898 2671 contra
1928 2616 2103 2671 Fran-

515 2726 633 2767 cos.
659 2709 876 2777 Quibus
896 2704 1142 2766 econtra
1174 2709 1320 2765 idem
1338 2710 1570 2782 Pipinus
1585 2725 1713 2765 cum
1742 2710 2103 2767 multitudine

515 2803 804 2868 resistens,
855 2803 1062 2859 occidit
1116 2804 1409 2874 quemdam
1465 2803 1636 2860 etiam
1667 2804 1976 2874 principem
2003 2817 2104 2858 eo-

516 2911 642 2952 rum
676 2913 690 2950 :
722 2897 1144 2953 Abderacltman
1176 2897 1326 2953 enim
1381 2897 1528 2953 filius
1579 2896 1802 2952 Mahuhi
1826 2896 2106 2967 principa-

516 2999 636 3045 tum
661 2989 828 3062 hujus
858 2991 1079 3046 tenebat
1097 2991 1296 3062 gentis.
1325 2989 1608 3047 Inter-fecit
1633 2998 1819 3046 autem
1850 2989 2017 3046 simul
2047 2997 2107 3045 et

518 3083 934 3140 multitudinem
964 3083 1112 3139 haud
1149 3084 1308 3139 facile
1337 3082 1738 3138 numerabilem
1762 3083 1917 3154 juxta
1950 3083 2104 3138 Rho-

2200 581 2592 652 imperatorem
2621 581 2798 645 duxit,
2831 580 2928 650 qui
2971 579 3308 636 frumentum
3339 581 3564 650 quidem
3604 598 3788 652 popu-

2197 673 2268 728 lis
2297 673 2415 728 suis
2433 673 2680 740 donavit,
2705 673 3070 728 Athanasium
3087 682 3271 728 autem
3289 681 3346 728 et
3364 673 3784 730 Artahuasdum

2198 769 2376 824 oculis
2407 767 2700 823 confestim
2744 766 3004 836 privavit.
3041 766 3170 821 Post
3221 765 3340 820 hac
3365 781 3497 822 vero
3525 766 3787 836 probavit

2201 859 2586 914 Artahuasdus
2631 874 2664 916 a
2711 868 2861 913 terra
2905 866 3094 928 portas
3153 858 3374 928 aperire
3419 867 3480 914 et
3527 860 3784 928 praelium

2199 966 2326 1008 eum
2347 951 2713 1007 Constantino
2747 951 2910 1006 inire.
2957 951 3161 1006 Verum
3198 950 3340 1006 facta
3388 951 3784 1022 congressione

2199 1045 2373 1116 fugati
2405 1053 2536 1100 sunt
2587 1044 2791 1099 milites
2846 1043 3204 1110 Artahuasdi,
3259 1053 3316 1099 et
3367 1044 3524 1098 multi
3573 1044 3784 1099 mortui

2199 1147 2351 1202 sunt,
2403 1137 2552 1191 inter
2600 1150 2739 1205 quos
2784 1146 2841 1190 et
2890 1135 3161 1191 Monutes.
3219 1135 3564 1192 Constructis
3593 1146 3782 1192 autem

2201 1227 2582 1284 Artahuasdus
2612 1227 2862 1284 dieribus
2883 1227 3085 1283 cacabo
3111 1228 3416 1284 ferentibus
3445 1228 3649 1298 ignem,
3679 1229 3786 1283 mi-

2202 1318 2275 1374 sit
2295 1317 2364 1374 ad
2399 1317 2458 1373 S.
2489 1318 2724 1373 Mamam
2777 1317 3078 1373 nonnullos
3106 1327 3301 1372 contra
3330 1306 3562 1373 classem
3612 1317 3786 1389 Ciby-

2203 1413 2588 1466 raeotensium.
2614 1411 2756 1466 Cum
2801 1418 2985 1465 autem
3024 1411 3269 1466 venisset
3319 1410 3389 1466 ad
3413 1409 3472 1466 S.
3527 1411 3785 1477 Mamam,

2202 1515 2470 1560 exeuntes
2496 1503 2938 1576 Cibyratotenses
2961 1503 3297 1574 pepulerunt
3328 1503 3471 1558 illos.
3503 1501 3669 1559 Facta
3697 1509 3792 1558 est

2203 1606 2392 1653 autem
2421 1596 2476 1652 in
2505 1597 2641 1652 urbe
2677 1596 2858 1651 valida
2910 1596 3106 1662 fames,
3143 1595 3218 1651 ita
3252 1605 3314 1651 ut
3359 1593 3794 1652 venundaretur

2194 1691 2426 1746 modius
2452 1683 2649 1745 hordei
2681 1689 2976 1745 duodecim
3008 1688 3458 1753 numismatibus,
3493 1687 3794 1759 leguminis

2205 1798 2341 1838 vero
2366 1780 2711 1852 quindecim,
2735 1779 2874 1834 milii
2899 1795 2963 1834 ac
2991 1779 3170 1850 lupini
3187 1778 3612 1833 numismatibus
3633 1782 3787 1840 octo,

2203 1873 2312 1930 olei
2346 1881 2531 1928 autem
2561 1873 2718 1928 libra:
2741 1873 2991 1942 quinque
3046 1872 3382 1927 numismate
3424 1885 3554 1936 uno,
3603 1878 3792 1925 sexta-

2204 1969 2322 2024 rius
2349 1967 2468 2022 vini
2489 1965 2743 2022 dimidio.
2775 1962 3026 2035 Cumque
3053 1968 3294 2035 populus
3315 1974 3630 2028 necaretur,
3662 1977 3795 2017 coa-

2203 2071 2328 2116 ctus
2357 2068 2442 2114 est
2465 2057 2848 2114 Artahuasdus
2877 2038 3162 2112 dimittere
3189 2055 3315 2110 illos
3334 2071 3366 2110 e
3396 2055 3619 2110 civitate
3639 2053 3796 2109 foras

2202 2151 2466 2208 exeundi.
2484 2151 2688 2207 Verum
2703 2149 3016 2206 observatis
3030 2149 3279 2204 faciebas
3297 2147 3567 2219 quosdam
3591 2161 3796 2202 eorum

2203 2243 2557 2316 prohibebat.
2594 2243 2753 2299 Unde
2802 2241 3032 2313 quidam
3097 2255 3293 2296 eorum
3349 2238 3798 2296 emundaverunt

2203 2335 2392 2389 vultus
2413 2348 2566 2397 suos,
2598 2341 2654 2387 et
2699 2331 2958 2388 muliebri
2989 2329 3388 2387 circumamieti
3421 2339 3552 2385 sunt
3583 2339 3742 2385 veste
3779 2370 3794 2382 .

2203 2434 2290 2481 ast
2319 2425 2412 2480 alii
2431 2423 2776 2502 monachico
2823 2422 3103 2478 schemate
3133 2430 3301 2490 atque
3345 2419 3570 2476 cilicino
3614 2419 3792 2476 vesti-

2204 2525 2396 2572 mento
2441 2513 2901 2586 contegebantur,
2954 2519 3013 2568 et
3061 2512 3140 2566 ita
3195 2512 3369 2566 latere
3424 2518 3684 2580 poterant
3731 2519 3794 2566 et

2205 2609 2378 2665 exine.
2409 2607 2630 2664 Nicetas
2651 2616 2836 2661 autem
2861 2611 3655 2676 monostrategus-coacervato
3683 2617 3794 2672 po-

2205 2701 2339 2772 pulo
2376 2715 2479 2756 suo
2505 2715 2538 2755 a
2564 2699 2814 2755 Modrina
2856 2698 3113 2769 disperso
3139 2697 3294 2753 venit
3327 2712 3502 2767 usque
3550 2694 3795 2767 Chryso—

2206 2795 2407 2866 polim;
2439 2800 2496 2848 et
2520 2808 2648 2848 cum
2693 2794 3090 2856 reverteretur,
3119 2801 3465 2847 transmeans
3491 2788 3795 2858 imperator

2205 2895 2533 2960 persecutus
2553 2897 2640 2942 est
2666 2894 2793 2956 post
2829 2890 2979 2956 terga
3004 2885 3273 2955 ipsorum.
3302 2883 3372 2938 Et
3392 2897 3518 2936 cum
3547 2880 3796 2936 venisset

2205 2981 2273 3035 ad
2311 2993 2440 3035 eum
2465 2976 2614 3049 apud
2669 2977 3074 3043 Nicomediam,
3122 2990 3291 3030 manu
3319 2974 3470 3044 cepit
3496 2987 3626 3029 eum
3658 2987 3791 3028 eum

2207 3080 2490 3138 curatore,
2519 3070 2617 3143 qui
2648 3069 2831 3126 fuerat
2869 3069 3080 3130 dudum
3115 3067 3523 3124 Marcelliorum
3576 3065 3801 3136 episco-

517 3176 724 3232 danum
761 3174 1014 3240 ﬂuvium,
1040 3184 1097 3231 et
1124 3175 1475 3230 admirationi
1506 3175 1762 3238 habetur,
1805 3181 1864 3230 et
1887 3183 2104 3229 amatur
2131 3212 2174 3272 ϐ
2208 3179 2350 3236 pus;
2408 3179 2576 3234 quem
2623 3174 2683 3220 et
2727 3161 2989 3264 decollari
3044 3160 3314 3262 continuo
3361 3160 3525 3230 iussit
3554 3173 3799 3213 :mono-

518 3283 550 3321 a
573 3276 758 3338 gente,
779 3281 892 3321 non
911 3266 1090 3322 solum
1121 3275 1350 3335 propter
1377 3265 1502 3330 hoc,
1535 3264 1638 3319 sed
1661 3274 1719 3319 et
1751 3272 1978 3334 propter
1998 3263 2106 3318 alia
2132 3251 2174 3272 ν
2210 3263 2514 3326 strategum
2546 3268 2678 3310 vero
2709 3254 2956 3308 vinctum
2990 3251 3133 3321 patri
3157 3265 3256 3319 per
3277 3264 3498 3304 murum
3528 3256 3801 3304 monstra-

517 3358 800 3430 praecipua
829 3365 1004 3429 gesta,
1035 3366 1094 3413 et
1134 3355 1436 3427 praeﬁcitur
1464 3355 1614 3427 genti
1650 3369 1760 3410 non
1790 3355 2108 3426 ignobiliter

517 3451 754 3521 primus,
784 3451 1032 3506 solvente
1063 3449 1278 3504 scilicet
1333 3463 1462 3504 eum
1492 3463 1523 3502 a
1555 3448 1800 3520 perjurio
1830 3448 1886 3503 in
1920 3463 2106 3519 regem

518 3542 816 3600 commisso
848 3542 1042 3598 eodem
1071 3541 1390 3611 Stephano;
1419 3539 1514 3612 qui
1543 3548 1604 3595 et
1640 3540 1883 3596 attendit
1910 3541 2109 3596 deces-

517 3649 702 3692 sorem
726 3635 849 3707 ejus
873 3649 1081 3706 regem,
1110 3644 1169 3690 et
1199 3634 1256 3689 in
1287 3635 1628 3692 monasterio
1655 3649 1783 3690 cum
1809 3635 2022 3690 honore
2051 3641 2109 3690 et

517 3726 713 3796 requie
744 3725 1204 3797 circumscripsit.
1258 3726 1360 3784 Hic
1410 3728 1643 3800 Pipinus
1665 3729 1808 3785 duos
1836 3727 1982 3784 ﬁlios
2004 3729 2108 3783 ha-

519 3819 665 3884 buit,
699 3816 960 3874 Carolum
1005 3817 1224 3874 scilicet
1253 3826 1312 3873 et
1363 3819 1834 3875 Carolomannum
1880 3819 2108 3875 fratrem

517 3910 660 3981 ejus.

590 4000 781 4056 Mundi
809 4015 956 4058 anno
979 4002 1139 4070 69.15,
1162 4003 1365 4058 divinae
1389 4001 1791 4060 incarnationis
1804 4018 1952 4060 anno
1979 4003 2106 4071 755,

519 4109 667 4149 anno
698 4108 834 4150 vero
885 4093 1107 4164 imperii
1161 4093 1514 4150 Constantini
1571 4095 1741 4150 tertio
1795 4094 2110 4164 Stephanus

517 4186 901 4243 Antiochenus
941 4187 1180 4242 habetur
1223 4187 1474 4242 antistes.
1509 4182 1783 4257 A'pparuit
1825 4195 2008 4243 autem
2036 4186 2114 4242 si-

520 4293 687 4349 gnum
715 4276 782 4332 ad
814 4277 1154 4347 aquilonem,
1185 4285 1244 4332 et
1287 4277 1430 4333 cinis
1483 4277 1775 4333 descendit
1816 4292 1918 4348 per
1963 4278 2107 4344 loca,

519 4370 812 4441 factusque
845 4379 932 4426 est
984 4379 1147 4426 terrae
1171 4379 1359 4425 motus
1387 4371 1442 4423 in
1479 4368 1694 4439 Caspiis
1715 4369 1916 4439 portis.
1946 4368 2109 4424 Occi-

519 4477 616 4517 sus
640 4461 808 4516 etiam
832 4469 919 4516 est
939 4460 1136 4516 Vhalid
1165 4460 1235 4514 ab
1254 4459 1555 4524 Arabibus,
1584 4460 1680 4529 qui
1714 4459 1934 4528 praefuit
1963 4473 2109 4514 anno

2208 3347 2328 3402 bat.
2405 3347 2580 3404 Porro
2633 3357 2832 3416 quarto
2892 3359 3070 3399 nonas
3126 3341 3490 3398 Novembrias
3563 3351 3798 3411 repente
3844 3413 3849 3416 .

2208 3441 2494 3513 prasliatus
2521 3447 2649 3510 post
2667 3437 2954 3493 meridiem
2981 3451 3080 3507 per
3104 3443 3394 3491 terrenum
3423 3447 3644 3488 murum
3693 3448 3794 3487 ur-

2208 3533 2337 3589 bem
2359 3531 2622 3602 captavit.
2656 3530 2727 3585 At
2772 3545 2906 3585 vero
2941 3527 3329 3584 Artahuasdus
3354 3542 3465 3581 una
3512 3540 3640 3582 cum
3690 3524 3800 3579 Ba-

2209 3625 2470 3697 gatangio
2494 3622 2733 3694 patricio
2789 3621 3071 3691 ingressus
3107 3619 3290 3674 navim
3311 3618 3382 3674 ad
3408 3632 3652 3688 praesens
3678 3617 3801 3671 exi-

2211 3718 2324 3774 isse
2348 3717 2505 3773 visus
2535 3723 2621 3772 est
2659 3715 2717 3770 in
2750 3713 3010 3779 Obsiciis,
3073 3719 3131 3767 et
3180 3711 3378 3766 abiens
3431 3709 3502 3764 ad
3546 3716 3796 3764 castrum

2209 3812 2452 3868 Puzante
2501 3817 2678 3865 semet
2711 3807 2958 3862 inclusit.
3013 3804 3226 3872 Quibus
3250 3785 3578 3872 [imperator
3626 3816 3798 3855 manu

2210 3904 2392 3975 captis
2423 3900 2838 3959 Artahuasdum
2864 3914 2990 3954 cum
3013 3897 3238 3953 duobus
3264 3895 3393 3951 llliis
3415 3895 3531 3951 suis
3558 3892 3799 3964 privavit

2210 3995 2409 4060 oculis,
2443 3991 2798 4064 Bagatangim
2831 3989 3109 4046 autem'in
3136 3987 3350 4042 vivario
3385 3983 3702 4048 decollavit,
3737 3992 3801 4038 et

2209 4089 2378 4160 hujus
2397 4094 2567 4157 caput
2599 4085 2657 4140 in
2697 4083 2847 4139 Milio
2875 4081 3165 4152 suspendit
3198 4078 3397 4135 diebus
3432 4077 3631 4133 tribus.
3667 4077 3801 4131 Post

2209 4178 2436 4251 triginta
2471 4192 2607 4233 vero
2649 4189 2826 4231 annos
2876 4174 3006 4228 mali
3037 4187 3248 4227 memor
3298 4178 3354 4226 et
3402 4167 3800 4224 immisericors

2211 4267 2803 4342 imperatorpraeeepit
2831 4267 2999 4336 hujus
3052 4275 3282 4320 uxorem
3314 4262 3372 4318 in
3397 4261 3799 4317 monasterium

2209 4363 2421 4419 Choras
2446 4375 2682 4432 pergere
2711 4357 2849 4429 (illic
2879 4358 3031 4412 enim
3059 4355 3314 4425 sepultus
3358 4353 3502 4420 erat)
3536 4361 3594 4407 et
3628 4351 3802 4420 hujus

2210 4469 2334 4512 ossa
2355 4453 2603 4532 effodere
2632 4459 2690 4506 et
2716 4451 2774 4506 in
2805 4450 2974 4520 pallio
3003 4462 3108 4503 suo
3135 4453 3359 4517 portare
3388 4455 3557 4514 atque
3599 4443 3658 4498 in
3706 4457 3798 4498 se-

521 4569 656 4620 uno,
685 4562 948 4623 tenetque
1007 4552 1382 4622 principatum
1410 4551 1569 4605 llizid
1618 4551 1834 4622 Lipsos.
1859 4551 1911 4606 ls
1933 4566 2106 4622 pecu-
2135 4559 2186 4619 ι)
2211 4547 2424 4617 pulcra,
2459 4559 2584 4616 quae
2608 4542 2875 4598 dicuntur
2900 4537 3128 4609 Pelagii,
3155 4553 3262 4592 una
3286 4551 3414 4592 cum
3452 4532 3802 4623 Biothanatis

521 4646 634 4701 niis
658 4645 848 4702 multis
878 4645 1122 4716 crogatis
1153 4643 1395 4698 obtinuit
1423 4643 1772 4708 Damascum,
1796 4651 1854 4698 et
1886 4642 2110 4698 dextras

515 4739 734 4808 accepit
766 4747 828 4792 ut
854 4737 1282 4808 principaretur.

595 4827 773 4883 Porro
815 4826 1217 4884 Constantinus
1269 4827 1616 4898 Septembrio
1677 4841 1866 4882 mense
1895 4825 2110 4882 duode-

516 4918 686 4976 cimae
739 4918 1064 4974 indictionis
1107 4920 1449 4975 descendens
1482 4919 1554 4974 ad
1583 4933 1770 4990 partes
1803 4918 2110 4986 Chalcedoq-

522 5013 614 5069 nis
637 5013 908 5068 remeavit
937 5011 1010 5066 ad
1061 5012 1344 5068 Thraecas
1382 5021 1590 5084 partes,
1656 5028 1784 5068 cum
1834 5011 2111 5068 Sisinnius

521 5113 732 5174 praetor
781 5103 1212 5159 Thracesiorum
1257 5111 1416 5160 antea
1452 5120 1551 5174 per
1577 5103 1830 5174 Abydum
1863 5117 2104 5158 remeas-

521 5204 610 5251 set
643 5203 1041 5266 terrenumque
1082 5210 1306 5251 murum
1339 5195 1498 5252 urbis
1535 5195 1838 5251 obsideret.
1868 5195 1941 5251 At
1964 5210 2102 5250 vero

523 5288 758 5345 veniens
784 5289 1087 5360 imperator
1111 5289 1180 5344 ad
1214 5287 1432 5344 Charsii
1462 5298 1680 5358 portam
1713 5287 1979 5345 discurrit
2008 5303 2104 5343 us-

525 5398 635 5453 que
661 5381 730 5438 ad
756 5397 982 5437 auream
1011 5390 1249 5452 portam,
1287 5382 1650 5452 semetipsum
1711 5381 1889 5437 turbis
1920 5389 2110 5436 osten-

527 5484 672 5539 tans,
703 5483 761 5530 et
791 5473 995 5530 iterum
1043 5489 1305 5530 reversus
1333 5484 1513 5530 castra
1539 5481 1782 5530 metatus
1827 5481 1916 5530 est
1963 5471 2110 5543 apud

525 5562 585 5619 S.
614 5565 870 5621 Mamam.
896 5565 1058 5622 Cives
1102 5575 1286 5622 autem
1312 5566 1596 5639 angustari
1618 5576 1909 5636 coeperunt
1931 5581 2108 5622 anno-

527 5655 615 5712 nis
643 5656 1057 5715 deﬁcientibus.
1105 5659 1376 5725 Quocirca
1429 5659 1599 5715 misso
1635 5658 1939 5714 Athanasio
1965 5673 1997 5712 a
2026 5673 2112 5714 se-

528 5749 700 5803 cretis
724 5759 780 5804 et
806 5751 1156 5806 Artahuasdo
1183 5751 1492 5806 domestico
1537 5768 1640 5806 suo
1666 5751 1732 5804 ad
1778 5750 2110 5806 deferendos

532 5847 787 5910 sumptus
819 5839 874 5894 in
907 5840 1146 5910 scaphis,
1185 5842 1398 5898 invenit
1435 5842 1536 5898 hos
1580 5841 1771 5899 classis
1829 5841 2107 5912 Cibyrata-

2207 4642 2414 4713 jacere.
2447 4636 2494 4694 0
2521 4632 3014 4691 inhumanitatcm!
3041 4629 3240 4685 Multos
3263 4635 3448 4682 autem
3472 4633 3530 4680 et
3560 4622 3701 4678 alios
3731 4637 3802 4677 ex

2210 4731 2572 4804 primoribus,
2601 4724 2972 4798 quigauxiliati
3009 4721 3232 4777 fuerant
3259 4715 3628 4781 Artahuasdo,
3665 4729 3799 4784 per-

2209 4825 2365 4890 emit,
2417 4820 2961 4888 inuumerabilesque
3006 4814 3186 4870 oculis
3242 4823 3298 4868 et
3341 4810 3482 4866 alios
3535 4807 3801 4862 manibus

2210 4931 2310 4975 seu
2342 4915 2580 4986 pedibus
2602 4911 2802 4967 ablatis
2827 4906 3159 4991 debilitavit.
3193 4902 3466 4977 Praecepit
3485 4908 3674 4954 autem
3699 4913 3799 4953 ex-

2212 5007 2388 5065 ternis
2416 5004 2711 5068 militibus,
2743 5001 2839 5071 qui
2878 5014 3070 5056 secum
3107 4994 3343 5068 ingressi
3374 5001 3523 5058 sunt,
3561 4991 3799 5046 introire

2211 5104 2409 5160 domos
2433 5108 2490 5155 et
2514 5111 2712 5168 rapere
2743 5094 3047 5150 familiares
3075 5090 3280 5145 civium
3314 5101 3423 5142 res.
3453 5085 3624 5140 Multa
3657 5097 3801 5153 quo—

2211 5211 2320 5268 que
2345 5204 2404 5250 et
2427 5192 2556 5255 alia,
2592 5189 2728 5259 quin
2750 5197 2809 5243 et
2852 5186 3145 5240 innumera
3181 5181 3322 5237 mala
3356 5177 3480 5233 urbi
3515 5184 3798 5268 monstra-

2210 5267 2312 5344 vit.
2344 5287 2597 5355 Cumque
2625 5278 3080 5352 hippodro'mium
3111 5275 3440 5335 celebraret,
3484 5267 3802 5324 introduxit

2209 5376 2625 5436 Artahuasdum
2649 5389 2758 5429 una
2786 5385 2914 5428 cum
2941 5369 3073 5425 ﬁliis
3114 5369 3234 5439 ejus
3259 5375 3314 5422 et
3345 5363 3537 5419 amicis
3564 5362 3802 5431 ligatum

2211 5488 2314 5544 per
2352 5468 2677 5539 Dihippium
2703 5466 2757 5520 in
2809 5465 3041 5528 circum,
3099 5459 3264 5517 simul
3323 5473 3448 5513 cum
3506 5453 3804 5510 Anastasio

2212 5564 2337 5620 falsi
2385 5560 2630 5618 nominis
2675 5555 3010 5628 patriarcha,
3052 5567 3316 5626 percusso
3363 5547 3586 5619 publice
3638 5554 3696 5599 et
3747 5546 3803 5599 in

2212 5657 2370 5712 asino
2391 5667 2559 5710 verso
2589 5651 2746 5707 vultu
2794 5647 3044 5712 sedente,
3077 5659 3219 5714 quos
3246 5657 3439 5698 omnes
3479 5654 3577 5709 per
3605 5637 3804 5708 Dihip-

2213 5750 2366 5820 pium
2393 5745 2745 5801 intromissos
2768 5742 2824 5796 in
2847 5740 3058 5795 circum
3085 5735 3384 5807 pompavit.
3418 5732 3623 5787 Verum
3657 5731 3804 5784 Ana-

2215 5839 2444 5896 stasimn
2475 5846 2668 5908 utpote
2707 5842 3145 5893 consentaneum
3174 5845 3334 5887 suum
3365 5829 3420 5883 in
3475 5827 3675 5881 throno
3709 5837 3800 5878 sa-
