  <div class='ocr_page' id='page_1' title='image "/cluster/home/n/w/nwhite01/storage/ocr_20150623/108/coo.31924054870120/692.png"; bbox 0 0 4100 6430; ppageno 0'>
   <div class='ocr_carea' id='block_1_1' title="bbox 202 394 348 456">
    <p class='ocr_par' dir='ltr' id='par_1_1' title="bbox 202 394 348 456">
     <span class='ocr_line' id='line_1_1' title="bbox 202 394 348 456; baseline 0.021 -3"><span class='ocrx_word' id='word_1_1' title='bbox 202 394 348 456; x_wconf 73' lang='lat'><strong>1373</strong></span> 
     </span>
    </p>
   </div>
   <div class='ocr_carea' id='block_1_2' title="bbox 995 395 2642 481">
    <p class='ocr_par' dir='ltr' id='par_1_2' title="bbox 995 395 2642 481">
     <span class='ocr_line' id='line_1_2' title="bbox 995 395 2642 481; baseline 0.002 -21"><span class='ocrx_word' id='word_1_2' title='bbox 995 397 1366 460; x_wconf 79' lang='lat' dir='ltr'><strong>HISTORIA</strong></span> <span class='ocrx_word' id='word_1_3' title='bbox 1397 395 1978 481; x_wconf 79' lang='lat' dir='ltr'><strong>ECCLESIASTICA</strong></span> <span class='ocrx_word' id='word_1_4' title='bbox 2011 399 2116 460; x_wconf 81' lang='lat' dir='ltr'><strong>EX</strong></span> <span class='ocrx_word' id='word_1_5' title='bbox 2149 401 2642 464; x_wconf 78' lang='lat' dir='ltr'><strong>THEOPHANE.</strong></span> 
     </span>
    </p>
   </div>
   <div class='ocr_carea' id='block_1_3' title="bbox 3325 407 3462 471">
    <p class='ocr_par' dir='ltr' id='par_1_3' title="bbox 3325 407 3462 471">
     <span class='ocr_line' id='line_1_3' title="bbox 3325 407 3462 471; baseline 0.007 -2"><span class='ocrx_word' id='word_1_6' title='bbox 3325 407 3462 471; x_wconf 61' lang='lat' dir='ltr'><strong>13H</strong></span> 
     </span>
    </p>
   </div>
   <div class='ocr_carea' id='block_1_4' title="bbox 190 505 3469 588">
    <p class='ocr_par' dir='ltr' id='par_1_4' title="bbox 190 505 3469 588">
     <span class='ocr_line' id='line_1_4' title="bbox 190 505 3469 588; baseline 0.005 -27"><span class='ocrx_word' id='word_1_7' title='bbox 190 505 434 562; x_wconf 87' lang='lat' dir='ltr'><strong>cerdotii</strong></span> <span class='ocrx_word' id='word_1_8' title='bbox 507 523 702 565; x_wconf 84' lang='lat' dir='ltr'><strong>rursus</strong></span> <span class='ocrx_word' id='word_1_9' title='bbox 755 509 981 579; x_wconf 87' lang='lat' dir='ltr'><strong>locavit,</strong></span> <span class='ocrx_word' id='word_1_10' title='bbox 1054 512 1347 568; x_wconf 88' lang='lat' dir='ltr'><strong>deterrens</strong></span> <span class='ocrx_word' id='word_1_11' title='bbox 1399 519 1455 565; x_wconf 91' lang='lat' dir='ltr'><strong>et</strong></span> <span class='ocrx_word' id='word_1_12' title='bbox 1525 506 2078 578; x_wconf 80' lang='lat' dir='ltr'><strong>servitutiAgnatos</strong></span> <span class='ocrx_word' id='word_1_13' title='bbox 2103 519 2158 566; x_wconf 89' lang='lat' dir='ltr'><strong>et</strong></span> <span class='ocrx_word' id='word_1_14' title='bbox 2186 512 2418 569; x_wconf 89' lang='lat' dir='ltr'><strong>libertos</strong></span> <span class='ocrx_word' id='word_1_15' title='bbox 2441 513 2653 579; x_wconf 81' lang='lat' dir='ltr'><strong>Hisam,</strong></span> <span class='ocrx_word' id='word_1_16' title='bbox 2687 520 3076 588; x_wconf 81' lang='lat' dir='ltr'><strong>expugnatque</strong></span> <span class='ocrx_word' id='word_1_17' title='bbox 3127 533 3316 576; x_wconf 88' lang='lat' dir='ltr'><strong>muros</strong></span> <span class='ocrx_word' id='word_1_18' title='bbox 3364 521 3469 576; x_wconf 83' lang='lat' dir='ltr'><strong>lle-</strong></span> 
     </span>
    </p>
   </div>
   <div class='ocr_carea' id='block_1_5' title="bbox 189 598 1780 676">
    <p class='ocr_par' dir='ltr' id='par_1_5' title="bbox 189 598 1780 676">
     <span class='ocr_line' id='line_1_5' title="bbox 189 598 1780 676; baseline 0.001 -25"><span class='ocrx_word' id='word_1_19' title='bbox 189 598 517 671; x_wconf 82' lang='lat' dir='ltr'><strong>subjiciens.</strong></span> <span class='ocrx_word' id='word_1_20' title='bbox 549 601 855 658; x_wconf 87' lang='lat' dir='ltr'><strong>Sisinnium</strong></span> <span class='ocrx_word' id='word_1_21' title='bbox 884 621 1015 660; x_wconf 88' lang='lat' dir='ltr'><strong>vero</strong></span> <span class='ocrx_word' id='word_1_22' title='bbox 1044 604 1339 676; x_wconf 87' lang='lat' dir='ltr'><strong>patricium</strong></span> <span class='ocrx_word' id='word_1_23' title='bbox 1383 612 1441 658; x_wconf 90' lang='lat' dir='ltr'><strong>et</strong></span> <span class='ocrx_word' id='word_1_24' title='bbox 1485 609 1780 672; x_wconf 60' lang='lat' dir='ltr'><strong>prastorem</strong></span> 
     </span>
    </p>
   </div>
   <div class='ocr_carea' id='block_1_6' title="bbox 189 693 1783 767">
    <p class='ocr_par' dir='ltr' id='par_1_6' title="bbox 189 693 1783 767">
     <span class='ocr_line' id='line_1_6' title="bbox 189 693 1783 767; baseline -0.001 -19"><span class='ocrx_word' id='word_1_25' title='bbox 189 693 647 760; x_wconf 84' lang='lat' dir='ltr'><strong>Thracesiorum,</strong></span> <span class='ocrx_word' id='word_1_26' title='bbox 689 697 786 767; x_wconf 85' lang='lat' dir='ltr'><strong>qui</strong></span> <span class='ocrx_word' id='word_1_27' title='bbox 827 700 1062 753; x_wconf 90' lang='lat' dir='ltr'><strong>multum</strong></span> <span class='ocrx_word' id='word_1_28' title='bbox 1096 713 1223 752; x_wconf 90' lang='lat' dir='ltr'><strong>cum</strong></span> <span class='ocrx_word' id='word_1_29' title='bbox 1254 713 1322 752; x_wconf 91' lang='lat' dir='ltr'><strong>eo</strong></span> <span class='ocrx_word' id='word_1_30' title='bbox 1354 705 1679 752; x_wconf 86' lang='lat' dir='ltr'><strong>cucurrerat</strong></span> <span class='ocrx_word' id='word_1_31' title='bbox 1725 701 1783 748; x_wconf 93' lang='lat' dir='ltr'><strong>et</strong></span> 
     </span>
    </p>
   </div>
   <div class='ocr_carea' id='block_1_7' title="bbox 187 787 1785 862">
    <p class='ocr_par' dir='ltr' id='par_1_7' title="bbox 187 787 1785 862">
     <span class='ocr_line' id='line_1_7' title="bbox 187 787 1785 862; baseline 0 -23"><span class='ocrx_word' id='word_1_32' title='bbox 187 801 298 855; x_wconf 76' lang='lat' dir='ltr'><strong>pro</strong></span> <span class='ocrx_word' id='word_1_33' title='bbox 333 787 449 857; x_wconf 89' lang='lat' dir='ltr'><strong>ipso</strong></span> <span class='ocrx_word' id='word_1_34' title='bbox 474 797 785 846; x_wconf 74' lang='lat' dir='ltr'><strong>certaverat</strong></span> <span class='ocrx_word' id='word_1_35' title='bbox 827 792 1060 862; x_wconf 81' lang='lat' dir='ltr'><strong>ejusque</strong></span> <span class='ocrx_word' id='word_1_36' title='bbox 1105 789 1478 855; x_wconf 82' lang='lat' dir='ltr'><strong>consobrinus</strong></span> <span class='ocrx_word' id='word_1_37' title='bbox 1530 803 1653 844; x_wconf 86' lang='lat' dir='ltr'><strong>esse</strong></span> <span class='ocrx_word' id='word_1_38' title='bbox 1683 802 1785 840; x_wconf 90' lang='lat' dir='ltr'><strong>no—</strong></span> 
     </span>
    </p>
   </div>
   <div class='ocr_carea' id='block_1_8' title="bbox 187 877 1782 951">
    <p class='ocr_par' dir='ltr' id='par_1_8' title="bbox 187 877 1782 951">
     <span class='ocr_line' id='line_1_8' title="bbox 187 877 1782 951; baseline 0.003 -21"><span class='ocrx_word' id='word_1_39' title='bbox 187 877 476 945; x_wconf 88' lang='lat' dir='ltr'><strong>scebatur,</strong></span> <span class='ocrx_word' id='word_1_40' title='bbox 503 890 628 951; x_wconf 90' lang='lat' dir='ltr'><strong>post</strong></span> <span class='ocrx_word' id='word_1_41' title='bbox 659 881 729 937; x_wconf 73' lang='grc'><strong>40</strong></span> <span class='ocrx_word' id='word_1_42' title='bbox 766 882 887 938; x_wconf 92' lang='lat' dir='ltr'><strong>dies</strong></span> <span class='ocrx_word' id='word_1_43' title='bbox 918 883 1162 947; x_wconf 69' lang='lat' dir='ltr'><strong>caecavit,</strong></span> <span class='ocrx_word' id='word_1_44' title='bbox 1191 883 1288 938; x_wconf 85' lang='lat' dir='ltr'><strong>Dei</strong></span> <span class='ocrx_word' id='word_1_45' title='bbox 1339 882 1603 936; x_wconf 82' lang='lat' dir='ltr'><strong>nimirum</strong></span> <span class='ocrx_word' id='word_1_46' title='bbox 1631 879 1782 951; x_wconf 90' lang='lat' dir='ltr'><strong>judi-</strong></span> 
     </span>
    </p>
   </div>
   <div class='ocr_carea' id='block_1_9' title="bbox 189 969 1782 1052">
    <p class='ocr_par' dir='ltr' id='par_1_9' title="bbox 189 969 1782 1052">
     <span class='ocr_line' id='line_1_9' title="bbox 189 969 1782 1052; baseline 0.003 -29"><span class='ocrx_word' id='word_1_47' title='bbox 189 969 306 1026; x_wconf 89' lang='lat' dir='ltr'><strong>cio.</strong></span> <span class='ocrx_word' id='word_1_48' title='bbox 340 971 444 1040; x_wconf 86' lang='lat' dir='ltr'><strong>Qui</strong></span> <span class='ocrx_word' id='word_1_49' title='bbox 473 975 624 1052; x_wconf 88' lang='lat' dir='ltr'><strong>enim</strong></span> <span class='ocrx_word' id='word_1_50' title='bbox 666 977 968 1030; x_wconf 74' lang='lat' dir='ltr'><strong>auxiliatur</strong></span> <span class='ocrx_word' id='word_1_51' title='bbox 1020 976 1210 1046; x_wconf 90' lang='lat' dir='ltr'><strong>impio,</strong></span> <span class='ocrx_word' id='word_1_52' title='bbox 1268 975 1474 1030; x_wconf 90' lang='lat' dir='ltr'><strong>incidet</strong></span> <span class='ocrx_word' id='word_1_53' title='bbox 1501 975 1558 1030; x_wconf 92' lang='lat' dir='ltr'><strong>in</strong></span> <span class='ocrx_word' id='word_1_54' title='bbox 1587 988 1782 1028; x_wconf 89' lang='lat' dir='ltr'><strong>manus</strong></span> 
     </span>
    </p>
   </div>
   <div class='ocr_carea' id='block_1_10' title="bbox 187 1061 1279 1139">
    <p class='ocr_par' dir='ltr' id='par_1_10' title="bbox 187 1061 1279 1139">
     <span class='ocr_line' id='line_1_10' title="bbox 187 1061 1279 1139; baseline 0.007 -25"><span class='ocrx_word' id='word_1_55' title='bbox 187 1061 336 1136; x_wconf 89' lang='lat' dir='ltr'><strong>ejus,</strong></span> <span class='ocrx_word' id='word_1_56' title='bbox 368 1066 671 1122; x_wconf 89' lang='lat' dir='ltr'><strong>secundum</strong></span> <span class='ocrx_word' id='word_1_57' title='bbox 698 1068 844 1138; x_wconf 90' lang='lat' dir='ltr'><strong>quod</strong></span> <span class='ocrx_word' id='word_1_58' title='bbox 877 1069 1150 1139; x_wconf 90' lang='lat' dir='ltr'><strong>scriptum</strong></span> <span class='ocrx_word' id='word_1_59' title='bbox 1174 1076 1279 1123; x_wconf 92' lang='lat' dir='ltr'><strong>est.</strong></span> 
     </span>
    </p>
   </div>
   <div class='ocr_carea' id='block_1_11' title="bbox 159 1145 1781 1225">
    <p class='ocr_par' dir='ltr' id='par_1_11' title="bbox 159 1145 1781 1225">
     <span class='ocr_line' id='line_1_11' title="bbox 159 1145 1781 1225; baseline 0.001 -14"><span class='ocrx_word' id='word_1_60' title='bbox 159 1152 164 1159; x_wconf 34' lang='grc' dir='ltr'>θ</span> <span class='ocrx_word' id='word_1_61' title='bbox 268 1156 456 1214; x_wconf 85' lang='lat' dir='ltr'><strong>Mundi</strong></span> <span class='ocrx_word' id='word_1_62' title='bbox 505 1175 652 1215; x_wconf 85' lang='lat' dir='ltr'><strong>anno</strong></span> <span class='ocrx_word' id='word_1_63' title='bbox 709 1161 870 1225; x_wconf 77' lang='lat'><strong>6‘256,</strong></span> <span class='ocrx_word' id='word_1_64' title='bbox 920 1161 1123 1216; x_wconf 65' lang='lat' dir='ltr'><strong>divinae</strong></span> <span class='ocrx_word' id='word_1_65' title='bbox 1170 1145 1570 1216; x_wconf 74' lang='lat' dir='ltr'><strong>incarnationis</strong></span> <span class='ocrx_word' id='word_1_66' title='bbox 1635 1173 1781 1213; x_wconf 91' lang='lat' dir='ltr'><strong>anno</strong></span> 
     </span>
    </p>
   </div>
   <div class='ocr_carea' id='block_1_12' title="bbox 189 1247 1782 1322">
    <p class='ocr_par' dir='ltr' id='par_1_12' title="bbox 189 1247 1782 1322">
     <span class='ocr_line' id='line_1_12' title="bbox 189 1247 1782 1322; baseline 0.001 -21"><span class='ocrx_word' id='word_1_67' title='bbox 189 1247 320 1314; x_wconf 78' lang='lat'><strong>756,</strong></span> <span class='ocrx_word' id='word_1_68' title='bbox 365 1264 512 1305; x_wconf 91' lang='lat' dir='ltr'><strong>anno</strong></span> <span class='ocrx_word' id='word_1_69' title='bbox 540 1267 671 1306; x_wconf 79' lang='lat' dir='ltr'><strong>vero</strong></span> <span class='ocrx_word' id='word_1_70' title='bbox 722 1251 938 1322; x_wconf 85' lang='lat' dir='ltr'><strong>imperii</strong></span> <span class='ocrx_word' id='word_1_71' title='bbox 985 1251 1337 1307; x_wconf 87' lang='lat' dir='ltr'><strong>Constantini</strong></span> <span class='ocrx_word' id='word_1_72' title='bbox 1365 1259 1564 1322; x_wconf 88' lang='lat' dir='ltr'><strong>quarto</strong></span> <span class='ocrx_word' id='word_1_73' title='bbox 1598 1250 1782 1304; x_wconf 87' lang='lat' dir='ltr'><strong>Theo-</strong></span> 
     </span>
    </p>
   </div>
   <div class='ocr_carea' id='block_1_13' title="bbox 191 1340 1783 1414">
    <p class='ocr_par' dir='ltr' id='par_1_13' title="bbox 191 1340 1783 1414">
     <span class='ocr_line' id='line_1_13' title="bbox 191 1340 1783 1414; baseline 0.001 -18"><span class='ocrx_word' id='word_1_74' title='bbox 191 1340 484 1414; x_wconf 86' lang='lat' dir='ltr'><strong>phylactus</strong></span> <span class='ocrx_word' id='word_1_75' title='bbox 510 1345 895 1400; x_wconf 84' lang='lat' dir='ltr'><strong>Antiochenus</strong></span> <span class='ocrx_word' id='word_1_76' title='bbox 923 1345 1160 1401; x_wconf 90' lang='lat' dir='ltr'><strong>habetur</strong></span> <span class='ocrx_word' id='word_1_77' title='bbox 1182 1346 1437 1411; x_wconf 88' lang='lat' dir='ltr'><strong>antistes,</strong></span> <span class='ocrx_word' id='word_1_78' title='bbox 1469 1345 1566 1414; x_wconf 88' lang='lat' dir='ltr'><strong>qui</strong></span> <span class='ocrx_word' id='word_1_79' title='bbox 1595 1343 1783 1399; x_wconf 64' lang='lat' dir='ltr'><strong>Eccleo</strong></span> 
     </span>
    </p>
   </div>
   <div class='ocr_carea' id='block_1_14' title="bbox 194 1435 1779 1507">
    <p class='ocr_par' dir='ltr' id='par_1_14' title="bbox 194 1435 1779 1507">
     <span class='ocr_line' id='line_1_14' title="bbox 194 1435 1779 1507; baseline 0.001 -19"><span class='ocrx_word' id='word_1_80' title='bbox 194 1435 288 1490; x_wconf 75' lang='lat' dir='ltr'><strong>sia:</strong></span> <span class='ocrx_word' id='word_1_81' title='bbox 316 1444 524 1506; x_wconf 79' lang='lat' dir='ltr'><strong>septem</strong></span> <span class='ocrx_word' id='word_1_82' title='bbox 551 1437 769 1507; x_wconf 72' lang='lat' dir='ltr'><strong>przel‘uit</strong></span> <span class='ocrx_word' id='word_1_83' title='bbox 799 1439 988 1494; x_wconf 92' lang='lat' dir='ltr'><strong>annis.</strong></span> <span class='ocrx_word' id='word_1_84' title='bbox 1018 1438 1365 1507; x_wconf 87' lang='lat' dir='ltr'><strong>Maruhaque</strong></span> <span class='ocrx_word' id='word_1_85' title='bbox 1393 1437 1503 1493; x_wconf 82' lang='lat' dir='ltr'><strong>dux</strong></span> <span class='ocrx_word' id='word_1_86' title='bbox 1530 1436 1779 1492; x_wconf 85' lang='lat' dir='ltr'><strong>Arabum</strong></span> 
     </span>
    </p>
   </div>
   <div class='ocr_carea' id='block_1_15' title="bbox 193 1528 1782 1602">
    <p class='ocr_par' dir='ltr' id='par_1_15' title="bbox 193 1528 1782 1602">
     <span class='ocr_line' id='line_1_15' title="bbox 193 1528 1782 1602; baseline 0 -20"><span class='ocrx_word' id='word_1_87' title='bbox 193 1530 470 1596; x_wconf 87' lang='lat' dir='ltr'><strong>noscitur,</strong></span> <span class='ocrx_word' id='word_1_88' title='bbox 500 1533 595 1600; x_wconf 91' lang='lat' dir='ltr'><strong>qui</strong></span> <span class='ocrx_word' id='word_1_89' title='bbox 644 1530 986 1602; x_wconf 86' lang='lat' dir='ltr'><strong>principatus</strong></span> <span class='ocrx_word' id='word_1_90' title='bbox 1025 1539 1109 1587; x_wconf 90' lang='lat' dir='ltr'><strong>est</strong></span> <span class='ocrx_word' id='word_1_91' title='bbox 1143 1531 1226 1587; x_wconf 88' lang='lat' dir='ltr'><strong>eis</strong></span> <span class='ocrx_word' id='word_1_92' title='bbox 1283 1530 1445 1586; x_wconf 90' lang='lat' dir='ltr'><strong>annis</strong></span> <span class='ocrx_word' id='word_1_93' title='bbox 1501 1545 1617 1585; x_wconf 83' lang='lat' dir='ltr'><strong>sex.</strong></span> <span class='ocrx_word' id='word_1_94' title='bbox 1663 1528 1782 1583; x_wconf 83' lang='lat' dir='ltr'><strong>l-loc</strong></span> 
     </span>
    </p>
   </div>
   <div class='ocr_carea' id='block_1_16' title="bbox 191 1619 1776 1693">
    <p class='ocr_par' dir='ltr' id='par_1_16' title="bbox 191 1619 1776 1693">
     <span class='ocr_line' id='line_1_16' title="bbox 191 1619 1776 1693; baseline 0 -20"><span class='ocrx_word' id='word_1_95' title='bbox 191 1634 417 1692; x_wconf 90' lang='lat' dir='ltr'><strong>quoque</strong></span> <span class='ocrx_word' id='word_1_96' title='bbox 442 1635 588 1674; x_wconf 91' lang='lat' dir='ltr'><strong>anno</strong></span> <span class='ocrx_word' id='word_1_97' title='bbox 621 1631 869 1676; x_wconf 85' lang='lat' dir='ltr'><strong>cometes</strong></span> <span class='ocrx_word' id='word_1_98' title='bbox 897 1635 1130 1691; x_wconf 84' lang='lat' dir='ltr'><strong>magnus</strong></span> <span class='ocrx_word' id='word_1_99' title='bbox 1158 1620 1212 1674; x_wconf 89' lang='lat' dir='ltr'><strong>in</strong></span> <span class='ocrx_word' id='word_1_100' title='bbox 1261 1619 1419 1693; x_wconf 86' lang='lat' dir='ltr'><strong>Syria</strong></span> <span class='ocrx_word' id='word_1_101' title='bbox 1467 1620 1618 1675; x_wconf 86' lang='lat' dir='ltr'><strong>visus</strong></span> <span class='ocrx_word' id='word_1_102' title='bbox 1669 1628 1776 1683; x_wconf 90' lang='lat' dir='ltr'><strong>est,</strong></span> 
     </span>
    </p>
   </div>
   <div class='ocr_carea' id='block_1_17' title="bbox 187 1711 1776 1778">
    <p class='ocr_par' dir='ltr' id='par_1_17' title="bbox 187 1711 1776 1778">
     <span class='ocr_line' id='line_1_17' title="bbox 187 1711 1776 1778; baseline -0.001 -12"><span class='ocrx_word' id='word_1_103' title='bbox 187 1711 595 1767; x_wconf 90' lang='lat' dir='ltr'><strong>etseditionem</strong></span> <span class='ocrx_word' id='word_1_104' title='bbox 628 1713 931 1768; x_wconf 81' lang='lat' dir='ltr'><strong>concitavit</strong></span> <span class='ocrx_word' id='word_1_105' title='bbox 984 1713 1191 1768; x_wconf 81' lang='lat' dir='ltr'><strong>Thebit</strong></span> <span class='ocrx_word' id='word_1_106' title='bbox 1224 1721 1416 1768; x_wconf 90' lang='lat' dir='ltr'><strong>contra</strong></span> <span class='ocrx_word' id='word_1_107' title='bbox 1466 1712 1776 1778; x_wconf 88' lang='lat' dir='ltr'><strong>Maruham,</strong></span> 
     </span>
    </p>
   </div>
   <div class='ocr_carea' id='block_1_18' title="bbox 188 1797 1777 1872">
    <p class='ocr_par' dir='ltr' id='par_1_18' title="bbox 188 1797 1777 1872">
     <span class='ocr_line' id='line_1_18' title="bbox 188 1797 1777 1872; baseline 0.004 -20"><span class='ocrx_word' id='word_1_108' title='bbox 188 1804 249 1852; x_wconf 90' lang='lat' dir='ltr'><strong>et</strong></span> <span class='ocrx_word' id='word_1_109' title='bbox 279 1797 522 1854; x_wconf 82' lang='lat' dir='ltr'><strong>Dachata</strong></span> <span class='ocrx_word' id='word_1_110' title='bbox 550 1800 953 1866; x_wconf 81' lang='lat' dir='ltr'><strong>Ruritensium,</strong></span> <span class='ocrx_word' id='word_1_111' title='bbox 995 1817 1136 1872; x_wconf 89' lang='lat' dir='ltr'><strong>quos</strong></span> <span class='ocrx_word' id='word_1_112' title='bbox 1171 1802 1398 1856; x_wconf 81' lang='lat' dir='ltr'><strong>Maruha</strong></span> <span class='ocrx_word' id='word_1_113' title='bbox 1447 1812 1637 1872; x_wconf 91' lang='lat' dir='ltr'><strong>captos</strong></span> <span class='ocrx_word' id='word_1_114' title='bbox 1681 1819 1777 1858; x_wconf 91' lang='lat' dir='ltr'><strong>oc-</strong></span> 
     </span>
    </p>
   </div>
   <div class='ocr_carea' id='block_1_19' title="bbox 194 1889 1777 1951">
    <p class='ocr_par' dir='ltr' id='par_1_19' title="bbox 194 1889 1777 1951">
     <span class='ocr_line' id='line_1_19' title="bbox 194 1889 1777 1951; baseline 0.005 -8"><span class='ocrx_word' id='word_1_115' title='bbox 194 1889 328 1945; x_wconf 89' lang='lat' dir='ltr'><strong>cidit</strong></span> <span class='ocrx_word' id='word_1_116' title='bbox 363 1891 417 1946; x_wconf 92' lang='lat' dir='ltr'><strong>in</strong></span> <span class='ocrx_word' id='word_1_117' title='bbox 446 1893 699 1949; x_wconf 86' lang='lat' dir='ltr'><strong>terminis</strong></span> <span class='ocrx_word' id='word_1_118' title='bbox 728 1894 977 1949; x_wconf 67' lang='lat' dir='ltr'><strong>[lentesze</strong></span> <span class='ocrx_word' id='word_1_119' title='bbox 1015 1911 1141 1950; x_wconf 92' lang='lat' dir='ltr'><strong>cum</strong></span> <span class='ocrx_word' id='word_1_120' title='bbox 1192 1895 1550 1950; x_wconf 84' lang='lat' dir='ltr'><strong>multitudine</strong></span> <span class='ocrx_word' id='word_1_121' title='bbox 1605 1895 1777 1951; x_wconf 84' lang='lat' dir='ltr'><strong>bella—</strong></span> 
     </span>
    </p>
   </div>
   <div class='ocr_carea' id='block_1_20' title="bbox 198 1985 1775 2048">
    <p class='ocr_par' dir='ltr' id='par_1_20' title="bbox 198 1985 1775 2048">
     <span class='ocr_line' id='line_1_20' title="bbox 198 1985 1775 2048; baseline 0.003 -11"><span class='ocrx_word' id='word_1_122' title='bbox 198 1993 398 2048; x_wconf 90' lang='lat' dir='ltr'><strong>torum,</strong></span> <span class='ocrx_word' id='word_1_123' title='bbox 439 1985 492 2040; x_wconf 92' lang='lat' dir='ltr'><strong>id</strong></span> <span class='ocrx_word' id='word_1_124' title='bbox 521 1995 605 2041; x_wconf 88' lang='lat' dir='ltr'><strong>est</strong></span> <span class='ocrx_word' id='word_1_125' title='bbox 633 1987 866 2042; x_wconf 89' lang='lat' dir='ltr'><strong>millium</strong></span> <span class='ocrx_word' id='word_1_126' title='bbox 891 1986 1102 2043; x_wconf 89' lang='lat' dir='ltr'><strong>decem.</strong></span> <span class='ocrx_word' id='word_1_127' title='bbox 1157 1988 1366 2042; x_wconf 84' lang='lat' dir='ltr'><strong>Eodem</strong></span> <span class='ocrx_word' id='word_1_128' title='bbox 1421 1987 1586 2043; x_wconf 90' lang='lat' dir='ltr'><strong>etiam</strong></span> <span class='ocrx_word' id='word_1_129' title='bbox 1628 2003 1775 2042; x_wconf 89' lang='lat' dir='ltr'><strong>anno</strong></span> 
     </span>
    </p>
   </div>
   <div class='ocr_carea' id='block_1_21' title="bbox 193 2077 1776 2148">
    <p class='ocr_par' dir='ltr' id='par_1_21' title="bbox 193 2077 1776 2148">
     <span class='ocr_line' id='line_1_21' title="bbox 193 2077 1776 2148; baseline 0.003 -20"><span class='ocrx_word' id='word_1_130' title='bbox 193 2090 357 2144; x_wconf 86' lang='lat' dir='ltr'><strong>prece</strong></span> <span class='ocrx_word' id='word_1_131' title='bbox 391 2077 832 2133; x_wconf 86' lang='lat' dir='ltr'><strong>Christianorum</strong></span> <span class='ocrx_word' id='word_1_132' title='bbox 863 2078 1110 2134; x_wconf 87' lang='lat' dir='ltr'><strong>Orientis</strong></span> <span class='ocrx_word' id='word_1_133' title='bbox 1157 2078 1410 2148; x_wconf 86' lang='lat' dir='ltr'><strong>permisit</strong></span> <span class='ocrx_word' id='word_1_134' title='bbox 1456 2078 1776 2134; x_wconf 89' lang='lat' dir='ltr'><strong>consecrari</strong></span> 
     </span>
    </p>
   </div>
   <div class='ocr_carea' id='block_1_22' title="bbox 191 2164 1778 2244">
    <p class='ocr_par' dir='ltr' id='par_1_22' title="bbox 191 2164 1778 2244">
     <span class='ocr_line' id='line_1_22' title="bbox 191 2164 1778 2244; baseline 0.004 -24"><span class='ocrx_word' id='word_1_135' title='bbox 191 2164 664 2240; x_wconf 77' lang='lat' dir='ltr'><strong>TheOpliylactum</strong></span> <span class='ocrx_word' id='word_1_136' title='bbox 697 2170 1084 2242; x_wconf 86' lang='lat' dir='ltr'><strong>presbyterum</strong></span> <span class='ocrx_word' id='word_1_137' title='bbox 1111 2171 1480 2226; x_wconf 84' lang='lat' dir='ltr'><strong>Hedessinum</strong></span> <span class='ocrx_word' id='word_1_138' title='bbox 1536 2173 1778 2244; x_wconf 81' lang='lat' dir='ltr'><strong>patriar-</strong></span> 
     </span>
    </p>
   </div>
   <div class='ocr_carea' id='block_1_23' title="bbox 193 2259 1778 2336">
    <p class='ocr_par' dir='ltr' id='par_1_23' title="bbox 193 2259 1778 2336">
     <span class='ocr_line' id='line_1_23' title="bbox 193 2259 1778 2336; baseline 0.004 -22"><span class='ocrx_word' id='word_1_139' title='bbox 193 2259 350 2314; x_wconf 90' lang='lat' dir='ltr'><strong>cham</strong></span> <span class='ocrx_word' id='word_1_140' title='bbox 393 2263 722 2330; x_wconf 67' lang='lat' dir='ltr'><strong>Antiochiae,</strong></span> <span class='ocrx_word' id='word_1_141' title='bbox 779 2264 1065 2336; x_wconf 88' lang='lat' dir='ltr'><strong>Stephano</strong></span> <span class='ocrx_word' id='word_1_142' title='bbox 1119 2263 1460 2329; x_wconf 88' lang='lat' dir='ltr'><strong>dormiente,</strong></span> <span class='ocrx_word' id='word_1_143' title='bbox 1511 2274 1569 2320; x_wconf 90' lang='lat' dir='ltr'><strong>et</strong></span> <span class='ocrx_word' id='word_1_144' title='bbox 1627 2266 1778 2321; x_wconf 90' lang='lat' dir='ltr'><strong>hunc</strong></span> 
     </span>
    </p>
   </div>
   <div class='ocr_carea' id='block_1_24' title="bbox 192 2353 1776 2429">
    <p class='ocr_par' dir='ltr' id='par_1_24' title="bbox 192 2353 1776 2429">
     <span class='ocr_line' id='line_1_24' title="bbox 192 2353 1776 2429; baseline 0.006 -23"><span class='ocrx_word' id='word_1_145' title='bbox 192 2353 396 2411; x_wconf 86' lang='lat' dir='ltr'><strong>litteris</strong></span> <span class='ocrx_word' id='word_1_146' title='bbox 440 2357 733 2412; x_wconf 86' lang='lat' dir='ltr'><strong>catholicis</strong></span> <span class='ocrx_word' id='word_1_147' title='bbox 763 2358 1025 2413; x_wconf 91' lang='lat' dir='ltr'><strong>honorari</strong></span> <span class='ocrx_word' id='word_1_148' title='bbox 1053 2358 1317 2429; x_wconf 81' lang='lat' dir='ltr'><strong>praecepit</strong></span> <span class='ocrx_word' id='word_1_149' title='bbox 1346 2358 1417 2412; x_wconf 86' lang='lat' dir='ltr'><strong>ab</strong></span> <span class='ocrx_word' id='word_1_150' title='bbox 1453 2359 1776 2416; x_wconf 82' lang='lat' dir='ltr'><strong>Arabibus:</strong></span> 
     </span>
    </p>
   </div>
   <div class='ocr_carea' id='block_1_25' title="bbox 195 2443 1779 2517">
    <p class='ocr_par' dir='ltr' id='par_1_25' title="bbox 195 2443 1779 2517">
     <span class='ocr_line' id='line_1_25' title="bbox 195 2443 1779 2517; baseline 0.006 -19"><span class='ocrx_word' id='word_1_151' title='bbox 195 2443 349 2499; x_wconf 90' lang='lat' dir='ltr'><strong>donis</strong></span> <span class='ocrx_word' id='word_1_152' title='bbox 370 2446 517 2500; x_wconf 90' lang='lat' dir='ltr'><strong>enim</strong></span> <span class='ocrx_word' id='word_1_153' title='bbox 552 2455 673 2502; x_wconf 90' lang='lat' dir='ltr'><strong>erat</strong></span> <span class='ocrx_word' id='word_1_154' title='bbox 695 2447 1084 2517; x_wconf 85' lang='lat' dir='ltr'><strong>spiritualibus</strong></span> <span class='ocrx_word' id='word_1_155' title='bbox 1112 2448 1436 2513; x_wconf 86' lang='lat' dir='ltr'><strong>adornatus,</strong></span> <span class='ocrx_word' id='word_1_156' title='bbox 1461 2457 1518 2504; x_wconf 92' lang='lat' dir='ltr'><strong>et</strong></span> <span class='ocrx_word' id='word_1_157' title='bbox 1539 2450 1779 2508; x_wconf 86' lang='lat' dir='ltr'><strong>maxime</strong></span> 
     </span>
    </p>
   </div>
   <div class='ocr_carea' id='block_1_26' title="bbox 197 2534 1780 2608">
    <p class='ocr_par' dir='ltr' id='par_1_26' title="bbox 197 2534 1780 2608">
     <span class='ocr_line' id='line_1_26' title="bbox 197 2534 1780 2608; baseline 0.006 -19"><span class='ocrx_word' id='word_1_158' title='bbox 197 2534 477 2605; x_wconf 84' lang='lat' dir='ltr'><strong>pudicitia.</strong></span> <span class='ocrx_word' id='word_1_159' title='bbox 499 2539 658 2608; x_wconf 84' lang='lat' dir='ltr'><strong>Apud</strong></span> <span class='ocrx_word' id='word_1_160' title='bbox 689 2539 806 2595; x_wconf 87' lang='lat' dir='ltr'><strong>Etzi</strong></span> <span class='ocrx_word' id='word_1_161' title='bbox 835 2548 1021 2595; x_wconf 91' lang='lat' dir='ltr'><strong>autem</strong></span> <span class='ocrx_word' id='word_1_162' title='bbox 1055 2550 1276 2595; x_wconf 89' lang='lat' dir='ltr'><strong>centum</strong></span> <span class='ocrx_word' id='word_1_163' title='bbox 1299 2540 1595 2596; x_wconf 87' lang='lat' dir='ltr'><strong>etvicenos</strong></span> <span class='ocrx_word' id='word_1_164' title='bbox 1619 2541 1780 2597; x_wconf 86' lang='lat' dir='ltr'><strong>Chal-</strong></span> 
     </span>
    </p>
   </div>
   <div class='ocr_carea' id='block_1_27' title="bbox 189 2627 1778 2704">
    <p class='ocr_par' dir='ltr' id='par_1_27' title="bbox 189 2627 1778 2704">
     <span class='ocr_line' id='line_1_27' title="bbox 189 2627 1778 2704; baseline 0.005 -23"><span class='ocrx_word' id='word_1_165' title='bbox 189 2627 362 2683; x_wconf 83' lang='lat' dir='ltr'><strong>benos</strong></span> <span class='ocrx_word' id='word_1_166' title='bbox 394 2628 446 2683; x_wconf 92' lang='lat' dir='ltr'><strong>in</strong></span> <span class='ocrx_word' id='word_1_167' title='bbox 480 2630 630 2700; x_wconf 85' lang='lat' dir='ltr'><strong>ligno</strong></span> <span class='ocrx_word' id='word_1_168' title='bbox 673 2631 983 2702; x_wconf 88' lang='lat' dir='ltr'><strong>suspendit.</strong></span> <span class='ocrx_word' id='word_1_169' title='bbox 1016 2633 1190 2687; x_wconf 89' lang='lat' dir='ltr'><strong>Porro</strong></span> <span class='ocrx_word' id='word_1_170' title='bbox 1240 2631 1441 2698; x_wconf 85' lang='lat' dir='ltr'><strong>Habas,</strong></span> <span class='ocrx_word' id='word_1_171' title='bbox 1489 2633 1586 2704; x_wconf 92' lang='lat' dir='ltr'><strong>qui</strong></span> <span class='ocrx_word' id='word_1_172' title='bbox 1633 2635 1778 2689; x_wconf 91' lang='lat' dir='ltr'><strong>mul-</strong></span> 
     </span>
    </p>
   </div>
   <div class='ocr_carea' id='block_1_28' title="bbox 191 2719 1781 2796">
    <p class='ocr_par' dir='ltr' id='par_1_28' title="bbox 191 2719 1781 2796">
     <span class='ocr_line' id='line_1_28' title="bbox 191 2719 1781 2796; baseline 0.002 -20"><span class='ocrx_word' id='word_1_173' title='bbox 191 2729 305 2776; x_wconf 87' lang='lat' dir='ltr'><strong>tum</strong></span> <span class='ocrx_word' id='word_1_174' title='bbox 336 2719 780 2778; x_wconf 89' lang='lat' dir='ltr'><strong>Christianorum</strong></span> <span class='ocrx_word' id='word_1_175' title='bbox 813 2725 1137 2796; x_wconf 87' lang='lat' dir='ltr'><strong>sanguinem</strong></span> <span class='ocrx_word' id='word_1_176' title='bbox 1165 2723 1385 2780; x_wconf 77' lang='lat' dir='ltr'><strong>luditet</strong></span> <span class='ocrx_word' id='word_1_177' title='bbox 1409 2727 1584 2780; x_wconf 82' lang='lat' dir='ltr'><strong>multa</strong></span> <span class='ocrx_word' id='word_1_178' title='bbox 1612 2725 1781 2796; x_wconf 89' lang='lat' dir='ltr'><strong>depo-</strong></span> 
     </span>
    </p>
   </div>
   <div class='ocr_carea' id='block_1_29' title="bbox 195 2814 1777 2887">
    <p class='ocr_par' dir='ltr' id='par_1_29' title="bbox 195 2814 1777 2887">
     <span class='ocr_line' id='line_1_29' title="bbox 195 2814 1777 2887; baseline 0.006 -22"><span class='ocrx_word' id='word_1_179' title='bbox 195 2814 411 2882; x_wconf 89' lang='lat' dir='ltr'><strong>pulatus</strong></span> <span class='ocrx_word' id='word_1_180' title='bbox 445 2825 500 2871; x_wconf 91' lang='lat' dir='ltr'><strong>et</strong></span> <span class='ocrx_word' id='word_1_181' title='bbox 527 2815 879 2887; x_wconf 69' lang='lat' dir='ltr'><strong>depraedatus</strong></span> <span class='ocrx_word' id='word_1_182' title='bbox 907 2827 994 2874; x_wconf 90' lang='lat' dir='ltr'><strong>est</strong></span> <span class='ocrx_word' id='word_1_183' title='bbox 1029 2819 1172 2887; x_wconf 87' lang='lat' dir='ltr'><strong>loca,</strong></span> <span class='ocrx_word' id='word_1_184' title='bbox 1205 2818 1414 2874; x_wconf 88' lang='lat' dir='ltr'><strong>occidit</strong></span> <span class='ocrx_word' id='word_1_185' title='bbox 1437 2818 1495 2873; x_wconf 90' lang='lat' dir='ltr'><strong>in</strong></span> <span class='ocrx_word' id='word_1_186' title='bbox 1531 2834 1777 2876; x_wconf 87' lang='lat' dir='ltr'><strong>carcere.</strong></span> 
     </span>
    </p>
   </div>
   <div class='ocr_carea' id='block_1_30' title="bbox 193 2907 1782 2980">
    <p class='ocr_par' dir='ltr' id='par_1_30' title="bbox 193 2907 1782 2980">
     <span class='ocr_line' id='line_1_30' title="bbox 193 2907 1782 2980; baseline 0.004 -18"><span class='ocrx_word' id='word_1_187' title='bbox 193 2907 326 2962; x_wconf 90' lang='lat' dir='ltr'><strong>Cum</strong></span> <span class='ocrx_word' id='word_1_188' title='bbox 358 2909 510 2964; x_wconf 90' lang='lat' dir='ltr'><strong>enim</strong></span> <span class='ocrx_word' id='word_1_189' title='bbox 541 2911 767 2980; x_wconf 90' lang='lat' dir='ltr'><strong>quidam</strong></span> <span class='ocrx_word' id='word_1_190' title='bbox 795 2928 826 2967; x_wconf 91' lang='lat' dir='ltr'><strong>a</strong></span> <span class='ocrx_word' id='word_1_191' title='bbox 855 2913 1139 2968; x_wconf 87' lang='lat' dir='ltr'><strong>Maruham</strong></span> <span class='ocrx_word' id='word_1_192' title='bbox 1183 2912 1254 2968; x_wconf 90' lang='lat' dir='ltr'><strong>ad</strong></span> <span class='ocrx_word' id='word_1_193' title='bbox 1279 2913 1386 2968; x_wconf 90' lang='lat' dir='ltr'><strong>hoc</strong></span> <span class='ocrx_word' id='word_1_194' title='bbox 1405 2913 1610 2969; x_wconf 89' lang='lat' dir='ltr'><strong>missus</strong></span> <span class='ocrx_word' id='word_1_195' title='bbox 1633 2922 1782 2969; x_wconf 88' lang='lat' dir='ltr'><strong>esset</strong></span> 
     </span>
    </p>
   </div>
   <div class='ocr_carea' id='block_1_31' title="bbox 197 2995 1782 3074">
    <p class='ocr_par' dir='ltr' id='par_1_31' title="bbox 197 2995 1782 3074">
     <span class='ocr_line' id='line_1_31' title="bbox 197 2995 1782 3074; baseline 0.006 -24"><span class='ocrx_word' id='word_1_196' title='bbox 197 2995 473 3070; x_wconf 65' lang='lat' dir='ltr'><strong>Ethiops,</strong></span> <span class='ocrx_word' id='word_1_197' title='bbox 502 3001 672 3067; x_wconf 85' lang='lat' dir='ltr'><strong>venit,</strong></span> <span class='ocrx_word' id='word_1_198' title='bbox 702 3013 760 3056; x_wconf 91' lang='lat' dir='ltr'><strong>ct</strong></span> <span class='ocrx_word' id='word_1_199' title='bbox 779 3003 1006 3074; x_wconf 90' lang='lat' dir='ltr'><strong>impleto</strong></span> <span class='ocrx_word' id='word_1_200' title='bbox 1033 3019 1194 3059; x_wconf 90' lang='lat' dir='ltr'><strong>sacco</strong></span> <span class='ocrx_word' id='word_1_201' title='bbox 1217 3004 1339 3058; x_wconf 84' lang='lat' dir='ltr'><strong>viva</strong></span> <span class='ocrx_word' id='word_1_202' title='bbox 1363 3004 1514 3060; x_wconf 89' lang='lat' dir='ltr'><strong>calce</strong></span> <span class='ocrx_word' id='word_1_203' title='bbox 1529 3004 1782 3060; x_wconf 69' lang='lat' dir='ltr'><strong>introivit</strong></span> 
     </span>
    </p>
   </div>
   <div class='ocr_carea' id='block_1_32' title="bbox 191 3088 1783 3168">
    <p class='ocr_par' dir='ltr' id='par_1_32' title="bbox 191 3088 1783 3168">
     <span class='ocr_line' id='line_1_32' title="bbox 191 3088 1783 3168; baseline 0.005 -26"><span class='ocrx_word' id='word_1_204' title='bbox 191 3088 256 3142; x_wconf 88' lang='lat' dir='ltr'><strong>ad</strong></span> <span class='ocrx_word' id='word_1_205' title='bbox 290 3103 440 3157; x_wconf 88' lang='lat' dir='ltr'><strong>eum,</strong></span> <span class='ocrx_word' id='word_1_206' title='bbox 467 3090 708 3164; x_wconf 84' lang='lat' dir='ltr'><strong>folleqne</strong></span> <span class='ocrx_word' id='word_1_207' title='bbox 734 3094 800 3149; x_wconf 92' lang='lat' dir='ltr'><strong>ad</strong></span> <span class='ocrx_word' id='word_1_208' title='bbox 828 3103 1016 3155; x_wconf 88' lang='lat' dir='ltr'><strong>totum</strong></span> <span class='ocrx_word' id='word_1_209' title='bbox 1036 3107 1205 3168; x_wconf 89' lang='lat' dir='ltr'><strong>caput</strong></span> <span class='ocrx_word' id='word_1_210' title='bbox 1229 3105 1287 3151; x_wconf 91' lang='lat' dir='ltr'><strong>et</strong></span> <span class='ocrx_word' id='word_1_211' title='bbox 1323 3111 1488 3152; x_wconf 89' lang='lat' dir='ltr'><strong>nares</strong></span> <span class='ocrx_word' id='word_1_212' title='bbox 1511 3098 1634 3168; x_wconf 83' lang='lat' dir='ltr'><strong>ejus</strong></span> <span class='ocrx_word' id='word_1_213' title='bbox 1680 3097 1783 3150; x_wconf 88' lang='lat' dir='ltr'><strong>im-</strong></span> 
     </span>
    </p>
   </div>
   <div class='ocr_carea' id='block_1_33' title="bbox 1885 602 3473 682">
    <p class='ocr_par' dir='ltr' id='par_1_33' title="bbox 1885 602 3473 682">
     <span class='ocr_line' id='line_1_33' title="bbox 1885 602 3473 682; baseline 0.009 -26"><span class='ocrx_word' id='word_1_214' title='bbox 1885 602 2150 673; x_wconf 89' lang='lat' dir='ltr'><strong>liopoleos</strong></span> <span class='ocrx_word' id='word_1_215' title='bbox 2175 615 2232 661; x_wconf 91' lang='lat' dir='ltr'><strong>et</strong></span> <span class='ocrx_word' id='word_1_216' title='bbox 2261 607 2511 664; x_wconf 88' lang='lat' dir='ltr'><strong>Damasci</strong></span> <span class='ocrx_word' id='word_1_217' title='bbox 2534 619 2592 664; x_wconf 85' lang='lat' dir='ltr'><strong>et</strong></span> <span class='ocrx_word' id='word_1_218' title='bbox 2623 609 3150 682; x_wconf 85' lang='lat' dir='ltr'><strong>Hierosolymorum,</strong></span> <span class='ocrx_word' id='word_1_219' title='bbox 3185 615 3473 671; x_wconf 84' lang='lat' dir='ltr'><strong>trucidans</strong></span> 
     </span>
    </p>
   </div>
   <div class='ocr_carea' id='block_1_34' title="bbox 1884 698 3149 769">
    <p class='ocr_par' dir='ltr' id='par_1_34' title="bbox 1884 698 3149 769">
     <span class='ocr_line' id='line_1_34' title="bbox 1884 698 3149 769; baseline 0.009 -19"><span class='ocrx_word' id='word_1_220' title='bbox 1884 698 2090 754; x_wconf 88' lang='lat' dir='ltr'><strong>multos</strong></span> <span class='ocrx_word' id='word_1_221' title='bbox 2115 708 2371 769; x_wconf 91' lang='lat' dir='ltr'><strong>potentes</strong></span> <span class='ocrx_word' id='word_1_222' title='bbox 2403 710 2460 754; x_wconf 88' lang='lat' dir='ltr'><strong>et</strong></span> <span class='ocrx_word' id='word_1_223' title='bbox 2496 701 2834 760; x_wconf 88' lang='lat' dir='ltr'><strong>detruncans</strong></span> <span class='ocrx_word' id='word_1_224' title='bbox 2868 704 3149 762; x_wconf 90' lang='lat' dir='ltr'><strong>residuos.</strong></span> 
     </span>
    </p>
   </div>
   <div class='ocr_carea' id='block_1_35' title="bbox 1955 789 3470 863">
    <p class='ocr_par' dir='ltr' id='par_1_35' title="bbox 1955 789 3470 863">
     <span class='ocr_line' id='line_1_35' title="bbox 1955 789 3470 863; baseline 0.006 -20"><span class='ocrx_word' id='word_1_225' title='bbox 1955 789 2141 844; x_wconf 87' lang='lat' dir='ltr'><strong>Mundi</strong></span> <span class='ocrx_word' id='word_1_226' title='bbox 2166 805 2312 845; x_wconf 89' lang='lat' dir='ltr'><strong>anno</strong></span> <span class='ocrx_word' id='word_1_227' title='bbox 2341 791 2502 856; x_wconf 70' lang='lat'><strong>6238,</strong></span> <span class='ocrx_word' id='word_1_228' title='bbox 2523 793 2727 848; x_wconf 77' lang='lat' dir='ltr'><strong>divinze</strong></span> <span class='ocrx_word' id='word_1_229' title='bbox 2755 794 3156 850; x_wconf 87' lang='lat' dir='ltr'><strong>incarnationis</strong></span> <span class='ocrx_word' id='word_1_230' title='bbox 3175 812 3321 854; x_wconf 91' lang='lat' dir='ltr'><strong>anno</strong></span> <span class='ocrx_word' id='word_1_231' title='bbox 3344 799 3470 863; x_wconf 76' lang='lat'><strong>738,</strong></span> 
     </span>
    </p>
   </div>
   <div class='ocr_carea' id='block_1_36' title="bbox 1882 885 3471 956">
    <p class='ocr_par' dir='ltr' id='par_1_36' title="bbox 1882 885 3471 956">
     <span class='ocr_line' id='line_1_36' title="bbox 1882 885 3471 956; baseline 0.004 -22"><span class='ocrx_word' id='word_1_232' title='bbox 1882 895 2030 936; x_wconf 87' lang='lat' dir='ltr'><strong>anno</strong></span> <span class='ocrx_word' id='word_1_233' title='bbox 2081 897 2214 937; x_wconf 90' lang='lat' dir='ltr'><strong>vero</strong></span> <span class='ocrx_word' id='word_1_234' title='bbox 2275 885 2494 956; x_wconf 87' lang='lat' dir='ltr'><strong>imperii</strong></span> <span class='ocrx_word' id='word_1_235' title='bbox 2552 885 2898 941; x_wconf 91' lang='lat' dir='ltr'><strong>Constantini</strong></span> <span class='ocrx_word' id='word_1_236' title='bbox 2961 893 3117 940; x_wconf 79' lang='lat' dir='ltr'><strong>sexto</strong></span> <span class='ocrx_word' id='word_1_237' title='bbox 3171 886 3348 942; x_wconf 84' lang='lat' dir='ltr'><strong>factus</strong></span> <span class='ocrx_word' id='word_1_238' title='bbox 3384 898 3471 942; x_wconf 85' lang='lat' dir='ltr'><strong>est</strong></span> 
     </span>
    </p>
   </div>
   <div class='ocr_carea' id='block_1_37' title="bbox 1885 974 3470 1044">
    <p class='ocr_par' dir='ltr' id='par_1_37' title="bbox 1885 974 3470 1044">
     <span class='ocr_line' id='line_1_37' title="bbox 1885 974 3470 1044; baseline 0.008 -24"><span class='ocrx_word' id='word_1_239' title='bbox 1885 976 2043 1022; x_wconf 66' lang='lat' dir='ltr'><strong>terrae</strong></span> <span class='ocrx_word' id='word_1_240' title='bbox 2082 981 2268 1027; x_wconf 91' lang='lat' dir='ltr'><strong>motus</strong></span> <span class='ocrx_word' id='word_1_241' title='bbox 2302 989 2534 1044; x_wconf 88' lang='lat' dir='ltr'><strong>magnus</strong></span> <span class='ocrx_word' id='word_1_242' title='bbox 2570 975 2626 1030; x_wconf 93' lang='lat' dir='ltr'><strong>in</strong></span> <span class='ocrx_word' id='word_1_243' title='bbox 2674 974 2962 1030; x_wconf 67' lang='lat' dir='ltr'><strong>Palaestina</strong></span> <span class='ocrx_word' id='word_1_244' title='bbox 3008 983 3065 1030; x_wconf 92' lang='lat' dir='ltr'><strong>et</strong></span> <span class='ocrx_word' id='word_1_245' title='bbox 3098 976 3245 1031; x_wconf 90' lang='lat' dir='ltr'><strong>circa</strong></span> <span class='ocrx_word' id='word_1_246' title='bbox 3275 976 3470 1033; x_wconf 83' lang='lat' dir='ltr'><strong>Jorda-</strong></span> 
     </span>
    </p>
   </div>
   <div class='ocr_carea' id='block_1_38' title="bbox 1883 1065 3465 1137">
    <p class='ocr_par' dir='ltr' id='par_1_38' title="bbox 1883 1065 3465 1137">
     <span class='ocr_line' id='line_1_38' title="bbox 1883 1065 3465 1137; baseline 0.004 -22"><span class='ocrx_word' id='word_1_247' title='bbox 1883 1075 2009 1116; x_wconf 88' lang='lat' dir='ltr'><strong>nem</strong></span> <span class='ocrx_word' id='word_1_248' title='bbox 2038 1071 2096 1117; x_wconf 92' lang='lat' dir='ltr'><strong>et</strong></span> <span class='ocrx_word' id='word_1_249' title='bbox 2120 1071 2291 1118; x_wconf 92' lang='lat' dir='ltr'><strong>totam</strong></span> <span class='ocrx_word' id='word_1_250' title='bbox 2324 1065 2535 1137; x_wconf 88' lang='lat' dir='ltr'><strong>Syriam</strong></span> <span class='ocrx_word' id='word_1_251' title='bbox 2567 1082 2757 1122; x_wconf 88' lang='lat' dir='ltr'><strong>mense</strong></span> <span class='ocrx_word' id='word_1_252' title='bbox 2775 1065 3060 1129; x_wconf 84' lang='lat' dir='ltr'><strong>Januario,</strong></span> <span class='ocrx_word' id='word_1_253' title='bbox 3095 1067 3230 1122; x_wconf 91' lang='lat' dir='ltr'><strong>hora</strong></span> <span class='ocrx_word' id='word_1_254' title='bbox 3246 1078 3465 1137; x_wconf 84' lang='lat' dir='ltr'><strong>quarta,</strong></span> 
     </span>
    </p>
   </div>
   <div class='ocr_carea' id='block_1_39' title="bbox 1882 1155 3464 1227">
    <p class='ocr_par' dir='ltr' id='par_1_39' title="bbox 1882 1155 3464 1227">
     <span class='ocr_line' id='line_1_39' title="bbox 1882 1155 3464 1227; baseline 0.004 -21"><span class='ocrx_word' id='word_1_255' title='bbox 1882 1162 1938 1208; x_wconf 91' lang='lat' dir='ltr'><strong>et</strong></span> <span class='ocrx_word' id='word_1_256' title='bbox 1956 1155 2129 1210; x_wconf 90' lang='lat' dir='ltr'><strong>multa</strong></span> <span class='ocrx_word' id='word_1_257' title='bbox 2161 1156 2355 1222; x_wconf 91' lang='lat' dir='ltr'><strong>millia,</strong></span> <span class='ocrx_word' id='word_1_258' title='bbox 2381 1158 2518 1227; x_wconf 91' lang='lat' dir='ltr'><strong>quin</strong></span> <span class='ocrx_word' id='word_1_259' title='bbox 2546 1166 2603 1213; x_wconf 93' lang='lat' dir='ltr'><strong>et</strong></span> <span class='ocrx_word' id='word_1_260' title='bbox 2627 1158 3053 1214; x_wconf 88' lang='lat' dir='ltr'><strong>innumerabilia</strong></span> <span class='ocrx_word' id='word_1_261' title='bbox 3082 1170 3296 1216; x_wconf 89' lang='lat' dir='ltr'><strong>mortua</strong></span> <span class='ocrx_word' id='word_1_262' title='bbox 3313 1171 3464 1222; x_wconf 90' lang='lat' dir='ltr'><strong>sunt,</strong></span> 
     </span>
    </p>
   </div>
   <div class='ocr_carea' id='block_1_40' title="bbox 1881 1248 3465 1321">
    <p class='ocr_par' dir='ltr' id='par_1_40' title="bbox 1881 1248 3465 1321">
     <span class='ocr_line' id='line_1_40' title="bbox 1881 1248 3465 1321; baseline 0.007 -20"><span class='ocrx_word' id='word_1_263' title='bbox 1881 1248 2242 1318; x_wconf 84' lang='lat' dir='ltr'><strong>ecclesiaeque</strong></span> <span class='ocrx_word' id='word_1_264' title='bbox 2278 1266 2342 1306; x_wconf 89' lang='lat' dir='ltr'><strong>ac</strong></span> <span class='ocrx_word' id='word_1_265' title='bbox 2366 1255 2698 1308; x_wconf 88' lang='lat' dir='ltr'><strong>monasteria</strong></span> <span class='ocrx_word' id='word_1_266' title='bbox 2745 1266 3102 1321; x_wconf 88' lang='lat' dir='ltr'><strong>corruerunt,</strong></span> <span class='ocrx_word' id='word_1_267' title='bbox 3136 1264 3194 1311; x_wconf 88' lang='lat' dir='ltr'><strong>et</strong></span> <span class='ocrx_word' id='word_1_268' title='bbox 3227 1257 3465 1312; x_wconf 81' lang='lat' dir='ltr'><strong>maxime</strong></span> 
     </span>
    </p>
   </div>
   <div class='ocr_carea' id='block_1_41' title="bbox 1882 1345 2858 1408">
    <p class='ocr_par' dir='ltr' id='par_1_41' title="bbox 1882 1345 2858 1408">
     <span class='ocr_line' id='line_1_41' title="bbox 1882 1345 2858 1408; baseline 0.008 -16"><span class='ocrx_word' id='word_1_269' title='bbox 1882 1353 2052 1408; x_wconf 85' lang='lat' dir='ltr'><strong>penes</strong></span> <span class='ocrx_word' id='word_1_270' title='bbox 2074 1355 2325 1396; x_wconf 89' lang='lat' dir='ltr'><strong>eremum</strong></span> <span class='ocrx_word' id='word_1_271' title='bbox 2356 1354 2561 1398; x_wconf 74' lang='lat' dir='ltr'><strong>sancta:</strong></span> <span class='ocrx_word' id='word_1_272' title='bbox 2596 1345 2858 1401; x_wconf 86' lang='lat' dir='ltr'><strong>civitatis.</strong></span> 
     </span>
    </p>
   </div>
   <div class='ocr_carea' id='block_1_42' title="bbox 1952 1431 3469 1504">
    <p class='ocr_par' dir='ltr' id='par_1_42' title="bbox 1952 1431 3469 1504">
     <span class='ocr_line' id='line_1_42' title="bbox 1952 1431 3469 1504; baseline 0.007 -20"><span class='ocrx_word' id='word_1_273' title='bbox 1952 1431 2160 1488; x_wconf 85' lang='lat' dir='ltr'><strong>Eodem</strong></span> <span class='ocrx_word' id='word_1_274' title='bbox 2191 1449 2325 1488; x_wconf 85' lang='lat' dir='ltr'><strong>vero</strong></span> <span class='ocrx_word' id='word_1_275' title='bbox 2348 1450 2494 1490; x_wconf 89' lang='lat' dir='ltr'><strong>anno</strong></span> <span class='ocrx_word' id='word_1_276' title='bbox 2524 1439 2788 1504; x_wconf 87' lang='lat' dir='ltr'><strong>pestilens</strong></span> <span class='ocrx_word' id='word_1_277' title='bbox 2823 1455 2974 1495; x_wconf 90' lang='lat' dir='ltr'><strong>mors</strong></span> <span class='ocrx_word' id='word_1_278' title='bbox 3013 1457 3043 1495; x_wconf 89' lang='lat' dir='ltr'><strong>a</strong></span> <span class='ocrx_word' id='word_1_279' title='bbox 3070 1440 3258 1496; x_wconf 90' lang='lat' dir='ltr'><strong>Sicilia</strong></span> <span class='ocrx_word' id='word_1_280' title='bbox 3280 1449 3337 1495; x_wconf 89' lang='lat' dir='ltr'><strong>et</strong></span> <span class='ocrx_word' id='word_1_281' title='bbox 3365 1440 3469 1496; x_wconf 89' lang='lat' dir='ltr'><strong>Ca-</strong></span> 
     </span>
    </p>
   </div>
   <div class='ocr_carea' id='block_1_43' title="bbox 1881 1516 3467 1601">
    <p class='ocr_par' dir='ltr' id='par_1_43' title="bbox 1881 1516 3467 1601">
     <span class='ocr_line' id='line_1_43' title="bbox 1881 1516 3467 1601; baseline 0.006 -32"><span class='ocrx_word' id='word_1_282' title='bbox 1881 1516 2057 1573; x_wconf 89' lang='lat' dir='ltr'><strong>labria</strong></span> <span class='ocrx_word' id='word_1_283' title='bbox 2096 1518 2392 1588; x_wconf 89' lang='lat' dir='ltr'><strong>incipiens,</strong></span> <span class='ocrx_word' id='word_1_284' title='bbox 2429 1521 2604 1576; x_wconf 89' lang='lat' dir='ltr'><strong>veluti</strong></span> <span class='ocrx_word' id='word_1_285' title='bbox 2627 1523 2853 1601; x_wconf 75' lang='lat' dir='ltr'><strong>quidam</strong></span> <span class='ocrx_word' id='word_1_286' title='bbox 2878 1525 3022 1594; x_wconf 82' lang='lat' dir='ltr'><strong>ignis</strong></span> <span class='ocrx_word' id='word_1_287' title='bbox 3045 1525 3372 1596; x_wconf 86' lang='lat' dir='ltr'><strong>depascens,</strong></span> <span class='ocrx_word' id='word_1_288' title='bbox 3397 1525 3467 1578; x_wconf 87' lang='lat' dir='ltr'><strong>ad</strong></span> 
     </span>
    </p>
   </div>
   <div class='ocr_carea' id='block_1_44' title="bbox 1881 1608 3470 1686">
    <p class='ocr_par' dir='ltr' id='par_1_44' title="bbox 1881 1608 3470 1686">
     <span class='ocr_line' id='line_1_44' title="bbox 1881 1608 3470 1686; baseline 0.006 -25"><span class='ocrx_word' id='word_1_289' title='bbox 1881 1608 2279 1677; x_wconf 84' lang='lat' dir='ltr'><strong>Monobasiam,</strong></span> <span class='ocrx_word' id='word_1_290' title='bbox 2312 1610 2594 1668; x_wconf 86' lang='lat' dir='ltr'><strong>Helladem</strong></span> <span class='ocrx_word' id='word_1_291' title='bbox 2626 1624 2794 1685; x_wconf 88' lang='lat' dir='ltr'><strong>atque</strong></span> <span class='ocrx_word' id='word_1_292' title='bbox 2834 1616 3224 1686; x_wconf 89' lang='lat' dir='ltr'><strong>interjaeentes</strong></span> <span class='ocrx_word' id='word_1_293' title='bbox 3259 1618 3470 1671; x_wconf 86' lang='lat' dir='ltr'><strong>insulas</strong></span> 
     </span>
    </p>
   </div>
   <div class='ocr_carea' id='block_1_45' title="bbox 1879 1701 3467 1777">
    <p class='ocr_par' dir='ltr' id='par_1_45' title="bbox 1879 1701 3467 1777">
     <span class='ocr_line' id='line_1_45' title="bbox 1879 1701 3467 1777; baseline 0.006 -24"><span class='ocrx_word' id='word_1_294' title='bbox 1879 1701 2034 1756; x_wconf 88' lang='lat' dir='ltr'><strong>venit</strong></span> <span class='ocrx_word' id='word_1_295' title='bbox 2081 1717 2178 1772; x_wconf 91' lang='lat' dir='ltr'><strong>per</strong></span> <span class='ocrx_word' id='word_1_296' title='bbox 2228 1710 2398 1758; x_wconf 91' lang='lat' dir='ltr'><strong>totam</strong></span> <span class='ocrx_word' id='word_1_297' title='bbox 2435 1704 2709 1761; x_wconf 88' lang='lat' dir='ltr'><strong>decimam</strong></span> <span class='ocrx_word' id='word_1_298' title='bbox 2768 1717 3022 1777; x_wconf 88' lang='lat' dir='ltr'><strong>quartam</strong></span> <span class='ocrx_word' id='word_1_299' title='bbox 3081 1708 3467 1772; x_wconf 88' lang='lat' dir='ltr'><strong>indictionem,</strong></span> 
     </span>
    </p>
   </div>
   <div class='ocr_carea' id='block_1_46' title="bbox 1881 1791 3468 1866">
    <p class='ocr_par' dir='ltr' id='par_1_46' title="bbox 1881 1791 3468 1866">
     <span class='ocr_line' id='line_1_46' title="bbox 1881 1791 3468 1866; baseline 0.005 -19"><span class='ocrx_word' id='word_1_300' title='bbox 1881 1791 2163 1866; x_wconf 86' lang='lat' dir='ltr'><strong>ﬂagellans</strong></span> <span class='ocrx_word' id='word_1_301' title='bbox 2213 1794 2394 1864; x_wconf 88' lang='lat' dir='ltr'><strong>ipsum</strong></span> <span class='ocrx_word' id='word_1_302' title='bbox 2448 1795 2872 1854; x_wconf 88' lang='lat' dir='ltr'><strong>Constantinum</strong></span> <span class='ocrx_word' id='word_1_303' title='bbox 2901 1839 2917 1862; x_wconf 89' lang='lat'><strong>,</strong></span> <span class='ocrx_word' id='word_1_304' title='bbox 2981 1809 3037 1855; x_wconf 91' lang='lat' dir='ltr'><strong>et</strong></span> <span class='ocrx_word' id='word_1_305' title='bbox 3094 1800 3363 1855; x_wconf 88' lang='lat' dir='ltr'><strong>cohibens</strong></span> <span class='ocrx_word' id='word_1_306' title='bbox 3397 1801 3468 1856; x_wconf 89' lang='lat' dir='ltr'><strong>ab</strong></span> 
     </span>
    </p>
   </div>
   <div class='ocr_carea' id='block_1_47' title="bbox 1880 1885 3469 1956">
    <p class='ocr_par' dir='ltr' id='par_1_47' title="bbox 1880 1885 3469 1956">
     <span class='ocr_line' id='line_1_47' title="bbox 1880 1885 3469 1956; baseline 0.006 -17"><span class='ocrx_word' id='word_1_307' title='bbox 1880 1885 2117 1952; x_wconf 87' lang='lat' dir='ltr'><strong>insania,</strong></span> <span class='ocrx_word' id='word_1_308' title='bbox 2148 1902 2256 1956; x_wconf 90' lang='lat' dir='ltr'><strong>qua</strong></span> <span class='ocrx_word' id='word_1_309' title='bbox 2289 1887 2557 1944; x_wconf 91' lang='lat' dir='ltr'><strong>adversus</strong></span> <span class='ocrx_word' id='word_1_310' title='bbox 2581 1901 2805 1946; x_wconf 90' lang='lat' dir='ltr'><strong>sanctas</strong></span> <span class='ocrx_word' id='word_1_311' title='bbox 2827 1891 3091 1948; x_wconf 89' lang='lat' dir='ltr'><strong>ecclesias</strong></span> <span class='ocrx_word' id='word_1_312' title='bbox 3129 1901 3188 1948; x_wconf 92' lang='lat' dir='ltr'><strong>et</strong></span> <span class='ocrx_word' id='word_1_313' title='bbox 3234 1908 3469 1948; x_wconf 83' lang='lat' dir='ltr'><strong>venera-</strong></span> 
     </span>
    </p>
   </div>
   <div class='ocr_carea' id='block_1_48' title="bbox 1877 1979 3469 2052">
    <p class='ocr_par' dir='ltr' id='par_1_48' title="bbox 1877 1979 3469 2052">
     <span class='ocr_line' id='line_1_48' title="bbox 1877 1979 3469 2052; baseline 0.005 -18"><span class='ocrx_word' id='word_1_314' title='bbox 1877 1979 2020 2052; x_wconf 85' lang='lat' dir='ltr'><strong>biles</strong></span> <span class='ocrx_word' id='word_1_315' title='bbox 2049 1979 2320 2052; x_wconf 75' lang='lat' dir='ltr'><strong>imagines</strong></span> <span class='ocrx_word' id='word_1_316' title='bbox 2349 1981 2699 2039; x_wconf 89' lang='lat' dir='ltr'><strong>irritabatur.</strong></span> <span class='ocrx_word' id='word_1_317' title='bbox 2724 1984 2931 2040; x_wconf 83' lang='lat' dir='ltr'><strong>Verum</strong></span> <span class='ocrx_word' id='word_1_318' title='bbox 2987 1984 3101 2052; x_wconf 91' lang='lat' dir='ltr'><strong>ille,</strong></span> <span class='ocrx_word' id='word_1_319' title='bbox 3141 1994 3204 2041; x_wconf 93' lang='lat' dir='ltr'><strong>ut</strong></span> <span class='ocrx_word' id='word_1_320' title='bbox 3253 1987 3469 2042; x_wconf 90' lang='lat' dir='ltr'><strong>Pharao</strong></span> 
     </span>
    </p>
   </div>
   <div class='ocr_carea' id='block_1_49' title="bbox 1878 2070 3468 2148">
    <p class='ocr_par' dir='ltr' id='par_1_49' title="bbox 1878 2070 3468 2148">
     <span class='ocr_line' id='line_1_49' title="bbox 1878 2070 3468 2148; baseline 0.006 -23"><span class='ocrx_word' id='word_1_321' title='bbox 1878 2070 2182 2142; x_wconf 90' lang='lat' dir='ltr'><strong>quondam,</strong></span> <span class='ocrx_word' id='word_1_322' title='bbox 2216 2072 2564 2130; x_wconf 91' lang='lat' dir='ltr'><strong>incorrectus</strong></span> <span class='ocrx_word' id='word_1_323' title='bbox 2593 2077 2922 2146; x_wconf 87' lang='lat' dir='ltr'><strong>permansit.</strong></span> <span class='ocrx_word' id='word_1_324' title='bbox 2955 2077 3098 2134; x_wconf 88' lang='lat' dir='ltr'><strong>Sane</strong></span> <span class='ocrx_word' id='word_1_325' title='bbox 3151 2080 3468 2148; x_wconf 85' lang='lat' dir='ltr'><strong>pestilentia</strong></span> 
     </span>
    </p>
   </div>
   <div class='ocr_carea' id='block_1_50' title="bbox 1879 2163 3470 2242">
    <p class='ocr_par' dir='ltr' id='par_1_50' title="bbox 1879 2163 3470 2242">
     <span class='ocr_line' id='line_1_50' title="bbox 1879 2163 3470 2242; baseline 0.006 -23"><span class='ocrx_word' id='word_1_326' title='bbox 1879 2163 1997 2220; x_wconf 64' lang='lat' dir='ltr'><strong>haec</strong></span> <span class='ocrx_word' id='word_1_327' title='bbox 2028 2164 2270 2222; x_wconf 88' lang='lat' dir='ltr'><strong>bubonis</strong></span> <span class='ocrx_word' id='word_1_328' title='bbox 2303 2165 2627 2225; x_wconf 86' lang='lat' dir='ltr'><strong>discurrens</strong></span> <span class='ocrx_word' id='word_1_329' title='bbox 2672 2170 2888 2226; x_wconf 89' lang='lat' dir='ltr'><strong>decima</strong></span> <span class='ocrx_word' id='word_1_330' title='bbox 2934 2173 3129 2242; x_wconf 85' lang='lat' dir='ltr'><strong>quinta</strong></span> <span class='ocrx_word' id='word_1_331' title='bbox 3165 2173 3470 2230; x_wconf 87' lang='lat' dir='ltr'><strong>indictione</strong></span> 
     </span>
    </p>
   </div>
   <div class='ocr_carea' id='block_1_51' title="bbox 1881 2256 3474 2332">
    <p class='ocr_par' dir='ltr' id='par_1_51' title="bbox 1881 2256 3474 2332">
     <span class='ocr_line' id='line_1_51' title="bbox 1881 2256 3474 2332; baseline 0.007 -23"><span class='ocrx_word' id='word_1_332' title='bbox 1881 2256 2089 2328; x_wconf 82' lang='lat' dir='ltr'><strong>regiam</strong></span> <span class='ocrx_word' id='word_1_333' title='bbox 2120 2257 2376 2327; x_wconf 91' lang='lat' dir='ltr'><strong>pervenit</strong></span> <span class='ocrx_word' id='word_1_334' title='bbox 2408 2259 2477 2314; x_wconf 87' lang='lat' dir='ltr'><strong>ad</strong></span> <span class='ocrx_word' id='word_1_335' title='bbox 2539 2260 2760 2317; x_wconf 90' lang='lat' dir='ltr'><strong>urbem.</strong></span> <span class='ocrx_word' id='word_1_336' title='bbox 2792 2263 3098 2332; x_wconf 85' lang='lat' dir='ltr'><strong>Coeperunt</strong></span> <span class='ocrx_word' id='word_1_337' title='bbox 3143 2273 3329 2321; x_wconf 88' lang='lat' dir='ltr'><strong>autem</strong></span> <span class='ocrx_word' id='word_1_338' title='bbox 3380 2281 3474 2322; x_wconf 83' lang='lat' dir='ltr'><strong>su-</strong></span> 
     </span>
    </p>
   </div>
   <div class='ocr_carea' id='block_1_52' title="bbox 1879 2348 3474 2419">
    <p class='ocr_par' dir='ltr' id='par_1_52' title="bbox 1879 2348 3474 2419">
     <span class='ocr_line' id='line_1_52' title="bbox 1879 2348 3474 2419; baseline 0.007 -15"><span class='ocrx_word' id='word_1_339' title='bbox 1879 2348 1995 2406; x_wconf 90' lang='lat' dir='ltr'><strong>bito</strong></span> <span class='ocrx_word' id='word_1_340' title='bbox 2013 2349 2365 2406; x_wconf 90' lang='lat' dir='ltr'><strong>invisibiliter</strong></span> <span class='ocrx_word' id='word_1_341' title='bbox 2385 2351 2527 2419; x_wconf 83' lang='lat' dir='ltr'><strong>ﬁeri,</strong></span> <span class='ocrx_word' id='word_1_342' title='bbox 2548 2361 2656 2408; x_wconf 88' lang='lat' dir='ltr'><strong>tam</strong></span> <span class='ocrx_word' id='word_1_343' title='bbox 2677 2355 2732 2409; x_wconf 93' lang='lat' dir='ltr'><strong>in</strong></span> <span class='ocrx_word' id='word_1_344' title='bbox 2749 2356 3038 2413; x_wconf 91' lang='lat' dir='ltr'><strong>hominum</strong></span> <span class='ocrx_word' id='word_1_345' title='bbox 3055 2359 3401 2414; x_wconf 88' lang='lat' dir='ltr'><strong>vestimentis</strong></span> <span class='ocrx_word' id='word_1_346' title='bbox 3414 2369 3474 2415; x_wconf 90' lang='lat' dir='ltr'><strong>et</strong></span> 
     </span>
    </p>
   </div>
   <div class='ocr_carea' id='block_1_53' title="bbox 1881 2441 3470 2520">
    <p class='ocr_par' dir='ltr' id='par_1_53' title="bbox 1881 2441 3470 2520">
     <span class='ocr_line' id='line_1_53' title="bbox 1881 2441 3470 2520; baseline 0.008 -23"><span class='ocrx_word' id='word_1_347' title='bbox 1881 2441 1939 2498; x_wconf 90' lang='lat' dir='ltr'><strong>in</strong></span> <span class='ocrx_word' id='word_1_348' title='bbox 1954 2444 2185 2498; x_wconf 89' lang='lat' dir='ltr'><strong>sacratis</strong></span> <span class='ocrx_word' id='word_1_349' title='bbox 2205 2444 2567 2500; x_wconf 90' lang='lat' dir='ltr'><strong>ecclesiarum</strong></span> <span class='ocrx_word' id='word_1_350' title='bbox 2583 2447 2923 2504; x_wconf 87' lang='lat' dir='ltr'><strong>indumentis</strong></span> <span class='ocrx_word' id='word_1_351' title='bbox 2957 2465 3123 2520; x_wconf 90' lang='lat' dir='ltr'><strong>quam</strong></span> <span class='ocrx_word' id='word_1_352' title='bbox 3143 2460 3200 2506; x_wconf 91' lang='lat' dir='ltr'><strong>et</strong></span> <span class='ocrx_word' id='word_1_353' title='bbox 3233 2450 3289 2506; x_wconf 93' lang='lat' dir='ltr'><strong>in</strong></span> <span class='ocrx_word' id='word_1_354' title='bbox 3311 2452 3470 2518; x_wconf 79' lang='lat' dir='ltr'><strong>velis,</strong></span> 
     </span>
    </p>
   </div>
   <div class='ocr_carea' id='block_1_54' title="bbox 1881 2537 3474 2613">
    <p class='ocr_par' dir='ltr' id='par_1_54' title="bbox 1881 2537 3474 2613">
     <span class='ocr_line' id='line_1_54' title="bbox 1881 2537 3474 2613; baseline 0.006 -22"><span class='ocrx_word' id='word_1_355' title='bbox 1881 2537 2177 2592; x_wconf 82' lang='lat' dir='ltr'><strong>cruciculae</strong></span> <span class='ocrx_word' id='word_1_356' title='bbox 2191 2537 2443 2608; x_wconf 63' lang='lat' dir='ltr'><strong>plurima:</strong></span> <span class='ocrx_word' id='word_1_357' title='bbox 2457 2539 2628 2594; x_wconf 87' lang='lat' dir='ltr'><strong>veluti</strong></span> <span class='ocrx_word' id='word_1_358' title='bbox 2647 2556 2714 2596; x_wconf 84' lang='lat' dir='ltr'><strong>ex</strong></span> <span class='ocrx_word' id='word_1_359' title='bbox 2727 2542 2852 2598; x_wconf 91' lang='lat' dir='ltr'><strong>oleo</strong></span> <span class='ocrx_word' id='word_1_360' title='bbox 2869 2542 3190 2613; x_wconf 71' lang='lat' dir='ltr'><strong>designatae.</strong></span> <span class='ocrx_word' id='word_1_361' title='bbox 3204 2545 3368 2600; x_wconf 85' lang='lat' dir='ltr'><strong>Facta</strong></span> <span class='ocrx_word' id='word_1_362' title='bbox 3387 2557 3474 2601; x_wconf 91' lang='lat' dir='ltr'><strong>est</strong></span> 
     </span>
    </p>
   </div>
   <div class='ocr_carea' id='block_1_55' title="bbox 1880 2629 3471 2709">
    <p class='ocr_par' dir='ltr' id='par_1_55' title="bbox 1880 2629 3471 2709">
     <span class='ocr_line' id='line_1_55' title="bbox 1880 2629 3471 2709; baseline 0.007 -26"><span class='ocrx_word' id='word_1_363' title='bbox 1880 2643 2014 2699; x_wconf 85' lang='lat' dir='ltr'><strong>ergo</strong></span> <span class='ocrx_word' id='word_1_364' title='bbox 2045 2629 2176 2685; x_wconf 91' lang='lat' dir='ltr'><strong>hinc</strong></span> <span class='ocrx_word' id='word_1_365' title='bbox 2196 2629 2420 2686; x_wconf 89' lang='lat' dir='ltr'><strong>tristitia</strong></span> <span class='ocrx_word' id='word_1_366' title='bbox 2445 2641 2501 2687; x_wconf 91' lang='lat' dir='ltr'><strong>et</strong></span> <span class='ocrx_word' id='word_1_367' title='bbox 2522 2632 2765 2688; x_wconf 81' lang='lat' dir='ltr'><strong>defectio</strong></span> <span class='ocrx_word' id='word_1_368' title='bbox 2796 2634 2968 2690; x_wconf 86' lang='lat' dir='ltr'><strong>animi</strong></span> <span class='ocrx_word' id='word_1_369' title='bbox 3015 2638 3187 2692; x_wconf 90' lang='lat' dir='ltr'><strong>multa</strong></span> <span class='ocrx_word' id='word_1_370' title='bbox 3238 2649 3471 2709; x_wconf 88' lang='lat' dir='ltr'><strong>propter</strong></span> 
     </span>
    </p>
   </div>
   <div class='ocr_carea' id='block_1_56' title="bbox 1884 2721 3475 2796">
    <p class='ocr_par' dir='ltr' id='par_1_56' title="bbox 1884 2721 3475 2796">
     <span class='ocr_line' id='line_1_56' title="bbox 1884 2721 3475 2796; baseline 0.007 -21"><span class='ocrx_word' id='word_1_371' title='bbox 1884 2721 2120 2777; x_wconf 90' lang='lat' dir='ltr'><strong>dubium</strong></span> <span class='ocrx_word' id='word_1_372' title='bbox 2157 2723 2546 2793; x_wconf 87' lang='lat' dir='ltr'><strong>hujuscemodi</strong></span> <span class='ocrx_word' id='word_1_373' title='bbox 2571 2725 2735 2796; x_wconf 83' lang='lat' dir='ltr'><strong>signi.</strong></span> <span class='ocrx_word' id='word_1_374' title='bbox 2770 2727 2935 2783; x_wconf 83' lang='lat' dir='ltr'><strong>Venit</strong></span> <span class='ocrx_word' id='word_1_375' title='bbox 2991 2728 3359 2788; x_wconf 78' lang='lat' dir='ltr'><strong>nihilominus</strong></span> <span class='ocrx_word' id='word_1_376' title='bbox 3416 2742 3475 2786; x_wconf 90' lang='lat' dir='ltr'><strong>et</strong></span> 
     </span>
    </p>
   </div>
   <div class='ocr_carea' id='block_1_57' title="bbox 1883 2812 3472 2887">
    <p class='ocr_par' dir='ltr' id='par_1_57' title="bbox 1883 2812 3472 2887">
     <span class='ocr_line' id='line_1_57' title="bbox 1883 2812 3472 2887; baseline 0.006 -20"><span class='ocrx_word' id='word_1_377' title='bbox 1883 2812 2155 2870; x_wconf 88' lang='lat' dir='ltr'><strong>divinitus</strong></span> <span class='ocrx_word' id='word_1_378' title='bbox 2180 2813 2508 2885; x_wconf 77' lang='lat' dir='ltr'><strong>indignatio,</strong></span> <span class='ocrx_word' id='word_1_379' title='bbox 2533 2815 2812 2887; x_wconf 84' lang='lat' dir='ltr'><strong>dissipans</strong></span> <span class='ocrx_word' id='word_1_380' title='bbox 2867 2817 3214 2875; x_wconf 87' lang='lat' dir='ltr'><strong>incessanter</strong></span> <span class='ocrx_word' id='word_1_381' title='bbox 3238 2835 3351 2876; x_wconf 91' lang='lat' dir='ltr'><strong>non</strong></span> <span class='ocrx_word' id='word_1_382' title='bbox 3376 2835 3472 2876; x_wconf 81' lang='lat' dir='ltr'><strong>so-</strong></span> 
     </span>
    </p>
   </div>
   <div class='ocr_carea' id='block_1_58' title="bbox 1881 2905 3477 2985">
    <p class='ocr_par' dir='ltr' id='par_1_58' title="bbox 1881 2905 3477 2985">
     <span class='ocr_line' id='line_1_58' title="bbox 1881 2905 3477 2985; baseline 0.006 -26"><span class='ocrx_word' id='word_1_383' title='bbox 1881 2905 1995 2960; x_wconf 90' lang='lat' dir='ltr'><strong>lum</strong></span> <span class='ocrx_word' id='word_1_384' title='bbox 2029 2905 2184 2960; x_wconf 82' lang='lat' dir='ltr'><strong>urbis</strong></span> <span class='ocrx_word' id='word_1_385' title='bbox 2208 2905 2360 2961; x_wconf 83' lang='lat' dir='ltr'><strong>cives</strong></span> <span class='ocrx_word' id='word_1_386' title='bbox 2389 2907 2486 2962; x_wconf 91' lang='lat' dir='ltr'><strong>sed</strong></span> <span class='ocrx_word' id='word_1_387' title='bbox 2533 2916 2589 2962; x_wconf 91' lang='lat' dir='ltr'><strong>et</strong></span> <span class='ocrx_word' id='word_1_388' title='bbox 2621 2908 2676 2963; x_wconf 91' lang='lat' dir='ltr'><strong>in</strong></span> <span class='ocrx_word' id='word_1_389' title='bbox 2704 2909 2968 2966; x_wconf 90' lang='lat' dir='ltr'><strong>omnibus</strong></span> <span class='ocrx_word' id='word_1_390' title='bbox 2991 2911 3334 2969; x_wconf 86' lang='lat' dir='ltr'><strong>suburbanis</strong></span> <span class='ocrx_word' id='word_1_391' title='bbox 3353 2915 3477 2985; x_wconf 92' lang='lat' dir='ltr'><strong>ejus</strong></span> 
     </span>
    </p>
   </div>
   <div class='ocr_carea' id='block_1_59' title="bbox 1882 2995 3477 3067">
    <p class='ocr_par' dir='ltr' id='par_1_59' title="bbox 1882 2995 3477 3067">
     <span class='ocr_line' id='line_1_59' title="bbox 1882 2995 3477 3067; baseline 0.007 -17"><span class='ocrx_word' id='word_1_392' title='bbox 1882 2995 2165 3067; x_wconf 78' lang='lat' dir='ltr'><strong>degentes.</strong></span> <span class='ocrx_word' id='word_1_393' title='bbox 2205 2997 2384 3053; x_wconf 64' lang='lat' dir='ltr'><strong>Factae</strong></span> <span class='ocrx_word' id='word_1_394' title='bbox 2405 2999 2557 3054; x_wconf 89' lang='lat' dir='ltr'><strong>enim</strong></span> <span class='ocrx_word' id='word_1_395' title='bbox 2605 3009 2738 3056; x_wconf 86' lang='lat' dir='ltr'><strong>sunt</strong></span> <span class='ocrx_word' id='word_1_396' title='bbox 2775 3009 2832 3057; x_wconf 91' lang='lat' dir='ltr'><strong>et</strong></span> <span class='ocrx_word' id='word_1_397' title='bbox 2885 3000 3138 3060; x_wconf 78' lang='lat' dir='ltr'><strong>fantasiae</strong></span> <span class='ocrx_word' id='word_1_398' title='bbox 3180 3005 3238 3060; x_wconf 91' lang='lat' dir='ltr'><strong>in</strong></span> <span class='ocrx_word' id='word_1_399' title='bbox 3269 3007 3477 3062; x_wconf 88' lang='lat' dir='ltr'><strong>multos</strong></span> 
     </span>
    </p>
   </div>
   <div class='ocr_carea' id='block_1_60' title="bbox 1884 3089 3475 3160">
    <p class='ocr_par' dir='ltr' id='par_1_60' title="bbox 1884 3089 3475 3160">
     <span class='ocr_line' id='line_1_60' title="bbox 1884 3089 3475 3160; baseline 0.006 -17"><span class='ocrx_word' id='word_1_400' title='bbox 1884 3089 2194 3156; x_wconf 89' lang='lat' dir='ltr'><strong>hominum,</strong></span> <span class='ocrx_word' id='word_1_401' title='bbox 2226 3091 2326 3160; x_wconf 85' lang='lat' dir='ltr'><strong>qui</strong></span> <span class='ocrx_word' id='word_1_402' title='bbox 2349 3091 2406 3144; x_wconf 91' lang='lat' dir='ltr'><strong>in</strong></span> <span class='ocrx_word' id='word_1_403' title='bbox 2435 3091 2640 3147; x_wconf 83' lang='lat' dir='ltr'><strong>ecstasi</strong></span> <span class='ocrx_word' id='word_1_404' title='bbox 2682 3092 2817 3149; x_wconf 77' lang='lat' dir='ltr'><strong>facti</strong></span> <span class='ocrx_word' id='word_1_405' title='bbox 2845 3094 3244 3152; x_wconf 80' lang='lat' dir='ltr'><strong>existimabant</strong></span> <span class='ocrx_word' id='word_1_406' title='bbox 3269 3113 3327 3153; x_wconf 87' lang='lat' dir='ltr'><strong>se</strong></span> <span class='ocrx_word' id='word_1_407' title='bbox 3345 3114 3475 3154; x_wconf 82' lang='lat' dir='ltr'><strong>cum</strong></span> 
     </span>
    </p>
   </div>
   <div class='ocr_carea' id='block_1_61' title="bbox 190 3181 3477 3262">
    <p class='ocr_par' dir='ltr' id='par_1_61' title="bbox 190 3181 3477 3262">
     <span class='ocr_line' id='line_1_61' title="bbox 190 3181 3477 3262; baseline 0.004 -28"><span class='ocrx_word' id='word_1_408' title='bbox 190 3181 370 3250; x_wconf 91' lang='lat' dir='ltr'><strong>posito</strong></span> <span class='ocrx_word' id='word_1_409' title='bbox 392 3182 684 3239; x_wconf 76' lang='lat' dir='ltr'><strong>suﬂ‘ocavit</strong></span> <span class='ocrx_word' id='word_1_410' title='bbox 709 3185 886 3251; x_wconf 89' lang='lat' dir='ltr'><strong>illum,</strong></span> <span class='ocrx_word' id='word_1_411' title='bbox 927 3187 1131 3257; x_wconf 83' lang='lat' dir='ltr'><strong>justam</strong></span> <span class='ocrx_word' id='word_1_412' title='bbox 1163 3186 1536 3243; x_wconf 87' lang='lat' dir='ltr'><strong>adinveniens</strong></span> <span class='ocrx_word' id='word_1_413' title='bbox 1578 3187 1758 3243; x_wconf 86' lang='lat' dir='ltr'><strong>malell</strong></span> <span class='ocrx_word' id='word_1_414' title='bbox 1808 3199 1855 3262; x_wconf 83' lang='lat' dir='ltr'><strong><em>C</em></strong></span> <span class='ocrx_word' id='word_1_415' title='bbox 1885 3182 2194 3253; x_wconf 74' lang='lat' dir='ltr'><strong>peregrinis</strong></span> <span class='ocrx_word' id='word_1_416' title='bbox 2219 3183 2575 3252; x_wconf 82' lang='lat' dir='ltr'><strong>quibusdam.</strong></span> <span class='ocrx_word' id='word_1_417' title='bbox 2605 3191 2665 3238; x_wconf 73' lang='lat' dir='ltr'><strong>ut</strong></span> <span class='ocrx_word' id='word_1_418' title='bbox 2690 3184 2982 3254; x_wconf 72' lang='lat' dir='ltr'><strong>putabant.</strong></span> <span class='ocrx_word' id='word_1_419' title='bbox 3027 3195 3086 3243; x_wconf 85' lang='lat' dir='ltr'><strong>et</strong></span> <span class='ocrx_word' id='word_1_420' title='bbox 3113 3189 3366 3245; x_wconf 80' lang='lat' dir='ltr'><strong>trucibus</strong></span> <span class='ocrx_word' id='word_1_421' title='bbox 3393 3189 3477 3245; x_wconf 82' lang='lat' dir='ltr'><strong>fa-</strong></span> 
     </span>
    </p>
   </div>
   <div class='ocr_carea' id='block_1_62' title="bbox 187 3273 1786 3352">
    <p class='ocr_par' dir='ltr' id='par_1_62' title="bbox 187 3273 1786 3352">
     <span class='ocr_line' id='line_1_62' title="bbox 187 3273 1786 3352; baseline 0.005 -24"><span class='ocrx_word' id='word_1_422' title='bbox 187 3273 276 3329; x_wconf 92' lang='lat' dir='ltr'><strong>cio</strong></span> <span class='ocrx_word' id='word_1_423' title='bbox 307 3274 475 3331; x_wconf 86' lang='lat' dir='ltr'><strong>llabae</strong></span> <span class='ocrx_word' id='word_1_424' title='bbox 503 3291 722 3347; x_wconf 68' lang='lat' dir='ltr'><strong>poenam</strong></span> <span class='ocrx_word' id='word_1_425' title='bbox 755 3296 768 3333; x_wconf 89' lang='lat'><strong>:</strong></span> <span class='ocrx_word' id='word_1_426' title='bbox 803 3279 1036 3350; x_wconf 86' lang='lat' dir='ltr'><strong>magicis</strong></span> <span class='ocrx_word' id='word_1_427' title='bbox 1058 3281 1210 3336; x_wconf 89' lang='lat' dir='ltr'><strong>enim</strong></span> <span class='ocrx_word' id='word_1_428' title='bbox 1255 3280 1686 3352; x_wconf 83' lang='lat' dir='ltr'><strong>deceptionibus</strong></span> <span class='ocrx_word' id='word_1_429' title='bbox 1719 3296 1786 3336; x_wconf 89' lang='lat' dir='ltr'><strong>ac</strong></span> 
     </span>
    </p>
   </div>
   <div class='ocr_carea' id='block_1_63' title="bbox 189 3366 1806 3436">
    <p class='ocr_par' dir='ltr' id='par_1_63' title="bbox 189 3366 1806 3436">
     <span class='ocr_line' id='line_1_63' title="bbox 189 3366 1806 3436; baseline 0.004 -15"><span class='ocrx_word' id='word_1_430' title='bbox 189 3366 511 3424; x_wconf 63' lang='lat' dir='ltr'><strong>demonum</strong></span> <span class='ocrx_word' id='word_1_431' title='bbox 545 3370 994 3428; x_wconf 80' lang='lat' dir='ltr'><strong>invocationibus</strong></span> <span class='ocrx_word' id='word_1_432' title='bbox 1023 3373 1196 3429; x_wconf 91' lang='lat' dir='ltr'><strong>multa</strong></span> <span class='ocrx_word' id='word_1_433' title='bbox 1221 3382 1416 3429; x_wconf 91' lang='lat' dir='ltr'><strong>contra</strong></span> <span class='ocrx_word' id='word_1_434' title='bbox 1436 3372 1806 3436; x_wconf 80' lang='lat' dir='ltr'><strong>Christianos</strong></span> 
     </span>
    </p>
   </div>
   <div class='ocr_carea' id='block_1_64' title="bbox 188 3459 1785 3536">
    <p class='ocr_par' dir='ltr' id='par_1_64' title="bbox 188 3459 1785 3536">
     <span class='ocr_line' id='line_1_64' title="bbox 188 3459 1785 3536; baseline 0.003 -23"><span class='ocrx_word' id='word_1_435' title='bbox 188 3459 497 3518; x_wconf 78' lang='lat' dir='ltr'><strong>fabricatus</strong></span> <span class='ocrx_word' id='word_1_436' title='bbox 518 3471 605 3518; x_wconf 91' lang='lat' dir='ltr'><strong>est</strong></span> <span class='ocrx_word' id='word_1_437' title='bbox 624 3463 786 3520; x_wconf 86' lang='lat' dir='ltr'><strong>mala.</strong></span> <span class='ocrx_word' id='word_1_438' title='bbox 827 3462 927 3519; x_wconf 85' lang='lat' dir='ltr'><strong>Hic</strong></span> <span class='ocrx_word' id='word_1_439' title='bbox 955 3465 1124 3520; x_wconf 89' lang='lat' dir='ltr'><strong>etiam</strong></span> <span class='ocrx_word' id='word_1_440' title='bbox 1165 3464 1424 3536; x_wconf 76' lang='lat' dir='ltr'><strong>sanguini</strong></span> <span class='ocrx_word' id='word_1_441' title='bbox 1473 3465 1785 3521; x_wconf 89' lang='lat' dir='ltr'><strong>communi-</strong></span> 
     </span>
    </p>
   </div>
   <div class='ocr_carea' id='block_1_65' title="bbox 183 3554 586 3610">
    <p class='ocr_par' dir='ltr' id='par_1_65' title="bbox 183 3554 586 3610">
     <span class='ocr_line' id='line_1_65' title="bbox 183 3554 586 3610; baseline 0 0"><span class='ocrx_word' id='word_1_442' title='bbox 183 3554 336 3610; x_wconf 80' lang='lat' dir='ltr'><strong>cavit</strong></span> <span class='ocrx_word' id='word_1_443' title='bbox 369 3555 586 3610; x_wconf 80' lang='lat' dir='ltr'><strong>Vhalid.</strong></span> 
     </span>
    </p>
   </div>
   <div class='ocr_carea' id='block_1_66' title="bbox 255 3647 1787 3719">
    <p class='ocr_par' dir='ltr' id='par_1_66' title="bbox 255 3647 1787 3719">
     <span class='ocr_line' id='line_1_66' title="bbox 255 3647 1787 3719; baseline 0.004 -19"><span class='ocrx_word' id='word_1_444' title='bbox 255 3647 422 3701; x_wconf 86' lang='lat' dir='ltr'><strong>Anno</strong></span> <span class='ocrx_word' id='word_1_445' title='bbox 454 3647 669 3718; x_wconf 89' lang='lat' dir='ltr'><strong>imperii</strong></span> <span class='ocrx_word' id='word_1_446' title='bbox 691 3647 1042 3704; x_wconf 86' lang='lat' dir='ltr'><strong>Constantini</strong></span> <span class='ocrx_word' id='word_1_447' title='bbox 1074 3649 1268 3719; x_wconf 89' lang='lat' dir='ltr'><strong>quinto</strong></span> <span class='ocrx_word' id='word_1_448' title='bbox 1307 3648 1634 3705; x_wconf 90' lang='lat' dir='ltr'><strong>Sulehiman</strong></span> <span class='ocrx_word' id='word_1_449' title='bbox 1659 3665 1787 3706; x_wconf 88' lang='lat' dir='ltr'><strong>coa-</strong></span> 
     </span>
    </p>
   </div>
   <div class='ocr_carea' id='block_1_67' title="bbox 180 3735 1784 3812">
    <p class='ocr_par' dir='ltr' id='par_1_67' title="bbox 180 3735 1784 3812">
     <span class='ocr_line' id='line_1_67' title="bbox 180 3735 1784 3812; baseline 0.005 -25"><span class='ocrx_word' id='word_1_450' title='bbox 180 3735 436 3792; x_wconf 75' lang='lat' dir='ltr'><strong>cervatis</strong></span> <span class='ocrx_word' id='word_1_451' title='bbox 467 3736 683 3793; x_wconf 90' lang='lat' dir='ltr'><strong>militiis</strong></span> <span class='ocrx_word' id='word_1_452' title='bbox 705 3754 899 3794; x_wconf 90' lang='lat' dir='ltr'><strong>rursus</strong></span> <span class='ocrx_word' id='word_1_453' title='bbox 928 3739 985 3794; x_wconf 93' lang='lat' dir='ltr'><strong>in</strong></span> <span class='ocrx_word' id='word_1_454' title='bbox 1025 3739 1309 3794; x_wconf 72' lang='lat' dir='ltr'><strong>llaruham</strong></span> <span class='ocrx_word' id='word_1_455' title='bbox 1337 3740 1545 3795; x_wconf 89' lang='lat' dir='ltr'><strong>bellum</strong></span> <span class='ocrx_word' id='word_1_456' title='bbox 1589 3756 1784 3812; x_wconf 87' lang='lat' dir='ltr'><strong>aggre-</strong></span> 
     </span>
    </p>
   </div>
   <div class='ocr_carea' id='block_1_68' title="bbox 177 3829 1782 3904">
    <p class='ocr_par' dir='ltr' id='par_1_68' title="bbox 177 3829 1782 3904">
     <span class='ocr_line' id='line_1_68' title="bbox 177 3829 1782 3904; baseline 0.002 -20"><span class='ocrx_word' id='word_1_457' title='bbox 177 3829 366 3894; x_wconf 86' lang='lat' dir='ltr'><strong>ditur,</strong></span> <span class='ocrx_word' id='word_1_458' title='bbox 391 3838 447 3886; x_wconf 90' lang='lat' dir='ltr'><strong>et</strong></span> <span class='ocrx_word' id='word_1_459' title='bbox 463 3831 683 3886; x_wconf 90' lang='lat' dir='ltr'><strong>amissis</strong></span> <span class='ocrx_word' id='word_1_460' title='bbox 706 3832 895 3903; x_wconf 87' lang='lat' dir='ltr'><strong>populi</strong></span> <span class='ocrx_word' id='word_1_461' title='bbox 919 3841 1129 3904; x_wconf 90' lang='lat' dir='ltr'><strong>septem</strong></span> <span class='ocrx_word' id='word_1_462' title='bbox 1163 3833 1412 3890; x_wconf 89' lang='lat' dir='ltr'><strong>millibus</strong></span> <span class='ocrx_word' id='word_1_463' title='bbox 1467 3841 1782 3904; x_wconf 62' lang='lat' dir='ltr'><strong>Superatur,</strong></span> 
     </span>
    </p>
   </div>
   <div class='ocr_carea' id='block_1_69' title="bbox 174 3922 1786 3997">
    <p class='ocr_par' dir='ltr' id='par_1_69' title="bbox 174 3922 1786 3997">
     <span class='ocr_line' id='line_1_69' title="bbox 174 3922 1786 3997; baseline 0.003 -21"><span class='ocrx_word' id='word_1_464' title='bbox 174 3932 236 3977; x_wconf 87' lang='lat' dir='ltr'><strong>et</strong></span> <span class='ocrx_word' id='word_1_465' title='bbox 271 3922 442 3993; x_wconf 79' lang='lat' dir='ltr'><strong>fugax</strong></span> <span class='ocrx_word' id='word_1_466' title='bbox 464 3938 638 3993; x_wconf 86' lang='lat' dir='ltr'><strong>penes</strong></span> <span class='ocrx_word' id='word_1_467' title='bbox 672 3923 980 3997; x_wconf 88' lang='lat' dir='ltr'><strong>Palmyram</strong></span> <span class='ocrx_word' id='word_1_468' title='bbox 1011 3925 1275 3990; x_wconf 87' lang='lat' dir='ltr'><strong>salvatur,</strong></span> <span class='ocrx_word' id='word_1_469' title='bbox 1305 3933 1362 3981; x_wconf 91' lang='lat' dir='ltr'><strong>et</strong></span> <span class='ocrx_word' id='word_1_470' title='bbox 1413 3925 1681 3997; x_wconf 86' lang='lat' dir='ltr'><strong>deinceps</strong></span> <span class='ocrx_word' id='word_1_471' title='bbox 1725 3925 1786 3982; x_wconf 88' lang='lat' dir='ltr'><strong>in</strong></span> 
     </span>
    </p>
   </div>
   <div class='ocr_carea' id='block_1_70' title="bbox 170 4012 1784 4087">
    <p class='ocr_par' dir='ltr' id='par_1_70' title="bbox 170 4012 1784 4087">
     <span class='ocr_line' id='line_1_70' title="bbox 170 4012 1784 4087; baseline 0.002 -19"><span class='ocrx_word' id='word_1_472' title='bbox 170 4012 444 4070; x_wconf 88' lang='lat' dir='ltr'><strong>Perside.</strong></span> <span class='ocrx_word' id='word_1_473' title='bbox 479 4014 821 4072; x_wconf 89' lang='lat' dir='ltr'><strong>Seditionem</strong></span> <span class='ocrx_word' id='word_1_474' title='bbox 846 4031 1070 4087; x_wconf 89' lang='lat' dir='ltr'><strong>quoque</strong></span> <span class='ocrx_word' id='word_1_475' title='bbox 1108 4015 1537 4073; x_wconf 88' lang='lat' dir='ltr'><strong>concitaverunt</strong></span> <span class='ocrx_word' id='word_1_476' title='bbox 1563 4017 1784 4072; x_wconf 80' lang='lat' dir='ltr'><strong>Metsini</strong></span> 
     </span>
    </p>
   </div>
   <div class='ocr_carea' id='block_1_71' title="bbox 168 4105 1810 4177">
    <p class='ocr_par' dir='ltr' id='par_1_71' title="bbox 168 4105 1810 4177">
     <span class='ocr_line' id='line_1_71' title="bbox 168 4105 1810 4177; baseline 0.003 -16"><span class='ocrx_word' id='word_1_477' title='bbox 168 4115 236 4161; x_wconf 88' lang='lat' dir='ltr'><strong>et.</strong></span> <span class='ocrx_word' id='word_1_478' title='bbox 307 4105 659 4177; x_wconf 73' lang='lat' dir='ltr'><strong>Heliopolitaa</strong></span> <span class='ocrx_word' id='word_1_479' title='bbox 708 4124 776 4165; x_wconf 91' lang='lat' dir='ltr'><strong>ac</strong></span> <span class='ocrx_word' id='word_1_480' title='bbox 829 4107 1152 4164; x_wconf 87' lang='lat' dir='ltr'><strong>Damasceni</strong></span> <span class='ocrx_word' id='word_1_481' title='bbox 1200 4109 1456 4165; x_wconf 87' lang='lat' dir='ltr'><strong>civitates</strong></span> <span class='ocrx_word' id='word_1_482' title='bbox 1497 4109 1810 4166; x_wconf 84' lang='lat' dir='ltr'><strong>Maruham</strong></span> 
     </span>
    </p>
   </div>
   <div class='ocr_carea' id='block_1_72' title="bbox 168 4198 1786 4271">
    <p class='ocr_par' dir='ltr' id='par_1_72' title="bbox 168 4198 1786 4271">
     <span class='ocr_line' id='line_1_72' title="bbox 168 4198 1786 4271; baseline 0.004 -18"><span class='ocrx_word' id='word_1_483' title='bbox 168 4198 542 4267; x_wconf 75' lang='lat' dir='ltr'><strong>obserantes,</strong></span> <span class='ocrx_word' id='word_1_484' title='bbox 591 4201 688 4271; x_wconf 90' lang='lat' dir='ltr'><strong>qui</strong></span> <span class='ocrx_word' id='word_1_485' title='bbox 721 4200 833 4264; x_wconf 83' lang='lat' dir='ltr'><strong>ﬁlio</strong></span> <span class='ocrx_word' id='word_1_486' title='bbox 887 4216 990 4256; x_wconf 88' lang='lat' dir='ltr'><strong>suo</strong></span> <span class='ocrx_word' id='word_1_487' title='bbox 1041 4201 1267 4271; x_wconf 89' lang='lat' dir='ltr'><strong>quidem</strong></span> <span class='ocrx_word' id='word_1_488' title='bbox 1323 4210 1519 4258; x_wconf 89' lang='lat' dir='ltr'><strong>contra</strong></span> <span class='ocrx_word' id='word_1_489' title='bbox 1570 4203 1786 4260; x_wconf 91' lang='lat' dir='ltr'><strong>Dachac</strong></span> 
     </span>
    </p>
   </div>
   <div class='ocr_carea' id='block_1_73' title="bbox 166 4292 1784 4364">
    <p class='ocr_par' dir='ltr' id='par_1_73' title="bbox 166 4292 1784 4364">
     <span class='ocr_line' id='line_1_73' title="bbox 166 4292 1784 4364; baseline 0.003 -19"><span class='ocrx_word' id='word_1_490' title='bbox 166 4306 319 4354; x_wconf 81' lang='lat' dir='ltr'><strong>eum</strong></span> <span class='ocrx_word' id='word_1_491' title='bbox 352 4292 560 4348; x_wconf 88' lang='lat' dir='ltr'><strong>virtute</strong></span> <span class='ocrx_word' id='word_1_492' title='bbox 597 4293 788 4362; x_wconf 90' lang='lat' dir='ltr'><strong>misso,</strong></span> <span class='ocrx_word' id='word_1_493' title='bbox 820 4293 938 4364; x_wconf 91' lang='lat' dir='ltr'><strong>ipse</strong></span> <span class='ocrx_word' id='word_1_494' title='bbox 987 4295 1142 4348; x_wconf 87' lang='lat' dir='ltr'><strong>venit</strong></span> <span class='ocrx_word' id='word_1_495' title='bbox 1191 4293 1467 4358; x_wconf 85' lang='lat' dir='ltr'><strong>Emesam,</strong></span> <span class='ocrx_word' id='word_1_496' title='bbox 1522 4309 1686 4363; x_wconf 88' lang='lat' dir='ltr'><strong>quam</strong></span> <span class='ocrx_word' id='word_1_497' title='bbox 1726 4296 1784 4350; x_wconf 93' lang='lat' dir='ltr'><strong>in</strong></span> 
     </span>
    </p>
   </div>
   <div class='ocr_carea' id='block_1_74' title="bbox 164 4385 1783 4456">
    <p class='ocr_par' dir='ltr' id='par_1_74' title="bbox 164 4385 1783 4456">
     <span class='ocr_line' id='line_1_74' title="bbox 164 4385 1783 4456; baseline 0.002 -18"><span class='ocrx_word' id='word_1_498' title='bbox 164 4392 436 4455; x_wconf 83' lang='lat' dir='ltr'><strong>quatuor</strong></span> <span class='ocrx_word' id='word_1_499' title='bbox 489 4386 778 4441; x_wconf 89' lang='lat' dir='ltr'><strong>mensibus</strong></span> <span class='ocrx_word' id='word_1_500' title='bbox 827 4385 992 4456; x_wconf 90' lang='lat' dir='ltr'><strong>cepit.</strong></span> <span class='ocrx_word' id='word_1_501' title='bbox 1026 4385 1244 4440; x_wconf 83' lang='lat' dir='ltr'><strong>Daehac</strong></span> <span class='ocrx_word' id='word_1_502' title='bbox 1274 4394 1456 4440; x_wconf 87' lang='lat' dir='ltr'><strong>autem</strong></span> <span class='ocrx_word' id='word_1_503' title='bbox 1495 4401 1526 4441; x_wconf 92' lang='lat' dir='ltr'><strong>a</strong></span> <span class='ocrx_word' id='word_1_504' title='bbox 1554 4387 1783 4442; x_wconf 88' lang='lat' dir='ltr'><strong>Perside</strong></span> 
     </span>
    </p>
   </div>
   <div class='ocr_carea' id='block_1_75' title="bbox 165 4475 1782 4546">
    <p class='ocr_par' dir='ltr' id='par_1_75' title="bbox 165 4475 1782 4546">
     <span class='ocr_line' id='line_1_75' title="bbox 165 4475 1782 4546; baseline 0.002 -18"><span class='ocrx_word' id='word_1_505' title='bbox 165 4490 318 4529; x_wconf 87' lang='lat' dir='ltr'><strong>eum</strong></span> <span class='ocrx_word' id='word_1_506' title='bbox 352 4475 596 4545; x_wconf 90' lang='lat' dir='ltr'><strong>plurimo</strong></span> <span class='ocrx_word' id='word_1_507' title='bbox 625 4484 911 4546; x_wconf 86' lang='lat' dir='ltr'><strong>potentatu</strong></span> <span class='ocrx_word' id='word_1_508' title='bbox 941 4475 1223 4531; x_wconf 87' lang='lat' dir='ltr'><strong>veniebat.</strong></span> <span class='ocrx_word' id='word_1_509' title='bbox 1247 4475 1318 4530; x_wconf 89' lang='lat' dir='ltr'><strong>At</strong></span> <span class='ocrx_word' id='word_1_510' title='bbox 1343 4491 1474 4530; x_wconf 85' lang='lat' dir='ltr'><strong>vero</strong></span> <span class='ocrx_word' id='word_1_511' title='bbox 1497 4477 1782 4532; x_wconf 85' lang='lat' dir='ltr'><strong>Maruham</strong></span> 
     </span>
    </p>
   </div>
   <div class='ocr_carea' id='block_1_76' title="bbox 1885 3275 3478 3347">
    <p class='ocr_par' dir='ltr' id='par_1_76' title="bbox 1885 3275 3478 3347">
     <span class='ocr_line' id='line_1_76' title="bbox 1885 3275 3478 3347; baseline 0.004 -18"><span class='ocrx_word' id='word_1_512' title='bbox 1885 3275 2084 3330; x_wconf 87' lang='lat' dir='ltr'><strong>ciehus</strong></span> <span class='ocrx_word' id='word_1_513' title='bbox 2137 3275 2417 3339; x_wconf 89' lang='lat' dir='ltr'><strong>comitari,</strong></span> <span class='ocrx_word' id='word_1_514' title='bbox 2476 3285 2536 3331; x_wconf 92' lang='lat' dir='ltr'><strong>et</strong></span> <span class='ocrx_word' id='word_1_515' title='bbox 2567 3291 2666 3333; x_wconf 88' lang='lat' dir='ltr'><strong>eos</strong></span> <span class='ocrx_word' id='word_1_516' title='bbox 2713 3277 2812 3347; x_wconf 92' lang='lat' dir='ltr'><strong>qui</strong></span> <span class='ocrx_word' id='word_1_517' title='bbox 2871 3277 2925 3333; x_wconf 94' lang='lat' dir='ltr'><strong>in</strong></span> <span class='ocrx_word' id='word_1_518' title='bbox 2959 3278 3162 3335; x_wconf 89' lang='lat' dir='ltr'><strong>itinere</strong></span> <span class='ocrx_word' id='word_1_519' title='bbox 3193 3280 3299 3336; x_wconf 89' lang='lat' dir='ltr'><strong>sibi</strong></span> <span class='ocrx_word' id='word_1_520' title='bbox 3326 3280 3478 3336; x_wconf 86' lang='lat' dir='ltr'><strong>obvii</strong></span> 
     </span>
    </p>
   </div>
   <div class='ocr_carea' id='block_1_77' title="bbox 1888 3365 3481 3442">
    <p class='ocr_par' dir='ltr' id='par_1_77' title="bbox 1888 3365 3481 3442">
     <span class='ocr_line' id='line_1_77' title="bbox 1888 3365 3481 3442; baseline 0.006 -23"><span class='ocrx_word' id='word_1_521' title='bbox 1888 3365 2097 3432; x_wconf 75' lang='lat' dir='ltr'><strong>fiebant</strong></span> <span class='ocrx_word' id='word_1_522' title='bbox 2123 3382 2184 3422; x_wconf 87' lang='lat' dir='ltr'><strong>se</strong></span> <span class='ocrx_word' id='word_1_523' title='bbox 2214 3368 2372 3437; x_wconf 82' lang='lat' dir='ltr'><strong>quasi</strong></span> <span class='ocrx_word' id='word_1_524' title='bbox 2397 3367 2608 3425; x_wconf 87' lang='lat' dir='ltr'><strong>amicos</strong></span> <span class='ocrx_word' id='word_1_525' title='bbox 2659 3369 2904 3426; x_wconf 83' lang='lat' dir='ltr'><strong>salutare</strong></span> <span class='ocrx_word' id='word_1_526' title='bbox 2924 3387 2991 3426; x_wconf 90' lang='lat' dir='ltr'><strong>ac</strong></span> <span class='ocrx_word' id='word_1_527' title='bbox 3015 3372 3277 3442; x_wconf 81' lang='lat' dir='ltr'><strong>colloqui.</strong></span> <span class='ocrx_word' id='word_1_528' title='bbox 3311 3373 3481 3429; x_wconf 86' lang='lat' dir='ltr'><strong>Nota-</strong></span> 
     </span>
    </p>
   </div>
   <div class='ocr_carea' id='block_1_78' title="bbox 1887 3457 3479 3533">
    <p class='ocr_par' dir='ltr' id='par_1_78' title="bbox 1887 3457 3479 3533">
     <span class='ocr_line' id='line_1_78' title="bbox 1887 3457 3479 3533; baseline 0.005 -21"><span class='ocrx_word' id='word_1_529' title='bbox 1887 3457 1961 3522; x_wconf 83' lang='lat' dir='ltr'><strong>tis</strong></span> <span class='ocrx_word' id='word_1_530' title='bbox 1998 3472 2131 3520; x_wconf 85' lang='lat' dir='ltr'><strong>vero</strong></span> <span class='ocrx_word' id='word_1_531' title='bbox 2169 3458 2258 3514; x_wconf 88' lang='lat' dir='ltr'><strong>his</strong></span> <span class='ocrx_word' id='word_1_532' title='bbox 2275 3474 2398 3529; x_wconf 66' lang='lat' dir='ltr'><strong>quae</strong></span> <span class='ocrx_word' id='word_1_533' title='bbox 2428 3459 2763 3515; x_wconf 88' lang='lat' dir='ltr'><strong>dicebantur</strong></span> <span class='ocrx_word' id='word_1_534' title='bbox 2791 3460 2864 3516; x_wconf 87' lang='lat' dir='ltr'><strong>ab</strong></span> <span class='ocrx_word' id='word_1_535' title='bbox 2898 3462 3004 3527; x_wconf 88' lang='lat' dir='ltr'><strong>eis,</strong></span> <span class='ocrx_word' id='word_1_536' title='bbox 3025 3462 3144 3518; x_wconf 66' lang='lat' dir='ltr'><strong>haec</strong></span> <span class='ocrx_word' id='word_1_537' title='bbox 3162 3472 3356 3533; x_wconf 82' lang='lat' dir='ltr'><strong>postea</strong></span> <span class='ocrx_word' id='word_1_538' title='bbox 3391 3479 3479 3520; x_wconf 91' lang='lat' dir='ltr'><strong>re-</strong></span> 
     </span>
    </p>
   </div>
   <div class='ocr_carea' id='block_1_79' title="bbox 1884 3547 3477 3620">
    <p class='ocr_par' dir='ltr' id='par_1_79' title="bbox 1884 3547 3477 3620">
     <span class='ocr_line' id='line_1_79' title="bbox 1884 3547 3477 3620; baseline 0.006 -18"><span class='ocrx_word' id='word_1_539' title='bbox 1884 3547 2160 3604; x_wconf 83' lang='lat' dir='ltr'><strong>ferebant.</strong></span> <span class='ocrx_word' id='word_1_540' title='bbox 2217 3549 2754 3620; x_wconf 86' lang='lat' dir='ltr'><strong>Contemplabantnr</strong></span> <span class='ocrx_word' id='word_1_541' title='bbox 2795 3559 2982 3608; x_wconf 86' lang='lat' dir='ltr'><strong>autem</strong></span> <span class='ocrx_word' id='word_1_542' title='bbox 3033 3555 3258 3610; x_wconf 87' lang='lat' dir='ltr'><strong>eosdem</strong></span> <span class='ocrx_word' id='word_1_543' title='bbox 3284 3565 3343 3612; x_wconf 88' lang='lat' dir='ltr'><strong>et</strong></span> <span class='ocrx_word' id='word_1_544' title='bbox 3373 3556 3477 3612; x_wconf 79' lang='lat' dir='ltr'><strong>do-</strong></span> 
     </span>
    </p>
   </div>
   <div class='ocr_carea' id='block_1_80' title="bbox 1886 3640 3476 3719">
    <p class='ocr_par' dir='ltr' id='par_1_80' title="bbox 1886 3640 3476 3719">
     <span class='ocr_line' id='line_1_80' title="bbox 1886 3640 3476 3719; baseline 0.004 -24"><span class='ocrx_word' id='word_1_545' title='bbox 1886 3655 2008 3706; x_wconf 87' lang='lat' dir='ltr'><strong>mos</strong></span> <span class='ocrx_word' id='word_1_546' title='bbox 2052 3640 2290 3712; x_wconf 81' lang='lat' dir='ltr'><strong>ingredi,</strong></span> <span class='ocrx_word' id='word_1_547' title='bbox 2342 3651 2399 3699; x_wconf 89' lang='lat' dir='ltr'><strong>et</strong></span> <span class='ocrx_word' id='word_1_548' title='bbox 2442 3643 2582 3699; x_wconf 91' lang='lat' dir='ltr'><strong>alios</strong></span> <span class='ocrx_word' id='word_1_549' title='bbox 2642 3644 2870 3715; x_wconf 85' lang='lat' dir='ltr'><strong>quidem</strong></span> <span class='ocrx_word' id='word_1_550' title='bbox 2927 3661 2996 3702; x_wconf 79' lang='lat' dir='ltr'><strong>ex</strong></span> <span class='ocrx_word' id='word_1_551' title='bbox 3043 3647 3209 3702; x_wconf 87' lang='lat' dir='ltr'><strong>domo</strong></span> <span class='ocrx_word' id='word_1_552' title='bbox 3261 3649 3476 3719; x_wconf 89' lang='lat' dir='ltr'><strong>egredi,</strong></span> 
     </span>
    </p>
   </div>
   <div class='ocr_carea' id='block_1_81' title="bbox 1884 3735 3478 3808">
    <p class='ocr_par' dir='ltr' id='par_1_81' title="bbox 1884 3735 3478 3808">
     <span class='ocr_line' id='line_1_81' title="bbox 1884 3735 3478 3808; baseline 0.004 -19"><span class='ocrx_word' id='word_1_553' title='bbox 1884 3749 2054 3804; x_wconf 85' lang='lat' dir='ltr'><strong>porro</strong></span> <span class='ocrx_word' id='word_1_554' title='bbox 2102 3735 2241 3790; x_wconf 89' lang='lat' dir='ltr'><strong>alios</strong></span> <span class='ocrx_word' id='word_1_555' title='bbox 2296 3736 2613 3792; x_wconf 88' lang='lat' dir='ltr'><strong>vulnerare.</strong></span> <span class='ocrx_word' id='word_1_556' title='bbox 2666 3736 3120 3808; x_wconf 85' lang='lat' dir='ltr'><strong>Contigitautem</strong></span> <span class='ocrx_word' id='word_1_557' title='bbox 3175 3749 3234 3795; x_wconf 88' lang='lat' dir='ltr'><strong>et</strong></span> <span class='ocrx_word' id='word_1_558' title='bbox 3279 3755 3478 3797; x_wconf 87' lang='lat' dir='ltr'><strong>eorum</strong></span> 
     </span>
    </p>
   </div>
   <div class='ocr_carea' id='block_1_82' title="bbox 1885 3825 3474 3898">
    <p class='ocr_par' dir='ltr' id='par_1_82' title="bbox 1885 3825 3474 3898">
     <span class='ocr_line' id='line_1_82' title="bbox 1885 3825 3474 3898; baseline 0.009 -23"><span class='ocrx_word' id='word_1_559' title='bbox 1885 3840 2006 3894; x_wconf 67' lang='lat' dir='ltr'><strong>quae</strong></span> <span class='ocrx_word' id='word_1_560' title='bbox 2044 3825 2194 3882; x_wconf 92' lang='lat' dir='ltr'><strong>dicta</strong></span> <span class='ocrx_word' id='word_1_561' title='bbox 2235 3835 2369 3883; x_wconf 91' lang='lat' dir='ltr'><strong>sunt</strong></span> <span class='ocrx_word' id='word_1_562' title='bbox 2421 3827 2492 3882; x_wconf 87' lang='lat' dir='ltr'><strong>ab</strong></span> <span class='ocrx_word' id='word_1_563' title='bbox 2527 3827 2634 3891; x_wconf 90' lang='lat' dir='ltr'><strong>eis,</strong></span> <span class='ocrx_word' id='word_1_564' title='bbox 2659 3827 2904 3898; x_wconf 89' lang='lat' dir='ltr'><strong>plurima</strong></span> <span class='ocrx_word' id='word_1_565' title='bbox 2937 3839 2998 3884; x_wconf 92' lang='lat' dir='ltr'><strong>ut</strong></span> <span class='ocrx_word' id='word_1_566' title='bbox 3036 3829 3296 3886; x_wconf 85' lang='lat' dir='ltr'><strong>viderant</strong></span> <span class='ocrx_word' id='word_1_567' title='bbox 3330 3833 3474 3891; x_wconf 73' lang='lat' dir='ltr'><strong>ﬁeri.</strong></span> 
     </span>
    </p>
   </div>
   <div class='ocr_carea' id='block_1_83' title="bbox 1886 3915 3482 3996">
    <p class='ocr_par' dir='ltr' id='par_1_83' title="bbox 1886 3915 3482 3996">
     <span class='ocr_line' id='line_1_83' title="bbox 1886 3915 3482 3996; baseline 0.005 -25"><span class='ocrx_word' id='word_1_568' title='bbox 1886 3915 2161 3972; x_wconf 64' lang='lat' dir='ltr'><strong>Prazterea</strong></span> <span class='ocrx_word' id='word_1_569' title='bbox 2192 3917 2404 3982; x_wconf 87' lang='lat' dir='ltr'><strong>vernali</strong></span> <span class='ocrx_word' id='word_1_570' title='bbox 2429 3927 2678 3988; x_wconf 89' lang='lat' dir='ltr'><strong>tempore</strong></span> <span class='ocrx_word' id='word_1_571' title='bbox 2720 3918 2914 3988; x_wconf 70' lang='lat' dir='ltr'><strong>prima:</strong></span> <span class='ocrx_word' id='word_1_572' title='bbox 2957 3919 3286 3978; x_wconf 85' lang='lat' dir='ltr'><strong>indictionis</strong></span> <span class='ocrx_word' id='word_1_573' title='bbox 3307 3925 3482 3996; x_wconf 83' lang='lat' dir='ltr'><strong>magis</strong></span> 
     </span>
    </p>
   </div>
   <div class='ocr_carea' id='block_1_84' title="bbox 1886 3999 3484 4082">
    <p class='ocr_par' dir='ltr' id='par_1_84' title="bbox 1886 3999 3484 4082">
     <span class='ocr_line' id='line_1_84' title="bbox 1886 3999 3484 4082; baseline 0.004 -17"><span class='ocrx_word' id='word_1_574' title='bbox 1886 3999 2114 4065; x_wconf 81' lang='lat' dir='ltr'><strong>extensa</strong></span> <span class='ocrx_word' id='word_1_575' title='bbox 2149 4018 2255 4066; x_wconf 91' lang='lat' dir='ltr'><strong>est.</strong></span> <span class='ocrx_word' id='word_1_576' title='bbox 2285 4009 2504 4065; x_wconf 59' lang='lat' dir='ltr'><strong>IEstivo</strong></span> <span class='ocrx_word' id='word_1_577' title='bbox 2537 4023 2723 4068; x_wconf 86' lang='lat' dir='ltr'><strong>autem</strong></span> <span class='ocrx_word' id='word_1_578' title='bbox 2756 4027 2988 4082; x_wconf 87' lang='lat' dir='ltr'><strong>prorsus</strong></span> <span class='ocrx_word' id='word_1_579' title='bbox 3012 4013 3282 4081; x_wconf 87' lang='lat' dir='ltr'><strong>incendit,</strong></span> <span class='ocrx_word' id='word_1_580' title='bbox 3323 4015 3398 4072; x_wconf 83' lang='lat' dir='ltr'><strong>ita</strong></span> <span class='ocrx_word' id='word_1_581' title='bbox 3421 4026 3484 4072; x_wconf 88' lang='lat' dir='ltr'><strong>ut</strong></span> 
     </span>
    </p>
   </div>
   <div class='ocr_carea' id='block_1_85' title="bbox 1887 4100 3482 4174">
    <p class='ocr_par' dir='ltr' id='par_1_85' title="bbox 1887 4100 3482 4174">
     <span class='ocr_line' id='line_1_85' title="bbox 1887 4100 3482 4174; baseline 0.004 -18"><span class='ocrx_word' id='word_1_582' title='bbox 1887 4100 2119 4174; x_wconf 68' lang='lat' dir='ltr'><strong>integrae</strong></span> <span class='ocrx_word' id='word_1_583' title='bbox 2165 4116 2390 4171; x_wconf 88' lang='lat' dir='ltr'><strong>quoque</strong></span> <span class='ocrx_word' id='word_1_584' title='bbox 2418 4101 2620 4158; x_wconf 87' lang='lat' dir='ltr'><strong>domus</strong></span> <span class='ocrx_word' id='word_1_585' title='bbox 2654 4103 2877 4172; x_wconf 91' lang='lat' dir='ltr'><strong>penitus</strong></span> <span class='ocrx_word' id='word_1_586' title='bbox 2905 4103 3326 4169; x_wconf 89' lang='lat' dir='ltr'><strong>clauderentur,</strong></span> <span class='ocrx_word' id='word_1_587' title='bbox 3377 4121 3482 4162; x_wconf 87' lang='lat' dir='ltr'><strong>nec</strong></span> 
     </span>
    </p>
   </div>
   <div class='ocr_carea' id='block_1_86' title="bbox 1887 4183 3484 4263">
    <p class='ocr_par' dir='ltr' id='par_1_86' title="bbox 1887 4183 3484 4263">
     <span class='ocr_line' id='line_1_86' title="bbox 1887 4183 3484 4263; baseline 0.001 -15"><span class='ocrx_word' id='word_1_588' title='bbox 1887 4201 2074 4248; x_wconf 89' lang='lat' dir='ltr'><strong>essent</strong></span> <span class='ocrx_word' id='word_1_589' title='bbox 2101 4183 2197 4262; x_wconf 87' lang='lat' dir='ltr'><strong>qui</strong></span> <span class='ocrx_word' id='word_1_590' title='bbox 2228 4192 2496 4248; x_wconf 86' lang='lat' dir='ltr'><strong>deberent</strong></span> <span class='ocrx_word' id='word_1_591' title='bbox 2530 4203 2782 4248; x_wconf 92' lang='lat' dir='ltr'><strong>mortuos</strong></span> <span class='ocrx_word' id='word_1_592' title='bbox 2839 4193 3097 4263; x_wconf 76' lang='lat' dir='ltr'><strong>sepelire.</strong></span> <span class='ocrx_word' id='word_1_593' title='bbox 3130 4193 3211 4248; x_wconf 81' lang='lat' dir='ltr'><strong>Ex</strong></span> <span class='ocrx_word' id='word_1_594' title='bbox 3238 4194 3484 4250; x_wconf 86' lang='lat' dir='ltr'><strong>necessi-</strong></span> 
     </span>
    </p>
   </div>
   <div class='ocr_carea' id='block_1_87' title="bbox 1890 4284 3482 4354">
    <p class='ocr_par' dir='ltr' id='par_1_87' title="bbox 1890 4284 3482 4354">
     <span class='ocr_line' id='line_1_87' title="bbox 1890 4284 3482 4354; baseline -0.001 -14"><span class='ocrx_word' id='word_1_595' title='bbox 1890 4292 1999 4341; x_wconf 90' lang='lat' dir='ltr'><strong>tate</strong></span> <span class='ocrx_word' id='word_1_596' title='bbox 2033 4285 2222 4354; x_wconf 90' lang='lat' dir='ltr'><strong>itaque</strong></span> <span class='ocrx_word' id='word_1_597' title='bbox 2281 4285 2454 4339; x_wconf 88' lang='lat' dir='ltr'><strong>multa</strong></span> <span class='ocrx_word' id='word_1_598' title='bbox 2505 4285 2878 4354; x_wconf 76' lang='lat' dir='ltr'><strong>excogitatum</strong></span> <span class='ocrx_word' id='word_1_599' title='bbox 2923 4292 3009 4338; x_wconf 86' lang='lat' dir='ltr'><strong>est</strong></span> <span class='ocrx_word' id='word_1_600' title='bbox 3038 4299 3150 4354; x_wconf 92' lang='lat' dir='ltr'><strong>quo</strong></span> <span class='ocrx_word' id='word_1_601' title='bbox 3171 4299 3338 4352; x_wconf 88' lang='lat' dir='ltr'><strong>super</strong></span> <span class='ocrx_word' id='word_1_602' title='bbox 3362 4284 3482 4338; x_wconf 85' lang='lat' dir='ltr'><strong>ani-</strong></span> 
     </span>
    </p>
   </div>
   <div class='ocr_carea' id='block_1_88' title="bbox 1894 4365 3482 4447">
    <p class='ocr_par' dir='ltr' id='par_1_88' title="bbox 1894 4365 3482 4447">
     <span class='ocr_line' id='line_1_88' title="bbox 1894 4365 3482 4447; baseline -0.001 -15"><span class='ocrx_word' id='word_1_603' title='bbox 1894 4378 2058 4433; x_wconf 90' lang='lat' dir='ltr'><strong>malia</strong></span> <span class='ocrx_word' id='word_1_604' title='bbox 2093 4377 2291 4432; x_wconf 69' lang='lat' dir='ltr'><strong>tabulas</strong></span> <span class='ocrx_word' id='word_1_605' title='bbox 2321 4365 2732 4440; x_wconf 87' lang='lat' dir='ltr'><strong>sternerentur,</strong></span> <span class='ocrx_word' id='word_1_606' title='bbox 2777 4384 2837 4432; x_wconf 89' lang='lat' dir='ltr'><strong>et</strong></span> <span class='ocrx_word' id='word_1_607' title='bbox 2865 4376 2940 4431; x_wconf 88' lang='lat' dir='ltr'><strong>ita</strong></span> <span class='ocrx_word' id='word_1_608' title='bbox 2974 4391 3143 4445; x_wconf 88' lang='lat' dir='ltr'><strong>super</strong></span> <span class='ocrx_word' id='word_1_609' title='bbox 3171 4376 3272 4431; x_wconf 88' lang='lat' dir='ltr'><strong>has</strong></span> <span class='ocrx_word' id='word_1_610' title='bbox 3305 4375 3482 4447; x_wconf 62' lang='lat' dir='ltr'><strong>impoo</strong></span> 
     </span>
    </p>
   </div>
   <div class='ocr_carea' id='block_1_89' title="bbox 1891 4467 3488 4537">
    <p class='ocr_par' dir='ltr' id='par_1_89' title="bbox 1891 4467 3488 4537">
     <span class='ocr_line' id='line_1_89' title="bbox 1891 4467 3488 4537; baseline -0.001 -11"><span class='ocrx_word' id='word_1_611' title='bbox 1891 4470 1984 4526; x_wconf 79' lang='lat' dir='ltr'><strong>siti</strong></span> <span class='ocrx_word' id='word_1_612' title='bbox 2018 4468 2224 4524; x_wconf 89' lang='lat' dir='ltr'><strong>mortui</strong></span> <span class='ocrx_word' id='word_1_613' title='bbox 2262 4469 2640 4525; x_wconf 84' lang='lat' dir='ltr'><strong>deferrentur.</strong></span> <span class='ocrx_word' id='word_1_614' title='bbox 2667 4468 2792 4523; x_wconf 86' lang='lat' dir='ltr'><strong>Pari</strong></span> <span class='ocrx_word' id='word_1_615' title='bbox 2825 4468 2990 4524; x_wconf 90' lang='lat' dir='ltr'><strong>modo</strong></span> <span class='ocrx_word' id='word_1_616' title='bbox 3019 4475 3077 4523; x_wconf 89' lang='lat' dir='ltr'><strong>et</strong></span> <span class='ocrx_word' id='word_1_617' title='bbox 3109 4469 3166 4524; x_wconf 93' lang='lat' dir='ltr'><strong>in</strong></span> <span class='ocrx_word' id='word_1_618' title='bbox 3219 4467 3488 4537; x_wconf 88' lang='lat' dir='ltr'><strong>plaustris</strong></span> 
     </span>
    </p>
   </div>
   <div class='ocr_carea' id='block_1_90' title="bbox 164 4563 3487 4638">
    <p class='ocr_par' dir='ltr' id='par_1_90' title="bbox 164 4563 3487 4638">
     <span class='ocr_line' id='line_1_90' title="bbox 164 4563 3487 4638; baseline -0 -18"><span class='ocrx_word' id='word_1_619' title='bbox 164 4581 490 4638; x_wconf 78' lang='lat' dir='ltr'><strong>aggressus</strong></span> <span class='ocrx_word' id='word_1_620' title='bbox 565 4583 693 4622; x_wconf 85' lang='lat' dir='ltr'><strong>eum</strong></span> <span class='ocrx_word' id='word_1_621' title='bbox 769 4567 826 4622; x_wconf 92' lang='lat' dir='ltr'><strong>in</strong></span> <span class='ocrx_word' id='word_1_622' title='bbox 911 4567 1308 4636; x_wconf 87' lang='lat' dir='ltr'><strong>Mesopotamia</strong></span> <span class='ocrx_word' id='word_1_623' title='bbox 1379 4583 1506 4622; x_wconf 91' lang='lat' dir='ltr'><strong>cum</strong></span> <span class='ocrx_word' id='word_1_624' title='bbox 1580 4570 1787 4624; x_wconf 90' lang='lat' dir='ltr'><strong>multos</strong></span> <span class='ocrx_word' id='word_1_625' title='bbox 1820 4573 1864 4628; x_wconf 91' lang='lat' dir='ltr'><strong>D</strong></span> <span class='ocrx_word' id='word_1_626' title='bbox 1893 4564 1986 4620; x_wconf 88' lang='lat' dir='ltr'><strong>alii</strong></span> <span class='ocrx_word' id='word_1_627' title='bbox 2017 4564 2352 4634; x_wconf 88' lang='lat' dir='ltr'><strong>suprapositi</strong></span> <span class='ocrx_word' id='word_1_628' title='bbox 2389 4563 2516 4618; x_wconf 88' lang='lat' dir='ltr'><strong>aliis</strong></span> <span class='ocrx_word' id='word_1_629' title='bbox 2541 4563 2991 4633; x_wconf 90' lang='lat' dir='ltr'><strong>asportabantur.</strong></span> <span class='ocrx_word' id='word_1_630' title='bbox 3017 4563 3158 4618; x_wconf 86' lang='lat' dir='ltr'><strong>Cum</strong></span> <span class='ocrx_word' id='word_1_631' title='bbox 3182 4573 3368 4618; x_wconf 84' lang='lat' dir='ltr'><strong>autem</strong></span> <span class='ocrx_word' id='word_1_632' title='bbox 3392 4581 3487 4620; x_wconf 86' lang='lat' dir='ltr'><strong>re-</strong></span> 
     </span>
    </p>
   </div>
   <div class='ocr_carea' id='block_1_91' title="bbox 164 4658 1791 4731">
    <p class='ocr_par' dir='ltr' id='par_1_91' title="bbox 164 4658 1791 4731">
     <span class='ocr_line' id='line_1_91' title="bbox 164 4658 1791 4731; baseline 0.003 -20"><span class='ocrx_word' id='word_1_633' title='bbox 164 4659 538 4730; x_wconf 85' lang='lat' dir='ltr'><strong>collegarum</strong></span> <span class='ocrx_word' id='word_1_634' title='bbox 571 4658 960 4726; x_wconf 80' lang='lat' dir='ltr'><strong>interfecisset,</strong></span> <span class='ocrx_word' id='word_1_635' title='bbox 1003 4660 1152 4716; x_wconf 90' lang='lat' dir='ltr'><strong>hunc</strong></span> <span class='ocrx_word' id='word_1_636' title='bbox 1197 4660 1662 4731; x_wconf 88' lang='lat' dir='ltr'><strong>comprehensum</strong></span> <span class='ocrx_word' id='word_1_637' title='bbox 1705 4662 1791 4717; x_wconf 88' lang='lat' dir='ltr'><strong>in-</strong></span> 
     </span>
    </p>
   </div>
   <div class='ocr_carea' id='block_1_92' title="bbox 165 4751 438 4807">
    <p class='ocr_par' dir='ltr' id='par_1_92' title="bbox 165 4751 438 4807">
     <span class='ocr_line' id='line_1_92' title="bbox 165 4751 438 4807; baseline -0.007 -1"><span class='ocrx_word' id='word_1_638' title='bbox 165 4763 233 4806; x_wconf 84' lang='lat' dir='ltr'><strong>te</strong></span> <span class='ocrx_word' id='word_1_639' title='bbox 243 4751 438 4807; x_wconf 80' lang='lat' dir='ltr'><strong>rfecit.</strong></span> 
     </span>
    </p>
   </div>
   <div class='ocr_carea' id='block_1_93' title="bbox 260 4846 1790 4917">
    <p class='ocr_par' dir='ltr' id='par_1_93' title="bbox 260 4846 1790 4917">
     <span class='ocr_line' id='line_1_93' title="bbox 260 4846 1790 4917; baseline 0.001 -15"><span class='ocrx_word' id='word_1_640' title='bbox 260 4848 330 4902; x_wconf 86' lang='lat' dir='ltr'><strong>In</strong></span> <span class='ocrx_word' id='word_1_641' title='bbox 366 4847 455 4902; x_wconf 86' lang='lat' dir='ltr'><strong>his</strong></span> <span class='ocrx_word' id='word_1_642' title='bbox 502 4846 901 4904; x_wconf 87' lang='lat' dir='ltr'><strong>Constantinus</strong></span> <span class='ocrx_word' id='word_1_643' title='bbox 931 4847 1340 4904; x_wconf 86' lang='lat' dir='ltr'><strong>Germaniciam</strong></span> <span class='ocrx_word' id='word_1_644' title='bbox 1388 4847 1558 4917; x_wconf 90' lang='lat' dir='ltr'><strong>cepit,</strong></span> <span class='ocrx_word' id='word_1_645' title='bbox 1609 4849 1790 4905; x_wconf 88' lang='lat' dir='ltr'><strong>aciem</strong></span> 
     </span>
    </p>
   </div>
   <div class='ocr_carea' id='block_1_94' title="bbox 165 4939 1792 5012">
    <p class='ocr_par' dir='ltr' id='par_1_94' title="bbox 165 4939 1792 5012">
     <span class='ocr_line' id='line_1_94' title="bbox 165 4939 1792 5012; baseline 0.001 -18"><span class='ocrx_word' id='word_1_646' title='bbox 165 4939 452 5010; x_wconf 84' lang='lat' dir='ltr'><strong>dirigens</strong></span> <span class='ocrx_word' id='word_1_647' title='bbox 480 4948 676 4994; x_wconf 90' lang='lat' dir='ltr'><strong>contra</strong></span> <span class='ocrx_word' id='word_1_648' title='bbox 695 4939 909 5010; x_wconf 80' lang='lat' dir='ltr'><strong>Syriam</strong></span> <span class='ocrx_word' id='word_1_649' title='bbox 933 4948 990 4994; x_wconf 91' lang='lat' dir='ltr'><strong>et</strong></span> <span class='ocrx_word' id='word_1_650' title='bbox 1014 4939 1358 5007; x_wconf 85' lang='lat' dir='ltr'><strong>Dulechiam,</strong></span> <span class='ocrx_word' id='word_1_651' title='bbox 1388 4939 1542 4995; x_wconf 89' lang='lat' dir='ltr'><strong>aditu</strong></span> <span class='ocrx_word' id='word_1_652' title='bbox 1572 4951 1792 5012; x_wconf 88' lang='lat' dir='ltr'><strong>reperto</strong></span> 
     </span>
    </p>
   </div>
   <div class='ocr_carea' id='block_1_95' title="bbox 164 5032 1794 5104">
    <p class='ocr_par' dir='ltr' id='par_1_95' title="bbox 164 5032 1794 5104">
     <span class='ocr_line' id='line_1_95' title="bbox 164 5032 1794 5104; baseline 0.002 -16"><span class='ocrx_word' id='word_1_653' title='bbox 164 5041 434 5104; x_wconf 76' lang='lat' dir='ltr'><strong>prapter</strong></span> <span class='ocrx_word' id='word_1_654' title='bbox 488 5032 732 5087; x_wconf 88' lang='lat' dir='ltr'><strong>Arabum</strong></span> <span class='ocrx_word' id='word_1_655' title='bbox 784 5043 1036 5088; x_wconf 89' lang='lat' dir='ltr'><strong>mutuam</strong></span> <span class='ocrx_word' id='word_1_656' title='bbox 1101 5049 1364 5104; x_wconf 88' lang='lat' dir='ltr'><strong>pugnam,</strong></span> <span class='ocrx_word' id='word_1_657' title='bbox 1429 5035 1607 5090; x_wconf 89' lang='lat' dir='ltr'><strong>verbo</strong></span> <span class='ocrx_word' id='word_1_658' title='bbox 1654 5050 1794 5091; x_wconf 88' lang='lat' dir='ltr'><strong>sane</strong></span> 
     </span>
    </p>
   </div>
   <div class='ocr_carea' id='block_1_96' title="bbox 163 5124 1796 5196">
    <p class='ocr_par' dir='ltr' id='par_1_96' title="bbox 163 5124 1796 5196">
     <span class='ocr_line' id='line_1_96' title="bbox 163 5124 1796 5196; baseline 0.001 -16"><span class='ocrx_word' id='word_1_659' title='bbox 163 5124 416 5180; x_wconf 71' lang='lat' dir='ltr'><strong>Arabes</strong></span> <span class='ocrx_word' id='word_1_660' title='bbox 449 5126 693 5180; x_wconf 89' lang='lat' dir='ltr'><strong>inermes</strong></span> <span class='ocrx_word' id='word_1_661' title='bbox 727 5124 1033 5189; x_wconf 88' lang='lat' dir='ltr'><strong>dimittens,</strong></span> <span class='ocrx_word' id='word_1_662' title='bbox 1063 5124 1158 5194; x_wconf 89' lang='lat' dir='ltr'><strong>qui</strong></span> <span class='ocrx_word' id='word_1_663' title='bbox 1214 5134 1375 5181; x_wconf 87' lang='lat' dir='ltr'><strong>erant</strong></span> <span class='ocrx_word' id='word_1_664' title='bbox 1417 5126 1476 5180; x_wconf 93' lang='lat' dir='ltr'><strong>in</strong></span> <span class='ocrx_word' id='word_1_665' title='bbox 1506 5126 1662 5196; x_wconf 88' lang='lat' dir='ltr'><strong>ipsis.</strong></span> <span class='ocrx_word' id='word_1_666' title='bbox 1689 5126 1796 5182; x_wconf 85' lang='lat' dir='ltr'><strong>As-</strong></span> 
     </span>
    </p>
   </div>
   <div class='ocr_carea' id='block_1_97' title="bbox 163 5217 1795 5288">
    <p class='ocr_par' dir='ltr' id='par_1_97' title="bbox 163 5217 1795 5288">
     <span class='ocr_line' id='line_1_97' title="bbox 163 5217 1795 5288; baseline -0.001 -13"><span class='ocrx_word' id='word_1_667' title='bbox 163 5217 444 5288; x_wconf 81' lang='lat' dir='ltr'><strong>sutnpsit</strong></span> <span class='ocrx_word' id='word_1_668' title='bbox 475 5227 660 5273; x_wconf 86' lang='lat' dir='ltr'><strong>autem</strong></span> <span class='ocrx_word' id='word_1_669' title='bbox 707 5225 764 5272; x_wconf 91' lang='lat' dir='ltr'><strong>et</strong></span> <span class='ocrx_word' id='word_1_670' title='bbox 794 5225 1060 5288; x_wconf 86' lang='lat' dir='ltr'><strong>cognatos</strong></span> <span class='ocrx_word' id='word_1_671' title='bbox 1096 5230 1230 5271; x_wconf 86' lang='lat' dir='ltr'><strong>suos</strong></span> <span class='ocrx_word' id='word_1_672' title='bbox 1256 5234 1325 5273; x_wconf 78' lang='lat' dir='ltr'><strong>ex</strong></span> <span class='ocrx_word' id='word_1_673' title='bbox 1355 5227 1606 5275; x_wconf 87' lang='lat' dir='ltr'><strong>materna</strong></span> <span class='ocrx_word' id='word_1_674' title='bbox 1647 5219 1795 5274; x_wconf 90' lang='lat' dir='ltr'><strong>linea</strong></span> 
     </span>
    </p>
   </div>
   <div class='ocr_carea' id='block_1_98' title="bbox 164 5308 1796 5380">
    <p class='ocr_par' dir='ltr' id='par_1_98' title="bbox 164 5308 1796 5380">
     <span class='ocr_line' id='line_1_98' title="bbox 164 5308 1796 5380; baseline -0.001 -15"><span class='ocrx_word' id='word_1_675' title='bbox 164 5309 634 5374; x_wconf 86' lang='lat' dir='ltr'><strong>descendentes,</strong></span> <span class='ocrx_word' id='word_1_676' title='bbox 665 5318 724 5364; x_wconf 90' lang='lat' dir='ltr'><strong>et</strong></span> <span class='ocrx_word' id='word_1_677' title='bbox 751 5309 1000 5380; x_wconf 84' lang='lat' dir='ltr'><strong>Byzantii</strong></span> <span class='ocrx_word' id='word_1_678' title='bbox 1030 5308 1327 5364; x_wconf 89' lang='lat' dir='ltr'><strong>collocavit</strong></span> <span class='ocrx_word' id='word_1_679' title='bbox 1349 5325 1458 5364; x_wconf 88' lang='lat' dir='ltr'><strong>una</strong></span> <span class='ocrx_word' id='word_1_680' title='bbox 1493 5325 1618 5366; x_wconf 92' lang='lat' dir='ltr'><strong>cum</strong></span> <span class='ocrx_word' id='word_1_681' title='bbox 1649 5310 1796 5364; x_wconf 86' lang='lat' dir='ltr'><strong>mul-</strong></span> 
     </span>
    </p>
   </div>
   <div class='ocr_carea' id='block_1_99' title="bbox 169 5401 1800 5474">
    <p class='ocr_par' dir='ltr' id='par_1_99' title="bbox 169 5401 1800 5474">
     <span class='ocr_line' id='line_1_99' title="bbox 169 5401 1800 5474; baseline -0.001 -15"><span class='ocrx_word' id='word_1_682' title='bbox 169 5405 270 5468; x_wconf 80' lang='lat' dir='ltr'><strong>tis</strong></span> <span class='ocrx_word' id='word_1_683' title='bbox 315 5401 476 5474; x_wconf 83' lang='lat' dir='ltr'><strong>Syris</strong></span> <span class='ocrx_word' id='word_1_684' title='bbox 505 5401 910 5474; x_wconf 82' lang='lat' dir='ltr'><strong>monOphysitis</strong></span> <span class='ocrx_word' id='word_1_685' title='bbox 959 5403 1260 5468; x_wconf 76' lang='lat' dir='ltr'><strong>hzereticis,</strong></span> <span class='ocrx_word' id='word_1_686' title='bbox 1287 5418 1356 5458; x_wconf 81' lang='lat' dir='ltr'><strong>ex</strong></span> <span class='ocrx_word' id='word_1_687' title='bbox 1385 5403 1592 5472; x_wconf 89' lang='lat' dir='ltr'><strong>quibus</strong></span> <span class='ocrx_word' id='word_1_688' title='bbox 1611 5404 1800 5473; x_wconf 89' lang='lat' dir='ltr'><strong>plures</strong></span> 
     </span>
    </p>
   </div>
   <div class='ocr_carea' id='block_1_100' title="bbox 169 5495 1798 5568">
    <p class='ocr_par' dir='ltr' id='par_1_100' title="bbox 169 5495 1798 5568">
     <span class='ocr_line' id='line_1_100' title="bbox 169 5495 1798 5568; baseline -0.004 -9"><span class='ocrx_word' id='word_1_689' title='bbox 169 5505 251 5559; x_wconf 86' lang='lat' dir='ltr'><strong>in</strong></span> <span class='ocrx_word' id='word_1_690' title='bbox 311 5498 534 5555; x_wconf 89' lang='lat' dir='ltr'><strong>Thrace</strong></span> <span class='ocrx_word' id='word_1_691' title='bbox 569 5513 744 5568; x_wconf 89' lang='lat' dir='ltr'><strong>usque</strong></span> <span class='ocrx_word' id='word_1_692' title='bbox 793 5495 1250 5553; x_wconf 83' lang='lat' dir='ltr'><strong>nunc&#39;habitant</strong></span> <span class='ocrx_word' id='word_1_693' title='bbox 1291 5505 1349 5550; x_wconf 91' lang='lat' dir='ltr'><strong>et</strong></span> <span class='ocrx_word' id='word_1_694' title='bbox 1383 5498 1536 5567; x_wconf 80' lang='lat' dir='ltr'><strong>juxta</strong></span> <span class='ocrx_word' id='word_1_695' title='bbox 1570 5497 1798 5552; x_wconf 87' lang='lat' dir='ltr'><strong>Petrum</strong></span> 
     </span>
    </p>
   </div>
   <div class='ocr_carea' id='block_1_101' title="bbox 167 5589 1796 5666">
    <p class='ocr_par' dir='ltr' id='par_1_101' title="bbox 167 5589 1796 5666">
     <span class='ocr_line' id='line_1_101' title="bbox 167 5589 1796 5666; baseline -0.007 -12"><span class='ocrx_word' id='word_1_696' title='bbox 167 5592 468 5666; x_wconf 79' lang='lat' dir='ltr'><strong>Gnaphea</strong></span> <span class='ocrx_word' id='word_1_697' title='bbox 491 5589 821 5648; x_wconf 83' lang='lat' dir='ltr'><strong>Trinitatem</strong></span> <span class='ocrx_word' id='word_1_698' title='bbox 845 5591 902 5646; x_wconf 89' lang='lat' dir='ltr'><strong>in</strong></span> <span class='ocrx_word' id='word_1_699' title='bbox 927 5589 1156 5660; x_wconf 84' lang='lat' dir='ltr'><strong>trisagio</strong></span> <span class='ocrx_word' id='word_1_700' title='bbox 1178 5589 1532 5658; x_wconf 82' lang='lat' dir='ltr'><strong>crueiﬂgunt.</strong></span> <span class='ocrx_word' id='word_1_701' title='bbox 1563 5589 1737 5643; x_wconf 71' lang='lat' dir='ltr'><strong>Porro</strong></span> <span class='ocrx_word' id='word_1_702' title='bbox 1767 5604 1796 5642; x_wconf 92' lang='lat' dir='ltr'><strong>a</strong></span> 
     </span>
    </p>
   </div>
   <div class='ocr_carea' id='block_1_102' title="bbox 175 5680 1800 5762">
    <p class='ocr_par' dir='ltr' id='par_1_102' title="bbox 175 5680 1800 5762">
     <span class='ocr_line' id='line_1_102' title="bbox 175 5680 1800 5762; baseline -0.005 -19"><span class='ocrx_word' id='word_1_703' title='bbox 175 5695 410 5762; x_wconf 79' lang='lat' dir='ltr'><strong>quarto</strong></span> <span class='ocrx_word' id='word_1_704' title='bbox 435 5685 562 5741; x_wconf 91' lang='lat' dir='ltr'><strong>idus</strong></span> <span class='ocrx_word' id='word_1_705' title='bbox 590 5683 868 5756; x_wconf 79' lang='lat' dir='ltr'><strong>Augustas</strong></span> <span class='ocrx_word' id='word_1_706' title='bbox 903 5697 1079 5753; x_wconf 86' lang='lat' dir='ltr'><strong>usque</strong></span> <span class='ocrx_word' id='word_1_707' title='bbox 1127 5680 1196 5735; x_wconf 89' lang='lat' dir='ltr'><strong>ad</strong></span> <span class='ocrx_word' id='word_1_708' title='bbox 1241 5690 1497 5736; x_wconf 84' lang='lat' dir='ltr'><strong>octavum</strong></span> <span class='ocrx_word' id='word_1_709' title='bbox 1525 5680 1800 5736; x_wconf 82' lang='lat' dir='ltr'><strong>Kalendas</strong></span> 
     </span>
    </p>
   </div>
   <div class='ocr_carea' id='block_1_103' title="bbox 176 5771 1800 5852">
    <p class='ocr_par' dir='ltr' id='par_1_103' title="bbox 176 5771 1800 5852">
     <span class='ocr_line' id='line_1_103' title="bbox 176 5771 1800 5852; baseline -0.008 -12"><span class='ocrx_word' id='word_1_710' title='bbox 176 5777 556 5852; x_wconf 73' lang='lat' dir='ltr'><strong>Septembris</strong></span> <span class='ocrx_word' id='word_1_711' title='bbox 613 5776 856 5832; x_wconf 67' lang='lat' dir='ltr'><strong>tenebrae</strong></span> <span class='ocrx_word' id='word_1_712' title='bbox 903 5774 1061 5831; x_wconf 68' lang='lat' dir='ltr'><strong>facta:</strong></span> <span class='ocrx_word' id='word_1_713' title='bbox 1120 5780 1252 5827; x_wconf 86' lang='lat' dir='ltr'><strong>sunt</strong></span> <span class='ocrx_word' id='word_1_714' title='bbox 1301 5772 1603 5828; x_wconf 64' lang='lat' dir='ltr'><strong>nebulosae.</strong></span> <span class='ocrx_word' id='word_1_715' title='bbox 1641 5771 1800 5827; x_wconf 89' lang='lat' dir='ltr'><strong>Tunc</strong></span> 
     </span>
    </p>
   </div>
   <div class='ocr_carea' id='block_1_104' title="bbox 180 5867 1800 5940">
    <p class='ocr_par' dir='ltr' id='par_1_104' title="bbox 180 5867 1800 5940">
     <span class='ocr_line' id='line_1_104' title="bbox 180 5867 1800 5940; baseline -0.007 -6"><span class='ocrx_word' id='word_1_716' title='bbox 180 5873 495 5934; x_wconf 75' lang='lat' dir='ltr'><strong>Meruham</strong></span> <span class='ocrx_word' id='word_1_717' title='bbox 521 5870 702 5928; x_wconf 83' lang='lat' dir='ltr'><strong>victor</strong></span> <span class='ocrx_word' id='word_1_718' title='bbox 736 5870 934 5926; x_wconf 89' lang='lat' dir='ltr'><strong>Emesa</strong></span> <span class='ocrx_word' id='word_1_719' title='bbox 969 5880 1127 5940; x_wconf 84' lang='lat' dir='ltr'><strong>capta</strong></span> <span class='ocrx_word' id='word_1_720' title='bbox 1173 5867 1453 5927; x_wconf 79' lang='lat' dir='ltr'><strong>interfecit</strong></span> <span class='ocrx_word' id='word_1_721' title='bbox 1497 5883 1687 5924; x_wconf 86' lang='lat' dir='ltr'><strong>omnes</strong></span> <span class='ocrx_word' id='word_1_722' title='bbox 1712 5883 1800 5922; x_wconf 83' lang='lat' dir='ltr'><strong>co-</strong></span> 
     </span>
    </p>
   </div>
   <div class='ocr_carea' id='block_1_105' title="bbox 1895 4656 3488 4729">
    <p class='ocr_par' dir='ltr' id='par_1_105' title="bbox 1895 4656 3488 4729">
     <span class='ocr_line' id='line_1_105' title="bbox 1895 4656 3488 4729; baseline -0.002 -16"><span class='ocrx_word' id='word_1_723' title='bbox 1895 4659 2044 4729; x_wconf 88' lang='lat' dir='ltr'><strong>pleta</strong></span> <span class='ocrx_word' id='word_1_724' title='bbox 2074 4657 2312 4713; x_wconf 82' lang='lat' dir='ltr'><strong>fuissent</strong></span> <span class='ocrx_word' id='word_1_725' title='bbox 2340 4656 2625 4720; x_wconf 86' lang='lat' dir='ltr'><strong>universa,</strong></span> <span class='ocrx_word' id='word_1_726' title='bbox 2658 4669 2768 4712; x_wconf 87' lang='lat' dir='ltr'><strong>tam</strong></span> <span class='ocrx_word' id='word_1_727' title='bbox 2809 4656 3026 4712; x_wconf 86' lang='lat' dir='ltr'><strong>scilicet</strong></span> <span class='ocrx_word' id='word_1_728' title='bbox 3069 4657 3284 4711; x_wconf 90' lang='lat' dir='ltr'><strong>urbana</strong></span> <span class='ocrx_word' id='word_1_729' title='bbox 3317 4672 3488 4726; x_wconf 86' lang='lat' dir='ltr'><strong>quam</strong></span> 
     </span>
    </p>
   </div>
   <div class='ocr_carea' id='block_1_106' title="bbox 1897 4749 3495 4819">
    <p class='ocr_par' dir='ltr' id='par_1_106' title="bbox 1897 4749 3495 4819">
     <span class='ocr_line' id='line_1_106' title="bbox 1897 4749 3495 4819; baseline -0.001 -13"><span class='ocrx_word' id='word_1_730' title='bbox 1897 4749 2241 4815; x_wconf 88' lang='lat' dir='ltr'><strong>suburbana,</strong></span> <span class='ocrx_word' id='word_1_731' title='bbox 2299 4759 2681 4813; x_wconf 80' lang='lat' dir='ltr'><strong>monumenta,</strong></span> <span class='ocrx_word' id='word_1_732' title='bbox 2723 4757 2782 4804; x_wconf 91' lang='lat' dir='ltr'><strong>et</strong></span> <span class='ocrx_word' id='word_1_733' title='bbox 2805 4749 3063 4804; x_wconf 69' lang='lat' dir='ltr'><strong>cisternae</strong></span> <span class='ocrx_word' id='word_1_734' title='bbox 3087 4764 3311 4819; x_wconf 87' lang='lat' dir='ltr'><strong>quoque</strong></span> <span class='ocrx_word' id='word_1_735' title='bbox 3365 4750 3495 4805; x_wconf 86' lang='lat' dir='ltr'><strong>sine</strong></span> 
     </span>
    </p>
   </div>
   <div class='ocr_carea' id='block_1_107' title="bbox 1895 4839 3488 4912">
    <p class='ocr_par' dir='ltr' id='par_1_107' title="bbox 1895 4839 3488 4912">
     <span class='ocr_line' id='line_1_107' title="bbox 1895 4839 3488 4912; baseline 0.001 -18"><span class='ocrx_word' id='word_1_736' title='bbox 1895 4857 2037 4912; x_wconf 88' lang='lat' dir='ltr'><strong>aqua</strong></span> <span class='ocrx_word' id='word_1_737' title='bbox 2064 4851 2122 4897; x_wconf 92' lang='lat' dir='ltr'><strong>et</strong></span> <span class='ocrx_word' id='word_1_738' title='bbox 2155 4843 2310 4898; x_wconf 84' lang='lat' dir='ltr'><strong>lacus</strong></span> <span class='ocrx_word' id='word_1_739' title='bbox 2356 4847 2414 4894; x_wconf 88' lang='lat' dir='ltr'><strong>et</strong></span> <span class='ocrx_word' id='word_1_740' title='bbox 2457 4840 2713 4910; x_wconf 68' lang='lat' dir='ltr'><strong>plurimm.</strong></span> <span class='ocrx_word' id='word_1_741' title='bbox 2771 4839 2969 4903; x_wconf 66' lang='lat' dir='ltr'><strong>vineae,</strong></span> <span class='ocrx_word' id='word_1_742' title='bbox 3003 4855 3223 4895; x_wconf 90' lang='lat' dir='ltr'><strong>necnon</strong></span> <span class='ocrx_word' id='word_1_743' title='bbox 3255 4849 3315 4896; x_wconf 92' lang='lat' dir='ltr'><strong>et</strong></span> <span class='ocrx_word' id='word_1_744' title='bbox 3340 4839 3488 4896; x_wconf 89' lang='lat' dir='ltr'><strong>inte-</strong></span> 
     </span>
    </p>
   </div>
   <div class='ocr_carea' id='block_1_108' title="bbox 1896 4929 3489 5002">
    <p class='ocr_par' dir='ltr' id='par_1_108' title="bbox 1896 4929 3489 5002">
     <span class='ocr_line' id='line_1_108' title="bbox 1896 4929 3489 5002; baseline -0.004 -14"><span class='ocrx_word' id='word_1_745' title='bbox 1896 4933 2074 4988; x_wconf 89' lang='lat' dir='ltr'><strong>riores</strong></span> <span class='ocrx_word' id='word_1_746' title='bbox 2103 4933 2274 4998; x_wconf 79' lang='lat' dir='ltr'><strong>horti,</strong></span> <span class='ocrx_word' id='word_1_747' title='bbox 2311 4932 2406 5002; x_wconf 90' lang='lat' dir='ltr'><strong>qui</strong></span> <span class='ocrx_word' id='word_1_748' title='bbox 2437 4931 2580 4986; x_wconf 87' lang='lat' dir='ltr'><strong>intra</strong></span> <span class='ocrx_word' id='word_1_749' title='bbox 2602 4939 2821 4986; x_wconf 82' lang='lat' dir='ltr'><strong>veteres</strong></span> <span class='ocrx_word' id='word_1_750' title='bbox 2843 4945 3032 4985; x_wconf 88' lang='lat' dir='ltr'><strong>muros</strong></span> <span class='ocrx_word' id='word_1_751' title='bbox 3058 4939 3241 4995; x_wconf 88' lang='lat' dir='ltr'><strong>erant,</strong></span> <span class='ocrx_word' id='word_1_752' title='bbox 3277 4929 3346 4984; x_wconf 83' lang='lat' dir='ltr'><strong>ad</strong></span> <span class='ocrx_word' id='word_1_753' title='bbox 3384 4929 3489 4996; x_wconf 81' lang='lat' dir='ltr'><strong>hu-</strong></span> 
     </span>
    </p>
   </div>
   <div class='ocr_carea' id='block_1_109' title="bbox 1890 5007 3500 5097">
    <p class='ocr_par' dir='ltr' id='par_1_109' title="bbox 1890 5007 3500 5097">
     <span class='ocr_line' id='line_1_109' title="bbox 1890 5007 3500 5097; baseline -0.002 -16"><span class='ocrx_word' id='word_1_754' title='bbox 1890 5025 2136 5097; x_wconf 91' lang='lat' dir='ltr'><strong>jusmodi</strong></span> <span class='ocrx_word' id='word_1_755' title='bbox 2161 5023 2559 5095; x_wconf 87' lang='lat' dir='ltr'><strong>capessendam</strong></span> <span class='ocrx_word' id='word_1_756' title='bbox 2617 5023 2962 5092; x_wconf 86' lang='lat' dir='ltr'><strong>sepulturam</strong></span> <span class='ocrx_word' id='word_1_757' title='bbox 3005 5007 3195 5078; x_wconf 70' lang='lat' dir='ltr'><strong>effossi</strong></span> <span class='ocrx_word' id='word_1_758' title='bbox 3229 5030 3381 5085; x_wconf 92' lang='lat' dir='ltr'><strong>sunt,</strong></span> <span class='ocrx_word' id='word_1_759' title='bbox 3431 5030 3500 5078; x_wconf 74' lang='lat' dir='ltr'><strong>et</strong></span> 
     </span>
    </p>
   </div>
   <div class='ocr_carea' id='block_1_110' title="bbox 1899 5109 3491 5173">
    <p class='ocr_par' dir='ltr' id='par_1_110' title="bbox 1899 5109 3491 5173">
     <span class='ocr_line' id='line_1_110' title="bbox 1899 5109 3491 5173; baseline -0.004 -1"><span class='ocrx_word' id='word_1_760' title='bbox 1899 5117 1976 5173; x_wconf 85' lang='lat' dir='ltr'><strong>ita</strong></span> <span class='ocrx_word' id='word_1_761' title='bbox 1994 5118 2088 5172; x_wconf 76' lang='lat' dir='ltr'><strong>vix</strong></span> <span class='ocrx_word' id='word_1_762' title='bbox 2108 5117 2295 5173; x_wconf 90' lang='lat' dir='ltr'><strong>omnia</strong></span> <span class='ocrx_word' id='word_1_763' title='bbox 2325 5118 2444 5170; x_wconf 71' lang='lat' dir='ltr'><strong>haec</strong></span> <span class='ocrx_word' id='word_1_764' title='bbox 2471 5113 2541 5169; x_wconf 87' lang='lat' dir='ltr'><strong>ad</strong></span> <span class='ocrx_word' id='word_1_765' title='bbox 2575 5121 2784 5168; x_wconf 87' lang='lat' dir='ltr'><strong>tantam</strong></span> <span class='ocrx_word' id='word_1_766' title='bbox 2814 5113 3207 5168; x_wconf 85' lang='lat' dir='ltr'><strong>necessitatem</strong></span> <span class='ocrx_word' id='word_1_767' title='bbox 3237 5109 3491 5166; x_wconf 81' lang='lat' dir='ltr'><strong>suliicere</strong></span> 
     </span>
    </p>
   </div>
   <div class='ocr_carea' id='block_1_111' title="bbox 1899 5200 3478 5266">
    <p class='ocr_par' dir='ltr' id='par_1_111' title="bbox 1899 5200 3478 5266">
     <span class='ocr_line' id='line_1_111' title="bbox 1899 5200 3478 5266; baseline -0.007 0"><span class='ocrx_word' id='word_1_768' title='bbox 1899 5211 2216 5266; x_wconf 88' lang='lat' dir='ltr'><strong>valuerunt.</strong></span> <span class='ocrx_word' id='word_1_769' title='bbox 2249 5207 2410 5264; x_wconf 86' lang='lat' dir='ltr'><strong>Omni</strong></span> <span class='ocrx_word' id='word_1_770' title='bbox 2439 5215 2624 5261; x_wconf 89' lang='lat' dir='ltr'><strong>autem</strong></span> <span class='ocrx_word' id='word_1_771' title='bbox 2647 5203 2815 5261; x_wconf 90' lang='lat' dir='ltr'><strong>domo</strong></span> <span class='ocrx_word' id='word_1_772' title='bbox 2865 5204 2961 5260; x_wconf 89' lang='lat' dir='ltr'><strong>tali</strong></span> <span class='ocrx_word' id='word_1_773' title='bbox 3017 5200 3331 5258; x_wconf 86' lang='lat' dir='ltr'><strong>calamitate</strong></span> <span class='ocrx_word' id='word_1_774' title='bbox 3364 5217 3478 5256; x_wconf 86' lang='lat' dir='ltr'><strong>cor-</strong></span> 
     </span>
    </p>
   </div>
   <div class='ocr_carea' id='block_1_112' title="bbox 1902 5288 3500 5376">
    <p class='ocr_par' dir='ltr' id='par_1_112' title="bbox 1902 5288 3500 5376">
     <span class='ocr_line' id='line_1_112' title="bbox 1902 5288 3500 5376; baseline -0.009 -17"><span class='ocrx_word' id='word_1_775' title='bbox 1902 5314 2065 5376; x_wconf 68' lang='lat' dir='ltr'><strong>rupta</strong></span> <span class='ocrx_word' id='word_1_776' title='bbox 2086 5311 2316 5374; x_wconf 87' lang='lat' dir='ltr'><strong>propter</strong></span> <span class='ocrx_word' id='word_1_777' title='bbox 2337 5299 2768 5370; x_wconf 85' lang='lat' dir='ltr'><strong>depositionem,</strong></span> <span class='ocrx_word' id='word_1_778' title='bbox 2789 5309 2914 5366; x_wconf 62' lang='lat' dir='ltr'><strong>quae</strong></span> <span class='ocrx_word' id='word_1_779' title='bbox 2939 5293 3108 5363; x_wconf 90' lang='lat' dir='ltr'><strong>impie</strong></span> <span class='ocrx_word' id='word_1_780' title='bbox 3146 5292 3290 5346; x_wconf 80' lang='lat' dir='ltr'><strong>facta</strong></span> <span class='ocrx_word' id='word_1_781' title='bbox 3321 5288 3500 5346; x_wconf 87' lang='lat' dir='ltr'><strong>estab</strong></span> 
     </span>
    </p>
   </div>
   <div class='ocr_carea' id='block_1_113' title="bbox 1904 5382 3465 5468">
    <p class='ocr_par' dir='ltr' id='par_1_113' title="bbox 1904 5382 3465 5468">
     <span class='ocr_line' id='line_1_113' title="bbox 1904 5382 3465 5468; baseline -0.013 -14"><span class='ocrx_word' id='word_1_782' title='bbox 1904 5395 2315 5468; x_wconf 86' lang='lat' dir='ltr'><strong>imperantibus</strong></span> <span class='ocrx_word' id='word_1_783' title='bbox 2342 5393 2399 5448; x_wconf 90' lang='lat' dir='ltr'><strong>in</strong></span> <span class='ocrx_word' id='word_1_784' title='bbox 2430 5407 2618 5448; x_wconf 87' lang='lat' dir='ltr'><strong>sacras</strong></span> <span class='ocrx_word' id='word_1_785' title='bbox 2675 5388 2963 5458; x_wconf 85' lang='lat' dir='ltr'><strong>imagines,</strong></span> <span class='ocrx_word' id='word_1_786' title='bbox 3002 5384 3296 5440; x_wconf 75' lang='lat' dir='ltr'><strong>confestim</strong></span> <span class='ocrx_word' id='word_1_787' title='bbox 3328 5382 3465 5436; x_wconf 85' lang='lat' dir='ltr'><strong>nimi</strong></span> 
     </span>
    </p>
   </div>
   <div class='ocr_carea' id='block_1_114' title="bbox 1903 5470 3487 5560">
    <p class='ocr_par' dir='ltr' id='par_1_114' title="bbox 1903 5470 3487 5560">
     <span class='ocr_line' id='line_1_114' title="bbox 1903 5470 3487 5560; baseline -0.012 -14"><span class='ocrx_word' id='word_1_788' title='bbox 1903 5505 2027 5546; x_wconf 86' lang='lat' dir='ltr'><strong>rum</strong></span> <span class='ocrx_word' id='word_1_789' title='bbox 2046 5489 2425 5560; x_wconf 81' lang='lat' dir='ltr'><strong>Agarenorum</strong></span> <span class='ocrx_word' id='word_1_790' title='bbox 2453 5482 2646 5546; x_wconf 84' lang='lat' dir='ltr'><strong>classis</strong></span> <span class='ocrx_word' id='word_1_791' title='bbox 2681 5478 2752 5534; x_wconf 89' lang='lat' dir='ltr'><strong>ab</strong></span> <span class='ocrx_word' id='word_1_792' title='bbox 2779 5474 3109 5533; x_wconf 79' lang='lat' dir='ltr'><strong>Alexandria</strong></span> <span class='ocrx_word' id='word_1_793' title='bbox 3129 5472 3282 5528; x_wconf 90' lang='lat' dir='ltr'><strong>venit</strong></span> <span class='ocrx_word' id='word_1_794' title='bbox 3311 5472 3367 5526; x_wconf 91' lang='lat' dir='ltr'><strong>in</strong></span> <span class='ocrx_word' id='word_1_795' title='bbox 3390 5470 3487 5543; x_wconf 81' lang='lat' dir='ltr'><strong>Cy-</strong></span> 
     </span>
    </p>
   </div>
   <div class='ocr_carea' id='block_1_115' title="bbox 1904 5566 3494 5656">
    <p class='ocr_par' dir='ltr' id='par_1_115' title="bbox 1904 5566 3494 5656">
     <span class='ocr_line' id='line_1_115' title="bbox 1904 5566 3494 5656; baseline -0.014 -15"><span class='ocrx_word' id='word_1_796' title='bbox 1904 5599 2090 5656; x_wconf 88' lang='lat' dir='ltr'><strong>prum,</strong></span> <span class='ocrx_word' id='word_1_797' title='bbox 2123 5580 2217 5636; x_wconf 91' lang='lat' dir='ltr'><strong>ubi</strong></span> <span class='ocrx_word' id='word_1_798' title='bbox 2253 5585 2452 5634; x_wconf 87' lang='lat' dir='ltr'><strong>eratet</strong></span> <span class='ocrx_word' id='word_1_799' title='bbox 2478 5573 2775 5630; x_wconf 82' lang='lat' dir='ltr'><strong>Romaicus</strong></span> <span class='ocrx_word' id='word_1_800' title='bbox 2811 5568 3009 5624; x_wconf 88' lang='lat' dir='ltr'><strong>stolus.</strong></span> <span class='ocrx_word' id='word_1_801' title='bbox 3047 5566 3118 5622; x_wconf 81' lang='lat' dir='ltr'><strong>At</strong></span> <span class='ocrx_word' id='word_1_802' title='bbox 3143 5581 3278 5621; x_wconf 90' lang='lat' dir='ltr'><strong>vero</strong></span> <span class='ocrx_word' id='word_1_803' title='bbox 3297 5573 3494 5635; x_wconf 68' lang='lat' dir='ltr'><strong>praetor</strong></span> 
     </span>
    </p>
   </div>
   <div class='ocr_carea' id='block_1_116' title="bbox 1904 5659 3501 5749">
    <p class='ocr_par' dir='ltr' id='par_1_116' title="bbox 1904 5659 3501 5749">
     <span class='ocr_line' id='line_1_116' title="bbox 1904 5659 3501 5749; baseline -0.014 -17"><span class='ocrx_word' id='word_1_804' title='bbox 1904 5678 2345 5749; x_wconf 65' lang='lat' dir='ltr'><strong>Cibyrasotorum</strong></span> <span class='ocrx_word' id='word_1_805' title='bbox 2396 5669 2618 5724; x_wconf 88' lang='lat' dir='ltr'><strong>irruens</strong></span> <span class='ocrx_word' id='word_1_806' title='bbox 2652 5665 2708 5720; x_wconf 92' lang='lat' dir='ltr'><strong>in</strong></span> <span class='ocrx_word' id='word_1_807' title='bbox 2748 5680 2848 5719; x_wconf 91' lang='lat' dir='ltr'><strong>eos</strong></span> <span class='ocrx_word' id='word_1_808' title='bbox 2899 5659 3178 5730; x_wconf 79' lang='lat' dir='ltr'><strong>extemplo</strong></span> <span class='ocrx_word' id='word_1_809' title='bbox 3223 5659 3281 5714; x_wconf 91' lang='lat' dir='ltr'><strong>in</strong></span> <span class='ocrx_word' id='word_1_810' title='bbox 3333 5666 3501 5728; x_wconf 84' lang='lat' dir='ltr'><strong>portu</strong></span> 
     </span>
    </p>
   </div>
   <div class='ocr_carea' id='block_1_117' title="bbox 1905 5749 3489 5833">
    <p class='ocr_par' dir='ltr' id='par_1_117' title="bbox 1905 5749 3489 5833">
     <span class='ocr_line' id='line_1_117' title="bbox 1905 5749 3489 5833; baseline -0.014 -7"><span class='ocrx_word' id='word_1_811' title='bbox 1905 5771 2194 5833; x_wconf 87' lang='lat' dir='ltr'><strong>Ceramea,</strong></span> <span class='ocrx_word' id='word_1_812' title='bbox 2220 5776 2278 5820; x_wconf 90' lang='lat' dir='ltr'><strong>et</strong></span> <span class='ocrx_word' id='word_1_813' title='bbox 2318 5771 2530 5818; x_wconf 84' lang='lat' dir='ltr'><strong>retenta</strong></span> <span class='ocrx_word' id='word_1_814' title='bbox 2559 5767 2756 5832; x_wconf 86' lang='lat' dir='ltr'><strong>portus</strong></span> <span class='ocrx_word' id='word_1_815' title='bbox 2789 5757 2971 5818; x_wconf 82' lang='lat' dir='ltr'><strong>fauce,</strong></span> <span class='ocrx_word' id='word_1_816' title='bbox 3023 5768 3150 5809; x_wconf 91' lang='lat' dir='ltr'><strong>cum</strong></span> <span class='ocrx_word' id='word_1_817' title='bbox 3186 5759 3374 5807; x_wconf 82' lang='lat' dir='ltr'><strong>essent</strong></span> <span class='ocrx_word' id='word_1_818' title='bbox 3406 5749 3489 5804; x_wconf 83' lang='lat' dir='ltr'><strong>t&#39;ri-</strong></span> 
     </span>
    </p>
   </div>
   <div class='ocr_carea' id='block_1_118' title="bbox 1909 5847 3332 5933">
    <p class='ocr_par' dir='ltr' id='par_1_118' title="bbox 1909 5847 3332 5933">
     <span class='ocr_line' id='line_1_118' title="bbox 1909 5847 3332 5933; baseline -0.017 -11"><span class='ocrx_word' id='word_1_819' title='bbox 1909 5864 2061 5933; x_wconf 74' lang='lat' dir='ltr'><strong>ginta</strong></span> <span class='ocrx_word' id='word_1_820' title='bbox 2092 5861 2411 5924; x_wconf 85' lang='lat' dir='ltr'><strong>dromones,</strong></span> <span class='ocrx_word' id='word_1_821' title='bbox 2446 5865 2558 5913; x_wconf 88' lang='lat' dir='ltr'><strong>tres</strong></span> <span class='ocrx_word' id='word_1_822' title='bbox 2583 5854 2730 5911; x_wconf 86' lang='lat' dir='ltr'><strong>solos</strong></span> <span class='ocrx_word' id='word_1_823' title='bbox 2762 5849 3035 5909; x_wconf 73' lang='lat' dir='ltr'><strong>exsiliissc</strong></span> <span class='ocrx_word' id='word_1_824' title='bbox 3069 5847 3332 5903; x_wconf 84' lang='lat' dir='ltr'><strong>fatentur.</strong></span> 
     </span>
    </p>
   </div>
  </div>
