4100 6430
685 390 822 458 1375

755 510 944 565 Mundi
970 525 1117 564 anno
1137 510 1303 575 6239,
1330 510 1532 566 divinae
1559 510 1960 567 incarnationis
1974 527 2124 567 anno
2139 511 2266 578 739,

681 619 828 660 anno
873 618 1010 658 vero
1067 603 1282 673 imperii
1327 601 1678 658 Constantini
1709 603 1966 672 septimo,
1995 603 2274 659 occiditur

681 695 982 765 Gregorius
1013 694 1084 749 ab
1110 695 1559 761 Arirutensibus,
1589 704 1646 750 et
1678 695 1847 752 evicit
1875 695 2180 761 Maruham,
2209 703 2273 751 ut

681 789 922 860 pratuli.

754 883 914 938 Anno
965 883 1182 948 imperii
1223 882 1578 938 Constantini
1637 891 1836 936 octavo
1880 888 2066 935 motus
2105 879 2270 934 estin

679 975 1054 1030 exteriOribus
1079 974 1324 1030 Orientis
1355 974 1606 1046 partibus
1629 973 1872 1029 Persidis
1890 973 2150 1043 populus,
2173 972 2269 1042 qui

679 1068 948 1122 dicuntur
965 1066 1345 1123 Chorosanitae
1371 1064 1747 1136 Maurophori,
1768 1072 1958 1119 contra
1986 1064 2270 1119 Maruham

679 1169 737 1213 ct
773 1175 994 1216 omnem
1025 1160 1414 1232 cognationem
1443 1160 1588 1230 ejus,
1607 1159 1700 1228 qui
1727 1157 2024 1229 principali
2054 1166 2182 1212 sunt
2203 1157 2272 1212 ab

679 1254 803 1320 ipso
835 1253 1096 1308 ‘Maumed
1147 1252 1635 1324 pseudOprophela
1687 1267 1862 1320 usque
1911 1251 1978 1304 ad
2011 1249 2270 1305 eumdem

679 1346 988 1412 Maruham,
1032 1347 1087 1401 id
1139 1354 1225 1401 est
1260 1356 1454 1401 contra
1490 1361 1587 1400 eos
1607 1344 1701 1414 qui
1730 1344 1994 1399 dicuntur
2025 1342 2122 1397 filii
2155 1342 2272 1398 Hu-

680 1439 845 1492 maia.
883 1439 980 1493 His
996 1438 1144 1492 enim
1169 1447 1293 1504 post
1337 1437 1824 1506 interemptionem
1852 1432 2052 1490 Vhalid
2081 1431 2273 1487 debel-

681 1526 925 1582 lantibus
953 1536 1009 1581 et
1033 1527 1543 1597 constringentibus
1576 1525 1836 1586 invicem,
1869 1523 1928 1577 hi
1977 1522 2071 1593 qui
2109 1521 2263 1577 diee-

681 1617 886 1672 bantur
923 1617 1020 1672 filii
1051 1618 1244 1673 Echini
1273 1627 1328 1672 et
1372 1617 1574 1682 Halim,
1618 1615 1834 1687 cognati
1869 1623 1925 1670 et
1971 1614 2075 1685 ipsi
2110 1629 2274 1684 pseu-

679 1709 1059 1780 doprophetas,
1093 1709 1190 1765 sed
1217 1708 1526 1764 absconditi
1557 1716 1725 1779 atque
1750 1708 1973 1778 fugaces
1999 1706 2274 1761 exsisten-

681 1811 766 1858 tes
785 1803 841 1856 in
864 1802 1064 1857 minori
1097 1802 1318 1867 Arabia,
1351 1801 1700 1873 congregati,
1725 1810 1952 1856 tenente
1975 1800 2029 1855 in
2057 1800 2139 1856 eis
2153 1799 2273 1871 pri-

680 1901 890 1948 matum
912 1891 1200 1958 Abrahim,
1225 1894 1456 1949 mittunt
1476 1893 1737 1949 libertum
1771 1908 1936 1948 suum
1965 1893 2264 1963 quendam.

680 1984 951 2039 Amuslim
983 1984 1217 2050 dictum,
1243 1985 1301 2040 in
1333 1981 1637 2041 Cborosam
1663 1985 1732 2039 ad
1764 1985 2030 2056 quosdam
2061 1985 2268 2040 ibidem

679 2075 1127 2146 p-zeeminentes,
1159 2085 1351 2132 contra
1380 2077 1670 2132 Maruham
1697 2076 1803 2132 sibi
1847 2077 2135 2148 suﬂ'ragari
2169 2092 2268 2147 pe-

682 2180 880 2225 tentes.
917 2171 1022 2237 Qui
1047 2171 1265 2226 collecti
1297 2171 1444 2241 apud
1490 2170 1777 2227 Caceaban
1799 2170 2096 2241 quemdam
2131 2186 2270 2226 con-

680 2264 966 2327 ciliantur,
995 2271 1054 2319 et
1082 2265 1368 2320 concitant
1402 2279 1597 2320 servos
1624 2265 1680 2320 in
1713 2264 1968 2318 dominos
1987 2263 2267 2334 proprios,

681 2362 740 2408 et
768 2353 1026 2409 occidunt
1052 2355 1255 2409 multos
1277 2364 1441 2410 nocte
1469 2370 1601 2418 una,
1626 2368 1864 2424 quorum
1891 2353 2085 2417 armis,
2110 2351 2271 2422 equis

682 2455 743 2501 et
767 2446 1020 2515 pecuniis
1043 2445 1365 2514 locupletati
1393 2445 1524 2500 facti
1551 2455 1682 2500 sunt
1705 2444 2072 2516 potentiores.
2108 2442 2266 2498 Divi-

683 2537 894 2591 duntur
917 2546 1104 2593 autem
1127 2522 1184 2593 ib
1219 2537 1399 2594 tribus
1446 2538 1606 2604 duas,
1647 2536 1940 2593 Cbaisinos
1966 2535 2180 2592 scilicet
2213 2541 2271 2591 et

684 2629 1049 2684 Hiamanitas.
1081 2629 1330 2695 Quorum
1365 2630 1710 2701 potentiores
1743 2631 1966 2684 intuens
1994 2629 2272 2684 Abumus-

687 2720 786 2776 lim
809 2736 931 2776 esse
958 2720 1322 2784 Hiamanitas,
1366 2721 1611 2776 concitat
1643 2730 1839 2776 contra
1872 2719 2184 2786 Cbaisinos,
2215 2728 2273 2775 et

683 2812 994 2869 interfectis
1017 2813 1098 2868 eis
1117 2813 1272 2868 venit
1300 2813 1358 2868 in
1393 2813 1682 2868 Persidem
1708 2827 1837 2868 cum
1859 2811 2169 2876 Caecaban,
2213 2821 2273 2867 et

681 2911 1013 2975 expugnans
1046 2905 1481 2960 Hibindabarem
1523 2905 1675 2976 capit
1705 2920 1830 2960 cum
1861 2905 2096 2960 victoria
2129 2920 2271 2960 cun-

681 3008 827 3062 ctos,
863 2998 1112 3052 virorum
1147 2989 1360 3054 scilicet
1382 2998 1556 3053 ferme
1584 3006 1806 3053 centum
1851 2997 2043 3052 millia.
2071 2996 2143 3052 Et
2173 3010 2272 3051 ve-

682 3090 846 3145 niens
865 3090 932 3144 ad
960 3090 1303 3145 llibinubera
1354 3089 1634 3144 hostiliter
1662 3105 1790 3145 cum
1821 3089 2076 3144 ducentis
2102 3089 2273 3142 milli-

685 3182 792 3236 bus
821 3181 1284 3252 proﬁciscentem,
1311 3181 1408 3236 sed
1433 3189 1490 3236 et
1515 3181 1670 3235 illum
1695 3180 1968 3236 dissolvit.
2001 3180 2275 3235 Veniens-

683 3287 796 3342 que
853 3272 922 3327 ad
966 3272 1250 3328 Maruham
1286 3273 1431 3343 apud
1467 3272 1667 3326 Zabari
1713 3271 1939 3325 ﬂuvium
1973 3271 2272 3326 habentem

687 3375 934 3422 trecenta
957 3365 1160 3431 millia,
1195 3366 1436 3421 debellat
1458 3381 1586 3420 eum
1621 3374 1678 3418 et
1705 3364 2116 3419 multitudinem
2144 3363 2274 3420 inﬁ-

684 3459 858 3514 nitam
911 3457 1119 3514 occidit
1171 3473 1240 3514 ex
1269 3457 1372 3514 eis.
1412 3457 1655 3527 Eratque
1683 3456 1806 3512 visu
1832 3457 2104 3522 mirabile,
2144 3470 2271 3512 cum

683 3548 991 3605 secundum
1037 3548 1382 3619 Scripturam
1441 3557 1576 3604 tunc
1633 3563 1780 3603 unus
1833 3559 2272 3619 persequeretur

683 3642 857 3709 mille,
886 3650 944 3696 et
977 3641 1090 3696 duo
1123 3649 1572 3698 transmoverent
1594 3641 1738 3696 dena
1763 3642 1955 3697 millia.
1977 3641 2130 3709 Quos
2143 3659 2272 3699 cum

685 3736 762 3790 ita
790 3735 1172 3805 potentialiter
1213 3735 1501 3791 vincentes
1525 3735 1809 3791 Maruham
1842 3737 2078 3793 intuitus
2097 3739 2270 3795 exsti—

687 3825 868 3888 tisset,
893 3825 1014 3880 adit
1030 3823 1266 3890 Carran,
1297 3832 1360 3879 et
1407 3837 1536 3879 cum
1581 3823 1810 3880 fluvium
1861 3837 2271 3895 transmeasset,

686 3917 886 3974 incidit
937 3927 1159 3987 pontem
1221 3933 1291 3974 ex
1349 3918 1590 3975 navibus
1634 3918 1951 3987 factum,et
1971 3922 2274 3993 assumptis

685 4025 874 4066 secum
909 4009 1171 4064 omnibus
1215 4010 1469 4080 pecuniis
1498 4025 1564 4066 ac
1612 4011 1777 4066 domo
1821 4027 1945 4078 sua,
1973 4027 2102 4068 cum
2131 4029 2274 4084 qua-

686 4117 818 4160 tuor
845 4103 1095 4159 millibus
1119 4103 1260 4159 viris
1280 4103 1595 4159 vernaculis
1647 4105 1766 4161 suis
1799 4104 1926 4178 fuga
1953 4105 2142 4179 lapsus
2185 4115 2275 4164 est

686 4200 746 4256 in
771 4198 1087 4271 Egyptum.

756 4290 918 4346 Anno
978 4291 1198 4362 imperii
1232 4291 1585 4348 Constantini
1619 4293 1654 4349 9
1703 4293 2147 4364 persecutionem
2172 4309 2272 4364 pa-

686 4387 827 4442 titur
861 4387 1146 4442 Maruham
1180 4403 1212 4443 a
1243 4387 1670 4459 Maurophoriis,
1720 4397 1778 4445 et
1835 4389 2275 4460 comprehensus

684 4478 758 4532 ab
785 4477 868 4533 eis
911 4478 1206 4545 occiditur,
1265 4478 1413 4534 bello
1449 4488 1606 4549 gesto
1653 4479 2001 4549 gravissimo.
2031 4481 2275 4536 Praerat

686 4577 874 4624 autem
910 4570 994 4625 eis
1025 4570 1207 4626 Salich
1243 4571 1390 4626 illius
1409 4570 1608 4635 Halim,
1641 4571 1736 4641 qui
1769 4587 1913 4627 unus
1941 4589 2008 4628 ex
2033 4572 2274 4643 praelatis

687 4660 935 4731 profugis
964 4671 1103 4727 erat,
1130 4662 1225 4732 qui
1249 4671 1306 4718 et
1337 4663 1716 4718 destinaverat
1765 4663 2092 4720 Bumuslim.
2118 4663 2273 4720 Reli-

687 4751 782 4821 qui
813 4767 945 4807 vero
974 4753 1292 4824 congregati
1327 4762 1520 4808 contra
1556 4753 1862 4810 Samariam
1916 4763 1974 4811 et
2027 4755 2272 4812 Tracho-

688 4843 923 4898 uitidem
981 4845 1264 4914 regionem
1328 4855 1480 4901 sorte
1535 4846 1910 4916 principatum
1971 4846 2276 4904 distribue-

688 4943 841 4998 runt,
881 4934 1148 4990 Abulalas
1189 4935 1424 5001 scilicet,
1459 4945 1519 4990 et
1568 4943 1696 5006 post
1733 4934 1889 4989 illum
1923 4935 2123 4993 fratres
2153 4938 2275 5009 ejus

686 5027 919 5092 Abdela,
943 5037 1000 5082 et
1032 5028 1320 5098 postbunc
1346 5027 1599 5084 Hiseidin
1633 5027 1819 5083 Musa.
1859 5028 1930 5083 Et
1952 5027 2123 5102 Syria:
2148 5030 2276 5101 qui-

687 5121 816 5176 dem
851 5135 1123 5176 summam
1159 5129 1458 5192 praaturam
1513 5129 1840 5176 taxaverunt
1886 5121 2154 5178 Abdelam
2189 5131 2274 5180 te-

687 5230 823 5270 nere
857 5215 1030 5272 lilium
1076 5215 1279 5280 Halim,
1317 5214 1544 5270 fratrem
1574 5230 1708 5270 vero
1737 5215 1928 5284 Salim,
1959 5217 2138 5288 ipsum
2171 5233 2274 5272 au-

688 5316 802 5361 tem
835 5305 1004 5362 Salim
1062 5305 1298 5379 Egypto
1329 5319 1590 5376 praeesse.
1647 5305 1824 5360 Porro
1865 5305 2132 5362 Abdelam
2162 5305 2277 5361 fra-

691 5408 834 5454 trem
863 5397 1143 5454 Abulabas
1172 5399 1243 5453 ab
1278 5397 1374 5453 illo
1423 5397 1629 5453 habere
1674 5407 1884 5453 sortem
1931 5399 2275 5468 principatus

689 5506 862 5562 super
899 5491 1350 5562 MesOpotamiam
1383 5499 1722 5547 statuerunt.
1750 5490 1872 5561 Ipse
1908 5505 2042 5546 sane
2066 5490 2276 5546 Abula-

692 5584 813 5650 bas,
847 5584 943 5656 qui
968 5593 1027 5640 et
1071 5584 1321 5639 omnium
1352 5585 1561 5655 primas
1595 5585 1928 5652 habebatur,
1956 5585 2013 5640 in
2047 5585 2274 5642 Perside

688 5676 856 5741 sedit,
889 5676 1154 5730 translato
1173 5691 1394 5747 quoque
1421 5677 1729 5747 principatu
1749 5676 1852 5732 sub
1873 5693 1932 5732 se
1958 5676 2272 5742 Persarum,

688 5766 788 5835 qui
823 5766 876 5820 ei
931 5767 1179 5821 auxiliati
1235 5767 1458 5822 fuerant
1492 5783 1522 5821 a
1559 5768 1844 5824 Damasco.
1895 5767 1961 5822 lli
1997 5782 2130 5822 vero
2176 5767 2273 5840 qui

697 5856 890 5914 salvati
916 5857 1157 5924 fuerant,
1183 5866 1293 5914 tam
1315 5858 1572 5930 videlicet
1602 5859 1700 5916 filii
1734 5874 1897 5931 quam
1920 5859 2140 5930 cognati
2164 5859 2274 5917 Ma-

1751 372 2156 458 ‘ANA‘srAsu
2196 397 2830 460 BIBLIOTHECARII

2299 519 2342 576 Α
2374 513 2595 579 ruham,
2631 513 2919 569 venientes
2954 513 3022 568 ab
3051 511 3284 586 Adgypto
3334 514 3386 570 in
3417 516 3658 585 Africam,
3679 525 3864 602 indeque

2379 611 2788 660 transmeantes
2836 605 3037 660 fretum
3094 607 3308 676 augusti
3339 609 3498 665 maris
3543 612 3606 666 ad
3645 609 3879 682 Oceanum'

2375 695 2566 763 positi,
2603 695 2754 766 quod
2807 695 3014 751 dicitur
3052 695 3216 766 Septe
3241 697 3490 768 quodque
3541 701 3719 761 diﬂinit
3761 709 3866 769 inter

2374 784 2603 857 Libyam
2657 797 2716 841 et
2763 788 3058 856 Europam,
3112 787 3345 856 Europa:
3387 788 3679 860 Hispaniam
3706 796 3850 858 habita

2374 887 2505 932 runt
2527 895 2703 949 usque
2741 879 2810 935 ad
2857 896 3103 951 praesens
3126 889 3361 950 tempus,
3394 883 3645 942 habentes
3659 892 3867 958 quosdam

2374 971 2469 1042 qui
2502 971 2708 1028 ibidem
2738 973 3053 1028 habitantes
3077 982 3236 1028 antea
3266 975 3637 1044 noscebantur,
3658 995 3686 1034 a
3705 981 3871 1043 Mauhia

2373 1063 2508 1118 illuc
2557 1065 2774 1136 trajecti
2800 1064 3043 1136 navigio,
3097 1080 3220 1121 cum
3259 1075 3441 1122 essent
3484 1069 3597 1140 ejus
3623 1076 3803 1143 cognati
3830 1087 3871 1132 ct

2375 1154 2550 1223 ipsius
2583 1155 2892 1226 religionis.
2923 1155 3254 1212 Perduravit
3291 1168 3469 1214 autem
3503 1163 3750 1221 excidium
3797 1173 3871 1228 sub

2376 1245 2592 1302 Mauhia
2645 1263 2743 1303 sex
2790 1249 2970 1315 annis,
3011 1264 3122 1320 quo
3162 1249 3333 1306 diruti
3359 1263 3483 1309 sunt
3515 1258 3737 1313 omnium
3775 1261 3872 1318 illu-

2373 1338 2572 1394 strium
2603 1340 2889 1395 civitatum
2951 1341 3005 1396 in
3051 1341 3206 1412 Syria
3262 1359 3434 1414 usque
3484 1346 3547 1400 ad
3595 1347 3874 1410 Antiochiam

2375 1430 2542 1496 muri,
2586 1446 2655 1486 eo
2688 1432 2838 1502 quod
2897 1432 3039 1489 hanc
3084 1433 3138 1488 in
3170 1433 3442 1506 refugium
3474 1435 3663 1495 habere
3703 1443 3872 1500 medita-

2374 1531 2588 1586 rentur,
2617 1523 3013 1596 innumerique
3037 1525 3280 1581 Arabum
3311 1525 3380 1581 ab
3401 1542 3467 1582 eo
3499 1529 3770 1599 perierunt.
3795 1533 3872 1605 Op-

2373 1615 2506 1686 pido
2567 1617 2717 1671 enim
2761 1617 3347 1688 eratcircumspectus
3380 1618 3523 1675 circa
3568 1621 3748 1678 civilia.
3783 1625 3871 1682 Erat

2373 1716 2557 1763 autem
2584 1708 3094 1774 automatistarum,
3120 1710 3175 1766 id
3205 1719 3290 1766 cst
3315 1710 3717 1782 Epicureorum.
3741 1717 3873 1776 hare-

2374 1810 2523 1861 seos,
2579 1811 2647 1852 ex
2679 1796 2945 1867 gentibus
2971 1799 3067 1868 qui
3095 1798 3420 1854 habitabant
3455 1799 3649 1856 Carrau
3679 1803 3873 1875 impieta-

2303 1881 2342 1937 Β
2374 1896 2484 1944 tem
2512 1905 2820 1946 assumens.
2855 1891 3028 1946 Porro
3059 1902 3254 1948 octavo
3301 1891 3644 1950 kalendarum
3691 1896 3875 1955 Februa-

2376 1983 2584 2039 riarum
2613 1983 2860 2055 ejusdem
2898 1985 3078 2040 tertiae
3123 1983 3445 2042 indictionis
3475 1979 3630 2042 natus
3651 1999 3725 2043 est
3752 1989 3873 2061 impe-

2376 2075 2548 2130 ratori
2581 2073 2946 2132 Constantino
2975 2077 3141 2139 illius,
3160 2093 3327 2148 quem
3357 2078 3646 2134 nominavit
3671 2079 3870 2149 Leonem,

2374 2183 2445 2224 ex
2473 2168 2704 2240 ehagani
2728 2168 3010 2225 Chazariae
3041 2169 3173 2226 filia.

2446 2263 2605 2316 Anno
2631 2276 2766 2317 vero
2795 2261 2994 2317 eodem
3025 2263 3203 2319 factus
3227 2271 3316 2320 est
3344 2273 3500 2321 terra;
3539 2273 3706 2323 motus
3743 2267 3786 2322 in
3808 2267 3870 2340 Sy-

2377 2353 2482 2420 ria,
2524 2364 2582 2410 et
2637 2354 2833 2426 ingens
2853 2370 2919 2411 ae
2961 2356 3234 2412 terribilis
3263 2373 3446 2422 casus,
3489 2359 3626 2416 unde
3657 2359 3872 2416 civitatum

2375 2447 2498 2504 alia:
2528 2447 2752 2516 quidem
2796 2449 3019 2519 penitus
3050 2451 3433 2507 exterminata:
3478 2461 3618 2516 sunt,
3663 2452 3764 2507 alia
3787 2467 3878 2507 vero

2375 2539 2760 2607 mediocriter,
2785 2541 2905 2596 alia:
2947 2549 3131 2596 autem
3184 2557 3216 2596 a
3273 2543 3547 2599 montanis
3583 2544 3644 2598 ad
3693 2543 3881 2614 subjecta

2377 2632 2709 2704 campestria
2745 2648 2870 2688 cum
2898 2633 3074 2689 muris
3095 2642 3152 2688 et
3193 2633 3624 2690 habitationibus
3653 2635 3752 2690 suis
3775 2635 3880 2690 inte-

2377 2741 2487 2797 gra:
2514 2724 2896 2796 migraverunt
2925 2733 2980 2781 et
3007 2725 3170 2781 salvas
3195 2727 3353 2796 quasi
3381 2726 3446 2782 ad
3467 2727 3703 2782 milliaria
3729 2741 3803 2782 sex
3819 2724 3881 2779 vel

2377 2817 2545 2874 etiam
2599 2817 2879 2873 modicum
2931 2817 3066 2889 quid
3099 2818 3265 2872 ultra.
3300 2818 3547 2889 Denique
3604 2831 3880 2872 asseverare-

2381 2919 2512 2965 runt
2540 2909 2598 2964 hi
2633 2910 2729 2980 qui
2779 2909 3020 2981 propriis
3056 2910 3274 2966 visibus
3323 2921 3526 2967 terram
3552 2909 3885 2980 Mesopotamla

2379 3001 2738 3073 contemplati
2763 3010 2914 3064 sunt,
2946 3001 3003 3058 in
3033 3001 3444 3074 longitudinem
3481 3001 3733 3072 diruptam
3759 3000 3885 3055 fuisse

2379 3096 2448 3150 ad
2505 3095 2764 3150 milliaria
2797 3095 2929 3164 duo,
2963 3103 3022 3151 et
3065 3110 3134 3151 ex
3159 3095 3439 3166 profundo
3484 3097 3600 3168 ejus
3639 3095 3887 3150 ascendisse

2379 3187 2544 3242 aliam
2570 3195 2772 3242 terram
2803 3187 2972 3243 nimis
3011 3187 3193 3242 albam
3227 3196 3285 3242 et
3338 3203 3636 3250 arcnosam,
3671 3184 3730 3240 de
3772 3183 3887 3252 cujus

2379 3277 2564 3334 medio
2600 3278 2871 3345 ascendit,
2903 3287 2966 3333 ut
3011 3279 3188 3345 aiunt,
3237 3278 3443 3333 animal
3471 3276 3718 3332 mulinum
3745 3274 3886 3328 incon-

2378 3372 2730 3437 taminatum,
2767 3372 3000 3441 loquens
3039 3371 3281 3426 humana
3317 3387 3473 3437 voce,
3497 3380 3552 3426 et
3581 3365 3887 3440 pnenuntians

2375 3463 2557 3534 gentis
2619 3463 2993 3518 incursionem
3042 3463 3112 3518 ab
3151 3479 3345 3518 eremo
3395 3464 3651 3519 adversus
3708 3459 3887 3515 Arabes.

2374 3551 2532 3620 Quod
2557 3559 2614 3607 et
2645 3552 2850 3608 factum
2873 3558 2979 3606 est.
3001 3552 3274 3607 Praeterea
3304 3552 3558 3622 sequenti
3585 3564 3715 3604 anno
3731 3552 3890 3617 quarta:

2377 3643 2723 3710 indictionis,
2757 3644 3109 3699 solemnitate
3135 3654 3342 3699 sanctae
3391 3645 3744 3705 Penteccsles,
3768 3652 3887 3694 coro-

2375 3736 2531 3792 navit
2553 3735 2953 3792 Constantinus
2988 3737 3290 3806 imperator
3323 3736 3561 3791 Lconcm
3590 3733 3742 3789 filium
3767 3743 3883 3786 suum

2375 3827 2771 3898 imperatorem
2797 3842 2897 3898 per
2917 3826 3268 3882 Anastasium
3319 3825 3678 3898 patriarcham
3699 3836 3878 3879 consen-

2377 3926 2603 3974 taneum
2648 3935 2834 3975 suum.

2447 4011 2637 4067 Mundi
2693 4023 2840 4067 anno
2893 4010 3081 4078 6242,
3151 4011 3356 4068 divinae
3409 4009 3778 4069 incarnationis
3820 4021 3892 4061 an-

2377 4119 2452 4160 no
2497 4103 2602 4159 742
2635 4145 2652 4172 ,
2702 4119 2850 4159 anno
2901 4118 3038 4160 vero
3099 4103 3320 4176 imperii
3350 4102 3685 4162 Constantini
3726 4099 3781 4156 10
3804 4098 3891 4153 llu-

2370 4196 2574 4253 hamed
2627 4195 2688 4251 fit
2736 4195 2986 4251 Arabum
3047 4196 3182 4261 dux,
3241 4197 3339 4267 qui
3401 4197 3486 4252 eis
3537 4194 3761 4267 quinque
3787 4203 3890 4260 prae.

2374 4289 2482 4346 fuit
2529 4290 2709 4347 annis.
2747 4288 2952 4346 Eodem
3009 4304 3231 4360 quoque
3260 4306 3410 4345 anno
3464 4289 3752 4345 simultates
3769 4281 3892 4339 Chal.

2375 4381 2629 4438 cidenses
2704 4381 2972 4438 adversus
3052 4381 3452 4454 Maurophoros
3517 4382 3702 4437 Persas
3752 4371 3891 4432 conci-

2376 4481 2657 4541 taverunt,
2719 4483 2774 4529 et
2820 4475 3154 4544 interempta
3203 4482 3438 4530 suntex
3469 4473 3550 4529 eis
3577 4475 3630 4527 in
3675 4463 3892 4524 montaris

2375 4564 2653 4622 Hemessae
2698 4581 2799 4637 per
2823 4566 2948 4622 illos
2995 4574 3236 4637 quatuor
3283 4566 3478 4621 millia.
3530 4563 3587 4620 ld
3619 4563 3777 4636 ipsum
3797 4570 3892 4611 vero

2377 4657 2582 4712 factum
2606 4666 2692 4712 est
2710 4666 2767 4713 et
2800 4673 2900 4728 per
2935 4658 3197 4714 Arabiam
3245 4659 3299 4713 in
3329 4657 3620 4714 Cbaisinos
3649 4653 3712 4710 ab
3731 4649 3890 4707 eisdem

2376 4743 2581 4800 Persis.
2607 4744 2744 4800 Cum
2784 4755 2972 4800 autem
2994 4759 3160 4817 caput
3189 4746 3474 4802 Maruham
3513 4746 3724 4818 myrrha
3750 4736 3893 4797 condi-

2382 4843 2498 4890 tum
2531 4834 2728 4892 fuisset
2761 4836 3014 4904 allatum,
3070 4837 3263 4908 plures
3290 4853 3322 4893 a
3351 4835 3717 4893 simultatibus
3756 4841 3893 4888 cessa-

2375 4924 2598 4982 verunt.

2446 5019 2609 5075 Anno
2633 5019 2852 5091 imperii
2877 5019 2963 5076 sui
2999 5021 3059 5075 Η
3103 5020 3504 5077 Constantinus
3536 5014 3892 5082 Theodosiopo-

2376 5113 2473 5170 lim
2507 5123 2566 5169 et
2593 5113 2904 5170 Melitenem
2931 5115 3099 5185 cepit,
3118 5123 3176 5170 et
3197 5116 3448 5186 captivos
3465 5103 3894 5170 duxitArmenios.

2377 5207 2706 5264 Theodorus
2739 5217 2986 5279 'quoque
3032 5207 3180 5264 ﬁlius
3237 5207 3430 5264 vicarii
3488 5205 3707 5262 minoris
3726 5196 3896 5258 Arabia“.

2377 5300 2672 5363 oriundus,
2719 5300 2963 5356 abeunte
3011 5301 3359 5357 sanctissimo
3409 5297 3794 5370 Theophylacto
3815 5290 3898 5344 An-

2378 5393 2598 5449 tiochiae
2625 5393 2940 5462 patriarcha
2966 5393 3284 5466 praeﬁcitur,
3312 5393 3408 5465 qui
3437 5408 3532 5448 sex
3555 5387 3758 5462 prefuit
3777 5379 3899 5438 annis

2377 5487 2657 5544 Ecclesiae.

2446 5578 2608 5634 Anno
2659 5577 2876 5650 imperii
2901 5577 2988 5634 sui
3040 5577 3107 5632 12
3135 5575 3530 5638 Constantinus
3556 5570 3742 5642 impius
3763 5567 3900 5634 impe-

2377 5679 2554 5735 rator,
2612 5669 2793 5725 elatus
2840 5685 3030 5736 sensu,
3079 5669 3251 5724 multa
3303 5675 3496 5723 contra
3540 5657 3815 5720 Ecclesiam
3858 5658 3901 5703 et

2375 5763 2742 5820 orthodoxam
2771 5763 2934 5819 fidem
2955 5763 3246 5829 meditans,
3266 5771 3322 5819 et
3345 5759 3562 5816 silentia
3587 5771 3681 5828 per
3699 5746 3899 5842 singulos

2376 5857 2498 5914 dies
2544 5854 2771 5921 faciens,
2831 5857 3097 5929 populum
3145 5853 3214 5912 ad
3249 5865 3471 5910 sensum
3525 5861 3678 5906 suum
3733 5839 3899 5898 inflexit

2299 3243 2344 3305 C
