4100 6488
206 422 343 487 1377

1023 426 1393 489 HISTORIA
1422 426 2008 490 ECCLESIASTICA
2042 431 2148 493 EX
2183 431 2672 495 ἸἮΕΟΡΗΛΝΕ.

3345 435 3485 501 1373

200 536 500 597 infeliciter
523 539 981 608 consectandum,
1006 542 1247 614 prmvius
1270 541 1475 599 futura:
1491 542 1793 614 impietatis
1823 546 1865 602 Α
1895 543 2298 616 Maurophoros
2333 545 2746 602 insurrexerint
2784 554 2841 602 et
2869 533 3073 605 multos
3104 549 3159 604 in
3194 549 3485 608 Palaestina

200 634 498 688 exsistens.

168 739 172 755 ·
276 725 439 779 Anno
471 723 688 792 imperii
708 722 1056 780 Constantini
1079 724 1144 780 15
1159 725 1484 783 Anastasius
1506 727 1794 792 scelestus,

204 815 301 888 qui
328 815 590 872 Ecclesia:
625 817 827 871 throno
869 815 1498 889 Constantinopolitanae
1552 819 1794 889 praefuit,

201 917 460 964 mortuus
510 915 596 963 est
654 925 888 979 corpore
929 909 1092 964 simul
1153 918 1210 965 et
1262 911 1445 966 anima
1491 913 1795 968 miserabili

202 999 464 1070 passione
505 1015 629 1070 qua:
686 1000 889 1056 dicitur
942 1001 1283 1073 chordapsos
1327 1005 1610 1076 fatigatus,
1669 1021 1797 1062 cum

203 1103 421 1149 stercus
452 1109 552 1165 per
584 1096 1021 1163 osevomuisset,
1065 1097 1284 1169 dignam
1335 1100 1628 1155 exsolvens
1675 1083 1797 1154 vin-

206 1185 438 1252 dictam,
488 1202 592 1256 pro
651 1186 880 1243 audacia
917 1189 1152 1253 scilicet,
1203 1206 1367 1260 quam
1390 1199 1585 1247 contra
1624 1190 1797 1247 Deum

203 1287 511 1350 contraque
546 1279 864 1351 magistrum
913 1297 1076 1336 suum
1101 1283 1374 1338 exhibuit.

277 1371 486 1427 Eodem
545 1388 767 1444 quoque
827 1389 972 1429 anno
1025 1382 1081 1430 et
1138 1374 1542 1433 Constantinus
1595 1376 1800 1448 impius

211 1471 403 1518 contra
450 1471 670 1517 sanctas
710 1472 767 1518 et
801 1464 1152 1519 venerabiles
1203 1466 1476 1538 imagines
1502 1468 1799 1524 concilium

213 1553 462 1624 iniquum
524 1553 628 1609 5'58
691 1555 1080 1625 episcoporum
1121 1559 1477 1629 congregavit
1518 1559 1572 1614 in
1597 1560 1801 1630 palatio

211 1645 453 1710 ﬂieriaa,
523 1661 759 1716 quorum
821 1645 1039 1716 primus
1094 1653 1217 1702 erat
1275 1648 1594 1719 Ephesinus
1655 1649 1802 1705 ﬁlius

209 1733 485 1806 Apsimari
534 1743 592 1789 et
621 1733 874 1790 Pastillas
921 1735 1235 1806 Pergensis,
1269 1738 1364 1807 qui
1414 1739 1558 1808 apud
1587 1754 1646 1794 se
1677 1755 1801 1810 qum

209 1827 318 1882 sibi
383 1826 501 1882 visa
562 1836 695 1882 sunt
733 1826 1198 1898 dogmatizarunt,
1232 1829 1388 1884 nullo
1434 1837 1797 1900 praesente'cx

1895 648 1953 692 et
1973 638 2170 693 Emesa
2193 648 2251 694 et
2282 639 2558 694 maritima
2584 640 2851 709 ceperint,
2878 651 3044 711 atque
3073 641 3128 697 in
3149 657 3247 698 eos
3273 643 3489 700 irruere

1898 729 2260 785 meditantem
2285 731 2540 786 cohibuit
2564 746 2690 786 cum
2712 732 3068 786 exercitibus.
3091 732 3160 787 At
3187 733 3278 788 ille
3313 733 3490 788 iratus
3523 781 3534 827 ι

1895 817 2118 874 Abdelze
2157 818 2225 874 ad
2261 818 2589 875 interiorem
2636 821 2916 876 Persidem
2966 837 3093 876 cum
3127 825 3489 879 multitudine

1896 912 2236 980 properavit.
2265 911 2438 978 Quem
2489 928 2616 968 cum
2655 913 3017 969 vehementer
3058 915 3154 969 ille
3190 923 3488 981 metueret,

1899 1003 2132 1058 accersit
2176 1018 2304 1058 eum
2348 1005 2618 1060 suasoriis
2660 1006 2850 1060 verbis
2896 1015 2953 1060 et
2985 1007 3269 1076 precibus,
3321 1017 3490 1078 atque

1899 1093 2036 1164 ipsis
2078 1096 2519 1151 exsecrabilibus
2564 1097 2832 1167 principis
2865 1113 3060 1152 eorum
3087 1099 3352 1170 symbolis
3393 1100 3491 1154 de-

1900 1185 2142 1252 stinatis,
2176 1186 2330 1258 virga
2356 1187 2619 1242 videlicet
2641 1199 2808 1258 atque
2844 1190 3113 1244 sandaliis
3143 1191 3494 1261 pseudopro-

1899 1278 2082 1348 phetae
2129 1279 2404 1343 Maumed,
2431 1290 2700 1350 expetens
2730 1293 2792 1338 ut
2828 1283 2894 1336 ad
2936 1299 2994 1338 se
3028 1285 3117 1339 via
3171 1285 3340 1339 unius
3377 1283 3491 1338 diei

1901 1367 2296 1435 diverteretur,
2343 1379 2618 1440 quatenus
2659 1372 2708 1426 ei
2751 1373 3015 1427 decentes
3061 1375 3365 1444 gratiarum
3403 1390 3495 1428 ac-

1903 1458 2082 1514 tiones
2111 1458 2379 1515 deferret.
2415 1461 2484 1515 At
2513 1462 2606 1516 ille
2636 1462 2905 1532 deceptus
2939 1465 3091 1518 venit
3122 1475 3495 1518 eumcenth

1901 1552 2151 1608 millibus
2174 1555 2449 1623 equitum,
2475 1555 2775 1625 unitusque
2800 1555 2878 1611 illi
2899 1557 3172 1611 occiditur
3195 1557 3265 1612 ab
3290 1573 3358 1611 eo
3379 1573 3497 1611 ma-

1901 1641 2068 1697 nibus
2100 1642 2366 1712 propriis,
2400 1643 2595 1714 sicque
2625 1647 2974 1716 principatus
3002 1645 3230 1701 Abdcla:
3275 1645 3497 1700 confer-

1903 1742 2017 1798 tur,
2042 1734 2137 1804 qui
2170 1735 2234 1789 21
2272 1735 2550 1792 Arabibus
2579 1738 2805 1806 praefuit
2831 1739 3012 1794 annis.

1975 1828 2136 1883 Anno
2184 1827 2404 1897 imperii
2453 1827 2802 1884 Constantini
2861 1831 2930 1885 15
2994 1831 3197 1886 Paulus
3236 1833 3500 1886 Romana:

213 1921 500 1979 catholicis
530 1921 779 1986 sedibus,
812 1895 1056 1977 ltomana
1107 1921 1322 1978 scilicet
1341 1932 1400 1979 et
1424 1895 1792 1991 Antiochena,
1825 1895 1873 1954 Β
1901 1919 2051 1974 sedis
2087 1895 2287 1989 praesul
2340 1919 2604 1974 habetur.
2629 1920 2852 1976 Nicetas
2888 1920 3238 1992 Heliopoleos
3268 1922 3500 1976 anathe-

217 2014 584 2070 Alexandrina
637 2013 755 2070 sive
798 2014 1322 2087 Hierosolymitana.
1375 2016 1649 2087 Aquarto
1673 2016 1798 2072 idus

213 2107 545 2165 Februarias
603 2107 936 2178 incipientes
992 2107 1440 2179 perduraverunt
1499 2122 1676 2178 usque
1727 2107 1796 2164 ad

209 2207 427 2256 sextum
457 2198 583 2254 idus
598 2198 876 2270 Augustas
903 2198 1153 2271 ejusdem
1175 2198 1426 2269 septimae
1453 2197 1795 2254 indictionis.

139 2328 146 2332 ρ
213 2291 315 2360 Qui
343 2305 468 2346 cum
522 2290 578 2346 in
611 2290 946 2346 Blachernas
989 2289 1085 2346 Dei
1119 2289 1418 2346 Genitricis
1449 2290 1638 2346 hostes
1668 2305 1801 2346 con-

209 2382 492 2438 venissent
523 2422 540 2448 ,
599 2380 849 2437 ascendit
910 2379 1324 2437 Constantinus
1396 2382 1698 2452 imperator
1742 2382 1801 2436 in

213 2473 526 2537 ambonem,
578 2479 773 2527 tenens
802 2469 1238 2527 Constantinum
1292 2471 1650 2538 monachum,
1703 2472 1800 2544 qui

219 2561 317 2617 fuit
369 2560 531 2634 Sylae’i
589 2562 907 2632 episcopus.
941 2559 1082 2617 Cum
1130 2569 1365 2628 orasset,
1416 2577 1552 2618 voce
1603 2578 1800 2634 magna

211 2654 593 2725 pronuntiavit
636 2653 829 2709 dicens
878 2669 893 2708 :
948 2652 1302 2709 Constantino
1360 2654 1654 2709 universali
1698 2673 1800 2726 pa-

212 2746 464 2801 triarchae
490 2744 685 2800 multos
719 2761 910 2800 annos.
947 2745 1014 2799 Et
1045 2744 1173 2800 dein
1209 2746 1462 2801 ascendit
1497 2746 1802 2817 imperator

213 2853 336 2894 cum
365 2837 728 2893 Constantino
752 2838 1019 2893 scelerato
1043 2837 1279 2907 praesule
1336 2845 1394 2893 et
1425 2839 1656 2909 reliquis
1683 2839 1801 2910 epi-

219 2929 404 3000 scopis
440 2929 643 2995 forum,
672 2937 730 2984 et
757 2928 1208 2985 exclamaverunt
1249 2928 1596 3002 divulgantes
1645 2946 1802 2986 suam

215 3022 550 3078 cacodoxam
606 3021 863 3078 haeresim
898 3023 954 3079 in
1012 3030 1313 3092 conspectu
1373 3024 1544 3079 totius
1597 3023 1799 3095 plebis,

213 3115 749 3170 anathematizantes
774 3111 1110 3170 Germanum
1138 3113 1544 3170 sanctissimum
1587 3126 1644 3172 et
1667 3115 1800 3172 Gre-

1898 2010 2195 2064 matizatus
2239 2018 2328 2064 est
2378 2019 2583 2065 a.tota
2624 2011 2892 2067 Ecclesia.
2941 2012 3249 2082 Imperator
3309 2021 3497 2067 autem

1897 2100 2300 2158 Constantinus
2339 2101 2507 2172 Syros
2549 2112 2607 2158 et
2644 2102 2956 2168 Armenios,
2994 2120 3135 2174 quos
3174 2095 3205 2159 a
3235 2105 3496 2160 Theodo-

1899 2193 2101 2264 siopoli
2121 2204 2179 2248 et
2212 2193 2474 2249 Melitana
2497 2195 2755 2256 duxerat.
2791 2196 2847 2251 in
2879 2197 3154 2252 Thracem
3178 2199 3497 2268 emigravit,

1899 2301 1968 2342 cx
1995 2286 2201 2356 quibus
2219 2286 2387 2342 etiam
2409 2285 2854 2342 Paulicianorum
2881 2297 2965 2344 est
2995 2289 3223 2344 haeresis
3249 2289 3498 2344 dilatata.

1903 2375 2171 2437 Similiter
2196 2384 2253 2430 et
2286 2375 2344 2430 in
2372 2376 2514 2432 urbe
2567 2375 2762 2448 paucis
2791 2391 2911 2447 prae
2950 2379 3289 2434 mortalitate
3338 2379 3504 2436 factis

1901 2466 2314 2524 habitatoribus
2337 2469 2479 2538 ejus,
2506 2467 2668 2523 duxit
2694 2485 2804 2524 una
2839 2485 2965 2524 eum
3001 2469 3247 2534 familiis,
3287 2480 3396 2526 tam
3431 2485 3502 2527 ex

1903 2559 2104 2615 insulis
2145 2568 2203 2616 et
2253 2560 2478 2616 Hellade
2511 2576 2676 2630 quam
2719 2577 2786 2616 ex
2832 2562 3194 2618 inferioribus
3225 2564 3498 2634 partibus,

1903 2649 2094 2720 sicque
2136 2650 2332 2708 urbem
2381 2651 2636 2707 habitare
2669 2651 2824 2721 fecit,
2855 2669 3020 2723 quam
3050 2662 3108 2710 et
3151 2655 3499 2710 condensam

1903 2742 2172 2798 reddidit.

1975 2835 2185 2892 Eodem
2235 2851 2460 2907 quoque
2508 2852 2657 2894 anno
2704 2837 2974 2907 quaesiere
3026 2839 3296 2910 Vulgares
3337 2847 3501 2909 pacta

1903 2936 2134 2998 propter
2159 2935 2339 2983 castra
2378 2944 2503 3000 qua
2530 2938 2855 2986 constructa
2900 2929 3145 2984 fuerant.
3175 2929 3274 2985 Ast
3319 2928 3501 2998 impe-

1904 3026 2091 3074 ratore
2124 3018 2548 3089 apocrisiarium
2583 3034 2776 3074 eorum
2807 3019 3212 3075 debonestante
3241 3018 3504 3073 exierunt
3591 3045 3594 3047 λ

1904 3109 2204 3177 hostiliter,
2225 3117 2282 3164 et
2329 3125 2508 3180 usque
2541 3108 2612 3164 ad
2651 3108 2904 3180 Longum
2947 3125 3169 3164 murum
3200 3117 3501 3174 venerunt,

207 3207 424 3278 gorium
452 3206 715 3280 Cyprium
749 3215 807 3261 ct
828 3206 1095 3262 Joannem
1139 3204 1577 3278 Chrysorrhoam
1617 3209 1808 3264 Dama-
1830 3243 1876 3304 α
1908 3211 1965 3258 et
1990 3203 2170 3258 multo
2196 3201 2415 3258 excidio
2439 3210 2762 3272 perpetrato
2791 3201 2951 3257 illaesi
2985 3203 3198 3258 reversi
3222 3209 3373 3256 sunt.

207 3315 465 3368 scenum,
494 3307 750 3370 nepotem
772 3298 1018 3366 Mansur,
1048 3297 1194 3354 viros
1214 3309 1435 3355 sanctos
1461 3310 1517 3356 et
1543 3317 1806 3357 reveren-

207 3391 308 3448 dos
335 3391 652 3461 magistros.

280 3472 476 3536 Mundi
504 3496 650 3536 anno
673 3479 836 3548 6246,
862 3480 1063 3537 divinae
1089 3481 1491 3538 incarnationis
1512 3497 1660 3538 anno
1676 3483 1803 3550 746,

202 3588 360 3628 anno
411 3561 546 3628 vero
595 3574 817 3645 imperii
867 3573 1219 3630 Constantini
1262 3575 1354 3640 M,
1408 3573 1808 3632 Constantinus

199 3666 867 3737 Constantinopolitanus
906 3667 1144 3722 habetur
1175 3665 1426 3732 antistes,
1464 3666 1561 3736 qui
1593 3667 1657 3722 12
1706 3666 1809 3723 Ec-

202 3759 395 3815 clesiae
435 3759 659 3829 praefuit
702 3760 884 3814 annis.
924 3757 1040 3815 Hoc
1087 3774 1309 3831 quoque
1354 3774 1500 3812 anno
1531 3757 1806 3824 Maumed,

217 3854 300 3924 pii
361 3859 422 3907 et
469 3851 771 3918 Abulabas,
818 3862 1074 3908 mortuus
1113 3863 1219 3918 est,
1259 3868 1386 3907 cum
1429 3854 1461 3908 5
1495 3853 1810 3924 prmfuisset

200 3943 399 4003 annis.
436 3944 680 4014 Eratque
717 3944 958 4000 Abdelas
1003 3943 1174 4000 frater
1199 3946 1321 4015 ejus
1359 3946 1414 3999 in
1446 3945 1657 4000 Machia
1685 3945 1809 4001 loco

197 4035 574 4106 blasphemia:
603 4037 875 4106 ipsorum.
907 4034 1118 4090 Scribit
1146 4051 1280 4106 ergo
1303 4035 1679 4101 Abumuslim,
1712 4037 1809 4107 qui

193 4135 331 4186 erat
364 4127 421 4182 in
456 4120 708 4194 Perside,
756 4127 1206 4183 conservandum
1243 4129 1350 4185 sibi
1379 4130 1561 4186 locum
1598 4133 1810 4202 princi-

189 4231 401 4293 patus,
447 4221 592 4276 sicut
625 4220 732 4275 sibi
771 4231 923 4276 sorte
964 4220 1147 4277 fuerat
1191 4221 1513 4293 deputatus.
1544 4223 1810 4291 Quicum

190 4307 505 4370 didicisset
556 4313 826 4370 Abdelam
878 4312 1054 4368 filium
1113 4312 1335 4379 Halim,
1384 4315 1614 4371 fratrem
1675 4333 1812 4374 vero

188 4405 410 4473 Salim,
442 4421 724 4461 summum
749 4413 1043 4474 praetorem
1079 4404 1270 4478 Syriae,
1303 4405 1676 4477 principatum
1703 4406 1810 4462 sibi

188 4496 593 4562 aﬂectantem,
627 4505 684 4552 et
713 4497 1052 4552 veniendum
1095 4497 1165 4553 ad
1209 4496 1569 4552 obtinendam
1624 4499 1812 4554 Persi-

1982 3299 2146 3356 Anno
2187 3298 2404 3368 imperii
2438 3297 2788 3354 Constantini
2821 3296 2890 3351 16
2923 3305 3087 3352 terra:
3117 3305 3306 3351 motus
3355 3294 3506 3350 haud

1907 3391 2162 3446 modicus
2208 3390 2387 3446 factus
2417 3400 2507 3446 est
2550 3390 2608 3444 in
2657 3390 2947 3445 Palaestina
2971 3397 3030 3444 et
3068 3389 3228 3460 Syria
3265 3389 3506 3457 septimo

1907 3484 2036 3539 idus
2063 3483 2317 3549 Martias;
2345 3490 2403 3538 et
2429 3482 2588 3540 exsul
2614 3481 2795 3536 factus
2827 3489 2913 3535 est
2944 3479 3273 3534 Theodorus
3302 3479 3501 3533 Antio-

1907 3575 2050 3630 chiae
2098 3575 2435 3644 patriarcha,
2484 3573 2696 3628 invidia
2735 3572 3036 3642 derogatus
3067 3569 3179 3642 (80)
3229 3570 3505 3634 Arabum,

1907 3669 2058 3739 quod
2085 3666 2287 3722 crebro
2327 3665 2649 3734 imperatori
2681 3662 3050 3719 Constantino
3089 3676 3287 3717 causas
3311 3675 3508 3717 eorum

1908 3776 2008 3830 per
2053 3759 2270 3814 litteras
2319 3757 2608 3811 indicaret.
2659 3757 2729 3810 Et
2765 3755 2834 3810 de
2883 3764 3085 3810 caetero
3127 3753 3300 3808 Salim
3354 3753 3509 3808 hunc

1911 3853 2158 3910 exsulem
2195 3850 2348 3916 fecit,
2381 3849 2611 3904 mittens
2639 3863 2772 3904 eum
2805 3849 2862 3903 in
2895 3847 3291 3902 Mohahitidem
3322 3847 3512 3918 ι’θεὶος

1914 3964 2065 4012 nem,
2105 3945 2346 4017 patriam
2381 3958 2561 3999 suam.
2595 3943 2980 4014 Pmcepitque
3010 3943 3158 3998 idem
3195 3942 3341 3996 Alim
3386 3957 3503 3997 non

1911 4039 2315 4095 construendas
2331 4053 2502 4094 novas
2517 4039 2782 4095 ecclesias
2803 4053 2908 4094 nec
2929 4051 3151 4093 crucem
3180 4036 3507 4100 videndam,

1911 4133 2008 4190 sed
2043 4149 2228 4204 neque
2255 4133 2325 4190 de
2371 4132 2482 4188 ﬁde
2509 4120 2546 4188 a
2574 4132 2896 4188 Christiano
2938 4146 3068 4187 cum
3099 4129 3379 4184 Arabibus
3407 4128 3512 4183 do-

1911 4232 2348 4304 gmatizandum.
2383 4233 2563 4288 Porro
2591 4230 2900 4286 exercitum
2927 4226 3102 4282 movit
3134 4225 3281 4280 idem
3316 4233 3510 4279 contra

1911 4324 2241 4381 Romaniam
2265 4340 2392 4379 cum
2427 4323 2497 4379 80
2523 4323 2796 4386 millibus,
2831 4329 2888 4376 et
2915 4318 3152 4375 veniens
3200 4316 3255 4371 in
3289 4315 3510 4386 Cappa-

1917 4418 2137 4474 dociam
2166 4416 2381 4472 audivit
2421 4413 2848 4471 Constantinum
2880 4411 3148 4467 adversus
3186 4424 3248 4464 se
3275 4409 3514 4462 venien-

1916 4519 2030 4568 tem
2067 4519 2366 4573 armatum,
2399 4516 2458 4564 et
2479 4507 2714 4562 territus
2754 4503 3006 4560 inefﬁcax
3033 4497 3343 4571 repedavit,
3372 4499 3512 4554 nihil

185 4591 366 4656 dem,
401 4588 907 4659 adversantemque
943 4589 1150 4656 Persis,
1188 4597 1244 4644 et
1277 4589 1557 4644 faventem
1595 4590 1685 4644 his
1719 4590 1815 4661 qui
1841 4585 1896 4646 D
1922 4603 2311 4674 depopulatus,
2339 4600 2447 4656 nisi
2473 4598 2621 4670 quod
2657 4597 2854 4670 paucis
2881 4593 3161 4650 Armeniis
3183 4592 3252 4648 ad
3287 4606 3346 4648 se
3380 4606 3517 4648 con-

185 4688 376 4737 erant
434 4681 604 4754 Syriae
657 4681 866 4753 quique
908 4682 1323 4737 auxiliabantur
1371 4681 1462 4750 ei,
1525 4685 1817 4741 concitatis

185 4773 560 4830 exercitibus
600 4773 717 4830 suis
749 4774 1071 4846 aggreditur
1097 4790 1226 4830 eum
1267 4774 1414 4845 apud
1457 4775 1724 4841 Nitzibin,
1758 4785 1817 4832 et

186 4865 369 4921 victo
398 4879 467 4920 eo
496 4864 850 4922 Abumuslim
899 4865 1105 4920 multos
1141 4867 1380 4937 peremit
1408 4883 1423 4920 :
1467 4876 1629 4922 erant
1661 4868 1813 4923 enim

188 4958 413 5029 plures
458 4974 525 5014 ex
573 4959 665 5015 his
710 4957 894 5015 Sclavi
928 4967 985 5016 et
1025 4957 1384 5014 Antiocheni.
1437 4959 1537 5016 Ast
1575 4960 1816 5017 Abdelas

184 5052 371 5108 solus
403 5052 593 5109 salvus
631 5067 926 5108 remanens
949 5058 1074 5124 post
1113 5067 1322 5123 paucos
1349 5051 1470 5108 dies
1506 5053 1667 5124 petiit
1695 5069 1819 5109 ver-

187 5147 354 5202 bum
386 5146 644 5218 accipere
691 5148 762 5202 ab
809 5147 986 5201 altero
1039 5145 1271 5213 Abdela,
1327 5145 1499 5202 fratre
1542 5146 1818 5216 Maumed,

184 5237 486 5295 veniente
535 5237 589 5292 in
631 5237 920 5293 Persidem
963 5237 1150 5293 studio
1182 5237 1358 5292 multo
1391 5253 1422 5293 a
1456 5238 1668 5304 Macha,
1705 5253 1818 5310 quo

186 5331 253 5387 in
285 5331 645 5387 domuncula
675 5330 985 5402 putrefacta
1016 5340 1237 5386 retruso
1259 5331 1429 5386 efl‘odi
1459 5332 1818 5388 fundamenta

185 5425 558 5497 pracipiens
585 5425 734 5482 hunc
759 5425 899 5480 clam
927 5423 1232 5480 interfecit.
1265 5424 1440 5478 Porro
1467 5423 1818 5480 Abumuslim

182 5519 530 5574 furientem
575 5519 842 5575 adversus
872 5519 1082 5575 Arabes
1122 5517 1293 5590 Syria:
1335 5533 1438 5589 pro
1479 5532 1547 5573 eo
1580 5517 1729 5588 quod
1761 5519 1820 5572 in

1923 4692 2232 4750 ﬂuentibus
2262 4691 2563 4761 assumptis
2587 4703 2850 4745 reversus
2879 4696 2986 4742 est.

1992 4782 2391 4854 Annoimperii
2423 4780 2776 4839 Constantini
2811 4780 2878 4834 17
2909 4777 3153 4834 Abdelas
3175 4775 3517 4832 tributorum

1921 4877 2194 4933 rationem
2256 4875 2594 4932 Christianis
2637 4870 2946 4943 ampliavit,
3003 4871 3144 4926 adeo
3199 4879 3262 4924 ut
3319 4883 3519 4924 omnes

1923 4969 2227 5026 monachos
2252 4976 2310 5024 et
2333 4969 2613 5024 inclausus
2636 4975 2803 5036 atque
2833 4964 3090 5029 cionitas,
3113 4963 3210 5034 qui
3237 4963 3351 5017 Deo
3373 4961 3518 5015 bene

1922 5063 2144 5134 placere
2193 5060 2590 5123 noscebantur,
2631 5058 2737 5114 sub
2784 5058 3012 5114 tributis
3065 5057 3368 5126 redigeret.
3423 5051 3516 5106 Si-

1924 5149 2114 5224 gnavit
2155 5157 2343 5206 ante
2369 5147 2736 5204 ecclesiarum
2771 5146 3163 5208 cimiliarehia,
3211 5148 3272 5198 et
3320 5139 3516 5196 eduxit

1925 5241 2271 5300 Hebraeosad
2294 5240 2727 5298 venundandum
2749 5239 2860 5305 illa,
2875 5249 2930 5296 et
2952 5245 3209 5294 emerunt
3223 5250 3290 5290 ea
3304 5233 3516 5288 liberti.

1994 5334 2156 5390 Anno
2215 5332 2437 5402 imperii
2493 5332 2581 5388 sui
2630 5331 2698 5386 18
2752 5327 3157 5386 Constantinus
3210 5323 3517 5381 Sclavinias

1923 5442 2096 5498 penes
2146 5423 2528 5480 Macedoniam
2579 5423 2790 5495 positas
2816 5419 3115 5490 captivavit
3161 5425 3219 5472 et
3268 5414 3519 5484 reliquos

1924 5520 2260 5595 subiugavit.
2309 5518 2520 5574 Eodem
2563 5533 2698 5573 vero
2731 5531 2878 5570 anno
2922 5513 3148 5584 quidam
3177 5527 3247 5567 cx
3289 5508 3517 5565 Mauro-

1765 5657 1998 5720 ΝΟΤιΕ.

277 5751 411 5826 (80)
456 5750 772 5826 Derogatus,
795 5749 1123 5826 διᾳβληθξές.
1153 5749 1294 5826 Hist.
1337 5749 1464 5826 t_rip.
1490 5749 1561 5826 3?
1590 5767 1602 5804 :
1634 5768 1653 5802 ‹
1683 5766 1808 5807 cre-

182 5819 363 5885 dens
379 5819 835 5892 derogationibus
850 5821 956 5876 his.
976 5819 998 5872 ᾧ
1023 5820 1167 5892 Non.
1183 5819 1809 5892 detrahere,_derogare.

178 5901 434 5958 Glossa:
457 5889 702 5949 Dosithei
745 5892 1029 5951 maeistri:
1069 5891 1318 5962 derogat,
1343 5889 1606 5957 detrahit,
1654 5889 1812 5949 oblo-

1913 5757 2124 5828 quitur.
2154 5753 2439 5828 Gotl'ridus
2464 5751 2636 5828 abbas
2670 5747 2904 5828 Vindoc.
2930 5745 3101 5828 epist.
3128 5743 3280 5828 ""29
3310 5758 3322 5794 :
3354 5761 3372 5793 ‹
3402 5755 3516 5798 nec

1917 5814 2166 5899 pontiﬁci
2197 5827 2344 5884 sicut
2376 5822 2544 5879 Maria
2577 5819 2747 5894 Moysi
2776 5814 3126 5889 derogarent.
3164 5814 3324 5869 Fm.
3367 5831 3388 5863 ι
3493 5891 3496 5894 ἢ
