4100 6434
719 395 744 460 1
762 399 860 464 179

1784 391 2182 454 ANASTASII
2224 386 2858 456 BlBLIOTHECARII
2941 381 2944 383 λ

3809 381 3900 470 tuo

717 511 913 580 νὴοτίθ
953 508 1160 572 Ραδίεν
1199 504 1596 610 ⁰¹¹¹ξ¹“““¹3ῖθ³θ
1641 503 1930 610 τθιιίῧίοηίδ
1956 514 2166 608 essen},
2210 504 2310 559 de‘
2341 506 2386 564 Α
2415 527 2679 582 mulieres
2714 545 2727 581 :
2765 516 3083 582 manserant
3115 527 3264 582 enim
3303 544 3370 582 ex
3403 528 3481 584 cis
3509 529 3561 584 in
3595 531 3740 588 domo
3767 535 3812 592 in
3833 557 3902 610 qua

721 601 978 670 ceptione
1009 599 1221 655 detenti
1255 597 1486 660 diaboli,
1512 596 1826 652 venundata
1859 597 2168 652 substantia
2215 611 2313 651 sua

719 694 855 749 nudi
897 707 1066 762 supra
1094 707 1286 746 muros
1315 690 1677 746 ascendentes
1695 689 2066 760 projieiebant
2105 697 2315 744 semet-

717 786 892 856 ipsos,
921 785 996 840 ita
1025 794 1084 839 ut
1115 799 1175 840 se
1201 783 1386 839 volare
1423 783 1476 838 in
1517 782 1718 837 ccelum
1743 782 2187 847 arbitrarentur;
2219 780 2315 851 qui

721 879 860 934 nihil
907 878 1127 935 ratione
1173 877 1403 948 dignum
1449 876 1618 930 sortis
1648 876 1797 930 illius
1839 875 2128 939 habentes,
2161 883 2317 930 artus

716 972 1088 1028 conterebant
1129 972 1197 1026 ad
1261 971 1368 1025 ima
1407 969 1672 1024 demersi.
1704 968 1952 1035 Quorum
2009 969 2314 1034 sexdecim,

719 1080 819 1120 eos
850 1065 1138 1119 dumtaxat
1167 1063 1261 1133 qui
1307 1063 1361 1116 in
1397 1077 1590 1118 errore
1621 1061 2041 1130 praeminebant,
2074 1061 2318 1116 Abdelas

723 1172 824 1226 per
848 1157 1018 1212 Salim
1051 1155 1333 1210 interfecit
1353 1155 1409 1209 in
1439 1154 1635 1208 Berma
1667 1162 1726 1209 et
1756 1152 2040 1208 Chalcide.

793 1250 954 1304 Anno
986 1249 1209 1319 imperii
1240 1247 1591 1303 Constantini
1628 1247 1695 1302 l9
1737 1246 1946 1300 invidia
1969 1245 2319 1300 Christianos

727 1342 1140 1412 prohibuerunt
1188 1341 1401 1396 Arabes
1433 1356 1464 1395 a
1520 1339 1762 1410 publicis
1803 1339 2195 1394 chartothcsiis
2249 1338 2317 1393 ad

730 1436 1014 1490 modicum
1042 1444 1281 1505 tempus.
1313 1433 1422 1488 Sed
1446 1447 1641 1487 rursus
1665 1433 1840 1487 coacti
1863 1431 2214 1486 committunt
2239 1431 2320 1487 eis

725 1527 928 1582 eadem
959 1527 1100 1597 ipsa,
1133 1541 1201 1581 eo
1224 1526 1375 1596 quod
1406 1541 1516 1580 non
1549 1525 1765 1593 possint
1795 1525 1898 1595 ipsi
1933 1524 2179 1580 scribere
2205 1525 2318 1580 cale

726 1618 1074 1680 culationcs,
1135 1618 1394 1686 aciesque
1457 1617 1782 1671 direxerunt
1837 1618 2057 1672 multas.
2106 1617 2212 1672 Sed
2264 1624 2320 1672 et

731 1711 959 1768 Paulum
997 1719 1290 1780 prmtorem
1339 1711 1796 1766 Armeniacorum
1841 1712 2047 1766 bellum
2096 1720 2320 1782 agentes

727 1800 876 1870 apud
895 1801 1090 1860 Melam
1110 1809 1473 1870 peremerunt
1495 1817 1620 1857 cum
1641 1803 1921 1858 exercitus
1938 1804 2316 1868 multitudine,

730 1907 946 1948 necnon
985 1901 1043 1948 et
1097 1892 1168 1948 42
1203 1893 1450 1964 insignes
1486 1894 1638 1949 viros
1669 1896 1888 1950 vinctos
1925 1895 2226 1961 duxerunt,
2267 1864 2396 1952 etB

728 1985 910 2053 capita
945 1985 1138 2040 multa.
1179 1986 1486 2055 Imperator
1515 1995 1699 2042 autem
1731 1988 2038 2042 exercitum
2072 1989 2243 2045 movit
2267 1991 2322 2045 in

729 2076 1070 2148 Vulgariam,
1093 2087 1152 2134 et
1181 2079 1413 2134 veniens
1439 2079 1496 2133 in
1525 2079 1846 2149 Veregaban
1872 2079 1939 2134 ad
1985 2081 2321 2148 clausuram,

729 2169 956 2224 obviam
981 2170 1035 2224 ei
1065 2169 1335 2240 Vulgares
1353 2169 1704 2226 advenerunt
1729 2179 1786 2226 et
1813 2171 2018 2227 multos
2045 2173 2326 2228 exercitus

729 2261 858 2331 ejus
893 2261 1335 2328 trucidaverunt,
1360 2264 1419 2318 in
1447 2264 1654 2334 quibus
1680 2273 1737 2318 et
1756 2263 1997 2320 Leonem
2027 2266 2323 2336 patricium

729 2361 790 2408 et
814 2361 1107 2421 praetorem
1139 2354 1591 2420 Thracesiorum,
1628 2363 1685 2409 et
1705 2355 1876 2410 alium
1900 2356 2139 2411 Leonem
2171 2357 2326 2429 logo-

735 2446 945 2501 thetam
967 2461 1186 2512 cursus,
1220 2455 1277 2502 et
1309 2448 1578 2518 populum
1610 2449 1868 2514 multum,
1897 2463 1960 2504 ac
1993 2458 2329 2520 acceperunt

731 2553 889 2593 arma
921 2555 1148 2607 eorum;
1189 2550 1248 2596 et
1293 2541 1376 2596 sic
1414 2541 1709 2598 inhoneste
1737 2542 1944 2598 reversi
1983 2552 2115 2598 sunt
2149 2543 2329 2614 impe-

734 2641 890 2687 rator
913 2640 970 2687 et
995 2633 1082 2688 sui
1114 2633 1209 2704 qui
1237 2644 1652 2691 remanserunt.

805 2723 972 2779 Anno
1013 2725 1232 2795 imperii
1277 2725 1628 2782 Constantini
1670 2727 1742 2782 20
1791 2727 1969 2784 factus
2019 2735 2106 2783 est
2170 2741 2330 2783 error

719 2815 983 2882 Pascite,
1005 2826 1064 2873 et
1093 2817 1384 2874 orthodoxi
1411 2818 1637 2888 quidem
1657 2819 1712 2874 in
1737 2818 1970 2875 Oriente
1991 2829 2186 2876 octavo
2204 2819 2331 2881 idus

737 2906 980 2977 Aprilias
1010 2907 1221 2964 Pascha
1251 2911 1698 2977 celebraverunt,
1725 2919 1781 2966 at
1806 2925 1942 2967 vero
1965 2913 2188 2968 erronei
2219 2912 2331 2968 hae-

735 3000 898 3056 retici
928 3002 1054 3058 idus
1075 3003 1339 3073 Aprilias.

811 3095 1020 3150 Eodem
1052 3111 1198 3152 anno
1226 3088 1558 3152 translatum
1571 3106 1658 3168 est
1669 3103 1840 3167 caput
1863 3095 1922 3152 S.
1944 3093 2171 3154 Joannis
2191 3113 2331 3168 pra:-

2419 629 2531 676 tres
2552 620 2751 676 fratres
2783 619 3104 686 manebant,
3136 627 3194 673 et
3221 617 3516 675 voluerunt
3553 637 3731 678 uxores
3767 642 3902 684 eorum

2418 713 2475 769 in
2522 715 2752 785 pelagus
2779 701 2782 704 ’
2796 713 2999 785 jacere.
3057 710 3355 782 Surgentes
3402 721 3580 768 autem
3619 723 3720 773 tres
3766 717 3907 778 fratres

2422 806 2752 862 occiderunt
2805 815 2862 860 et
2907 804 3220 859 obruerunt
3256 803 3397 870 illos,
3439 803 3531 860 sed
3577 814 3630 861 et
3672 816 3907 869 coacervati

2419 897 2742 953 occiderunt
2761 897 2929 953 etiam
2965 897 3225 969 reliquos.
3251 896 3458 952 Etcum
3483 896 3705 954 misisset
3725 901 3910 961 Selichus

2420 991 2667 1055 militias,
2715 991 3102 1046 fraudulenter
3131 1005 3334 1046 venere
3364 1007 3526 1062 super
3569 990 3700 1058 illos,
3729 1005 3775 1050 et
3808 1013 3912 1055 com-

2421 1085 2712 1154 prehensis
2760 1085 2842 1138 eis
2890 1084 3138 1154 patibulo
3178 1085 3582 1154 suspenderunt
3616 1097 3715 1156 tres
3751 1087 3910 1159 fratres,

2419 1184 2477 1230 et
2517 1173 2724 1230 multos
2770 1176 2907 1230 alios
2952 1174 3298 1230 occiderunt.
3344 1175 3513 1230 Porro
3552 1176 3807 1236 festivitate
3844 1181 3913 1237 Pa-

2420 1267 2596 1340 schali
2630 1267 2916 1337 ingressus
2945 1277 3031 1321 est
3059 1267 3126 1322 ad
3155 1276 3400 1323 sanctam
3425 1268 3693 1323 collectam
3713 1271 3760 1325 in
3781 1274 3914 1328 catho-

2419 1359 2526 1413 lica
2571 1357 2840 1414 Ecclesia.
2899 1358 3149 1428 Cumque
3223 1357 3667 1428 metropolitanus
3699 1361 3913 1433 episcopus

2421 1461 2647 1516 astaret,
2669 1464 2725 1508 et
2749 1452 3087 1507 exclamaret
3110 1466 3265 1506 more
3290 1450 3451 1505 solito
3467 1449 3575 1505 Deo
3600 1451 3909 1509 dicens:Plel.s

2427 1546 2568 1599 enim
2593 1553 2687 1598 tua
2719 1553 2767 1597 et
2794 1542 3032 1597 Ecclesia
3059 1550 3150 1595 tua
3174 1541 3438 1614 supplicat
3462 1551 3508 1595 te
3533 1542 3656 1614 (8i),
3684 1542 3908 1603 eduxerunt

2421 1649 2547 1688 eum
2579 1633 2635 1687 et
2682 1633 3027 1687 incluserunt
3065 1631 3120 1685 in
3155 1646 3403 1696 carcere,
3439 1640 3493 1686 et
3531 1631 3664 1687 alius
3695 1636 3902 1705 complerit

2423 1736 2668 1781 sanctam
2691 1725 3000 1789 collectam,
3033 1733 3089 1780 et
3123 1723 3304 1780 factus
3332 1732 3418 1780 est
3446 1724 3606 1779 timor
3637 1741 3850 1798 magnus;
3875 1739 3909 1784 et

2423 1816 2530 1871 nisi
2554 1815 2905 1885 metropolita
2931 1813 3243 1870 moralitate
3274 1830 3340 1870 ac
3373 1814 3666 1871 humilibus
3681 1818 3829 1874 verbis
3849 1821 3910 1873 mi-

2425 1908 2650 1980 tigasset
2672 1923 2822 1972 eum,
2851 1907 3056 1961 malum
3085 1905 3332 1977 profecto
3370 1907 3562 1978 ingens
3585 1908 3710 1964 hora
3734 1909 3806 1965 illa
3829 1927 3910 1966 con-

2427 2009 2768 2058 summatum
2827 2000 3044 2057 fuisset.
3092 2000 3226 2057 Erat
3276 2010 3476 2081 autem-
3513 2001 3599 2057 hic
3650 2001 3905 2060 beatissimus

2426 2095 2775 2152 Anastasius.
3203 2093 3206 2096 ’
3285 2089 3290 2092 ’

2491 2187 2697 2243 Eodem
2732 2203 2954 2258 quoque
2995 2203 3141 2244 anno
3171 2198 3228 2244 et
3256 2187 3647 2244 Constantinus
3676 2197 3903 2260 persecutor

2425 2277 2700 2333 Andream
2747 2277 3166 2333 memorabilem
3215 2277 3568 2344 monachum,
3597 2277 3682 2347 qui
3709 2275 3903 2331 dicebatur

2418 2367 2726 2440 'Calybites,
2755 2365 2901 2437 apud
2946 2365 3282 2422 Biachernas
3309 2365 3496 2438 ﬂagris
3523 2367 3574 2420 in
3609 2365 3902 2436 Hippodromio

2427 2458 2487 2514 S.
2522 2458 2711 2513 Mama:
2741 2458 2998 2528 peremit,
3031 2457 3458 2530 redarguentem
3501 2455 3798 2528 impietatem
3822 2458 3909 2530 ejus,

2428 2557 2486 2605 et
2508 2543 3029 2606 Valentinianistam
3061 2567 3125 2606 ac
3147 2551 3437 2606 Iulianum
3459 2551 3787 2622 appellantem
3805 2565 3913 2614 eum;

2429 2659 2595 2714 quem
2628 2653 2684 2700 et
2732 2645 2788 2699 in
2829 2643 3062 2699 rheuma
3109 2644 3282 2701 maris
3314 2643 3515 2716 jactari
3559 2643 3800 2715 prmeepit,
3847 2641 3915 2695 nisi

2430 2750 2652 2807 sorores
2691 2735 2813 2806 ejus
2863 2734 3014 2790 hunc
3044 2733 3324 2806 rapientes
3378 2733 3434 2789 in
3476 2729 3707 2804 emporio
3736 2730 3915 2787 Leucadii

2431 2832 2783 2903 sepelissent.
3550 2911 3558 2916 _
3827 2903 3830 2907 ‘

2503 2922 2664 2978 Anno
2697 2921 2914 2994 imperii
2954 2921 3302 2977 Constantini
3333 2920 3410 2976 22
3441 2919 3680 2992 apparuit
3707 2919 3866 2975 dociles
3881 2917 3914 2972 in

2427 3015 2679 3082 Oriente,
2706 3023 2764 3072 et
2807 3015 3137 3073 interfectus
3169 3025 3254 3072 est
3285 3015 3437 3071 filius
3475 3011 3734 3070 Phatimae.
3764 3015 3818 3068 At
3834 3026 3914 3065 vero

2430 3110 2701 3182 Volgares
2733 3110 3088 3182 insurgentes
3114 3110 3448 3167 occiderunt
3490 3109 3721 3165 dominos
3747 3122 3847 3164 suos
3875 3103 3910 3158 ad

739 3187 987 3241 cursoris
1027 3195 1194 3256 atque
1246 3187 1508 3258 Baptista:
1553 3203 1583 3242 a
1629 3189 1969 3244 monasterio
2015 3189 2224 3260 ’Βρειωὶ
2269 3189 2358 3259 in,

2295 3207 2329 3246 η
2353 3209 2401 3272 C
2436 3217 2493 3256 se
2520 3203 2575 3256 in
2621 3203 2759 3257 iram
2792 3201 3094 3270 derivatos,
3118 3211 3174 3258 et
3213 3209 3534 3276 statuerunt
3559 3201 3717 3257 virum
3747 3199 3914 3253 insensa-

741 3278 1012 3347 templum
1049 3294 1210 3334 suum
1248 3279 1304 3334 in
1358 3281 1818 3336 Emesenensium
1865 3281 2091 3337 civitate
2137 3283 2328 3349 situm,

739 3384 870 3424 cum
902 3375 1054 3424 esset
1080 3369 1336 3436 illustre;
1360 3381 1418 3424 et
1440 3370 1742 3427 descensus
1767 3372 2074 3430 aediﬁcatus
2097 3383 2200 3429 est.
2226 3375 2332 3432 Ubi

741 3475 921 3530 usque
961 3461 1130 3516 hodie
1169 3477 1200 3516 a
1249 3461 1510 3516 ﬁdelibus
1547 3462 1838 3518 adoratum
1872 3465 2025 3520 omni
2061 3465 2332 3521 suavitate

739 3554 1020 3624 corporali
1051 3554 1266 3610 scilicet
1293 3570 1359 3611 ac
1398 3555 1678 3626 spirituali
1718 3557 2030 3613 honoratur
2049 3558 2242 3624 odore,
2276 3568 2334 3614 et

723 3662 1006 3704 .emanans
1041 3647 1280 3703 effundit
1319 3649 1582 3705 omnibus
1622 3651 1908 3716 sanitates,
1940 3651 2034 3721 qui
2080 3651 2184 3706 fide
2233 3650 2332 3706 lla-

739 3749 967 3812 grantes
990 3750 1317 3796 occurrunt.
1767 3753 1770 3756 ’

814 3832 1136 3902 Eodemque
1187 3847 1337 3888 anno
1375 3831 1592 3889 docites
1639 3832 1950 3889 clarissima
2003 3835 2058 3889 in
2105 3834 2333 3892 Oriente

739 3927 1002 3996 apparuit
1050 3943 1150 3996 per
1198 3926 1266 3980 l0
1325 3925 1467 3992 dies,
1513 3934 1572 3981 et
1617 3925 1818 3982 iterum
1867 3928 1935 3982 ad
1975 3930 2332 3985 Occidentem

735 4018 946 4076 diebus
965 4018 1056 4072 21.
1087 4018 1321 4083 Quidam
1348 4033 1486 4072 vero
1515 4018 1706 4088 Syrus,
1731 4019 2061 4075 Theodorus
2085 4023 2329 4085 nomine,

743 4110 1032 4166 Eibanites
1057 4110 1207 4165 circa
1255 4109 1541 4179 regionem
1576 4108 1944 4180 Heliopoleos,
1982 4125 2108 4182 qua:
2135 4121 2223 4168 est
2262 4112 2332 4167 ad

741 4205 1055 4271 Libanum,
1121 4203 1388 4260 adversus
1437 4203 1649 4259 Arabes
1710 4204 2046 4270 insnrrexit,
2096 4215 2154 4262 et
2203 4221 2331 4264 cum

742 4299 950 4355 bellum
1003 4299 1267 4354 movisset
1320 4298 1376 4352 in
1425 4312 1546 4358 eos,
1597 4298 1922 4354 ceciderunt
1964 4315 2036 4354 ex
2082 4297 2332 4371 utrisque

742 4393 904 4447 multi
933 4410 950 4446 :
985 4391 1290 4448 novissime
1321 4406 1457 4446 vero
1497 4398 1646 4462 terga
1681 4399 1739 4446 et
1779 4391 1898 4462 ipse
1929 4401 2155 4450 vertens
2185 4395 2331 4450 επα-

742 4485 843 4555 git,
875 4493 934 4540 et
967 4483 1258 4549 Libanitre,
1295 4484 1391 4554 qui
1425 4499 1552 4538 cum
1591 4485 1713 4554 ipso
1749 4493 1930 4552 erant,
1972 4499 2168 4542 omnes
2200 4495 2332 4544 sunt

2436 3305 2552 3348 tum
2599 3293 2826 3350 nomine
2876 3293 3147 3360 Zeletzin,
3208 3293 3280 3349 50
3328 3309 3459 3350 cum
3527 3301 3665 3350 esset
3709 3301 3916 3346 annorum.

2433 3387 2590 3441 Multi
2649 3396 2918 3457 praeterea
2965 3386 3148 3443 Sclavi
3195 3387 3475 3459 fugientes
3514 3387 3580 3442 ad
3624 3387 3916 3456 imperatorem

2434 3479 2844 3544 confluxerunt,
2875 3495 3016 3550 quos
3041 3479 3332 3535 constituit
3360 3496 3529 3552 super
3550 3479 3794 3534 Artanam.
3809 3477 3919 3530 Porro

2423 3571 2504 3626 '16
2547 3570 2827 3626 Kalendas
2864 3571 3038 3628 Julias
3085 3570 3259 3626 exivit
3301 3571 3600 3643 imperator
3625 3571 3675 3626 in
3710 3569 3912 3624 Thracem.

2433 3664 2606 3719 misso
2637 3669 2861 3736 quoque
2888 3663 3110 3735 navigio
3133 3680 3233 3736 per
3260 3664 3786 3737 Euxinum‘pontum,
3809 3670 3910 3727 usque

2435 3758 2502 3812 ad
2526 3756 2629 3812 800
2654 3757 2947 3814 chelandia
2987 3757 3225 3826 ferentia
3253 3755 3542 3813 duodenos
3565 3770 3738 3827 equos.
3760 3754 3812 3810 At
3835 3763 3915 3804 vero

2434 3849 2693 3916 Zeletzis,
2717 3851 2905 3905 audita
2931 3857 3122 3905 contra
3145 3865 3204 3904 se
3230 3857 3339 3903 tam
3361 3866 3462 3922 per
3497 3859 3686 3905 terram
3709 3859 3834 3930 quam
3856 3853 3917 3909 ller

2429 3935 2586 3998 mare
2616 3943 2757 3998 facta
2804 3945 3194 4012 commotione,
3231 3943 3529 4014 assumpsit
3551 3944 3601 3997 in
3638 3938 3846 3996 auxilium
3875 3946 3916 3985 ex

2435 4033 2816 4106 adjacentibus
2856 4033 2965 4090 sibi
3012 4034 3336 4092 nationibus
3384 4034 3455 4089 20
3500 4032 3680 4098 millia,
3715 4038 3761 4086 et
3794 4024 3855 4081 his
3884 4022 3913 4075 in

2435 4127 2846 4184 munitionibus
2878 4128 3203 4186 constitutis
3244 4144 3303 4190 se
3336 4137 3559 4184 cautum
3599 4135 3651 4180 et
3677 4117 3917 4190 intrepidum

2436 4225 2701 4281 reddidit.
2726 4225 2826 4280 Ast
2846 4225 3147 4295 imperator
3163 4240 3288 4280 cum
3309 4225 3572 4287 venisset,
3587 4228 3742 4276 castra
3761 4220 3919 4269 metallis

2435 4314 2598 4370 estin
2629 4329 2825 4386 campo
2863 4314 3153 4382 Anchiali;
3186 4325 3243 4370 et
3285 4315 3465 4385 pridie
3491 4312 3604 4368 Kal.
3631 4309 3774 4366 Julias
3798 4304 3916 4374 prima

2436 4408 2778 4474 indictionis,
2803 4408 2937 4464 feria
2956 4409 3168 4480 quinta,
3201 4407 3437 4464 Zeletzis
3467 4404 3816 4477 apparuitcum
3833 4392 3912 4450 mni-

2438 4500 2677 4556 titudine
2698 4501 2944 4572 gentium
2967 4500 3591 4570 veniens,ineuntesque
3613 4497 3784 4554 bellum
3801 4486 3912 4546 conci-

743 4576 1082 4646 interempti.
1129 4577 1307 4632 Factae
1351 4585 1540 4631 autem
1568 4585 1700 4632 sunt
1746 4586 1804 4633 et
1856 4578 1913 4632 in
1961 4578 2146 4634 Africa
2176 4581 2326 4636 sedi-
2355 4588 2402 4645 ι)
2433 4593 2571 4664 dunt
2604 4592 2815 4648 diutius
2850 4593 3325 4649 invicem.Verum
3361 4592 3591 4650 Zeletzis
3626 4600 3754 4659 terga
3775 4592 3917 4638 vertens

745 4671 927 4726 tiones
969 4679 1026 4725 et
1082 4670 1246 4736 bella,
1305 4671 1471 4726 solari
1520 4670 1715 4739 eclipsi
1771 4671 1912 4726 facta
1957 4674 2025 4728 18
2059 4673 2329 4731 Kalendas

743 4761 1141 4831 Septembrias,
1171 4762 1308 4817 feria
1343 4762 1396 4829 6,
1429 4762 1565 4817 hora
1590 4762 1679 4815 10.
1708 4763 1880 4818 Porro
1912 4763 2335 4822 insurrexerunt

743 4853 972 4924 quidam
1027 4870 1095 4909 ex
1143 4854 1530 4924 Maurophoris
1585 4857 1731 4924 apud
1793 4855 2033 4923 Dabero,
2089 4857 2338 4914 dicentes

745 4948 924 5004 filium
949 4947 1353 5018 protosymboli
1385 4949 1549 5002 deum
1589 4955 1652 5001 ut
1695 4948 2032 5003 nutritorem
2058 4963 2243 5016 suum,
2281 4959 2343 5006 et

745 5044 1100 5115 protulerunt
1127 5040 1326 5110 dogma
1356 5040 1700 5109 hujusmodi,
1731 5050 1787 5096 et
1813 5041 2157 5097 introierunt
2184 5043 2345 5108 Mau-

745 5136 974 5206 rophori
1022 5136 1248 5191 domum
1281 5136 1494 5190 erroris
1537 5136 1648 5200 sui,
1694 5143 1752 5190 et
1803 5136 2132 5192 occiderunt
2171 5137 2344 5193 clavi-

741 5243 908 5298 εει-οε
934 5243 1170 5284 numero
1191 5227 1283 5284 60.
1317 5228 1385 5283 Et
1414 5229 1674 5283 exierunt
1701 5229 1926 5299 quidam
1962 5231 2016 5284 in
2046 5229 2342 5298 Basrason',

743 5333 804 5378 et
851 5327 1274 5396 captivaveru‘nt
1321 5325 1547 5392 multos,
1597 5333 1655 5381 et
1702 5326 1966 5396 pecunias
2009 5343 2338 5386 numerosas

743 5428 1129 5490 sumpserunt.

819 5513 979 5567 Anno
1013 5511 1234 5584 imperii
1271 5512 1624 5570 Constantini
1671 5513 1736 5566 2i
1787 5513 2115 5570 seditionem
2147 5514 2340 5570 conci-

725 5610 1008 5690 rtaverunt
1073 5605 1337 5662 Cassiotae
1403 5614 1599 5662 contra
1658 5605 2060 5676 Mani-ephoros
2111 5614 2342 5676 propter

2439 4687 2650 4760 effugit.
2668 4689 2840 4743 Porro
2871 4701 3052 4758 pugna
3082 4686 3261 4740 tenuit
3292 4685 3360 4741 ah
3380 4685 3515 4740 hora
3536 4683 3717 4756 ‘quinta
3736 4669 3915 4747 usquead

2442 4781 2841 4853 vespertinam,
2874 4787 2930 4835 et
2960 4779 3348 4835 multitudines
3395 4777 3681 4850 Vulgarum
3704 4778 3917 4830 numerose

2444 4882 2748 4945 peremptcc
2779 4878 2909 4928 sunt
2937 4888 2949 4924 :
2986 4871 3147 4925 multi
3177 4886 3309 4926 vero
3339 4885 3406 4926 ex
3444 4871 3525 4925 eis
3557 4859 3918 4938 capti,.multi(l"

2447 4963 2772 5034 imperatori
2809 4963 3019 5019 subditi
3050 4962 3182 5018 facti
3207 4970 3358 5018 sunt.
3393 4951 3919 5032 Astimperatorhujusv

2444 5057 2660 5128 cemodi
2690 5056 2868 5114 elatus
2889 5055 3122 5111 victoria
3151 5055 3457 5128 publicavit
3481 5053 3616 5107 hanc
3646 5061 3797 5105 coram
3818 5039 3918 5097 urbe.

2443 5164 2569 5204 cum
2617 5149 2958 5204 exercitibus
3019 5146 3304 5218 ingressus
3361 5155 3606 5201 armatus
3659 5151 3709 5198 et
3747 5131 3922 5230 laudibus

2443 5241 2824 5298 celeberrimis
2874 5241 3214 5308 diffamatus,
3261 5247 3318 5295 et
3351 5233 3726 5311 xylopanduris
3759 5231 3921 5285 constri-

2445 5343 2565 5389 ctos
2596 5333 2823 5389 trahens
2851 5332 3120 5405 Vulgares
3169 5340 3375 5403 captos,
3419 5343 3557 5399 quos
3601 5333 3738 5382 extra
3781 5324 3918 5390 portam

2447 5439 2673 5479 auream
2710 5423 2975 5479 decollari
3006 5423 3270 5494 praecepit
3294 5438 3324 5475 a
3354 5419 3581 5476 civibus.
3605 5411 3822 5471 Zeletzim
3845 5415 3916 5505 Vtri

2450 5517 2856 5573 tumultuantes
2894 5515 3156 5588 Vulgares
3209 5531 3316 5570 una
3367 5528 3491 5568 cum
3535 5504 3830 5581 principibus
3852 5504 3912 5564 €135

2452 5610 2875 5675 interfecerunt,
2927 5618 2984 5665 et
3021 5608 3429 5665 constituerunt
3471 5601 3716 5660 Sabinum
3742 5596 3913 5665 general.ll

2364 5713 2504 5772 ΤΕ.

2364 5713 2406 5768 Τ
2489 5758 2504 5772 .
3984 5749 3985 5754 η

831 5806 1059 5878 (81)Τὲ
1091 5807 1184 5860 Sic
1210 5807 1526 5861 Vaticanus.
1583 5807 1848 5862 Thuanus
1897 5819 2079 5861 autem
2124 5713 2586 5878 tibi.1:l(t)rui§que
2644 5815 2858 5865 rectum
2900 5816 3004 5865 cst.
3049 5805 3186 5864 Vide
3232 5802 3570 5862 Priscianum
3599 5812 3708 5870 pag.
3749 5774 3922 5846 ιίειεά.
3984 5787 3985 5790 “

760 5871 984 5928 Γυίεοὶι.
1021 5876 1178 5928 Faue.
1221 5916 1223 5918 .
