4100 6490
328 415 445 481 1331

1123 416 1491 478 HISTORIA
1526 413 2104 481 ECCLESIASTICA
2137 414 2240 474 EX
2276 414 2758 474 THEOPHANE.

3447 414 3585 480 138?.

318 537 602 602 Comersii,
627 535 904 607 quondam
948 536 1156 592 domini
1210 538 1319 594 sui.
1355 537 1459 604 Qui
1498 536 1757 591 videlicet
1784 533 1886 589 Sa-
1915 537 1962 594 Α
1989 532 2094 586 alia
2144 547 2277 588 vero
2322 531 2561 602 ingentis
2607 530 2768 585 molis
2815 528 2884 584 ad
2945 544 3164 584 murum
3199 529 3391 586 collisa
3438 530 3589 585 hunc

317 633 469 688 binus
492 645 620 686 cum
659 645 786 684 mox
820 629 888 683 ad
917 631 1306 700 imperatorem
1337 628 1578 684 misisset
1602 637 1660 682 et
1691 641 1885 697 pacem

320 724 426 780 fieri
452 723 806 794 exquisisset,
853 733 1132 778 conventu
1158 723 1426 793 Vulgares
1470 721 1616 778 facto
1663 721 1886 776 restite-

322 823 439 869 runt
468 815 694 869 robuste
733 813 960 878 Sabino,
999 813 1248 869 dicentes
1274 814 1365 868 ei:
1404 812 1656 883 Vulgaria
1697 828 1790 882 per
1819 821 1887 876 te,

321 913 371 958 ut
394 907 676 971 cernimus,
706 905 971 975 redigetur
1000 905 1056 960 in
1086 907 1390 960 servitutem
1405 903 1682 958 Romanis.
1703 903 1892 959 Facta-

318 1012 416 1067 que
445 998 730 1052 simultate
754 996 894 1068 fugit
926 996 1166 1052 Sabinus
1186 997 1242 1050 in
1277 1003 1520 1052 castrum
1551 994 1894 1051 Mesembria:

315 1100 370 1144 et
405 1088 472 1143 ad
523 1089 912 1158 imperatorem
944 1103 1003 1143 se
1035 1088 1287 1144 contulit.
1347 1087 1668 1143 Statuerunt
1708 1094 1893 1141 autem

319 1182 572 1252 Volgares
601 1180 770 1235 alium
801 1180 906 1234 sibi
938 1180 1247 1245 dominum,
1273 1180 1549 1250 Paganum
1578 1179 1821 1234 nomine.

383 1275 538 1328 Anno
592 1273 810 1344 imperii
865 1273 1210 1328 Constantini
1262 1274 1333 1330 25
1390 1275 1695 1329 Romanam
1746 1272 1894 1329 Con-

317 1366 582 1421 stantinus
611 1364 817 1420 residet
847 1366 1056 1421 sedem.
1095 1366 1262 1422 Turci
1291 1381 1423 1421 vero
1455 1365 1663 1436 egressi
1701 1372 1832 1419 sunt
1863 1380 1895 1418 a

315 1456 520 1528 Caspiis
550 1447 748 1528 portis,
777 1466 834 1513 et
877 1458 1204 1514 occiderunt
1248 1459 1303 1512 in
1359 1459 1617 1515 Armenia
1671 1459 1894 1523 multos,

316 1560 372 1604 et
419 1550 600 1620 praeda
651 1547 1014 1620 sumpta’non
1063 1566 1234 1621 pauca
1263 1551 1468 1606 reversi
1493 1559 1640 1606 sunt.
1673 1550 1897 1606 Cosmas

315 1647 496 1696 autem
544 1641 770 1711 quidam
817 1641 1112 1711 episcopus
1139 1649 1257 1697 erat
1289 1641 1630 1712 Epiphaniae,
1662 1657 1784 1710 quas
1813 1649 1899 1696 est

318 1728 509 1783 civitas
538 1729 781 1798 Apamiae
804 1729 998 1800 Syriae.
1034 1731 1208 1786 Porro
1231 1730 1558 1801 quibusdam
1586 1745 1654 1786 ex
1681 1730 1898 1788 civibus

318 1820 630 1891 Epiphaniae
661 1821 730 1876 ad
780 1822 1134 1878 Theodorum
1176 1824 1546 1893 patriarcham
1599 1823 1899 1879 Antioche-

317 1928 442 1967 num
473 1914 880 1969 accusationem
908 1924 1101 1970 contra
1134 1914 1393 1971 eumdem
1433 1914 1689 1971 Cosmam
1732 1931 1900 1985 super

317 2004 684 2060 diminutione
731 2021 1018 2063 sacrorum
1069 2023 1333 2065 vasorum
1388 2008 1739 2072 facientibus,
1775 2023 1902 2064 cum

317 2099 405 2155 ille
450 2099 680 2156 minime
723 2101 999 2170 potuisset
1048 2101 1164 2158 haec
1192 2102 1509 2166 restituere,
1539 2100 1795 2157 discessit
1833 2099 1903 2154 ab

317 2191 618 2248 orthodoxa
676 2193 782 2248 fide
859 2203 916 2249 et
964 2203 1368 2250 consentaneus
1427 2192 1790 2250 Constantino
1845 2191 1903 2247 in

316 2283 509 2339 lueresi
570 2285 743 2340 sacris
796 2285 1149 2343 adversarius
1197 2285 1530 2357 imaginibus
1568 2285 1746 2341 factus
1779 2295 1900 2350 est;

315 2390 477 2446 quem
516 2378 798 2432 communi
844 2379 1119 2434 sententia
1151 2378 1481 2435 Theodorus
1524 2377 1904 2434 Antiochenus

318 2467 626 2536 patriarcha
677 2475 734 2523 et
782 2467 1112 2524 Theodorus
1164 2467 1697 2540 Hierosolymitanus
1737 2476 1903 2538 atque

317 2555 545 2613 Cosmas
581 2559 988 2616 Alexandrinus
1019 2575 1148 2616 cum
1197 2560 1473 2631 episcopis
1500 2560 1608 2617 sibi
1639 2560 1904 2630 subjectis

313 2646 402 2702 die
429 2656 629 2704 sancto:
649 2647 1031 2717 Pentecostes,
1058 2659 1183 2722 post
1199 2653 1493 2709 lectionem
1522 2653 1698 2709 sancti
1717 2654 1902 2710 Evan-

313 2739 480 2809 gelii,
518 2751 890 2798 consonanter
934 2744 1542 2804 auatbematizaverunt
1605 2747 1807 2818 singuli
1845 2748 1898 2801 in

311 2845 414 2885 sua
453 2831 701 2888 civitate.

387 2921 596 2977 Eodem
627 2939 850 2995 quoque
878 2941 1024 2983 anno
1062 2943 1092 2982 a
1123 2927 1383 2984 Kalendis
1409 2927 1666 2984 Octobris
1694 2927 1900 2985 factum

307 3022 400 3069 est
437 3016 561 3086 gelu
616 3033 875 3088 magnum
910 3027 966 3075 et
1014 3021 1444 3087 amarissimum,
1476 3037 1585 3078 non
1625 3022 1804 3078 solum
1844 3023 1898 3078 in

313 3115 466 3162 terra
515 3116 727 3173 nostra,
754 3125 950 3168 verum
979 3113 1146 3168 etiam
1179 3113 1234 3167 in
1261 3113 1506 3178 Oriente,
1534 3115 1708 3170 multo
1727 3114 1903 3185 magis

1991 639 2191 694 magno
2245 623 2484 696 impulsu
2526 624 2830 689 concussit,
2865 623 3006 679 adeo
3031 632 3091 678 ut
3117 622 3412 678 interiores
3449 638 3591 693 quo-

1991 733 2101 786 que
2131 716 2333 772 domus
2359 716 2474 771 salo
2508 717 3116 788 comparticiparentur.
3163 714 3336 770 Porro
3386 713 3444 768 in
3485 714 3590 769 tria

1991 807 2216 877 dirupta
2265 807 2438 863 cinxit
2473 807 2690 874 urbem,
2727 824 2755 862 a
2801 808 3084 879 Manganis
3127 805 3386 861 videlicet
3414 818 3592 874 usque
3629 874 3636 894 Ι

1993 901 2063 956 ad
2095 901 2440 971 Bosphorum
2465 903 2659 973 ;cujus
2687 903 2921 957 altitudo
2949 917 3138 956 muros
3169 899 3430 955 excessit.
3455 895 3589 952 Om-

1994 1009 2094 1048 nes
2139 1003 2324 1050 antem
2380 995 2537 1049 urbis
2569 1002 2677 1048 tam
2718 995 2824 1048 viri
2853 1010 3019 1064 quam
3053 992 3296 1053 feminae,
3339 989 3503 1044 simul
3529 994 3588 1042 et

1995 1085 2174 1154 pueri,
2203 1085 2407 1141 horum
2444 1086 2642 1140 visioni
2693 1085 2892 1141 dantes
2944 1085 3322 1140 indesinenter
3359 1095 3587 1151 operam

1996 1178 2445 1247 perseverabant,
2492 1186 2548 1232 et
2599 1193 2725 1232 cum
2774 1178 3030 1232 lamentis
3086 1193 3150 1232 ac
3182 1177 3442 1248 laerymis
3493 1177 3590 1231 do-

1995 1283 2147 1325 mum
2201 1272 2646 1335 revertebantur,
2701 1270 3018 1341 ignorantes
3068 1271 3202 1341 quid
3254 1273 3322 1327 ad
3378 1274 3433 1328 id
3485 1273 3588 1329 fari

1995 1365 2326 1434 quivissent.
2365 1364 2638 1420 Caeterum
2671 1380 2816 1419 anno
2865 1366 3084 1432 eodem,
3132 1383 3322 1423 mense
3371 1369 3588 1432 Martio,

1997 1458 2169 1512 stellae
2207 1457 2274 1511 de
2320 1457 2461 1511 ccelo
2501 1461 2730 1527 repente
2775 1456 3041 1512 cadentes
3083 1470 3476 1528 apparuerunt,
3517 1461 3592 1516 ita

1998 1557 2060 1604 ut
2083 1563 2276 1604 omnes
2305 1547 2397 1617 qui
2431 1547 2538 1601 hoc
2564 1547 2826 1603 viderun‘t
2857 1547 3118 1604 instantis
3135 1549 3318 1606 saeculi
3337 1563 3593 1605 consum-

1999 1639 2300 1693 mationem
2361 1653 2484 1692 esse
2534 1631 2816 1708 putarent.
2855 1638 3087 1695 Siecitas
3133 1643 3355 1710 quoque
3416 1641 3593 1696 multa

1999 1730 2195 1787 effecta
2247 1739 2351 1796 est,
2395 1729 2533 1785 adeo
2588 1739 2648 1785 ut
2701 1730 3118 1786 exsiccarentur
3166 1731 3332 1785 etiam
3390 1731 3590 1786 fontes.

1999 1825 2098 1879 Ast
2139 1825 2440 1894 imperator
2480 1825 2750 1880 accersito
2802 1823 3115 1894 patriarcha
3151 1823 3287 1877 dicit
3314 1822 3366 1878 ei
3393 1840 3406 1876 :
3432 1822 3594 1878 Modo

2005 1917 2121 1987 quis
2174 1933 2267 1970 nos
2293 1916 2468 1982 (sedet,
2511 1919 2557 1970 si
2590 1918 2880 1970 dixerimus
2914 1918 3185 1971 theotocon
3209 1917 3597 1970 christotocon.’

2004 2009 2075 2063 At
2105 2009 2196 2063 ille
2229 2009 2380 2064 hunc
2418 2009 2761 2080 amplexatus
2804 2009 2903 2063 ait:
2945 2008 3217 2075 Miserere,
3259 2009 3488 2073 domine,
3531 2023 3599 2060 ne

2005 2097 2075 2151 ad
2111 2098 2485 2168 cogitationem
2512 2106 2662 2151 tuam
2692 2099 2869 2152 veniat
2911 2098 3008 2152 iste
3053 2114 3248 2152 sermo.
3286 2097 3476 2152 Nonne
3521 2098 3600 2151 vi-

2003 2191 2092 2245 des
2111 2191 2341 2261 qualiter
2381 2189 2682 2261 diuulgetur
2727 2199 2776 2244 et
2812 2191 3289 2244 anathematizetur
3325 2188 3599 2244 Nestorius

2007 2303 2041 2340 α
2089 2294 2199 2339 tota
2244 2283 2536 2359 Ecclesiu?
2575 2282 2678 2349 Qui
2731 2281 3074 2354 respondens
3108 2283 3218 2336 ait:
3259 2281 3372 2353 Ego
3402 2282 3600 2335 discere

2004 2377 2184 2433 uolens
2227 2377 2572 2448 interrogaui.
2621 2375 2808 2431 Verum
2846 2391 3012 2446 usque
3066 2375 3137 2429 ad
3183 2383 3233 2428 te
3264 2389 3460 2428 sermo.

2075 2470 2263 2525 Mundi
2311 2484 2460 2524 anno
2513 2468 2674 2534 6246,
2732 2467 2936 2522 divinae
2992 2467 3388 2523 incarnationis
3453 2481 3600 2521 anno

2007 2559 2133 2623 746,
2183 2574 2331 2614 anno
2385 2573 2521 2614 vero
2573 2557 2789 2628 imperii
2844 2558 3191 2614 Constantini
3239 2557 3312 2612 24
3343 2557 3602 2612 exierunt

2006 2651 2208 2707 iterum
2234 2650 2504 2706 Turci'ad
2542 2649 2770 2720 Caspias
2815 2659 3004 2719 portas
3031 2657 3088 2704 et
3122 2647 3441 2712 Hiberiam;
3470 2649 3598 2718 qui-

2003 2745 2110 2800 bus
2149 2757 2278 2798 cum
2307 2741 2582 2798 Avaribus
2619 2741 2828 2797 bellum
2868 2741 3194 2798 ineuntibus
3238 2757 3307 2796 ex
3347 2742 3598 2810 utrisque

2003 2838 2294 2909 perierunt
2337 2837 2519 2892 multi.
2553 2836 2792 2892 Abdelas
2849 2851 2984 2892 vero
3023 2835 3408 2903 hujuscemodi
3447 2835 3602 2890 calli-

2008 2930 2184 2986 ditate
2246 2929 2504 2998 deposuit
2559 2944 2591 2983 a
2646 2927 2961 2998 principatu
3025 2927 3472 2989 Hiserbinmuse,
3540 2925 3599 2980 in

2003 3029 2192 3092 quem,
2245 3030 2307 3074 ut
2341 3018 2601 3089 superius
2629 3017 2838 3072 dictum
2871 3027 2985 3084 est,
3021 3017 3184 3074 tertia
3217 3031 3338 3073 sors
3371 3015 3596 3073 tenendi

1999 3122 2132 3185 post
2167 3128 2296 3168 eum
2329 3111 2556 3167 cecidit.
2602 3110 2812 3167 Videas
2847 3110 2995 3165 enim
3027 3123 3154 3165 eum
3185 3109 3373 3164 dolere
3395 3108 3600 3178 capitis

311 3197 374 3252 in
415 3201 840 3282 septentrionali
877 3213 1054 3274 parte,
1091 3204 1166 3260 ita
1197 3214 1260 3260 ut
1291 3207 1517 3277 pelagus
1541 3207 1701 3262 Ponti
1727 3222 1903 3276 usque
1930 3223 1974 3280 ς,
2005 3205 2380 3269 hemicranice
2419 3205 2763 3259 laborantem
2817 3210 2875 3259 et
2915 3202 3155 3259 scotomi-
3195 3201 3599 3272 plenitudinem

307 3290 382 3345 ad
417 3300 641 3346 centum
693 3294 950 3350 milliaria
987 3312 1100 3367 prae
1147 3299 1342 3368 glaciei
1382 3298 1564 3369 rigore
1607 3299 1665 3352 in
1703 3298 1904 3369 lapidis

305 3378 574 3436 duritiem
597 3381 764 3437 fuerit
787 3399 1031 3452 versum,
1059 3386 1273 3442 habens
1300 3387 1516 3442 cubitos
1548 3403 1580 3441 a
1611 3386 1904 3457 superficie

309 3473 372 3526 in
407 3473 1027 3547 profundum-triginta,
1061 3479 1278 3533 cunctis
1301 3480 1563 3534 nimirum
1585 3479 1904 3550 regionibus

299 3565 381 3620 ab
433 3566 550 3637 ipsa
585 3566 751 3638 Lycia
801 3585 978 3640 usque
1018 3570 1088 3625 ad
1133 3571 1447 3627 Danubium
1475 3581 1534 3627 et
1556 3571 1764 3642 Cuphae
1802 3571 1904 3626 flu-

304 3658 488 3726 vium,
527 3660 780 3716 Danastri
829 3677 1058 3732 quoque
1080 3671 1248 3732 atque
1274 3663 1535 3734 Danapri,
1568 3672 1735 3733 atque
1791 3663 1902 3718 Ne-

297 3757 562 3828 cmpyla,
618 3772 836 3812 necnon
887 3767 944 3814 et
991 3758 1230 3828 reliquas
1274 3758 1463 3827 ripas,
1514 3765 1572 3812 et
1617 3772 1792 3826 usque
1831 3755 1902 3812 ad

294 3848 705 3909 Mesembriam
746 3857 804 3906 et
845 3849 1078 3906 Mediam
1106 3849 1307 3906 similia
1330 3849 1686 3919 patientibus.
1731 3847 1903 3904 Cum-

293 3956 422 4010 que
447 3939 829 4011 bujuscemodi
853 3941 976 4011 gelu
1003 3941 1131 3996 nive
1153 3939 1350 3998 fuisset
1369 3950 1713 4009 conpertum,
1735 3952 1904 4008 super

289 4034 456 4090 alios
506 4033 701 4104 viginti
768 4034 992 4091 cubitos
1039 4035 1232 4098 crevit,
1286 4033 1360 4087 ita
1409 4041 1468 4087 ut
1521 4047 1671 4088 mare
1734 4031 1903 4088 aridae

287 4123 780 4190 conformaretur,
819 4135 876 4182 et
909 4125 1142 4195 pedibus
1169 4124 1474 4181 calcaretur
1512 4123 1572 4178 in
1611 4122 1903 4194 superficie

285 4215 514 4286 glaciei
537 4215 851 4270 aCliazaria
882 4229 939 4272 et
955 4214 1235 4286 Vulgaria,
1261 4213 1396 4283 quin
1417 4222 1473 4268 et
1499 4213 1725 4283 reliquis
1749 4211 1902 4285 adja-

285 4309 576 4365 centibus
615 4309 954 4374 nationibus,
989 4317 1098 4362 tam
1149 4307 1222 4361 ab
1266 4305 1588 4364 hominibus
1638 4322 1802 4376 quam
1832 4305 1903 4362 ab

284 4399 633 4468 agrestibus
661 4408 718 4455 et
750 4398 1137 4455 mansuefactis
1177 4395 1574 4457 animantibus.
1602 4395 1904 4452 Februario

289 4506 454 4554 vero
509 4506 700 4546 mense
747 4491 921 4561 ipsius
969 4489 1227 4546 secundae
1271 4488 1593 4544 indictionis
1647 4487 1905 4560 hujusce-

2011 3299 2314 3371 patientem
2362 3297 2663 3367 persuadet
2713 3295 2862 3366 quod
2911 3295 3190 3351 curandus
3238 3293 3404 3358 foret,
3435 3292 3481 3348 si
3532 3308 3602 3347 ex

2011 3392 2194 3462 aliqua
2244 3388 2591 3446 confectione
2625 3387 2897 3458 ptarmica
2932 3387 2990 3441 in
3015 3400 3180 3442 nares
3213 3386 3339 3456 ejus
3359 3385 3602 3439 insuma-

2011 3493 2166 3540 retur
2191 3499 2223 3538 a
2278 3481 2498 3536 medico
2531 3495 2633 3535 suo
2675 3480 2822 3535 Mose
2851 3480 3094 3543 nomine,
3129 3479 3363 3534 diacono
3407 3477 3602 3532 Antio-

2008 3579 2313 3633 chenorum
2358 3575 2635 3642 Ecclesiae,
2671 3591 2841 3647 quem
2888 3576 3000 3646 iam
3032 3575 3360 3630 muneribus
3391 3573 3600 3630 fecerat

2008 3670 2343 3726 acerrimum
2393 3669 2668 3725 conficere
2731 3669 3097 3734 medicamen,
3143 3669 3290 3739 quod
3349 3668 3511 3723 simul
3542 3674 3600 3721 et

2008 3763 2349 3818 narcoticum
2381 3761 2527 3816 foret
2559 3760 2950 3828 vehementer;
2979 3761 3095 3829 qui,
3139 3761 3399 3816 videlicet
3442 3759 3596 3824 Ilise,

2008 3868 2134 3908 cum
2173 3852 2452 3922 paruisset
2497 3851 2742 3915 Abdelte,
2793 3843 3159 3922 suscepit'per
3201 3867 3361 3906 nares
3404 3851 3596 3906 confe-

2009 3947 2270 4010 ctionem,
2300 3953 2357 4000 et
2383 3944 2626 4014 repletus
2661 3943 2716 3998 in
2759 3945 3020 4000 omnibus
3052 3943 3198 3999 circa
3227 3951 3408 4013 caput,
3459 3959 3600 3997 cun-

2007 4041 2226 4110 ctisque
2277 4038 2538 4094 sensibus
2587 4052 2698 4092 una
2731 4051 2856 4092 cum
2905 4036 3283 4108 begemonicis
3324 4035 3602 4107 operatio-

2011 4129 2176 4184 nibus
2204 4127 2585 4193 defraudatus,
2605 4126 2724 4182 sine
2760 4142 2898 4183 voee
2943 4120 3110 4198 perro
3131 4127 3371 4198 iacebat.
3418 4127 3599 4181 Advo-

2011 4221 2151 4276 catis
2193 4217 2649 4289 itaqueAbdelas
2683 4217 2918 4274 ducibus
2935 4233 3002 4272 ac
3027 4217 3368 4288 primoribus
3391 4217 3602 4288 gentis,

2012 4310 2151 4376 Quid
2190 4305 2353 4374 vobis,
2390 4309 2589 4379 inquit,
2615 4309 2821 4364 videtur
2845 4315 3005 4379 super
3029 4308 3207 4378 futuro
3241 4323 3364 4378 rege
3386 4315 3558 4362 uestro
3575 4305 3604 4359 .7

2009 4407 2082 4459 At
2131 4403 2210 4459 illi
2253 4401 2605 4457 concorditer
2636 4402 2910 4472 abnegato
2941 4416 3010 4456 eo
3036 4401 3294 4456 dexteras
3325 4400 3602 4455 dedertmt

2013 4496 2128 4552 filio
2156 4497 2275 4567 ejus
2300 4493 2525 4550 Abdela:
2564 4493 2878 4557 Muhamed,
2904 4493 2998 4563 qui
3024 4499 3379 4563 nuncupatur
3421 4489 3600 4558 Madi;

285 4582 470 4637 modi
501 4583 626 4652 gelu
659 4598 758 4652 per
789 4581 1060 4636 visionem
1089 4580 1186 4636 Dei
1223 4580 1514 4658 in.multas
1543 4595 1609 4637 ac
1656 4579 1903 4636 diversas
1928 4578 1984 4640 D
2011 4603 2179 4658 porro
2221 4586 2354 4643 Rise
2399 4586 2608 4655 absque
2658 4600 2824 4641 sensu
2868 4584 3095 4640 domum
3151 4589 3599 4652 reportaverunt.

287 4676 363 4730 in
440 4675 678 4745 speciem
729 4676 1002 4729 montium
1072 4675 1245 4728 factas
1311 4672 1656 4728 concisiones
1703 4673 1904 4737 diviso,

283 4780 433 4834 prie
477 4763 530 4818 vi
576 4772 866 4818 ventorum
911 4763 968 4816 in
1013 4762 1386 4832 Dapbnusiam
1443 4769 1500 4817 et
1542 4762 1748 4817 Hieron
1807 4761 1906 4817 de—

275 4854 673 4917 scendentes,
698 4855 880 4908 taliter
897 4869 998 4924 per
1026 4861 1318 4924 angustum
1333 4860 1605 4908 venerunt
1624 4853 1691 4907 ad
1716 4853 1908 4908 urbem

275 4955 360 5002 ct
426 4961 605 5016 usque
648 4946 717 5001 ad
749 4945 1143 5015 Propontidem
1178 4954 1236 5001 et
1283 4945 1492 5001 insulas
1532 4953 1589 5001 et
1635 4945 1908 5017 Abydum,

279 5053 516 5096 omnes
550 5037 860 5093 maritimos
889 5046 1041 5093 toros
1066 5052 1133 5092 ac
1153 5039 1301 5108 ripas
1335 5038 1611 5108 replentes
1634 5053 1653 5104 ;
1677 5051 1911 5107 quarum

281 5128 584 5184 videlicet
614 5129 994 5183 concisionum
1023 5129 1367 5198 inspectores
1395 5139 1456 5184 et
1486 5143 1589 5183 nos
1619 5128 1723 5199 ipsi
1746 5129 1913 5183 exsti-

287 5221 517 5288 timus,
545 5221 947 5277 descendentes
975 5236 1156 5292 ,super
1194 5235 1358 5274 unam
1399 5235 1590 5275 earum
1636 5235 1761 5274 cum
1789 5220 1915 5291 qui-

284 5313 559 5369 busdam
603 5313 829 5385 triginta
875 5312 1169 5368 coaetaneis
1209 5313 1440 5375 nostris,
1471 5321 1528 5367 et
1566 5327 1734 5384 super
1764 5313 1912 5366 illam

275 5407 591 5477 jocantes.
625 5405 871 5460 Habebat
910 5414 1096 5460 autem
1127 5413 1183 5460 et
1207 5403 1462 5459 animalia
1488 5404 1817 5474 campestria
1857 5413 1915 5459 ct

286 5506 611 5554 mansueta
658 5507 876 5553 mortua
903 5516 918 5550 :
950 5498 1134 5552 omnis
1165 5497 1335 5562 enim,
1375 5497 1693 5568 quicunque
1726 5497 1911 5564 vellet,

292 5601 346 5649 et
394 5593 698 5664 SOphianis
728 5609 903 5662 usque
935 5592 1002 5647 ad
1029 5592 1223 5646 urbem
1253 5603 1309 5648 et
1336 5607 1367 5648 a
1387 5591 1712 5663 Chrysopoli
1742 5606 1915 5664 usque

291 5685 386 5742 ad
445 5685 504 5742 S.
547 5685 779 5740 Mamam
819 5694 876 5740 et
913 5685 981 5739 ad
1030 5699 1099 5738 ea.
1142 5699 1265 5754 qua:
1314 5684 1578 5738 dicuntur
1607 5682 1782 5739 Galati
1817 5699 1916 5754 per

295 5775 536 5832 aridam
571 5776 691 5830 sine
729 5774 1108 5844 prohibitione
1143 5773 1428 5844 pergebat.
1457 5773 1526 5828 Et
1556 5789 1664 5827 una
1689 5773 1912 5844 quidem

301 5885 385 5925 ex
424 5869 508 5923 eis
532 5867 599 5924 ad
623 5868 959 5937 Acropoleos
978 5866 1177 5920 scalam
1209 5865 1430 5936 dirupta
1462 5866 1724 5921 contrivit
1753 5882 1912 5921 eam:

2015 4677 2176 4732 Hunc
2233 4685 2418 4732 autem
2462 4685 2590 4746 post
2643 4675 2866 4731 tertium
2914 4674 3062 4730 diem
3124 4673 3604 4734 convalescentem

2009 4769 2462 4826 excusationibus
2489 4768 2632 4824 ﬁctis
2668 4769 3080 4833 consolabatur,
3113 4777 3338 4822 centum
3371 4767 3492 4823 auri
3523 4777 3607 4823 ta-

2010 4862 2178 4924 lentis
2211 4861 2470 4932 injuriam
2518 4876 2962 4931 recompensans.
3562 4852 3570 4860 ’

2083 4954 2292 5010 Eodem
2324 4954 2491 5010 etiam
2523 4969 2669 5009 anno
2696 4955 2848 5009 misit
2877 4955 3150 5025 Paganus,
3183 4953 3442 5009 domi-nus
3465 4951 3600 5006 Vul-

2013 5046 2210 5115 garize,
2279 5045 2347 5100 ad
2403 5045 2836 5114 imperatorem,
2891 5046 3184 5116 postulans
3239 5051 3301 5098 ut
3357 5055 3480 5095 cum
3530 5053 3606 5094 eo

2011 5137 2153 5192 facie
2212 5136 2282 5192 ad
2345 5116 2545 5192 faciem
2605 5137 2962 5208 iungeretur,
3029 5146 3087 5200 et
3143 5139 3368 5201 accepto
3425 5128 3608 5184 verbo

2014 5228 2304 5285 descendit
2350 5228 2420 5284 ad
2469 5244 2594 5284 eum
2653 5243 2782 5284 cum
2838 5227 3124 5284 Bohiladis
3165 5224 3300 5280 suis.
3351 5221 3608 5291 Cumque

2015 5319 2317 5390 imperator
2373 5335 2482 5375 una
2529 5335 2656 5376 cum
2702 5320 2910 5376 Sabino
2951 5318 3188 5381 sederet,
3231 5313 3476 5384 suscepit
3503 5327 3609 5368 eos

2015 5417 2074 5466 et
2117 5411 2472 5482 exprobravit
2525 5393 2992 5468 inordinationem
3047 5420 3242 5461 eorum
3295 5412 3353 5459 et
3411 5404 3607 5459 odium

2017 5503 2269 5560 habitum
2325 5503 2379 5559 in
2448 5503 2750 5569 Sabinum,
2825 5502 3187 5570 feceruntque
3257 5511 3480 5568 pacem,
3540 5507 3610 5555 ut

2017 5596 2342 5667 putabatur.
2387 5595 2488 5652 Ast
2539 5595 2844 5664 imperator
2889 5592 3117 5646 mittens
3175 5591 3317 5645 clam
3364 5589 3424 5646 in
3466 5590 3606 5648 Vul-

2017 5685 2229 5757 gariam
2274 5685 2421 5754 cepit
2467 5683 2730 5739 Severum
2779 5682 3086 5754 principem
3132 5680 3475 5748 Selavinum,
3509 5681 3614 5754 qui

2019 5776 2191 5830 multa
2230 5777 2287 5830 in
2336 5776 2546 5832 Thrace
2591 5773 2799 5830 fecerat
2840 5773 2998 5829 mala.
3033 5772 3488 5844 Comprehensus
3511 5793 3615 5834 au-

2023 5879 2130 5924 tem
2182 5877 2267 5922 est
2315 5876 2371 5922 et
2417 5867 2787 5934 Christianus,
2845 5867 2940 5938 qui
2983 5883 3054 5922 ex.
3099 5867 3437 5925 Christianis
3489 5887 3612 5925 ma-
