4100 6440
586 392 759 457 ’1283

1736 381 2139 449 ANASTASII
2174 377 2808 446 BIBLIOTHECARII

3721 403 3831 472 ηει

618 505 826 576 garites
869 512 926 559 et
975 502 1188 574 primus
1243 515 1622 558 scamarorum
1677 501 1810 572 (82)
1841 501 2077 557 effectus
2117 508 2224 566 est,
2255 503 2302 560 Α
2329 502 2811 574 llippodromium',
2843 502 3019 575 sputis
3056 512 3113 560 et
3141 502 3371 576 'injuriis
3403 505 3468 563 ab
3501 513 3635 568 omni
3669 527 3833 590 populo

616 614 784 668 quem
823 597 969 666 apud
1019 597 1076 652 S.
1125 595 1394 650 Thomam
1437 594 1695 650 manibus
1737 602 1796 648 et
1833 593 2070 666 pedibus
2113 592 2215 648 de-

620 701 944 746 truncantes
993 671 1345 744 adduxerunt
1388 687 1655 752 medicos,
1694 686 1790 758 qui
1837 688 1987 742 hunc
2024 686 2214 741 vivum

619 782 933 837 inciderent
967 797 998 836 a
1041 781 1268 836 thorace
1310 779 1458 850 pube
1506 787 1670 835 tenus
1705 778 1775 833 ad
1826 777 2071 833 hominis
2117 792 2216 833 co-

617 873 990 944 gnoscendam
1035 873 1369 944 positionem
1422 881 1587 943 atque
1635 880 1996 938 structuram,
2043 879 2101 926 et
2136 873 2218 928 sic

614 980 745 1019 eum
799 964 1154 1020 tradiderunt
1214 964 1350 1035 igni.
1401 965 1666 1020 Actutum
1717 973 1983 1035 praeterea
2039 963 2216 1034 impe-

618 1066 772 1112 rator
820 1057 1013 1112 exiens
1064 1056 1134 1111 ab
1180 1057 1355 1122 urbe,
1405 1073 1532 1112 cum
1585 1057 1705 1112 sine
1753 1057 2005 1112 custodia
2059 1057 2218 1112 inve-

617 1150 794 1205 nisset
843 1151 915 1204 ob
962 1151 1578 1221 deceptoriamflpacem
1638 1150 1952 1214 clausurus,
2003 1150 2217 1220 ingres-

618 1259 714 1299 sus
775 1251 861 1298 est
925 1244 1241 1314 Vulgariam
1293 1258 1471 1313 usque
1525 1243 1593 1297 ad
1652 1243 1880 1308 Tzicas,
1934 1251 1992 1298 et
2049 1243 2219 1298 misso

621 1335 748 1404 igne
799 1335 858 1388 in
909 1335 1173 1390 cohortes
1228 1351 1371 1405 quas
1430 1335 1660 1406 reperit,
1715 1350 1843 1390 cum
1894 1335 2092 1390 timore
2134 1351 2222 1392 re-

620 1441 816 1482 versus
844 1435 952 1491 est,
985 1443 1112 1482 eum
1142 1428 1280 1482 nihil
1311 1427 1453 1484 forte
1494 1437 1786 1498 patrasset.

690 1519 853 1574 Anno
908 1521 1131 1591 imperii
1172 1520 1260 1575 sui
1303 1519 1397 1584 25,
1443 1520 1511 1573 l2
1557 1520 1829 1576 Kalendas
1871 1521 2223 1577 Decembrias

624 1611 953 1667 indictionis
1007 1621 1252 1682 quarue,
1318 1611 1533 1677 furens,
1586 1611 1790 1683 impius
1845 1623 1903 1668 et
1955 1614 2224 1669 scelestus

623 1705 928 1773 imperator
978 1703 1246 1759 adversus
1299 1718 1494 1759 omnes
1537 1703 1796 1760 timentes
1848 1705 2043 1774 Deum,
2101 1707 2225 1763 Ste-

621 1793 872 1862 phanum
934 1809 1140 1848 novum
1191 1804 1656 1867 protomartyrem
1707 1795 1955 1851 abstrahi
2016 1813 2224 1868 prece-

617 1861 724 1954 pit,
775 1900 904 1940 cum
948 1893 1098 1940 esset
1138 1861 1423 1940 inclausus
1476 1861 1624 1955 apud
1668 1884 1727 1940 S.
1779 1861 2116 1941 Auxentium
2161 1887 2218 1941 in
2253 1861 2296 1918 Β

616 1977 876 2047 proximo
935 1984 1124 2032 monte
1185 1977 1483 2049 Damatry;
1532 1993 1699 2048 quem
1742 1978 1833 2044 hi,
1886 1978 1983 2049 qui
2028 1979 2218 2034 erudi-

621 2068 792 2123 tionis
846 2068 968 2139 ejus
1025 2068 1270 2123 fructum
1329 2067 1718 2139 percipiebant
1765 2078 1823 2125 et
1881 2070 2050 2126 unius
2091 2086 2220 2126 cum

617 2173 692 2213 eo
734 2173 803 2214 ac
849 2158 1052 2212 similis
1093 2167 1258 2214 erant
1307 2174 1527 2227 sensus,
1581 2161 1842 2216 scholarii
1891 2177 2113 2232 quoque
2156 2177 2223 2218 ac

619 2249 858 2320 reliquis
897 2249 1190 2305 ordinibus
1219 2249 1468 2320 deputati
1503 2252 1862 2323 accipientes,
1914 2253 2222 2324 pedemque

621 2342 800 2412 ipsius
840 2341 1081 2397 rudente
1127 2343 1388 2412 ligantes,
1430 2352 1719 2399 traxerunt
1765 2361 1798 2400 a
1836 2345 2097 2416 praetorio
2128 2361 2224 2401 us-

619 2450 734 2504 que
775 2433 843 2489 ad
879 2449 945 2490 ea
989 2450 1114 2505 quae
1149 2448 1279 2491 sunt
1326 2435 1556 2506 Pelagii,
1601 2437 1697 2491 ubi
1744 2445 1802 2492 et
1846 2437 2224 2508 discerpentes

616 2539 752 2580 eum
807 2527 1165 2596 projecerunt
1226 2527 1574 2583 venerabiles
1639 2527 1790 2584 illius
1847 2531 2111 2600 reliquias
2166 2530 2223 2585 in

619 2618 1080 2674 Biothanatorum
1138 2620 1361 2686 lacum,
1427 2636 1496 2676 eo
1541 2621 1692 2692 quod
1747 2623 1951 2678 multos
1993 2637 2226 2678 monue—

621 2711 699 2766 rit
756 2721 815 2767 et
872 2712 1167 2768 adduxerit
1228 2713 1298 2768 ad
1364 2715 1727 2770 monasticam
1788 2717 1989 2781 vitam,
2059 2724 2226 2786 atque

620 2809 984 2857 contemnere
1028 2801 1208 2872 regias
1243 2801 1546 2872 dignitates
1586 2813 1753 2873 atque
1797 2803 2062 2874 pecunias
2097 2819 2227 2873 per-

618 2893 914 2950 suaserit:
968 2894 1312 2950 reverendus
1375 2895 1583 2966 quippe
1647 2895 1736 2950 vir
1793 2896 2055 2952 omnibus
2106 2903 2226 2952 erat

619 3003 726 3059 pro
766 3004 838 3044 eo
869 2989 1017 3059 quod
1057 2989 1176 3046 fere
1219 2990 1503 3060 sexaginta
1535 2989 1734 3045 fecerit
1769 3005 1946 3044 annos
1983 2990 2038 3045 in
2069 2990 2225 3046 clau-

578 3080 758 3154 stris
807 3088 866 3135 et
916 3081 1216 3136 virtutibus
1272 3081 1462 3137 multis
1520 3081 1815 3137 ellirlserit.
1875 3081 2079 3137 Multos
2124 3097 2227 3136 au-

621 3179 738 3227 tem
781 3171 1064 3243 principes
1107 3188 1176 3228 ac
1214 3173 1418 3228 milites
1472 3182 1781 3239 accusatos,
1832 3173 1982 3244 quod
2028 3174 2218 3245 imagi-

623 3280 726 3320 nes
755 3264 1075 3331 adorarent,
1117 3265 1353 3320 diversis
1395 3266 1576 3335 pinnis
1608 3275 1666 3321 et
1698 3266 2067 3321 amarissimis
2097 3281 2221 3321 ver-

625 3357 859 3413 beribus
897 3357 1163 3424 tradidit;
1207 3358 1596 3430 jusjurandum
1647 3359 1814 3414 etiam
1856 3359 2112 3430 generale
2153 3358 2223 3414 ab

2315 596 2647 651 cumulatus.
2698 595 2966 650 Similiter
3005 603 3062 650 et
3103 603 3298 650 octavo
3343 596 3594 658 Kalendas
3631 605 3835 677 Septem.

2316 688 2470 744 brias
2504 689 2658 744 ducti
2691 697 2822 744 sunt
2853 689 2921 743 ad
2962 688 3124 743 ludos
3161 688 3443 746 Circenses
3476 693 3694 766 insignes
3714 705 3834 771 prin.

2315 780 2470 851 cipes
2499 781 2688 837 decem
2716 789 2772 836 et
2811 795 3035 846 novem,
3069 788 3125 835 et
3156 783 3392 852 pompati
3420 794 3542 840 sunt
3567 793 3704 857 quasi
3727 797 3836 852 mala

2317 882 2512 929 contra
2563 873 2952 943 imperatorem
2994 872 3267 927 consiliati
3311 871 3537 940 fuerint,
3583 893 3680 935 non
3713 899 3837 941 vera-

2319 965 2460 1021 citer
2506 966 2784 1031 accusati,
2834 966 2930 1021 sed
2982 966 3112 1036 quia
3165 963 3441 1019 invidebat
3493 967 3570 1023 eis
3621 985 3680 1026 eo
3721 980 3834 1045 quod

2319 1066 2506 1114 essent
2551 1057 2779 1113 formosi
2826 1067 2992 1128 atque
3039 1057 3252 1112 robusti
3296 1065 3350 1110 et
3386 1057 3454 1111 ab
3489 1061 3720 1116 omnibus
3751 1068 3838 1123 col.

2321 1153 2570 1218 laudati,
2620 1152 2950 1223 quibusdam
2984 1165 3116 1205 vero
3147 1165 3214 1204 ex
3247 1149 3328 1204 eis
3369 1159 3424 1204 et
3453 1149 3519 1204 ob
3550 1154 3836 1224 religionem.

2319 1259 2390 1298 eo
2430 1243 2578 1314 quod
2627 1243 2694 1298 ad
2742 1241 3067 1313 praedictum
3120 1239 3425 1294 inclausum
3472 1239 3629 1296 issent
3661 1254 3709 1298 et
3745 1261 3840 1314 pas-

2321 1338 2506 1392 siones
2532 1337 2651 1408 ejus
2671 1337 2893 1406 publice
2928 1334 3308 1404 divulgarent;
3345 1347 3478 1402 quos
3509 1341 3562 1387 et
3590 1333 3837 1408 interfecit.

2321 1430 2568 1497 Quorum
2615 1428 2881 1500 praecipui
2932 1435 3062 1482 sunt
3102 1423 3494 1481 Constantinus
3537 1427 3769 1494 patricius
3799 1441 3840 1485 et

2323 1521 2532 1575 dudum
2560 1521 2842 1591 logotheta
2869 1533 3087 1581 cursus,
3125 1515 3214 1572 cui
3260 1530 3459 1570 nomen
3491 1515 3726 1586 imposuit
3761 1518 3840 1574 Po-

2323 1613 2698 1684 dopagurum,
2745 1622 2802 1667 et
2846 1611 3015 1682 hujus
3053 1609 3224 1664 frater
3268 1607 3541 1678 Stategius
3585 1610 3842 1678 spatharius

2323 1713 2380 1760 et
2425 1704 2764 1760 domesticus
2809 1703 3228 1766 excubitorum,
3278 1697 3573 1754 Antiochus
3617 1701 3840 1769 logotheta

2325 1796 2502 1851 dromi
2545 1795 2727 1852 factus
2763 1805 2820 1850 et
2868 1804 3074 1866 praetor
3115 1792 3344 1857 Siciliae,
3385 1789 3550 1846 David
3586 1791 3841 1861 spatharius

2322 1897 2380 1943 et
2430 1903 2617 1943 comes
2665 1887 2969 1958 Obsequii,
3025 1884 3472 1956 TheOphylactus
3521 1881 3841 1952 protospatha-

2322 1982 2442 2037 rius
2488 1991 2545 2037 et
2592 1991 2795 2053 prator
2851 1979 3126 2044 Thraciae,
3179 1976 3615 2047 [Christophorus
3668 1975 3844 2044 spatha-

2323 2075 2474 2138 rius,
2517 2072 2916 2128 Constantinus
2959 2071 3277 2142 spatharius
3310 2075 3369 2122 et
3407 2067 3609 2137 primus
3640 2065 3844 2135 imperia-

2321 2161 2454 2217 lium
2492 2169 2814 2224 stratorum,
2848 2160 2999 2214 filius
3027 2158 3250 2229 patricii
3291 2155 3572 2220 Bardanis,
3595 2153 3845 2224 "l‘heop'iy-

2321 2255 2501 2310 lactus
2518 2254 2865 2316 candidatus,
2886 2260 2944 2307 et
2963 2250 3077 2306 alii.
3108 2251 3258 2317 Quos
3285 2264 3411 2305 cum
3442 2248 3495 2302 in
3526 2245 3842 2317 Hippodromii

2323 2349 2486 2404 ludos
2525 2348 2704 2418 palam
2734 2347 2951 2402 traduci
2979 2354 3038 2400 et
3077 2344 3148 2400 ab
3171 2342 3324 2398 omni
3366 2341 3565 2412 populo
3588 2339 3786 2408 conspui
3807 2348 3844 2394 et

2322 2440 2580 2496 maledici
2625 2433 2875 2506 fecisset,
2926 2437 3260 2493 sententiam
3310 2433 3482 2490 dedit.
3523 2433 3586 2487 Et
3625 2431 3732 2485 illos
3757 2429 3846 2500 qui-

2322 2534 2448 2591 dem
2479 2535 2622 2590 duos
2665 2533 2867 2588 fratres
2887 2572 2902 2597 ,
2932 2529 3363 2586 Constantinum
3401 2527 3487 2581 aio
3517 2537 3670 2595 atque
3712 2523 3847 2577 State-

2323 2628 2498 2700 gium,
2523 2627 2671 2681 intra
2703 2624 3011 2680 venationis
3039 2629 3195 2692 septa
3225 2619 3425 2689 capitis
3440 2614 3846 2672 animadversione

2322 2720 2579 2790 punivit,
2635 2720 2811 2774 multo
2860 2733 3030 2788 super
3073 2730 3171 2770 eos
3217 2713 3369 2768 laeto
3417 2711 3672 2766 universa:
3714 2704 3848 2778 plebis

2323 2809 2587 2874 lamento,
2626 2809 2766 2864 adeo
2791 2817 2852 2862 ut
2875 2821 3002 2862 cum
3027 2805 3134 2860 hoc
3164 2803 3454 2859 didicisset
3481 2801 3766 2867 imperator,
3785 2796 3828 2849 in

2323 2904 2648 2976 dignaretur
2686 2910 2744 2957 et
2786 2899 3108 2972 praafectum
3157 2895 3490 2966 Procopium
3549 2889 3758 2948 caederet
3808 2892 3851 2940 et

2323 2999 2394 3055 ab
2457 2995 2937 3052 administratione
3003 2990 3309 3062 depelleret
3366 2996 3614 3057 tanquam
3666 2981 3712 3036 id
3761 2979 3848 3033 ﬁeri

2275 3143 2278 3148 .
2322 3087 2758 3160 permittentem.
2788 3085 3032 3141 Caeteros
3063 3090 3245 3137 autem
3290 3093 3484 3136 omnes
3520 3077 3684 3132 oculis
3712 3074 3853 3145 priva-

2325 3191 2413 3238 tos
2454 3183 2511 3236 in
2550 3180 2807 3236 exsilium
2857 3175 3186 3240 destinavit,
3234 3187 3379 3242 quos
3420 3180 3477 3226 et
3519 3185 3612 3240 per
3657 3166 3855 3237 singulos

2328 3274 2588 3338 mittens,
2635 3285 2760 3326 cum
2807 3277 2957 3325 esset
3004 3267 3159 3323 omni
3199 3263 3527 3321 crudelitate
3575 3254 3852 3346 plenus,pad

2323 3367 2445 3422 loca
2487 3365 2544 3420 in
2587 3363 2790 3435 quibus
2815 3360 3119 3432 degebant,
3151 3356 3406 3413 centenis
3441 3352 3616 3425 ﬂagris
3646 3348 3853 3420 vapulare

625 3451 892 3506 omnibus
938 3450 1044 3506 sub
1093 3450 1330 3521 imperio
1375 3465 1478 3504 suo
1532 3450 1862 3522 degentibus
1909 3451 2112 3520 exegit,
2152 3465 2224 3505 ne
2319 3458 2570 3532 iubebat.

621 3543 924 3615 quisquam
957 3545 1222 3600 adoraret
1267 3544 1507 3601 ieunam.
1559 3544 1697 3600 Cum
1735 3545 1940 3616 quibus
1982 3555 2041 3601 et
2075 3545 2224 3602 Con-

622 3636 932 3692 stantinum
986 3637 1109 3692 falsi
1161 3637 1406 3693 nominis
1458 3637 1828 3708 patriarcham
1883 3653 2054 3709 super
2107 3654 2227 3693 am-

626 3727 832 3783 bonem
882 3729 1193 3784 ascendere
1247 3738 1305 3785 et
1361 3730 1606 3787 exaltare
1661 3730 1906 3801 pretiosa
1965 3731 2114 3802 ligna
2171 3743 2227 3786 et

623 3818 819 3888 jurare
857 3816 1013 3882 fecit,
1062 3818 1212 3889 quod
1250 3835 1364 3874 non
1403 3828 1554 3876 esset
1594 3834 1665 3876 ex
1695 3821 1784 3876 eis
1823 3822 1919 3892 qui
1961 3822 2227 3892 imagines

626 3910 974 3977 adorarent;
1029 3912 1119 3966 cui
1187 3927 1316 3967 mox
1367 3912 1646 3983 persuasit
1706 3922 1770 3970 ut
1829 3929 1902 3969 ex
1951 3915 2228 3970 monacho

635 4003 994 4073 Stephanites
1041 4003 1386 4070 elliceretur,
1445 4012 1503 4061 et
1547 4005 1814 4062 carnibus
1883 4017 2224 4071 vesceretur,

632 4105 801 4166 atque
853 4096 1190 4154 citharoedos
1235 4097 1306 4153 ad
1353 4111 1601 4153 mensam
1632 4097 1848 4153 admitti
1893 4098 2098 4170 regiam
2133 4113 2227 4169 pa-

629 4198 867 4246 teretur.
945 4191 1054 4247 Sed
1113 4206 1226 4246 non
1283 4191 1346 4246 in
1409 4191 1636 4262 longum
1701 4191 1840 4247 ultio
1894 4192 2229 4248 homicidam

631 4282 785 4338 hunc
824 4281 1058 4337 tradidit
1104 4283 1302 4354 poenis.
1353 4282 1605 4353 Denique
1651 4283 1984 4340 duodecimo
2031 4286 2232 4341 Kalen-

630 4375 734 4429 das
778 4375 1110 4431 Februarias
1153 4385 1366 4446 quarta:
1409 4377 1730 4433 indictionis
1761 4388 1945 4434 motus
1975 4389 2061 4436 est
2091 4395 2228 4436 con-

631 4478 718 4524 tra
749 4469 1033 4541 Vulgares,
1067 4480 1126 4526 et
1169 4470 1374 4526 direxit
1418 4471 1490 4526 ad
1531 4471 1780 4528 Achelon
1823 4473 1968 4528 2600
2008 4475 2231 4531 chelan-

2433 3548 2605 3604 Porro
2653 3545 2822 3601 tertio
2891 3542 3158 3600 kalendas
3229 3537 3603 3612 Septembrias
3658 3530 3853 3604 ejusdem

2323 3650 2537 3714 quarta
2582 3638 2907 3695 indictionis
2939 3636 3222 3692 insaniens
3255 3634 3408 3690 idem
3463 3631 3741 3686 malivocus
3781 3620 3856 3676 ad-

2323 3748 2524 3790 versus
2582 3731 2932 3802 aequivocum
2991 3727 3108 3798 (85)
3155 3741 3320 3782 suum
3380 3733 3437 3781 et
3484 3728 3853 3778 consentaneum

2325 3821 2722 3894 patriarcham,
2749 3828 2805 3875 et
2827 3817 3070 3873 inventis
3094 3815 3428 3886 quibusdam
3457 3809 3665 3868 clericis
3691 3814 3740 3862 et
3766 3818 3851 3905 ruo-

2326 3913 2523 3969 nachis
2544 3911 2810 3967 instruxit
2837 3909 2964 3965 illos
2987 3920 3052 3964 ut
3073 3908 3327 3962 dicerent
3360 3922 3375 3961 :
3413 3904 3708 3959 Audiuimus
3728 3903 3856 3967 patri-

2329 4008 2689 4061 archamcunt
2723 4001 3083 4073 Podopaguro
3122 3999 3375 4055 adversus
3419 3999 3766 4068 impetraturam
3801 3984 3856 4037 lo-

2328 4105 2593 4167 quentem,
2617 4103 2674 4151 et
2689 4093 2952 4149 misiteos
2979 4091 3049 4146 ad
3080 4089 3498 4162 patriarchium,
3535 4093 3592 4140 ut
3613 4081 3856 4152 arguerent

2328 4203 2479 4245 eum.
2515 4187 2768 4259 Cumque
2799 4186 2893 4242 ille
2918 4193 3166 4256 negaret,
3201 4182 3336 4237 fecit
3383 4179 3505 4236 illos
3550 4175 3616 4232 ad
3666 4169 3856 4244 pretiosa

2331 4282 2476 4353 ligna
2499 4281 2688 4352 jurare
2723 4277 2960 4333 fatentes
2996 4293 3010 4330 :
3050 4277 3092 4331 A
3137 4275 3451 4347 patriarcha
3482 4268 3743 4326 maledicta
3773 4265 3855 4353 huc

2340 4351 2664 4431 audivimus.
2699 4371 2851 4427 Inter
2881 4369 2999 4425 hac
3025 4383 3158 4440 ergo
3192 4367 3365 4432 misit,
3396 4376 3454 4422 et
3500 4363 3641 4418 bulla
3672 4351 3859 4428 signavit

2332 4467 2755 4541 patriarchium,
2789 4474 2848 4520 et
2876 4463 3027 4519 hunc
3056 4461 3254 4517 exsilio
3298 4458 3563 4531 relegavit
3586 4451 3718 4524 apud
3759 4446 3858 4502 [lie-

633 4561 726 4618 dia
777 4572 1143 4630 construens,
1207 4579 1275 4620 ea
1328 4571 1386 4619 et
1446 4579 1671 4622 armans
1721 4580 1791 4622 ex
1831 4567 2049 4622 cunctis
2102 4567 2226 4622 the-

2304 4611 2305 4624 χ
2335 4560 2498 4621 riam.
2533 4567 2590 4613 et
2625 4570 2820 4611 rursus
2853 4553 3000 4624 apud
3028 4549 3344 4620 Principem
3374 4546 3586 4603 insulis.

636 4655 921 4722 matibus;
972 4671 1098 4727 qua:
1143 4672 1270 4712 cum
1313 4656 1372 4712 in
1413 4659 1551 4714 toris
1587 4658 1720 4731 (82‘)
1748 4661 2042 4715 stationem
2081 4661 2233 4717 fixis-

633 4754 784 4811 sent,
823 4745 988 4802 flante
1027 4748 1286 4818 aquilone
1305 4751 1545 4806 contrita
1575 4757 1706 4806 sunt
1746 4766 1888 4822 pene
1924 4752 2136 4820 omnia,
2172 4761 2232 4810 et

636 4846 868 4893 necatus
919 4849 1004 4893 est
1063 4841 1302 4912 populus
1361 4845 1600 4908 multus,
1671 4843 1750 4898 ita
1806 4852 1867 4899 ut
1931 4845 2232 4916 imperator

635 4927 941 4985 extendere
995 4929 1136 4985 retia
1185 4940 1244 4987 et
1281 4931 1364 4989 sic
1395 4943 1650 4990 mortuos
1701 4936 1944 4993 educere
1976 4951 2042 4993 ac
2072 4951 2233 5009 sepe-

632 5020 740 5077 lire
785 5022 1133 5090 praeceperit.
1176 5023 1348 5079 Porro
1383 5023 1601 5082 decimo
1632 5037 1792 5083 sexto
1823 5027 2098 5084 Kalendas
2137 5029 2236 5085 Se-

634 5111 944 5182 ptembrias
975 5113 1225 5188 ejusdem
1253 5124 1467 5184 quarta:
1507 5117 1830 5174 indictionis
1865 5119 2088 5190 publice
2126 5121 2234 5177 dil-

636 5203 868 5259 famavit
912 5221 977 5261 ac
1019 5205 1409 5262 dehonestavit
1445 5207 1696 5264 habiturn
1733 5211 2130 5267 monachorum
2176 5211 2234 5268 in

637 5295 1059 5367 llippodromio,
1080 5299 1407 5371 praecipiens
1429 5316 1878 5373 unumquemque
1903 5303 2234 5359 monachum

608 5403 809 5448 .manu
847 5399 1038 5448 tenere
1067 5395 1381 5459 mulierem,
1424 5402 1482 5448 et
1513 5393 1696 5449 taliter
1725 5409 1822 5450 eos
1856 5397 2092 5452 transire
2129 5413 2227 5469 per

2389 4651 2565 4706 ’Διιηο
2601 4647 2824 4720 imperii
2862 4643 3214 4704 Constantini
3253 4644 3326 4698 26
3371 4639 3610 4696 Abdelas
3658 4626 3857 4690 lbinalim

2335 4755 2596 4802 mortuus
2629 4752 2736 4809 est,
2766 4750 2966 4797 ruente
3013 4753 3183 4810 super
3211 4752 3270 4794 se
3294 4745 3474 4800 turre,
3514 4733 3568 4787 in
3589 4744 3689 4800 qua
3716 4730 3858 4780 cusw-

2335 4840 2616 4896 diebatur.
2658 4835 2898 4892 Abdelas
2926 4843 3111 4889 autem
3165 4847 3293 4888 cum
3313 4842 3548 4887 camera:
3596 4821 3861 4891 fungeretur

2337 4934 2570 4996 honore,
2606 4931 2778 4986 multa
2804 4929 2949 4984 mala
2972 4923 3308 4983 Christianis
3341 4923 3446 4979 sub
3483 4916 3860 4992 principatusuo

2337 5025 2672 5099 degentibus
2715 5019 3138 5086 demonstravit,
3191 5017 3470 5090 siquidem
3497 5022 3553 5068 et
3586 5019 3760 5066 cruces
3793 5012 3860 5052 ec.

2336 5121 2634 5178 clesiarum
2667 5116 2922 5182 abstulit,
2951 5124 3010 5170 et
3033 5113 3252 5186 vigilias
3280 5121 3584 5168 nocturnas
3612 5100 3861 5198 celebraff.

2339 5214 2436 5271 sed
2459 5221 2516 5269 et
2543 5212 2762 5268 litteras
2793 5209 3013 5266 discere
3043 5207 3402 5280 prohibebat.
3439 5204 3507 5259 lli
3535 5214 3657 5256 vero
3691 5193 3770 5265 qui
3794 5186 3859 5240 di-

2339 5315 2544 5362 cuntur
2593 5301 2740 5374 apud
2812 5303 2940 5358 illos
3003 5300 3266 5367 Aruritaa,
3324 5297 3478 5370 quod
3527 5289 3867 5360 interpretatur

2333 5398 2706 5462 aemulatores,
2741 5406 2935 5451 contra
2965 5395 3430 5466 Palmyretensem
3464 5397 3701 5444 eremum
3727 5379 3870 5433 insur-

2157 5491 2394 5552 NOTAE.

713 5577 826 5653 (82)
859 5575 1104 5653 Scamari
1149 5585 1278 5653 sunt
1312 5578 1618 5653 praedones,
1644 5587 1722 5653 et,
1752 5594 1998 5653 scamara
2025 5583 2234 5653 deprae-

641 5647 816 5720 datio§
865 5648 1179 5720 Stephanus
1225 5650 1260 5701 2
1306 5647 1538 5719 epistola
1591 5651 1658 5705 ad
1707 5651 1964 5720 Pipinum
2013 5647 2232 5710 R.'F.:

652 5737 670 5789 ς
696 5719 982 5789 Scamaias
1012 5728 1177 5789 atque
1213 5719 1652 5788 dcpnedationes
1682 5719 1787 5776 seu,
1825 5723 2237 5781 devastationes

644 5788 703 5866 in
734 5788 1056 5842 civitatibus
1093 5788 1328 5866 et_locis
1357 5791 1414 5842 Β.
1452 5791 1601 5845 Petri
1639 5793 1822 5866 facere
1859 5810 1959 5850 sua
2001 5794 2237 5866 impera-

650 5859 802 5912 tione
832 5871 937 5914 nec
965 5861 1201 5914 cessavit
1230 5875 1331 5915 nec
1360 5871 1559 5917 cessat.
1596 5883 1612 5912 ι
1649 5862 1810 5916 ΡΑιιη.

2410 5583 2543 5657 (δῖ)
2573 5581 2638 5657 ’1'
2669 5581 2795 5657 ⁰Τί⁸ο
2827 5580 2991 5657 F‘“:
3077 5648 3090 5657 .
3173 5647 3185 5657 .
3337 5644 3350 5657 .
3540 5641 3552 5654 .

2417 5634 2928 5726 ξξῖξῖιῖᾁιὶίιξρςωῃ.
2975 5647 3294 5726 Ludovicus
3337 5644 3474 5714 imp.
3539 5641 3592 5694 in

2345 5702 3137 5798 lodourdum
3155 5736 3215 5783 ιι,
3237 5718 3327 5773 19;
3358 5735 3374 5765 σ
3400 5702 3531 5798 gens
3548 5702 3873 5798 litos—iriiri“:

2347 5781 2541 5851 eorum
2573 5781 2697 5848 cuin
2728 5792 3012 5862 :cquivoco
3049 5781 3238 5846 nostro
3267 5803 3390 5858 rege
3405 5781 3655 5856 ‘ejusdem
3683 5781 3868 5847 genus»

2354 5867 2516 5920 Fasn.

2397 5882 2516 5919 ABR.
