4100 6438
397 358 538 424 1335
610 429 619 437 ,

1210 365 1580 427 HISTORIA
1618 363 2201 429 ECCLESIASTICA
2239 364 2344 426 EX
2367 364 2782 427 ΤΗΕΟΡΗΑΝ
2790 365 2855 426 Ε.

3545 369 3682 432 1386

390 485 674 533 rcxerunt.
709 477 815 532 Sed
847 477 1067 532 illorum
1112 478 1336 549 quidem
1374 454 1584 535 malitia
1615 481 1671 535 in
1702 479 1984 535 Eeclesias
2013 484 2057 539 Δ
2087 478 2380 543 ducentos,
2408 495 2438 533 a
2465 479 2677 534 Gracia
2709 493 2842 534 vero
2872 488 2928 534 et
2961 477 3161 534 insulis
3212 479 3529 534 testatarios
3561 480 3678 548 (86)

393 573 490 627 Dei
540 580 733 643 utpote
759 571 1064 626 infidelium
1108 559 1394 628 manifesta
1429 573 1553 628 fuit.
1605 575 1656 629 Is
1673 581 1858 628 autem
1895 573 1990 641 qui

392 656 746 730 Christianis,
795 665 1189 720 ineﬁ'abilibus.
1219 665 1318 721 Dei
1365 666 1614 737 judiciis,
1659 665 1988 736 imperabat,

393 756 646 812 fortassis
690 764 752 811 ut
789 756 958 812 israel
1017 757 1296 827 quondam
1345 758 1436 813 ille
1487 774 1721 812 vesanus
1775 758 1987 822 Achab,

396 846 574 902 multo
601 845 798 916 pejora
824 861 987 916 quam
1022 846 1264 902 Arabum
1291 847 1362 901 sit
1389 848 1599 902 insania
1623 849 1726 902 sub
1754 848 1989 919 imperio

395 953 499 994 suo
521 939 715 1008 positis
735 939 1078 1004 orthodoxis,
1103 939 1381 1010 episcopis
1409 940 1518 993 vidi
1538 939 1989 1004 licet,monachis

393 1038 450 1084 et
481 1028 658 1094 laicis,
680 1029 923 1098 praelatis
953 1041 1121 1100 atque
1160 1029 1429 1100 subjectis
1472 1029 1740 1091 ostendit,
1778 1029 1986 1100 ubique

395 1122 827 1178 intercessiones
865 1132 1070 1180 sanctre
1099 1124 1197 1178 Dei
1244 1122 1546 1180 Gcnitricis
1600 1138 1666 1178 ac
1727 1125 1983 1180 omnium

393 1222 716 1269 sanctorum
752 1213 808 1268 in
859 1214 1080 1284 scriptis
1110 1225 1172 1269 ut
1213 1215 1440 1272 inutiles
1489 1225 1548 1272 et
1601 1214 1723 1273 sine
1776 1217 1985 1287 scripto

392 1306 690 1376 repellens,
719 1322 817 1378 per
851 1322 990 1377 quas
1042 1307 1305 1364 videlicet
1349 1310 1516 1365 nobis
1556 1321 1774 1366 emanat
1818 1327 1983 1367 omne

391 1398 740 1470 suﬂ'ragium,
794 1407 852 1455 et
899 1412 1119 1456 sanctas
1175 1402 1440 1472 reliquias
1499 1419 1694 1458 eorum
1753 1403 1984 1460 eﬂ'ossas

387 1491 618 1562 ejiciens
649 1499 708 1546 et
731 1492 938 1547 invisas
979 1493 1242 1560 reddens,
1274 1495 1454 1551 sicubi
1479 1497 1808 1567 cujusquam
1842 1497 1981 1552 insi-

388 1586 907 1656 gnisaudiebantur
936 1587 1002 1642 ad
1026 1587 1335 1643 animarum
1365 1590 1658 1646 sanitatem
1694 1601 1752 1646 et
1779 1606 1980 1662 corpo-

389 1694 512 1732 rum
545 1680 809 1750 rejacere,
848 1681 932 1735 vel
964 1681 1110 1735 sicut
1142 1682 1315 1738 moris
1343 1692 1450 1749 est,
1478 1698 1508 1738 a
1543 1685 1631 1754 pie
1685 1685 1980 1755 agentibus

389 1771 679 1827 honorari.
741 1773 864 1827 Mox
892 1788 1025 1843 ergo
1077 1781 1310 1828 mortem
1369 1775 1634 1830 adversus
1665 1774 1979 1846 hujusmodi

391 1874 658 1935 tanquam
715 1865 885 1936 impie
935 1839 1190 1937 gerentes
1247 1867 1582 1934 minabatur,
1624 1868 1711 1923 sin
1768 1878 1978 1934 autem,
2009 1839 2056 1898 Β

387 1962 827 2033 proscriptiones
847 1977 912 2017 ac
932 1963 1125 2018 exsilia
1153 1973 1205 2018 ct
1242 1971 1532 2020 tormenta.
1563 1965 1676 2020 Deo
1701 1981 1833 2021 vero
1859 1983 1980 2037 gra-

387 2055 664 2109 tissimum
694 2054 996 2126 lipsanum,
1029 2063 1224 2125 utpote
1260 2056 1484 2126 quidam
1529 2057 1822 2112 thesaurus
1846 2072 1976 2128 pos-

387 2147 707 2201 sessoribus
746 2147 991 2210 habitus,
1043 2147 1424 2216 auferebatur,
1459 2149 1699 2204 invisum
1748 2150 1864 2221 (84)
1910 2151 1979 2207 de

385 2248 592 2294 caetero
623 2238 995 2295 eﬂiciendum.
1023 2240 1153 2295 Tale
1183 2241 1318 2311 quid
1342 2253 1398 2296 et
1423 2241 1478 2296 in
1505 2243 1977 2312 pretiosissimum

385 2330 686 2386 laudabilis
717 2331 979 2402 martyris
1014 2331 1337 2402 Euphemiae
1365 2333 1634 2403 profanus
1662 2334 1753 2390 hic
1800 2335 1979 2405 impe-

394 2429 549 2477 rator
578 2422 855 2493 lipsanum
887 2424 1086 2495 gessit,
1122 2425 1177 2480 in
1210 2426 1546 2497 profundum
1601 2427 1656 2483 id
1699 2444 1806 2483 una
1852 2444 1979 2484 cum

383 2515 570 2571 loculo
589 2517 822 2588 jaeiens,
845 2534 957 2573 non
989 2517 1174 2574 ferens
1205 2520 1394 2574 videre
1412 2519 1686 2590 unguenti
1709 2521 1883 2576 etiam
1912 2537 1980 2576 ex

385 2621 447 2662 se
469 2623 637 2679 super
653 2624 874 2665 omnem
903 2611 1169 2696 populum
1197 2612 1529 2666 suavitatem
1555 2611 1902 2678 reddentem,
1924 2624 1981 2668 et

386 2710 711 2770 arguentem
739 2703 861 2773 ejus
889 2703 1160 2759 adversus
1191 2703 1625 2759 intercessiones
1655 2714 1978 2761 sanctorum

388 2791 778 2849 deliramenta.
809 2793 918 2849 Sed
953 2795 1121 2861 Deus,
1157 2797 1254 2867 qui
1293 2797 1539 2852 custodit
1577 2813 1703 2853 ossa
1751 2799 1979 2868 placen-

388 2884 528 2940 tium
551 2885 859 2941 secundum
883 2887 1074 2942 divina
1103 2889 1350 2958 eloquia,
1390 2889 1624 2944 illaesum
1685 2890 1793 2946 hoc
1839 2907 1976 2946 con-

386 2979 652 3045 servavit,
682 2995 880 3035 rursus
922 2988 1252 3035 ostensurus
1310 2981 1448 3034 illud
1502 2981 1650 3051 apud
1705 2981 1977 3037 Lemnum

386 3071 625 3125 insulam
665 3089 679 3125 :
728 3086 830 3142 per
873 3081 1206 3128 nocturnam
1259 3073 1410 3127 enim
1455 3073 1728 3130 visionem
1783 3076 1976 3146 jacens

2095 565 2433 637 quingentos
2467 583 2482 633 ;
2510 583 2678 638 porro
2709 582 2776 622 ex
2803 568 2922 638 ipsa
2952 568 3168 623 Thrace
3201 569 3490 640 operarios
3513 570 3679 640 quin-

2093 673 2203 728 que
2235 659 2406 715 millia
2429 668 2486 714 et
2507 660 2717 731 tegulas
2761 660 3026 716 facientes
3055 660 3349 726 ducentos,
3383 669 3440 715 et
3465 677 3678 731 praepo-

2093 750 2204 805 suit
2237 751 2318 806 eis
2341 751 2626 823 principes
2646 763 3005 809 exsecutores
3032 769 3264 824 operum
3290 771 3356 810 ac
3381 755 3676 826 patricium

2093 859 2303 912 unum;
2357 847 2550 914 sicque
2579 861 2748 916 opere
2782 855 3167 903 consummato
3220 865 3362 919 aqua
3426 849 3678 904 introivit

2092 935 2147 990 in
2181 935 2398 991 urbem.
2430 935 2702 993 Caeterum
2733 937 2926 993 eadem
2957 940 3152 1009 quinta
3184 940 3492 995 indictione
3542 956 3675 1010 pro-

2090 1027 2244 1082 vehit
2269 1029 2354 1084 sui
2385 1044 2584 1084 sensus
2605 1039 2877 1100 prtetores
2895 1040 2951 1085 et
2979 1032 3265 1101 operarios
3289 1032 3539 1102 nequitia
3572 1047 3672 1088 sua

2089 1120 2408 1192 condignas,
2445 1121 2766 1178 Michaelem
2797 1123 3060 1179 videlicet
3091 1125 3441 1181 Mclissenum
3474 1127 3530 1180 in
3555 1127 3675 1182 the-

2091 1225 2234 1269 mate
2269 1213 2628 1270 Orientalium
2663 1225 2721 1270 et
2747 1216 3067 1273 Michaelem
3087 1218 3671 1275 Lachanadracontem

2088 1306 2142 1359 in
2171 1305 2510 1372 Thracesiis,
2541 1322 2712 1377 super
2737 1290 3102 1365 buccellarios
3121 1326 3256 1365 vero
3279 1311 3463 1365 Manin
3491 1327 3522 1366 a
3554 1327 3671 1366 ma-

2086 1399 2198 1460 nia,
2225 1397 2280 1452 id
2311 1406 2396 1453 est
2417 1397 2652 1464 insania,
2696 1400 3064 1455 nominatum.
3100 1402 3206 1458 Sed
3263 1405 3389 1474 quis
3437 1405 3675 1461 idoneus

2085 1489 2152 1544 ad
2189 1490 2503 1546 enarranda
2526 1493 2796 1548 scelerata
2827 1493 3026 1549 horum
3055 1494 3296 1565 piacula,
3331 1512 3455 1567 quae
3475 1500 3676 1568 partim

2085 1583 2202 1638 suis
2228 1598 2258 1638 a
2297 1583 2459 1640 nobis
2482 1585 2912 1642 conscribentur
2949 1588 3004 1642 in
3053 1588 3190 1644 locis
3215 1589 3239 1642 ?
3265 1589 3462 1646 Omnia
3525 1593 3675 1647 enim

2083 1690 2181 1730 seu
2212 1676 2430 1748 singula
2465 1677 2664 1732 horum
2694 1694 2867 1749 opera
2901 1680 2948 1734 si
3000 1681 3520 1751 conscriberentur,
3552 1699 3677 1754 quae

2085 1771 2153 1825 ad
2183 1771 2532 1827 curationem
2560 1772 2884 1842 imperantis
2927 1773 3123 1829 effecta
3155 1785 3306 1841 sunt,
3336 1793 3441 1832 nec
3493 1778 3674 1848 ipsum

2085 1864 2348 1928 arbitror,
2409 1872 2470 1919 ut
2546 1865 2768 1935 proprie
2834 1880 2959 1922 cum
3029 1867 3365 1936 evangelista
3434 1868 3672 1935 dicatur,

2085 1957 2352 2012 mundum
2383 1972 2582 2028 capere
2609 1972 2706 2012 eos
2733 1958 2828 2028 qui
2864 1958 3146 2014 scribendi
3174 1968 3305 2014 sunt
3331 1960 3526 2017 libros.

2153 2049 2314 2105 Anno
2353 2050 2549 2106 mundi
2598 2049 2760 2114 6259,
2821 2050 3022 2106 divina:
3077 2051 3479 2108 incarnationis
3529 2069 3676 2110 anno

2083 2141 2206 2207 759,
2236 2157 2382 2196 anno
2434 2142 2656 2212 imperil
2707 2141 3059 2198 Constantini
3085 2145 3154 2198 27
3190 2144 3506 2216 Stephanus
3564 2148 3675 2202 Ro-

2083 2249 2259 2288 mana:
2293 2234 2441 2290 sedis
2465 2233 2705 2290 habetur
2748 2236 3004 2290 antistes.
3054 2235 3453 2294 Constantinus
3515 2255 3670 2300 vero,

2082 2325 2203 2381 falsi
2231 2327 2472 2382 nominis
2504 2329 2841 2398 patriarcha,
2866 2328 3068 2384 ductus
3088 2338 3174 2386 est
3212 2330 3384 2387 Nonis
3419 2332 3676 2388 Octobri-

2083 2417 2189 2473 bus
2218 2430 2386 2474 sexta:
2419 2419 2739 2476 indictionis
2761 2437 2789 2476 a
2815 2421 3066 2492 principe
3097 2422 3154 2477 in
3190 2421 3426 2479 insulam
3452 2441 3466 2490 ;
3506 2440 3673 2494 quem

2081 2519 2138 2566 et
2163 2511 2363 2565 cecidit
2389 2522 2676 2584 tyrannus,
2705 2514 2854 2584 quod
2885 2515 3091 2570 vadere
3134 2530 3244 2570 non
3279 2517 3508 2572 valeret.
3542 2517 3672 2573 Jus-

2081 2603 2155 2657 sit
2181 2612 2365 2658 autem
2392 2620 2519 2658 eum
2555 2607 2609 2659 in
2636 2606 2838 2676 phorio
2876 2608 3108 2677 portari.
3136 2617 3195 2664 et
3213 2617 3436 2664 euntem
3478 2610 3672 2665 sedere

2081 2692 2137 2747 in
2163 2694 2374 2764 gremio
2402 2694 2652 2750 ecclesia:
2701 2696 2940 2766 Magnae;
2969 2705 3196 2769 eratque
3231 2701 3495 2756 asecretis
3543 2716 3670 2756 cum

2081 2801 2149 2840 eo
2183 2785 2372 2841 ferens
2411 2787 2619 2842 chartae
2651 2797 2884 2853 tomum,
2913 2788 2968 2843 in
2996 2805 3108 2860 quo
3137 2798 3298 2846 erant
3343 2792 3536 2862 scripti
3576 2793 3673 2848 hu-

2077 2877 2168 2948 jus
2191 2893 2480 2934 excessus.
2517 2879 2679 2934 Omni
2720 2895 2855 2953 ergo
2885 2883 3092 2953 populo
3121 2883 3368 2940 civitatis
3415 2901 3483 2940 ex
3531 2902 3673 2957 pra:-

2081 2980 2244 3040 cepto
2275 2971 2432 3043 regio
2484 2971 2598 3027 illic
2632 2983 2966 3044 congregato
3013 2982 3069 3030 et
3108 2975 3332 3032 vidente
3385 2977 3674 3050 legebatur

2083 3062 2274 3120 charta
2301 3064 2357 3117 in
2385 3063 2732 3120 audientiam
2764 3067 2935 3122 totius
2957 3068 3168 3138 populi,
3218 3077 3276 3125 et
3321 3085 3420 3140 per
3455 3072 3670 3142 singula

384 3159 718 3216 elevandum
760 3163 1026 3232 pmcepil
1055 3171 1113 3218 et
1164 3163 1628 3219 conservandum,
1676 3164 1791 3221 sub
1832 3166 1980 3222 Con.
2007 3194 2053 3258 ο
2084 3155 2434 3226 percutiebat
2456 3158 2721 3214 asecretis
2748 3157 2943 3214 faciem
2969 3161 3110 3232 ejus,
3134 3161 3326 3218 Niceta
3351 3165 3666 3234 patriarcha

386 3251 634 3307 stantino
662 3268 798 3310 vero
839 3261 898 3309 et
923 3253 1162 3309 Heirene
1186 3254 1295 3324 piis
1345 3253 1798 3324 imperatoribus,
1831 3255 1978 3310 indi-

387 3343 574 3399 ctione
606 3352 824 3414 quarta,
875 3360 1001 3401 cum
1063 3344 1282 3400 decenti
1327 3344 1755 3401 honorificentia
1813 3345 1979 3402 rediit

385 3438 458 3492 ad
484 3439 748 3508 templum
780 3455 969 3493 suum.
1017 3437 1178 3506 Quod
1243 3439 1361 3509 ipse
1413 3439 1664 3510 quidem,
1713 3449 1975 3510 tanquam

383 3530 648 3586 inimicus
677 3531 1072 3596 Ecclesiarum,
1112 3547 1409 3587 commune
1442 3532 1572 3587 fecit
1602 3541 1974 3587 armamenta-

384 3623 534 3678 rium
561 3625 1087 3695 sterquiliniumquc
1117 3624 1235 3679 fore
1264 3624 1534 3688 decrevit,
1567 3623 1646 3677 illi
1706 3639 1969 3694 repurga-

382 3725 506 3772 tum
546 3717 652 3772 hoc
702 3718 905 3772 iterum
964 3726 1345 3782 sacraverunt,
1404 3717 1471 3771 ad
1524 3716 1971 3788 redargntionem

381 3811 612 3882 quidem
643 3809 808 3881 hujus
843 3811 1168 3882 impietatis,
1223 3810 1602 3865 ostensionem
1642 3818 1827 3864 autem
1867 3809 1972 3864 ho-

381 3917 511 3956 rum
544 3903 787 3972 pietatis.
818 3903 933 3958 Hoc
954 3911 1137 3957 autem
1156 3901 1226 3957 ob
1256 3899 1590 3970 stupendum
1612 3909 1668 3955 et
1689 3899 1968 3970 scriptura

381 3995 617 4066 dignum
653 3995 979 4050 miraculum
1012 4003 1136 4064 post
1158 3993 1230 4047 εξ
1267 4007 1445 4048 annos
1477 3992 1653 4062 iniqui
1705 3991 1972 4061 principis

379 4087 606 4151 mortis,
644 4103 752 4142 una
777 4103 904 4142 cum
936 4086 1203 4158 piissimis
1227 4085 1660 4156 imperatoribus
1684 4092 1740 4138 et
1795 4083 1969 4138 Tara-

380 4179 470 4235 sio
501 4179 852 4234 sanctissimo
869 4178 1203 4249 patriarcha,
1234 4193 1336 4232 nos
1355 4186 1410 4232 et
1431 4175 1669 4232 vidimus
1680 4183 1735 4229 et
1751 4191 1874 4230 cum
1888 4175 1970 4230 eis

380 4273 626 4342 amplexi
658 4272 883 4337 fuimus,
914 4272 1045 4326 licet
1073 4270 1282 4341 indigni
1305 4283 1555 4339 magnam
1578 4268 1807 4339 gratiam
1836 4282 1969 4336 pro-

380 4373 692 4421 merentes.
727 4365 902 4420 Porro
949 4362 1165 4419 decimo
1215 4370 1370 4417 sexto
1414 4352 1682 4414 Kalendas
1734 4359 1966 4414 Decem-

378 4455 556 4522 brias,
584 4455 832 4528 ejusdem
867 4455 1074 4526 quinta;
1102 4452 1439 4510 indictionis.
1468 4451 1692 4506 decreto
1725 4450 1965 4519 impera—

2085 3248 2141 3303 in
2162 3247 2508 3305 conlessorio
2551 3249 2778 3306 sedente
2809 3266 2876 3306 ac
2907 3251 3178 3310 intuente.
3217 3255 3351 3311 Post
3378 3256 3494 3313 hare
3532 3274 3666 3315 vero

2080 3355 2205 3396 cum
2229 3343 2620 3412 imposuissent
2645 3358 2771 3399 eum
2806 3343 2862 3398 in
2886 3344 3179 3400 ambonem
3200 3354 3255 3402 et
3277 3360 3488 3403 rectum
3515 3359 3664 3407 stare

2078 3432 2362 3492 fecissent.
2387 3434 2599 3504 accepit
2621 3435 2840 3489 Nicetas
2871 3435 3124 3490 chartam
3157 3449 3212 3492 et
3253 3439 3408 3494 misit
3447 3442 3662 3511 episco~

2077 3523 2249 3592 pis,et
2283 3523 2466 3578 ablato
2488 3525 2932 3594 superhumerali
2967 3526 3119 3596 ejus,
3149 3529 3660 3589 anathematizave-

2076 3620 2207 3665 runt
2231 3626 2381 3676 eum,
2413 3619 2470 3667 et
2495 3611 2646 3668 hunc
2690 3611 3005 3685 Scotiopsin
3033 3619 3504 3686 cognominantcs,
3533 3623 3660 3680 abs-

2076 3711 2363 3758 traxerunt
2447 3703 2517 3759 ab
2574 3704 2836 3771 ecclesia,
2896 3706 3236 3776 gradientem
3325 3717 3655 3783 retrorsum,

2075 3795 2297 3850 Postera
2326 3811 2459 3851 vero
2491 3795 2584 3851 die
2629 3811 2755 3851 cum
2814 3797 2932 3852 ludi
2989 3797 3285 3856 Circenses
3332 3813 3654 3872 agerentur,

2075 3895 2330 3941 raserunt
2379 3886 2574 3942 faciem
2626 3888 2769 3959 ejus,
2818 3898 2874 3943 et
2931 3889 3160 3946 barbam
3201 3891 3646 3965 denudaverunt,

2075 3984 2272 4055 capitis
2305 3999 2369 4039 ac
2425 3985 2848 4054 superciliorum
2879 3985 3008 4056 pilis
3051 3987 3270 4054 ablatis,
3303 3999 3359 4046 et
3390 3991 3646 4049 indutum

2073 4077 2222 4130 hunc
2245 4075 2409 4131 laneo
2435 4075 2589 4132 brevi
2605 4084 2661 4132 et
2681 4077 2798 4134 sine
2821 4077 3050 4133 manicis
3070 4081 3423 4146 vestimento,
3449 4086 3645 4142 sedere

2071 4169 2326 4223 fecerunt
2353 4168 2575 4239 oblique
2605 4185 2774 4239 super
2803 4171 3020 4224 asinum
3049 4185 3232 4242 sagma
3270 4171 3561 4242 ferentem,
3587 4189 3644 4234 et

2070 4261 2437 4330 ipsiustenere
2450 4261 2698 4324 caudam,
2713 4260 3086 4316 eteduxerunt
3103 4277 3228 4316 eum
3251 4280 3349 4332 per
3365 4265 3639 4335 Diippium

2071 4352 2547 4423 Hippodromium,
2601 4361 2800 4406 cuncto
2835 4353 3042 4422 populo
3069 4363 3123 4408 et
3159 4354 3322 4424 vulgo
3360 4357 3500 4411 mala
3538 4358 3641 4412 im-

2068 4454 2328 4515 precante
2355 4443 2436 4498 illi
2467 4451 2522 4498 et
2557 4451 2916 4513 conspuente.
2969 4441 3252 4499 Trahebat
3292 4456 3476 4502 autem
3531 4451 3640 4521 asi-

379 4549 522 4604 toris
580 4557 940 4618 promovetur
993 4546 1212 4601 Nicetas
1269 4542 1561 4597 eunuchus
1618 4557 1685 4595 ex
1753 4540 1964 4597 Sclavis
1999 4529 2040 4584 Ῑ)
2070 4552 2198 4592 num
2222 4535 2615 4592 Constantinus
2639 4549 2810 4605 nepos
2839 4534 3031 4604 ipsius,
3057 4551 3191 4591 naso
3241 4538 3434 4594 reciso.
3470 4539 3640 4596 Cum-

377 4652 542 4698 ortus
603 4639 986 4712 irregulariter
1039 4637 1351 4709 patriarcha
1383 4633 1959 4703 Constantinopoleos.

375 4737 448 4793 Et
481 4736 622 4791 facta
649 4743 736 4790 est
765 4733 1006 4797 siccitas,
1047 4732 1123 4786 ita
1157 4739 1219 4785 ut
1256 4744 1359 4784 nec
1389 4743 1482 4783 ros
1533 4725 1602 4780 de
1634 4726 1774 4780 caelo
1804 4725 1966 4780 cade-

374 4843 484 4898 ret,
518 4831 838 4901 defecitquc
863 4829 1085 4900 penitus
1127 4827 1198 4882 ab
1233 4825 1369 4881 urbe
1393 4839 1557 4894 aqua,
1580 4831 1636 4876 et
1664 4821 1855 4876 otiosae
1877 4836 1966 4874 re-

371 4933 711 4983 manserunt
738 4914 849 4979 tam
880 4923 1136 4978 cisternae
1159 4933 1323 4989 quam
1347 4917 1581 4979 lavacra,
1617 4913 1750 4983 quin
1777 4913 1962 4982 potius

370 5030 430 5075 et
458 5019 667 5073 ﬂuenta
695 5013 947 5078 fontalia,
992 5027 1114 5082 qua:
1172 5009 1327 5081 prius
1385 5006 1588 5078 jugiter
1642 5003 1956 5058 efllucbant.

373 5111 541 5179 Quod
579 5110 809 5164 intuens
834 5108 1137 5176 imperator
1183 5101 1350 5170 cmpit
1397 5111 1660 5152 renovare
1700 5094 1958 5163 aquzedu-

371 5217 528 5262 ctum
563 5199 964 5261 Valentiniani,
1005 5197 1250 5268 quicum
1297 5206 1471 5261 usque
1523 5187 1590 5243 ad
1642 5186 1953 5241 l-leraclium

370 5299 757 5371 perdurasset,
795 5293 865 5349 ab
896 5289 1171 5346 Avaribus
1220 5292 1305 5339 est
1358 5283 1690 5371 destructus.
1755 5277 1955 5371 Electis

369 5369 506 5464 ergo
529 5407 599 5446 ex
625 5387 866 5444 diversis
897 5383 1035 5439 locis
1083 5376 1390 5434 artificibus
1435 5373 1504 5428 ab
1558 5370 1682 5424 Asia
1730 5369 1951 5464 quidem

369 5461 533 5542 duxit
555 5493 613 5541 et
646 5482 822 5538 Ponto
851 5476 1217 5535 aedificatores
1250 5469 1397 5524 mille
1440 5479 1496 5524 ct
1528 5464 1809 5519 liniatores
1838 5461 1951 5533 (85)

2061 4645 2168 4700 que
2185 4628 2422 4684 venisset
2437 4627 2506 4710 ad
2523 4628 2736 4697 vulgus,
2759 4626 3164 4682 descenderunt
3183 4637 3240 4683 et
3258 4644 3638 4701 conspucrunt

2061 4731 2115 4777 et
2142 4721 2425 4791 pulverem
2460 4719 2815 4790 projecerunt
2841 4732 3008 4787 super
3047 4733 3198 4774 eum.
3257 4719 3327 4775 Et
3359 4736 3488 4776 cum
3538 4724 3636 4778 ad-

2063 4813 2350 4868 duxissent
2399 4827 2525 4865 eum
2583 4810 2652 4865 ad
2713 4810 3130 4873 consistorium,
3189 4813 3515 4884 dejecerunt
3569 4817 3638 4874 de

2061 4905 2235 4966 asino,
2269 4901 2630 4958 et'calcavere
2663 4901 2866 4955 collum
2906 4903 3046 4974 ejus,
3079 4911 3138 4958 et
3169 4906 3474 4963 collocatus
3501 4925 3638 4966 con-

2063 5005 2139 5050 lra
2171 4995 2365 5064 vulgus
2392 4991 2651 5047 audiebat
2678 4993 2747 5047 ab
2776 4993 2885 5048 illis
2914 4994 3127 5051 ludicra
3163 4998 3335 5054 verba
3372 5016 3549 5073 usque
3572 5003 3638 5060 ad

2058 5086 2457 5143 absolutionem
2487 5083 2746 5138 ludorum
2773 5087 3143 5156 eQuestrium.

2130 5178 2332 5234 Eodem
2365 5190 2586 5245 quoque
2629 5192 2820 5232 mense
2849 5179 3035 5235 missis
3087 5181 3293 5254 impius
3341 5185 3645 5262 imperator

2054 5268 2302 5342 patriciis
2333 5267 2605 5337 significat
2653 5268 2704 5322 ei
2763 5269 3004 5325 dicens:
3048 5271 3190 5339 Quid
3242 5277 3373 5335 dicis
3435 5283 3499 5340 de
3543 5287 3648 5358 ﬁde

2061 5370 2241 5418 nostra
2268 5369 2316 5414 et
2363 5360 2604 5426 concilio,
2631 5363 2769 5432 quod
2806 5364 3024 5433 fecimus
3052 5368 3078 5423 ?
3111 5369 3216 5438 Qui
3271 5378 3534 5438 sensibus
3581 5379 3648 5436 ad

2060 5455 2353 5511 vanitatem
2393 5457 2677 5508 conversis
2717 5457 3005 5527 respondit
3041 5477 3056 5517 :
3088 5461 3253 5535 Bene,
3283 5469 3569 5544 inquiens,
3603 5485 3652 5532 et

420 5621 462 5656 ⁶
1900 5618 2129 5715 Ivem.

444 5779 560 5851 (84)
596 5777 862 5835 Invisum,
887 5769 1218 5851 Apuleiust
1249 5785 1322 5851 εκ(
1349 5757 1951 5851 Postdopima’s-dapes

362 5832 954 5924 quidamintrocessit'
978 5852 1034 5897 et
1058 5839 1301 5896 cantavit
1348 5835 1574 5889 invisus.
1611 5849 1628 5882 ›
1673 5832 1830 5884 Ftea.

700 5946 971 6006 Parnon.
1019 5937 1134 5998 Gn.
1181 5931 1400 5997 CVlll.
1442 5967 1446 5977 -

2270 5753 2794 5845 amicioremclois.
2823 5768 3005 5840 χρέςις
3029 5775 3294 5836 liniatura
3318 5783 3549 5845 oblitus.
3584 5784 3662 5841 Ιυ-

2133 5823 2242 5895 (86)
2277 5823 2686 5889 Testacearios.
2720 5823 2883 5896 Fauni

3238 5952 3313 6015 4-4
