4100 6440
529 361 553 425 1
565 362 663 424 337

1622 350 2023 413 ANASTASII
2070 347 2704 410 BIBL'IOTHECARII

3620 351 3738 420 1388

526 473 714 536 credis,
737 481 786 526 et
820 471 946 525 bene
975 467 1256 524 concilium
1288 474 1537 538 operatus
1582 482 1658 531 es,
1703 476 1905 534 putans
1953 479 2012 518 se
2041 463 2114 518 ob

2236 463 2498 518 idhaarcre
2529 439 2755 532 prop'ér
2785 458 3032 515 luxurias
3063 472 3213 514 suas.
3239 457 3377 513 Cum
3428 471 3597 516 aut
3632 479 3744 521 sen-

529 568 636 620 hoc
654 566 808 619 illum
843 576 1040 617 rursus
1069 562 1311 631 placare.
1335 560 1404 614 At
1435 559 1512 612 illi
1547 557 1839 614 confestim
1874 571 2107 626 respon-

524 658 727 713 dentes
749 655 1010 710 dixerunt
1041 670 1055 706 :
1083 652 1192 706 Nos
1215 652 1325 705 hac
1372 650 1560 704 audire
1605 647 1852 703 nolumus
1899 648 1966 702 ab
2020 664 2110 702 ore

530 759 620 804 tuo
654 747 874 820 polluto.
903 747 990 800 Ea:
1015 749 1113 800 hoc
1137 761 1262 815 ergo
1291 744 1424 798 vade
1447 744 1502 796 in
1547 743 1789 796 tenebras
1812 750 1858 795 et
1888 742 1944 795 in
1971 757 2113 794 ana-

531 845 728 897 thema.
765 842 833 896 Et
869 840 950 894 sic
977 847 1204 908 accepta
1233 835 1511 892 sententia
1538 834 1827 889 descendit
1861 833 1927 889 ad
1961 833 2113 886 clau—

532 945 645 990 stra
676 934 938 998 ferarum,
975 939 1032 986 et
1079 930 1386 985 decollatus
1434 937 1538 983 est.
1595 927 1663 981 Et
1696 936 1863 996 caput
1891 924 2114 995 quidem

531 1027 655 1097 ejus
687 1040 789 1093 per
816 1037 980 1078 aures
1005 1021 1240 1092 ligentes
1288 1019 1473 1074 tribus
1504 1017 1705 1072 diebus
1727 1017 1784 1072 in
1813 1017 1966 1071 Milio
1997 1029 2120 1071 sus.

535 1115 848 1187 peuderunt
882 1113 950 1168 ad
975 1112 1403 1167 ostentationem
1447 1110 1626 1181 plebis
1671 1125 1688 1163 :
1739 1124 1942 1179 corpus
1985 1122 2120 1162 vero

533 1210 654 1279 ejus
682 1205 822 1277 pede
856 1204 992 1260 resti
1024 1204 1193 1274 ligato
1224 1211 1513 1259 traxerunt
1534 1218 1633 1272 per
1662 1202 1902 1271 plateam
1938 1213 2117 1269 usque

533 1301 604 1355 ad
635 1301 754 1354 loca
791 1296 1021 1368 Pelagii,
1051 1304 1105 1350 et
1138 1285 1465 1350 sociandum
1500 1292 1839 1349 biothanatis
1881 1293 2122 1364 jactare-

532 1401 706 1458 runt;
739 1391 999 1446 similiter
1028 1397 1087 1444 et
1111 1395 1280 1458 caput
1320 1389 1444 1458 ejus
1499 1396 1626 1456 post
1660 1395 1774 1441 tres
1825 1385 1946 1440 dies
1995 1384 2125 1439 illuc

537 1485 784 1539 delatum
817 1482 1196 1553 projecerunt.
1238 1479 1282 1534 Ο
1311 1479 1852 1534 irrationabilitatem
1901 1485 1959 1531 et
1992 1492 2123 1532 cru-

537 1578 823 1632 delitatem
849 1585 1015 1644 atque
1047 1571 1568 1628 immisericordiam
1600 1569 1985 1626 immitlssimte
2030 1567 2128 1624 be-

541 1669 695 1725 stiast
731 1667 850 1722 Non
878 1673 964 1720 est
1013 1665 1226 1720 veritus
1285 1663 1455 1717 miser
1498 1661 1769 1718 sanctum'
1797 1661 2077 1716 lavacrum
2110 1675 2126 1714 :

541 1760 682 1813 duos
703 1758 850 1812 enim
880 1755 1020 1810 ﬁlios
1044 1755 1166 1826 ejus
1193 1769 1260 1808 ex
1299 1753 1460 1807 tertia
1491 1754 1729 1823 conjuge
1763 1752 1941 1822 ipsius
1968 1751 2023 1806 in
2046 1751 2128 1805 ul-

2214 555 2378 612 sisset
2411 571 2540 610 eum
2570 555 2800 608 moleste
2837 553 3028 608 tulisse
3051 549 3306 606 infandas
3335 551 3390 604 in
3428 552 3574 608 viros
3615 555 3746 612 insa-

2215 648 2336 704 nias
2367 664 2523 710 suas,
2549 658 2607 704 et
2631 647 2800 702 beato
2827 644 3116 715 Stephano
3159 643 3406 698 inclauso
3427 644 3484 699 S.
3521 645 3748 703 Auxenlii

2215 741 2315 796 has
2345 739 2665 796 manifestas
2694 739 3024 803 reddidisse,
3055 736 3358 808 salutisque
3388 739 3619 794 remedia
3648 757 3752 797 sus-

2217 834 2452 904 cepisse,
2509 833 2662 887 hunc
2689 831 2849 902 quasi
2886 830 3264 885 insidiatorem
3297 845 3454 886 suum
3494 829 3754 888 diﬂ‘amans

2218 943 2329 982 una
2387 942 2512 982 cum
2549 926 2818 989 inclauso,
2848 934 2911 980 ut
2955 921 3282 995 praedictum
3334 931 3438 987 est,
3485 922 3754 981 interfecit.

2218 1017 2372 1073 Fecit
2400 1027 2586 1071 autem
2617 1015 2906 1073 abundare
2951 1014 3130 1068 horno
3149 1011 3363 1084 species
3392 1011 3448 1066 in
3471 1012 3600 1069 urbe
3625 1030 3640 1068 :
3666 1030 3754 1070 no—

2219 1125 2320 1165 vus
2351 1108 2499 1164 enim
2526 1107 2699 1162 Midas
2719 1106 2898 1162 factus
2943 1119 3139 1160 aurum
3167 1103 3506 1158 coacervavit
3543 1111 3596 1158 et
3635 1107 3759 1175 agri-

2221 1201 2372 1256 colas
2426 1199 2764 1259 denudavit,
2819 1206 2877 1254 et
2924 1197 2999 1252 ob
3051 1196 3390 1251 tributorum
3447 1193 3762 1252 exactionem

2223 1291 2566 1362 cogebantur
2586 1289 2842 1346 homines
2865 1290 3049 1359 largas
3076 1287 3172 1343 Dei
3202 1285 3537 1358 geniminum
3565 1287 3762 1343 muniti-

2223 1383 2434 1438 ceulias
2467 1382 2627 1438 facile
2658 1398 2756 1438 seu
2785 1383 2881 1437 vili
2908 1381 3086 1452 pretio
3109 1379 3445 1435 venundare.

2295 1473 2618 1545 Eodemque
2650 1489 2798 1529 anno
2840 1473 3060 1530 Nicetes
3084 1472 3202 1526 falsi
3223 1470 3461 1526 nominis
3487 1469 3769 1540 patriarcha

2227 1565 2416 1646 iconas
2445 1580 2514 1620 ex
2542 1565 2722 1620 musio
2755 1564 2950 1630 factas,
2987 1578 3111 1634 qum
3146 1564 3201 1617 in
3226 1561 3556 1634 patriarcbio
3579 1562 3768 1634 Secreti

2228 1659 2458 1716 minoris
2487 1669 2668 1726 erant,
2696 1660 2883 1726 erasit,
2935 1670 2992 1715 et
3045 1658 3313 1729 imagines
3352 1657 3530 1730 magni
3561 1657 3768 1722 Secmti,

2229 1768 2352 1821 quas
2375 1753 2609 1822 sculptus
2634 1752 2691 1806 in
2719 1753 2868 1824 ligno
2890 1760 3069 1815 erant,
3094 1751 3373 1820 deposuit,
3396 1762 3451 1805 et
3480 1758 3776 1806 camerarum-

541 1866 640 1905 nas
667 1863 796 1904 suas
825 1853 1167 1916 susceperat,
1199 1843 1474 1914 siquidem
1529 1858 1747 1914 semper
1776 1842 1964 1897 feralis
2008 1856 2128 1897 mo-
2161 1852 2202 1908 Β
2233 1842 2533 1911 imaginum
2599 1841 2768 1898 facies
2823 1840 3097 1898 delinivit.
3170 1839 3282 1896 Sed
3333 1848 3392 1896 et
3439 1839 3496 1896 in
3541 1839 3774 1895 Abramio

542 1944 697 1999 ribus
725 1954 782 1999 et
811 1942 1212 1996 immansuetus
1233 1955 1356 1994 esse
1381 1939 1672 2008 probatur.
1702 1937 1785 1992 Ab
1813 1937 1919 1993 hoc
1938 1946 2126 1992 autem

541 2051 692 2092 anno
719 2033 977 2104 ampliori
1014 2031 1229 2086 insania
1261 2046 1395 2087 usus
1435 2039 1520 2086 est
1579 2047 1592 2084 :
1647 2029 1876 2085 mittens
1925 2027 2130 2098 quippe

541 2125 804 2198 deposuit
863 2125 1086 2180 Petrum
1129 2121 1376 2177 nobilem
1406 2121 1649 2193 stylitcm
1674 2135 1705 2175 a
1735 2128 1912 2191 petra,
1964 2134 2130 2190 quem

543 2223 753 2284 vivum,
783 2231 909 2273 cum
944 2215 1298 2286 dogmatibus
1323 2214 1444 2285 ejus
1494 2213 1696 2270 cedere
1726 2212 2030 2276 renuisset,
2063 2211 2130 2265 li-

539 2309 687 2381 gatis
717 2307 956 2378 pedibus
978 2307 1101 2376 ejus
1133 2306 1189 2359 in
1228 2303 1556 2375 praedictum
1593 2303 1797 2374 Pelagii
1829 2303 2035 2366 locum,
2073 2311 2132 2357 et

543 2401 696 2455 hunc
727 2412 948 2468 quoque
982 2411 1080 2467 per
1132 2396 1368 2466 plateam
1422 2403 1658 2450 tractum
1710 2395 1910 2464 projici
1945 2393 2130 2466 jussit.

545 2493 697 2548 Alios
727 2490 896 2546 etiam
934 2490 990 2543 in
1021 2489 1200 2545 saccis
1227 2488 1481 2546 vinciens
1531 2501 1588 2542 et
1612 2487 1896 2558 lapidibus
1941 2502 2136 2557 aggra-

545 2598 680 2640 vans
711 2583 764 2637 in
801 2580 1242 2653 pelagusjactari
1275 2579 1652 2651 praecipiebat,
1683 2580 1874 2636 oculos
1907 2595 2133 2646 eruens,

543 2690 710 2730 nares
741 2673 1097 2737 abscindens,
1117 2672 1346 2742 ﬂagellis
1368 2673 1680 2737 excorians,
1697 2681 1754 2727 et
1777 2687 1998 2728 omnem
2024 2681 2138 2726 tor-

547 2765 716 2820 menti
748 2764 988 2834 speciem
1021 2762 1290 2820 adversus
1315 2778 1412 2818 eos
1450 2763 1545 2834 qui
1581 2764 1672 2834 pie
1711 2763 1946 2835 agebant
1970 2779 2136 2818 exco-

544 2861 749 2931 gitans.
776 2858 845 2914 Et
887 2857 940 2911 in
969 2857 1163 2912 urbem
1191 2856 1415 2926 quidem
1447 2871 1546 2926 per
1589 2872 1649 2911 se
1704 2855 1886 2926 ipsum
1929 2855 2048 2911 haec
2083 2863 2141 2910 et

542 2958 954 3008 consentaneos
1026 2963 1180 3013 suos,
1239 2947 1542 3004 Antonium
1611 2948 1700 3004 aio
1751 2948 2044 3022 patricium
2083 2958 2140 3004 et

545 3045 861 3100 scholarum
885 3043 1273 3104 domesticum.
1312 3058 1378 3096 ac
1412 3043 1637 3098 Petrum
1674 3042 2022 3114 magistrum,
2053 3049 2139 3097 at-

548 3151 659 3206 que
701 3150 798 3205 per
841 3135 1106 3206 populum
1136 3133 1478 3204 singulorum
1528 3134 1810 3199 ordinum,
1869 3135 1965 3205 qui
2013 3151 2044 3190 a
2081 3150 2140 3190 se

550 3225 733 3282 fuerat
759 3224 830 3279 ad
875 3225 1001 3279 talia
1026 3223 1303 3289 eruditus,
1362 3224 1581 3295 agebat.
1645 3226 1706 3282 lu
1753 3227 1962 3282 exteris
2007 3243 2141 3283 vero

551 3317 891 3375 thematibus
921 3332 1018 3387 per
1046 3317 1160 3388 jam
1193 3316 1372 3372 dictos
1397 3325 1689 3388 praetores.
1733 3318 1856 3390 Ipse
1901 3335 2141 3390 namque

549 3409 780 3465 citharae
801 3408 987 3465 sonitu
1030 3408 1410 3464 delectabatur
1439 3419 1605 3480 atque
1638 3411 1929 3479 conviviis,
1964 3413 2142 3484 turpi-

550 3503 657 3559 bus
689 3501 1044 3558 sermonibus
1070 3508 1127 3555 et
1149 3501 1540 3558 saltationibus
1564 3517 1664 3558 eos
1695 3503 1792 3573 qui
1820 3503 1922 3559 sibi
1950 3504 2139 3561 adhae-

549 3595 750 3650 rebant
781 3592 1123 3648 incessanter
1167 3591 1464 3658 erudiens,
1509 3600 1568 3648 et
1616 3591 1797 3649 sicubi
1849 3593 2140 3665 quisquam

549 3701 815 3745 corruens
833 3685 919 3740 vel
944 3684 1141 3741 dolens
1161 3685 1380 3741 solitam
1409 3685 1743 3741 Christianis
1763 3702 1954 3742 vocem
1976 3687 2141 3744 emit-

549 3785 693 3834 teret
727 3777 920 3832 dicens
946 3794 960 3832 :
1011 3775 1105 3832 Dei
1128 3776 1391 3844 (ianitrix,
1418 3779 1577 3848 juva,
1600 3785 1698 3832 aut
1727 3778 1948 3849 vigilias
1975 3793 2143 3849 agens

549 3868 1067 3940 deprehenderetur
1108 3876 1204 3922 aut
1255 3869 1519 3924 Ecclesiis
1570 3879 1829 3924 assuetus
1881 3879 1977 3926 aut
2013 3886 2141 3926 cum

550 3957 823 4029 religione
868 3957 1064 4012 vivens
1088 3965 1185 4011 aut
1216 3973 1328 4014 non
1389 3959 1595 4028 passim
1652 3959 1992 4030 iuramentis
2041 3960 2141 4014 ab-

548 4061 736 4117 utens,
773 4059 834 4105 ut
859 4049 1118 4104 inimicus
1163 4049 1515 4118 imperatoris
1547 4051 1916 4108 damnabatur
1943 4060 2000 4108 et
2035 4052 2140 4106 im-

551 4143 927 4201 memorabilis
982 4144 1395 4199 nominabatur.
1447 4144 1779 4200 Monasteria
1829 4159 1982 4211 vero,
2020 4159 2142 4214 qum

551 4234 607 4289 in
637 4234 872 4306 gloriam
901 4232 1000 4288 Dei
1035 4241 1090 4288 et
1120 4233 1332 4306 refugia
1356 4235 1750 4290 salvandorum
1771 4234 1968 4292 effecta
1988 4244 2138 4304 sunt,

551 4323 746 4379 domos
791 4322 908 4378 fore
953 4338 1278 4380 communes
1326 4323 1642 4380 fautoribus
1705 4325 1821 4382 suis
1871 4325 2143 4383 militibus

547 4415 813 4473 faciebat.
861 4413 1110 4486 Denique
1133 4415 1451 4475 cmnohium
1489 4417 1772 4482 Dalmatii,
1805 4417 1952 4489 quod
1993 4418 2141 4473 inter

2231 1934 2491 1990 similiter
2531 1934 2683 1990 fecit.

2301 2029 2462 2082 Anno
2489 2027 2707 2099 imperii
2751 2028 2837 2083 sui
2871 2026 2942 2084 28
2967 2025 3251 2082 coronavit
3294 2025 3588 2096 imperator
3613 2025 3775 2080 Eudo-

2231 2121 2371 2176 ciam
2407 2137 2637 2177 uxorem
2692 2137 2870 2186 suam,
2911 2137 3036 2177 cum
3087 2130 3235 2178 esset
3283 2123 3548 2192 trigamus
3597 2132 3650 2178 et
3681 2122 3779 2180 hac

2231 2223 2380 2270 esset
2407 2214 2567 2270 tertia
2600 2215 2826 2284 conjux,
2860 2214 2916 2268 in
2959 2213 3265 2269 tribunalio
3302 2213 3493 2269 decem
3527 2222 3582 2269 et
3607 2229 3780 2269 novem

2233 2305 2591 2360 accubituum
2648 2305 2911 2361 Kalendis
2943 2305 3232 2376 Aprilibus
3264 2321 3278 2358 :
3316 2303 3460 2361 filios
3501 2320 3627 2360 vero
3669 2320 3780 2360 suos

2233 2411 2300 2452 ex
2332 2397 2449 2466 ipsa
2478 2406 2836 2468 procreatos,
2880 2396 3350 2468 Christophorum
3385 2398 3593 2454 scilicet
3617 2406 3672 2452 et
3697 2398 3781 2453 Ni-

2235 2488 2570 2558 cephorum,
2617 2497 2839 2560 postera
2879 2489 2991 2556 die,
3028 2506 3138 2560 qua
3187 2499 3444 2546 sanctum
3477 2489 3782 2546 celebratum

2235 2589 2321 2636 est
2374 2580 2606 2646 Pascha,
2653 2580 2900 2636 Caesares
2930 2581 3234 2647 ordinavit,
3265 2581 3582 2652 patriarcha
3606 2579 3784 2635 oratio-

2237 2687 2362 2752 nem
2390 2672 2651 2739 faciente,
2678 2681 2734 2728 et
2766 2667 3204 2745 imperatoribus
3239 2689 3414 2744 super
3445 2687 3540 2729 eos
3564 2672 3782 2743 chlamy-

2238 2765 2338 2820 des
2365 2774 2422 2820 et
2445 2764 2767 2822 Ctesaricias
2811 2765 3230 2836 imponentibus
3250 2765 3456 2836 galeas.
3488 2764 3608 2821 Pari
3646 2763 3786 2819 modo

2236 2870 2294 2920 et
2337 2860 2611 2928 Nicetam,
2657 2859 3022 2916 novissimum
3057 2858 3284 2913 fratrem
3329 2873 3548 2922 eorum,
3586 2854 3790 2911 nobilis-

2239 2954 2379 3010 simo
2432 2953 2598 3018 facto,
2649 2953 3006 3025 superposuit
3033 2953 3085 3008 ei
3111 2953 3464 3024 chlamydem
3507 2966 3712 3006 auream
3746 2956 3795 3004 et

2240 3061 2538 3113 coronam;
2568 3056 2624 3101 et
2657 3047 2734 3101 ita
2764 3054 3176 3116 processerunt,
3209 3044 3556 3118 iactantibus
3583 3042 3793 3112 impera-

2244 3137 2458 3192 toribus
2497 3137 2774 3208 hypatiam
2819 3137 3054 3193 trimisia
3090 3137 3204 3208 (87)
3263 3144 3322 3191 et
3371 3134 3588 3192 semisia
3613 3140 3665 3188 et
3705 3147 3797 3188 nn-

2165 3199 2210 3262 c
2243 3229 2500 3286 mismata
2527 3245 2690 3296 nova,
2718 3245 2895 3300 usque
2928 3229 2998 3285 ad
3029 3230 3280 3302 Magnam
3307 3227 3620 3285 ecclesiam.

2311 3325 2471 3376 Anno
2501 3321 2720 3392 imperii
2747 3322 3097 3378 Constantini
3123 3321 3193 3377 29
3240 3320 3497 3391 ingressa
3523 3325 3606 3374 est
3629 3316 3796 3371 urbem

2244 3412 2480 3468 Hcirene
2515 3413 2583 3468 ab
2605 3414 2840 3470 Athenis
2864 3414 3096 3470 venie’ns
3125 3413 3501 3468 dromonibus
3531 3421 3586 3468 et
3605 3409 3800 3465 chelan-

2243 3504 2349 3560 diis
2385 3505 2664 3576 plurimis,
2723 3505 3011 3562 adornatis
3039 3505 3236 3562 sericis
3259 3504 3472 3576 palliis,
3503 3513 3557 3559 et
3591 3500 3800 3573 proceri-

2243 3597 2349 3653 bus
2400 3598 2560 3653 urbis
2585 3614 2713 3654 cum
2748 3599 3021 3656 uxoribus
3049 3599 3274 3654 obviam
3306 3595 3727 3654 occurrentibus
3753 3599 3801 3648 et

2243 3691 2686 3762 praecedentibus
2735 3706 2879 3748 eam.
2933 3691 3184 3763 Cumque
3226 3690 3546 3761 patriarcha
3585 3687 3802 3743 venisset

2243 3783 2314 3840 ad
2380 3785 2645 3855 palatium
2697 3784 2756 3840 in
2793 3785 3088 3842 ecclesiam
3143 3783 3333 3850 Phari,
3397 3782 3539 3838 facta
3584 3789 3706 3836 sunt
3746 3776 3803 3832 ad

2244 3877 2495 3934 eamdem
2545 3876 2840 3932 Heirenem
2873 3875 3075 3932 Leonis
3123 3873 3481 3946 imperatoris
3534 3869 3800 3944 sponsalia.

2244 3979 2304 4025 et
2335 3969 2552 4024 decimo
2569 3976 2727 4024 sexto
2754 3968 3026 4026 Kalendas
3047 3966 3342 4024 Ianuarias
3370 3973 3632 4022 coronata
3657 3971 3735 4019 est
3755 3962 3803 4017 in

2247 4061 2489 4118 triclinio
2508 4061 2767 4132 Augusta:
2807 4061 3132 4132 imperatrix
3162 4060 3429 4116 lien-ene.
3454 4059 3586 4128 Qua:
3608 4073 3722 4115 cum
3745 4054 3802 4110 ad

2245 4154 2548 4210 oratorium
2581 4153 2639 4210 S.
2673 4152 2944 4224 Stephani
2973 4154 3142 4208 situm
3187 4152 3245 4207 in
3304 4153 3537 4224 Daphne
3583 4149 3804 4211 abiisset,

2244 4246 2460 4316 accepit
2485 4247 2806 4317 nuptiarum
2833 4261 3094 4302 coronam
3120 4261 3229 4300 una
3263 4261 3392 4300 cum
3425 4244 3541 4300 filio
3557 4242 3804 4299 Constan-

2245 4335 2382 4399 tini.
2445 4337 2674 4408 praelato
2733 4337 2994 4394 videlicet
3051 4337 3390 4408 imperatore
3443 4337 3650 4392 Leone.
3708 4329 3808 4387 Hoc

2243 4430 2412 4488 etiam
2454 4445 2600 4485 anno
2627 4429 2770 4485 facta
2797 4439 2884 4486 est
2907 4428 3267 4486 commutatio
3323 4429 3380 4483 in
3429 4428 3589 4500 Syria
3620 4425 3716 4480 viri
3748 4421 3806 4478 ad

549 4507 763 4579 Optima
792 4507 1039 4580 Byzantii
1075 4509 1488 4576 eratcaznobia,
1522 4510 1795 4568 militibus
1836 4511 1890 4566 in
1921 4510 2132 4566 habita-

2243 4524 2429 4579 v-irum
2448 4530 2509 4578 et
2531 4522 2752 4579 feminae
2791 4523 2861 4578 ad
2892 4522 3153 4578 feminam
3186 4530 3245 4578 et
3275 4523 3437 4592 pueri
3470 4520 3716 4577 similiter
3748 4513 3807 4570 ad

550 4601 737 4657 culum
770 4602 998 4670 tribuit;
1027 4617 1092 4658 ea
1123 4617 1245 4672 quae
1269 4602 1535 4659 dicuntur
1559 4602 1860 4660 Callistrati
1883 4614 1937 4660 et
1960 4605 2045 4660 Dii
2078 4618 2132 4659 ac

2245 4631 2501 4688 puerum.
2539 4616 2609 4671 Et
2629 4615 2895 4688 praecepit
2925 4615 3168 4671 Abdelas
3215 4615 3334 4670 radi
3378 4614 3584 4670 barbas
3613 4622 3804 4672 eorum,

551 4693 832 4749 Maximini
854 4695 1214 4759 monasteria,
1246 4711 1465 4752 necnon
1495 4704 1552 4752 et
1596 4697 1736 4755 alias
1781 4713 1970 4754 sacras
2017 4713 2142 4752 mo-

549 4789 852 4842 nacharum
880 4804 943 4842 ac
972 4789 1249 4859 virginum
1293 4787 1508 4854 domos,
1535 4805 1567 4844 a
1617 4789 1993 4848 fundamentis
2039 4790 2140 4846 de-

547 4879 772 4936 struxit.
811 4879 920 4936 Eos
952 4895 1087 4937 vero
1112 4883 1207 4951 qui
1251 4883 1616 4940 monasticam
1661 4883 1850 4941 subire
1876 4883 2047 4939 vitam
2071 4900 2141 4939 ex

547 4969 862 5041 insignibus
891 4970 1168 5027 militibus
1193 4972 1281 5028 vel
1311 4973 1669 5031 senatoribus
1697 4975 2050 5040 studuerant,
2083 4984 2142 5030 et

544 5063 787 5118 maxime
811 5061 935 5118 illos
956 5061 1053 5133 qui
1083 5063 1188 5118 sibi
1217 5063 1569 5124 adhaeserant
1591 5073 1649 5122 et
1672 5066 1981 5137 complices
2011 5066 2141 5120 libi-

547 5155 696 5210 diuis
727 5171 841 5211 suae
886 5172 952 5212 ac
977 5156 1349 5213 nefandorum
1398 5168 1622 5216 actuum
1669 5159 1914 5227 fuerant,
1975 5160 2143 5214 morti

547 5245 841 5313 subdebat,
863 5249 1144 5318 suspectui
1175 5249 1387 5306 habens
1436 5251 1843 5317 confusionem,
1876 5267 2000 5322 qua:
2032 5250 2140 5306 sibi

547 5352 615 5393 ex
647 5339 1203 5408 pronuntiationibus
1249 5339 1407 5397 fieret
1437 5342 1847 5412 propalantium
1870 5358 1950 5398 se.
1982 5341 2140 5399 Unde

547 5436 602 5482 et
635 5427 973 5501 Strategium
996 5430 1346 5502 Podopaguri
1375 5431 1631 5496 fratrem,
1667 5448 1795 5487 cum
1842 5439 1992 5488 esset
2041 5449 2135 5486 ur—

548 5519 730 5575 banus
781 5521 992 5592 specie,
1053 5524 1404 5595 assumpsit:
1449 5525 1671 5580 amabat
1723 5526 1871 5580 enim
1935 5524 2138 5580 talibus

2242 4715 2300 4763 et
2323 4706 2444 4764 fieri
2468 4707 2815 4764 calamaucos
2847 4708 3021 4764 cubiti
3053 4708 3220 4763 unius
3247 4716 3304 4763 et
3329 4707 3524 4763 semis.

2322 4798 2486 4854 Anno
2545 4797 2768 4869 imperii
2821 4797 3172 4854 Constantini
3225 4796 3295 4854 50
3347 4795 3630 4851 Adrianus
3681 4786 3808 4846 sedis

2243 4890 2560 4962 apostolicae
2615 4889 2816 4960 praesul
2870 4890 3126 4946 habetur.
3187 4883 3398 4945 Eodem
3454 4901 3601 4942 anno
3657 4876 3810 4938 movit

2243 4979 2551 5036 exercitum
2597 4980 2841 5034 Banacas
2874 4990 3069 5036 contra
3129 4978 3482 5042 Romaniam,
3533 4985 3591 5032 et
3628 4971 3808 5028 multos

2243 5072 2492 5144 captivos
2522 5071 2789 5138 abduxit,
2837 5078 2894 5126 et
2926 5071 3160 5127 Romani
3205 5080 3463 5141 quartam
3513 5063 3809 5124 Armeniam

2243 5165 2478 5236 ingressi
2542 5164 2999 5236 despoliaverunt
3060 5179 3205 5221 eam.
3257 5164 3533 5217 Prteterea
3594 5156 3807 5213 moritur

2245 5255 2465 5323 Salech,
2529 5265 2586 5313 et
2651 5257 2918 5312 translata
2978 5263 3061 5311 est
3129 5253 3480 5310 Germanicis
3544 5252 3599 5307 in
3655 5246 3810 5305 Palae-

2243 5348 2468 5404 stinam.

2316 5439 2526 5497 Eodem
2560 5457 2692 5498 vero
2721 5457 2867 5498 anno
2899 5442 3148 5496 imitatus
3175 5437 3611 5494 Lachanodraco
3655 5430 3811 5502 magi-

2246 5542 2421 5588 strum
2450 5549 2634 5598 suum,
2675 5551 2894 5590 onmem
2931 5532 3263 5590 monachum
3312 5541 3365 5590 et
3413 5527 3734 5586 monacham
3763 5523 3810 5577 in

3745 5610 3773 5638 ο

2027 5644 2257 5706 ΝΟΤιΕ.

623 5732 734 5800 (87)
757 5733 1024 5790 Trimisia.
1057 5736 1243 5790 Anast.
1279 5735 1333 5790 in
1375 5737 1570 5791 exsilio
1599 5735 1656 5792 S.
1688 5737 1846 5792 Mart.
1878 5754 1893 5792 ε

553 5801 620 5859 V.
657 5803 897 5882 Scaliger
926 5805 1001 5859 De
1025 5823 1080 5861 re
1112 5823 1314 5861 numm.
1337 5816 1392 5862 et
1415 5808 1648 5864 Salinas.
1679 5808 1749 5864 ad
1774 5807 1836 5865 ll.
1867 5809 1930 5864 A.
1962 5801 2122 5867 Fusa.

1937 5738 2172 5817 ¢_Usaue
2218 5745 2283 5800 ad
2329 5762 2498 5802 unum
2539 5746 2830 5802 trimisium
2866 5746 3204 5802 frumentum
3253 5743 3401 5817 potui
3433 5752 3760 5808 comparare.
3789 5751 3808 5786 ι
