4100 6476
415 476 550 538 1389

1221 475 1588 535 IliSTORlA
1625 473 2200 534 ECCLESIASTICA
2235 476 2338 535 EX
2372 476 2853 538 THEOPHANE.

3532 473 3670 535 1390

411 596 652 649 themate
685 588 1114 643 Thracesiorum
1158 597 1565 643 commorantes
1615 587 1758 658 apud
1795 587 1980 657 Ephe-
2014 593 2052 648 Α
2085 587 2286 643 derunt
2341 605 2408 643 ex
2471 589 2746 645 Arabibus
2797 592 2965 645 mille.
3020 592 3118 645 Ast
3175 587 3412 644 Abdelas
3471 586 3668 641 abiens

409 699 528 739 sum
580 681 950 752 congregavits
1005 690 1062 734 et
1119 681 1338 734 eductis
1371 680 1530 736 eisin
1559 695 1812 750 campum
1847 680 1986 733 dixit

406 778 471 832 ad
509 791 643 830 eos:
676 773 778 840 Qui
822 773 933 828 vult
960 772 1270 843 imperatori
1296 789 1358 826 ac
1387 773 1533 826 nobis
1585 771 1813 841 obedire,
1863 771 1985 824 alba

405 869 665 922 induatur
714 874 852 919 veste
884 873 934 917 et
982 865 1035 917 in
1093 865 1192 917 hac
1239 865 1368 917 hora
1397 873 1573 918 sumat
1610 877 1868 916 uxorem:
1906 871 1987 916 ast

407 963 496 1031 qui
538 961 632 1012 hoc
664 957 836 1028 facere
883 957 1033 1027 parvi
1061 957 1361 1026 penderint,
1389 957 1583 1027 privati
1619 955 1901 1008 luminibus
1933 955 1989 1008 in

409 1053 583 1123 Cypro
605 1049 788 1104 exsilio
809 1050 1226 1103 danmabuntur.
1248 1049 1499 1119 Tumque
1518 1064 1656 1117 opus
1677 1062 1804 1102 eum
1819 1047 1989 1101 verbo

409 1145 614 1215 pariter
662 1150 1104 1198 consummatum
1161 1150 1283 1206 est,
1339 1151 1395 1196 et
1443 1141 1601 1194 multi
1647 1139 1840 1194 eodem
1900 1138 1989 1194 die

411 1247 678 1308 martyres
723 1242 853 1291 sunt
889 1235 1119 1301 ostensi,
1177 1235 1336 1288 multi
1374 1249 1509 1288 vero
1563 1232 1886 1288 deficientes
1934 1241 1991 1286 et

408 1327 654 1381 enervati
684 1327 993 1395 perierunt,
1057 1340 1198 1394 quos
1238 1334 1293 1379 et
1339 1324 1638 1378 familiares
1677 1323 1781 1377 sibi
1815 1325 1991 1377 Draco

408 1415 666 1470 faciebat.
701 1416 975 1470 Praeterea
1006 1414 1307 1470 indictione
1351 1430 1494 1468 nona
1525 1455 1538 1474 ,
1573 1428 1761 1468 mense
1789 1412 1992 1467 Janua-

410 1509 516 1574 rio,
563 1516 725 1562 natus
757 1518 841 1562 est
878 1507 1199 1576 imperatori
1246 1505 1420 1560 Leoni
1452 1513 1508 1559 et
1540 1503 1790 1559 lleirena:
1823 1503 1988 1567 illius,

409 1603 502 1672 qui
536 1602 854 1654 nominatus
898 1610 984 1655 est
1011 1599 1429 1665 Constantinus,
1464 1597 1594 1654 dum
1629 1595 1812 1652 adhuc
1837 1595 1992 1650 vive-

414 1704 497 1749 ret
528 1695 924 1748 Constantinus
952 1709 1087 1747 avus
1120 1694 1261 1762 ejus.
1385 1753 1390 1760 ,

481 1786 640 1838 Anno
697 1783 915 1853 imperii
964 1782 1314 1838 Constantini
1369 1783 1431 1837 5i
1471 1783 1646 1838 movit
1687 1778 1992 1837 exercitum

409 1879 652 1932 Banacas
678 1887 872 1931 contra
904 1877 1248 1941 Romaniam,
1286 1883 1343 1930 et
1374 1892 1497 1930 cum
1523 1876 1898 1930 descendisset
1924 1872 1992 1927 ab

2092 678 2523 751 Hierosolymam
2544 681 2833 751 jejunavit,
2869 691 2925 737 et
2961 682 3220 752 praecepit
3248 678 3476 734 inscribi
3510 678 3674 732 Chri-

2091 771 2298 824 stianos
2330 782 2384 825 et
2413 771 2672 825 Hebraeos
2708 772 2762 825 in
2800 773 3091 839 manibus;
3145 779 3201 827 et
3244 771 3455 825 idcirco
3504 767 3668 823 multi

2089 859 2528 917 Christianorum
2586 879 2684 932 per
2740 879 2893 919 mare
2956 865 3011 919 in
3085 864 3412 919 Romaniam
3471 857 3675 916 confu-

2091 963 2308 1025 gerunt.

2163 1047 2320 1101 Anno
2351 1047 2566 1118 imperii
2613 1048 2697 1103 sui
2733 1049 2801 1104 5'5
2833 1047 3004 1102 movit
3031 1047 3452 1112 Constantinus,
3478 1061 3671 1100 mense

2093 1139 2233 1194 Maio
2267 1141 2606 1198 duodecima:
2638 1142 2980 1206 indictionis,
3006 1141 3207 1196 stolum
3241 1139 3666 1195 chelandiorum

2095 1229 2182 1285 bis
2211 1230 2445 1285 millium
2472 1242 2664 1288 contra
2691 1231 3030 1304 Vulgariam.
3066 1231 3132 1286 Et
3161 1232 3442 1301 ingressus
3473 1232 3591 1300 ipse
3615 1231 3672 1283 in

2096 1324 2264 1377 rubea
2294 1324 2583 1380 ehelandia
2605 1335 2787 1379 motus
2810 1335 2893 1379 est
2919 1329 2985 1379 ad
3010 1324 3326 1379 intrandum
3353 1321 3666 1376 Danubium

2095 1431 2334 1478 amnem,
2366 1417 2647 1473 derelictis
2683 1432 2902 1487 quoque
2941 1416 3271 1486 praetoribus
3327 1415 3672 1485 equestrium

2098 1509 2402 1563 thematum
2443 1524 2594 1564 extra
2626 1511 2931 1574 clausuras,
2963 1513 3007 1563 si
3045 1508 3184 1562 forte
3219 1515 3445 1577 possent
3471 1507 3676 1576 Vulga-

2096 1601 2251 1656 ribus
2299 1603 2355 1655 in
2394 1617 2452 1657 se
2493 1603 2758 1656 intuitum
2799 1601 3098 1670 figenti'ous
3124 1600 3354 1656 introire
3389 1599 3441 1653 in
3474 1599 3676 1670 Vulga-

2097 1694 2254 1747 riam.
2297 1693 2434 1748 Cum
2479 1703 2664 1749 autem
2697 1695 2938 1748 venisset
2973 1709 3146 1762 usque
3182 1692 3248 1746 ad
3283 1691 3491 1746 Barnas
3515 1732 3528 1753 ,
3567 1690 3680 1743 for-

2097 1785 2345 1851 midavit,
2400 1797 2457 1842 et
2497 1788 2682 1841 redire
2727 1787 3116 1841 meditabatur.
3163 1785 3268 1840 Sed
3318 1793 3375 1840 et
3412 1785 3680 1854 Vulgares

2099 1879 2370 1944 videntes,
2416 1895 2479 1934 ac
2531 1879 2696 1933 simili
2744 1895 2948 1948 pavore
3003 1886 3345 1941 metuentes,
3405 1877 3680 1930 miserunt

412 1969 667 2026 Hisauria
725 1969 781 2022 in
829 1978 1072 2022 castrum
1138 1967 1313 2031 Sices,
1363 1967 1584 2022 obsedit
1624 1967 1782 2021 illud.
1835 1965 1992 2031 Quod
2022 1951 2305 2024 B'Boilam
2337 1980 2393 2027 et
2416 1971 2682 2041 Tzigaten
2725 1980 2979 2042 petentes
3016 1985 3225 2040 pacem.
3261 1969 3411 2034 Quos
3437 1984 3562 2023 cum
3593 1967 3678 2021 vi-

411 2079 538 2119 cum
593 2060 840 2116 audisset
886 2061 1210 2129 imperator,
1262 2059 1484 2128 scripsit
1551 2056 1618 2112 ad
1672 2055 1991 2111 Michaclem

411 2165 704 2228 praetorem
736 2151 1100 2207 Orientalium
1126 2159 1180 2205 et
1213 2149 1290 2204 ad‘
1315 2149 1498 2204 Manin
1523 2149 1993 2204 Buccellariorum

410 2256 468 2301 et
503 2243 734 2298 Bardam
772 2241 1228 2297 Armeniacorum
1274 2248 1567 2310 prmtores;
1612 2239 1705 2308 qui
1740 2253 1866 2292 cum
1896 2250 1997 2290 ve-

409 2337 960 2397 nissent,tcnuerunt
985 2345 1269 2401 egressum
1301 2343 1518 2391 eorum,
1542 2328 1637 2397 qui
1679 2334 1803 2382 erat
1837 2327 1997 2381 clau-

410 2441 539 2481 sura
570 2424 730 2478 valde
753 2421 990 2477 diiiicilis
1012 2421 1078 2475 ad
1103 2419 1421 2475 meandum.
1453 2417 1639 2472 Stolus
1688 2425 1873 2470 autem
1903 2414 1994 2468 Ci-

410 2516 853 2588 byrrhaeotorum
889 2526 1017 2567 cum
1060 2513 1308 2566 Praetona
1331 2509 1610 2579 spathario
1631 2514 1864 2578 praetore
1897 2520 2000 2560 suo

411 2609 640 2664 veniens
665 2606 927 2676 applicuit
944 2605 1001 2659 in
1027 2614 1191 2674 portu
1217 2602 1462 2673 praedicti
1487 2601 1675 2656 castri.
1693 2599 1849 2665 Quod
1872 2613 1998 2652 cum

408 2701 657 2755 'Banacas
699 2698 946 2756 vidisset,
1006 2696 1095 2750 sui
1135 2695 1465 2764 desperatus
1499 2690 1758 2745 ﬁduciam
1806 2701 2000 2743 rursus

413 2792 667 2854 assumit,
713 2805 953 2858 suosque
993 2773 1202 2842 alacres
1230 2786 1430 2848 reddit,
1485 2793 1542 2838 et
1584 2781 1896 2836 ascendens
1927 2778 1999 2834 ad

412 2891 702 2952 equestres
731 2881 1008 2935 exercitus
1053 2877 1268 2947 magnis
1319 2881 1376 2930 et
1430 2872 1738 2943 repentinis
1767 2869 2002 2926 vocibus

415 2988 544 3028 cum
578 2971 840 3025 omnibus
888 2968 1003 3024 suis
1057 2968 1354 3021 clamorem
1401 2965 1580 3029 dedit,
1629 2963 1820 3032 sicque
1876 2961 2004 3015 illos

415 3065 645 3120 territos
685 3063 870 3133 fugat,
925 3060 1226 3128 multisque
1283 3056 1592 3129 peremptis
1653 3051 2003 3124 depraedatus

415 3168 507 3216 est
527 3157 712 3214 omnia
729 3156 879 3210 circa
921 3152 1176 3224 regiones
1193 3151 1339 3214 illas,
1364 3157 1421 3205 et
1449 3163 1576 3204 cum
1597 3146 1794 3217 spoliis
1815 3142 2006 3198 multis

419 3267 680 3308 reversus
705 3256 811 3306 εει.

491 3344 698 3400 Eodem
724 3353 948 3412 quoque
977 3353 1125 3395 anno
1156 3338 1327 3393 misso
1351 3333 1780 3391 Thracesiorum
1804 3339 2004 3402 praetor

421 3436 854 3494 Lachanodraco
898 3433 1086 3488 Leone
1119 3429 1337 3486 notario
1362 3443 1465 3483 suo
1497 3438 1553 3481 et
1596 3425 1783 3480 Leone
1817 3436 2007 3477 exmo-

419 3532 603 3588 naeho
631 3527 979 3585 venundavit
1009 3523 1196 3580 omnia
1229 3519 1589 3581 monasteria,
1619 3516 1870 3571 virorum
1902 3511 2010 3568 sci-

421 3625 559 3681 licet
583 3633 641 3678 et
667 3620 1018 3684 feminarum,
1043 3627 1101 3672 et
1126 3615 1310 3671 omnia
1343 3627 1473 3668 vasa
1506 3617 1723 3666 sacrata
1753 3617 1809 3663 et
1836 3606 2008 3661 libros

421 3725 483 3772 et
515 3729 739 3785 pecora,
768 3719 1079 3780 etquaeque
1109 3705 1572 3777 patrimoniorum
1601 3716 1797 3756 eorum
1828 3705 2007 3762 erant,

396 3802 486 3867 vet
514 3810 709 3863 horum
741 3805 921 3877 pretia
971 3801 1209 3874 principi
1235 3799 1456 3855 detulit.
1511 3796 1793 3865 Quotquot
1823 3801 2008 3847 autem

425 3902 733 3958 monachos
764 3907 822 3954 et
855 3907 1116 3969 paternos
1172 3895 1347 3949 libros
1399 3891 1629 3961 reperit,
1682 3890 1809 3958 igne
1864 3898 2014 3942 com-

425 3995 638 4058 bussit;
687 4000 746 4046 et
785 3989 967 4045 sicubi
993 3988 1268 4057 lipsanum
1299 3983 1476 4039 sancti
1513 3982 1636 4052 quis
1671 3979 1882 4034 habens
1911 3992 2008 4044 ap-

424 4089 709 4161 paruisset
749 4084 818 4140 ad
852 4082 1186 4144 custodiam,
1215 4089 1273 4133 et
1305 4079 1413 4132 hoc
1456 4090 1680 4146 quoque
1731 4070 2014 4127 nihilomi-

423 4198 534 4238 nus
567 4179 677 4252 igni
705 4177 994 4241 tradebat,
1025 4189 1153 4229 eum
1197 4188 1332 4228 vero
1361 4170 1457 4240 qui
1493 4168 1734 4224 habebat
1770 4165 1928 4229 illud,
1953 4172 2015 4218 ut

424 4275 598 4344 impie
625 4279 878 4344 agentem
907 4266 1192 4338 puniebat.
1227 4263 1297 4317 Et
1327 4263 1530 4317 multos
1557 4258 1782 4329 quidem
1817 4271 2014 4311 mona-

423 4367 659 4422 chorum
683 4360 1012 4416 verberibus
1055 4354 1355 4417 interfecit,
1399 4351 1666 4422 quosdam
1697 4349 1865 4405 etiam
1895 4349 2011 4419 gla-

421 4457 522 4515 dio
576 4450 893 4509 trucidavit.
933 4451 1208 4504 Praeterea
1238 4441 1676 4499 innumera-biles
1723 4441 2010 4495 oculorum

420 4549 640 4606 visibus
679 4543 996 4605 exorbavit;
1047 4551 1104 4594 et
1135 4535 1504 4608 quorumdam
1535 4533 1762 4604 quidem
1809 4530 2012 4587 barbas

421 4658 556 4699 cera
585 4649 642 4696 et
675 4639 800 4694 oleo
830 4647 1147 4707 perungens
1197 4627 1571 4686 suecendebat
1606 4627 1811 4695 ignem,
1841 4631 1898 4677 et
1937 4621 2009 4675 ita

421 4745 540 4792 tam
567 4733 734 4789 facies
765 4743 960 4786 eorum
989 4741 1154 4797 quam
1184 4724 1364 4793 capita
1396 4719 1811 4778 concremabat.
1838 4719 2011 4772 Porro

421 4828 564 4884 alios
598 4831 722 4895 post
751 4822 956 4876 multos
1007 4817 1290 4873 cruciatus
1315 4813 1530 4870 exsiliis
1581 4810 1922 4870 destinabat,
1956 4815 2014 4862 et

419 4927 708 4991 postremo
761 4930 870 4968 non
896 4910 1145 4967 deseruit
1194 4909 1251 4963 in
1287 4916 1404 4961 toto
1455 4906 1699 4960 themate
1747 4903 1853 4958 sibi
1881 4901 2013 4956 sub-

418 5010 568 5079 jecto
593 5004 874 5058 hominem
910 5016 1079 5055 unum
1117 4999 1426 5053 monastico
1452 4997 1734 5051 schemate
1767 4995 2010 5048 circuat-

347 5143 358 5154 .
420 5099 711 5155 amictum.
745 5095 899 5162 Quod
945 5109 1072 5148 cum
1116 5094 1418 5161 imperator
1464 5089 1777 5145 didicisset.
1805 5087 2010 5141 bonum

419 5204 646 5259 semper
681 5202 907 5243 exosum
945 5184 1178 5246 habens,
1217 5181 1440 5249 scripsit
1465 5179 1516 5234 ei
1547 5178 1753 5249 gratias
1777 5177 2008 5231 dicens:

420 5283 610 5340 Inveni
635 5289 682 5334 te
720 5280 894 5333 virum
919 5275 1208 5332 secundum
1233 5290 1322 5326 cor
1345 5289 1537 5334 meum,
1564 5271 1656 5341 qui
1680 5270 1809 5338 facis
1831 5283 2012 5322 omnes

419 5375 728 5432 voluntates
763 5389 927 5428 meas.
974 5369 1133 5426 Hunc
1159 5383 1293 5439 ergo
1321 5369 1607 5423 imitantes
1629 5376 1686 5423 et
1713 5366 1899 5422 caeteri
1934 5365 2010 5420 si-

421 5472 577 5526 milia
607 5468 1026 5540 perpetrabant.

497 5565 655 5620 Anno
699 5563 913 5632 imperii
957 5557 1303 5615 Constantini
1350 5559 1420 5612 5‘2
1463 5557 1613 5611 misit
1660 5555 1902 5612 Abdelas
1955 5555 2010 5609 in

347 5696 358 5703 .
420 5655 662 5712 Africam
703 5651 1061 5707 Mualabitum
1106 5664 1232 5704 cum
1277 5648 1522 5703 exercitu
1571 5647 1772 5714 multo,
1817 5656 1876 5701 et
1925 5646 2010 5699 in-

420 5761 647 5821 gressus
673 5753 758 5800 est
782 5743 1051 5814 Alphadal
1079 5742 1321 5796 Badinar
1346 5742 1400 5793 in
1437 5739 1763 5794 Romaniam
1784 5782 1798 5805 ,
1835 5747 1890 5793 et
1915 5753 2010 5794 ce-

421 5843 510 5914 pit-
539 5839 788 5909 captivos
812 5837 1169 5906 quingentos.
1203 5833 1673 5902 Mopsuestienses
1703 5843 1887 5887 autem
1911 5833 2012 5887 ob-

421 5936 571 5989 viam
611 5932 693 5987 eis
720 5939 1084 5987 occurrentes
1121 5935 1176 5983 et
1225 5927 1434 5981 bellum
1473 5927 1816 5997 exagitantcs
1855 5926 2007 5980 oeci—

2097 2062 2269 2118 disset
2315 2063 2635 2133 imperator,
2666 2064 2885 2133 gavisus
2910 2071 2991 2118 est
3021 2073 3074 2117 et
3123 2078 3313 2132 pacem
3346 2060 3497 2124 fecit,
3537 2075 3682 2130 prae-

2098 2155 2227 2209 stito
2252 2153 2495 2210 vicissim
2528 2155 2887 2226 jurejurando
2912 2162 3184 2225 quatenus
3214 2169 3395 2222 neque
3415 2153 3683 2222 Volgares

2097 2248 2314 2302 exirent
2339 2255 2529 2301 contra
2547 2247 2872 2301 Romaniam
2901 2263 3083 2316 neque
3110 2247 3408 2316 imperator
3433 2244 3685 2299 studeret

2100 2339 2476 2410 inVuigariam
2507 2340 2733 2393 intrare.
2751 2339 2822 2393 Et
2849 2337 3010 2393 factis
3034 2353 3202 2406 super
3229 2337 3334 2391 hoc
3355 2352 3422 2391 ex
3449 2343 3686 2404 utraque

2101 2439 2257 2500 parte
2282 2429 2582 2500 scripturis
2604 2430 2670 2484 ad
2699 2430 2940 2484 invicem
2971 2443 3228 2484 reversus
3261 2435 3347 2482 est
3383 2427 3685 2496 imperator

2100 2531 2158 2578 et
2191 2523 2386 2577 urbem
2428 2523 2543 2577 adit
2567 2563 2582 2587 ,
2618 2524 2816 2577 laxatis
2849 2522 3131 2577 derelictis
3177 2537 3245 2576 ex
3277 2521 3536 2575 omnibus
3567 2521 3690 2575 the-

2102 2614 2347 2669 matibus
2391 2613 2449 2667 in
2512 2614 2712 2669 castris
2759 2630 2880 2683 qum
2928 2613 3198 2668 condidit.
3247 2612 3515 2668 Octobrio
3553 2625 3692 2667 vero

2103 2718 2293 2761 mense
2354 2706 2664 2760 undecima:
2704 2705 3030 2760 indictionis
3064 2704 3325 2758 nuntium
3374 2703 3622 2772 suscepit
3657 2718 3689 2756 a

2105 2793 2364 2868 Vulgaria
2401 2799 2471 2852 ab
2521 2797 2757 2852 occultis
2791 2798 2988 2852 amicis
3046 2797 3180 2860 suis,
3240 2795 3385 2865 quod
3443 2795 3692 2849 mitteret

2103 2892 2365 2948 dominus
2415 2891 2691 2963 Vulgarize
2720 2891 3014 2946 duodecim
3069 2889 3246 2944 millia
3283 2905 3350 2945 ex
3399 2888 3607 2958 populo
3633 2894 3694 2941 et

2107 2983 2358 3040 Boilades
2393 2984 2461 3040 ad
2490 2982 2879 3056 captivandum
2899 2983 3190 3039 Verzitiam
3217 2991 3274 3038 et
3301 2979 3692 3037 abducendum

2105 3092 2201 3131 eos
2228 3078 2279 3130 in
2315 3075 2653 3148 Vulgariam.
2691 3077 2796 3143 Qui
2829 3093 2899 3132 ne
2919 3077 3300 3131 innotesceret
3327 3075 3476 3145 quod
3500 3084 3696 3142 contra

2106 3165 2376 3238 Vulgares
2414 3177 2733 3222 moveretur
2759 3169 2886 3237 (ven
2900 3177 3058 3221 erant
3083 3166 3230 3221 enim
3275 3165 3343 3220 ad
3377 3181 3504 3220 eum
3528 3164 3697 3236 legati

2109 3257 2320 3314 domini
2349 3256 2642 3328 Vulgari-.e)
2672 3273 2798 3313 cum
2850 3258 3032 3313 adhuc
3054 3257 3092 3311 ii
3115 3265 3305 3313 essent
3343 3257 3400 3311 in
3429 3256 3590 3321 urbe,
3624 3255 3700 3310 si-

2111 3351 2340 3406 mulavit
2368 3365 2428 3405 se
2452 3350 2719 3405 adversus
2751 3351 2961 3405 Arabes
3006 3365 3232 3405 movere
3259 3390 3273 3414 ,
3303 3357 3360 3404 et
3387 3357 3698 3403 transmea-

2109 3452 2241 3497 runt
2267 3454 2376 3497 tam
2399 3442 2598 3497 vexilla
2629 3459 2792 3512 quam
2826 3441 3200 3512 supellectiles
3228 3439 3526 3495 ministerii
3557 3439 3696 3510 regii

2107 3540 2428 3603 apparatus.
2487 3533 2625 3587 Cum
2677 3541 2864 3586 autem
2914 3530 3308 3601 apocrisiarius
3365 3529 3692 3594 dimisisset,

2109 3641 2210 3695 per
2238 3625 2623 3694 exploratores
2653 3633 2941 3694 comperto
2979 3638 3174 3678 eorum
3210 3638 3460 3694 egressu,
3484 3634 3698 3678 assum-

2110 3726 2204 3787 pto
2234 3715 2481 3771 exercitu
2536 3715 2773 3771 festinus
2800 3717 2904 3770 iter
2935 3716 3192 3786 arripuit,
3246 3725 3303 3772 et
3356 3715 3699 3771 coacervatis

2109 3809 2419 3863 thematum
2452 3808 2652 3863 laxatis
2679 3816 2735 3864 et
2764 3807 3155 3864 Thracesianis
3189 3816 3244 3863 et
3277 3808 3447 3863 unitis
3484 3809 3701 3863 ordini-

2111 3900 2219 3956 bus
2248 3900 2614 3971 optimatibus
2645 3899 2772 3954 fecit
2804 3914 2902 3955 eos
2945 3898 3013 3954 80
3040 3899 3232 3954 millia.
3268 3900 3338 3955 Et
3369 3913 3606 3970 pergens
3641 3902 3699 3955 in

2113 3995 2298 4050 locum
2326 3993 2421 4064 qui
2441 3993 2647 4048 dicitur
2671 3993 3008 4057 Lithosoria,
3035 3993 3246 4049 nullius
3276 3994 3420 4048 tuba:
3441 3994 3702 4065 clangore

2116 4094 2368 4147 sonante,
2395 4085 2686 4142 irruerunt
2727 4101 2894 4156 super
2922 4085 3068 4151 illos,
3095 4095 3153 4141 et
3193 4094 3415 4142 vertens
3444 4100 3542 4141 eos
3572 4083 3703 4141 fecit

2113 4180 2405 4235 victoriam
2451 4195 2728 4251 magnam,
2780 4190 2836 4234 et
2883 4195 3009 4235 cum
3040 4178 3233 4232 multis
3268 4177 3484 4233 exuviis
3520 4186 3577 4233 et
3608 4193 3702 4233 ca-

2113 4270 2282 4340 ptivis
2309 4284 2566 4326 reversus
2606 4278 2690 4324 est
2719 4311 2733 4335 ,
2781 4268 3049 4339 triumphi
3098 4269 3182 4323 sui
3240 4268 3482 4338 trophaea
3531 4283 3702 4339 penes

2115 4363 2314 4417 urbem
2365 4369 2672 4425 ostentans,
2725 4370 2779 4415 et
2817 4360 3101 4430 obsequiis
3140 4359 3485 4428 constipatus
3544 4359 3701 4414 ince-

2115 4455 2276 4523 dens,
2309 4455 2630 4524 bellumque
2670 4453 2775 4508 hoe
2829 4453 3014 4508 nobile
3068 4466 3418 4522 nuncupans,
3453 4465 3520 4507 eo
3550 4454 3698 4522 quod

2115 4561 2280 4600 nemo
2309 4545 2414 4601 sibi
2450 4545 2736 4610 restiterit,
2771 4557 2876 4598 nec
2903 4541 3164 4596 mactatio
3203 4542 3257 4595 in
3295 4542 3400 4597 hoc
3427 4550 3524 4596 aut
3551 4544 3702 4597 etfu-

2047 4663 2087 4717 D
2116 4637 2202 4693 sio
2229 4635 2529 4693 Christiani
2567 4635 2708 4691 facta
2736 4635 2906 4690 fuerit
2932 4633 3237 4704 sanguinis.

2186 4729 2346 4784 Anno
2394 4728 2612 4798 imperii
2663 4727 2749 4783 sui
2782 4728 2852 4782 54
2886 4727 3287 4783 Constantinus
3317 4725 3544 4783 solvens
3568 4728 3701 4783 Vul-

2115 4835 2308 4891 garum
2345 4833 2536 4889 pacem
2573 4818 2883 4873 construxit
2935 4818 3134 4872 iterum
3187 4819 3391 4872 stolum
3437 4818 3696 4876 multum.

2113 4921 2172 4967 et
2213 4912 2555 4966 intromissis
2581 4913 2638 4966 in
2665 4926 2793 4965 eum
2838 4910 3088 4979 equitum
3121 4910 3188 4963 12
3223 4910 3470 4964 millibus
3497 4910 3700 4965 direxit

2114 5015 2378 5074 praetores
2408 5005 2663 5061 classium
2713 5019 2906 5059 omnes
2945 5003 2999 5057 in
3040 5002 3156 5067 illo,
3186 5003 3302 5072 ipse
3330 5016 3462 5056 vero
3499 5001 3700 5056 timens

2118 5093 2319 5148 mansit
2359 5109 2486 5148 cum
2538 5094 2782 5168 equestri
2835 5093 3049 5147 militia.
3098 5091 3235 5148 Cum
3284 5102 3470 5146 autem
3521 5104 3698 5156 usque

2115 5186 2496 5241 Mesembriam
2546 5187 2832 5242 venissent
2872 5195 2928 5240 et
2968 5187 3109 5240 hanc
3156 5185 3392 5239 fuissent
3441 5185 3694 5256 ingressi,

2115 5279 2366 5332 valenter
2409 5277 2670 5348 aquilone
2703 5289 2866 5333 vento
2895 5279 3137 5348 spirante
3165 5276 3349 5331 omnia
3381 5291 3522 5347 pene
3559 5292 3696 5331 con-

2117 5370 2245 5424 trita
2274 5378 2402 5423 sunt
2427 5378 2482 5424 et
2511 5371 2669 5425 multi
2697 5371 3006 5440 perierunt,
3057 5377 3112 5422 et
3160 5368 3344 5432 rediit,
3383 5384 3510 5422 cum
3555 5367 3695 5422 nihil

2116 5464 2375 5518 utilitatis
2406 5465 2703 5518 attulisset.
2737 5463 2911 5517 Porro
2957 5461 3246 5530 Telerigus
3279 5460 3537 5515 dominus
3567 5460 3698 5513 Vul-

2115 5557 2282 5628 gariw
2304 5563 2590 5626 comperto
2619 5555 2766 5625 quod
2799 5570 2896 5624 per
2921 5554 3223 5608 familiares
3248 5569 3378 5608 suos
3399 5555 3698 5622 imperator

2113 5647 2349 5702 consilia
2377 5662 2475 5700 sua
2505 5652 2884 5715 cognosceret,
2945 5645 3139 5698 scribit
3173 5645 3222 5700 ei
3250 5644 3470 5699 dicens:
3503 5643 3698 5697 Vellem

2115 5743 2340 5810 effugere
2371 5747 2420 5792 et
2443 5741 2618 5792 venire
2643 5739 2710 5792 ad
2737 5745 2805 5792 te.
2836 5738 3154 5792 Trnusmitte
3173 5755 3296 5808 ergo
3331 5738 3460 5790 mihi
3487 5736 3698 5790 verbum

2116 5835 2416 5887 securitatis
2449 5847 2598 5895 mete,
2637 5841 2684 5884 et
2716 5848 2843 5901 quos
2875 5831 3031 5884 Imfvr-s
3069 5832 3150 5884 hic
3177 5832 3394 5895 amicos,
3424 5838 3480 5882 ut
3507 5831 3600 5882 hoc
3625 5829 3696 5882 eis

2116 5926 2330 5979 credant
2376 5933 2422 5978 et
2462 5941 2662 5977 merum
2720 5931 3018 5976 occurrunt.
3059 5923 3127 5976 At
3175 5923 3262 5977 illc
3308 5921 3532 5976 levitate
3566 5933 3700 5974 usus
