4100 6472
510 442 649 512 1301

1616 437 2019 500 ANASTASII
2066 406 2697 502 BIBLIQ’I‘HECARII

3625 446 3743 515 1392

515 557 748 630 scripsit
781 554 855 611 ei.
905 553 1162 622 Quicum
1198 554 1316 610 haec
1346 551 1654 616 didicisset,
1704 567 1804 622 per
1855 551 2098 607 medium
2127 563 2179 620 Α
2204 553 2450 608 stantino
2474 569 2538 609 ac
2577 553 2788 609 semine
2833 553 3103 624 ipsorum.
3139 553 3210 609 Et
3253 554 3494 613 fecerunt
3541 564 3740 633 scripta,

509 666 705 707 omnes
755 648 973 704 recidit.
1036 647 1194 714 Quod
1249 646 1482 701 audiens
1538 644 1940 701 Constantinus
1993 644 2094 699 ali—

510 744 758 814 quandiu
795 757 963 797 canos
998 757 1128 796 suos
1160 740 1382 795 evulsit.

422 821 426 825 ”
579 835 741 890 Anno
770 833 988 904 imperii
1017 832 1103 887 sui
1137 826 1206 887 '55
1247 833 1570 902 imperator,
1619 847 1806 886 mense
1848 831 2096 902 Augusto

511 925 740 980 decimae
767 925 942 980 tet-tite
988 924 1329 990 indictionis,
1363 923 1536 979 exivit
1574 933 1771 978 contra
1811 923 2094 994 Vulgares.

509 1017 613 1085 Qui
645 1017 913 1076 atrociter
970 1017 1027 1071 in
1079 1017 1337 1072 cruribus
1382 1017 1652 1072 divinitus
1680 1025 1766 1071 est
1799 1030 2097 1086 percussus

508 1113 668 1182 plaga
699 1126 822 1180 qua:
846 1109 1034 1164 Graece
1057 1110 1291 1164 antbrax
1327 1110 1660 1180 appellatur,
1691 1117 1748 1163 et
1783 1109 1912 1163 hinc
1941 1106 2098 1163 febre

429 1231 438 1237 -
508 1204 848 1259 validissima
879 1212 937 1258 et
967 1203 1202 1259 medicis
1245 1213 1475 1274 propter
1514 1203 1746 1257 nimium
1777 1201 2096 1257 incendium

510 1297 698 1366 ignota
746 1296 1008 1350 detentus
1051 1295 1465 1366 Areadiopolim
1515 1296 1702 1360 rediit,
1753 1310 1782 1348 a
1833 1295 2098 1366 subjectis

507 1405 676 1458 super
703 1388 967 1443 humeros
997 1389 1054 1442 in
1081 1389 1227 1445 lecto
1267 1389 1483 1444 delatus
1502 1431 1517 1454 ,
1541 1399 1597 1443 et
1627 1389 1858 1444 veniens
1885 1387 2099 1456 Selym-

507 1481 687 1536 briam
719 1480 904 1535 navim
943 1481 1227 1550 ingressus
1255 1490 1360 1536 est.
1416 1480 1669 1550 Cumque
1700 1480 1768 1534 ad
1797 1479 2097 1535 rotundum

509 1571 857 1641 pervenisset
906 1572 1220 1637 castellum,
1265 1573 1656 1627 miserabiliter
1696 1572 1753 1626 in
1802 1570 2099 1626 chelandio

509 1663 768 1728 moritur,
797 1663 1040 1718 clamans
1073 1671 1130 1718 et
1154 1663 1386 1718 dicens:
1427 1663 1610 1718 Vivens
1635 1664 1806 1718 adhuc
1845 1663 1956 1734 igni
1980 1679 2099 1717 sum

508 1758 931 1830 inexstinguibili
955 1759 1207 1825 traditus,
1240 1771 1599 1830 sanctamque
1623 1761 1901 1831 Virginem
1929 1770 1983 1815 et
2002 1758 2098 1814 Dei

508 1846 844 1905 Genitricem
895 1849 1107 1904 laudari
1141 1851 1519 1920 expostulans,
1552 1865 1678 1904 cum
1720 1850 1839 1905 sine
1889 1849 2099 1905 fmdere

2198 643 2664 714 quemadmodum
2694 644 3045 715 juraverunt,
3080 647 3322 716 propria:
3356 664 3559 706 manus.
3607 655 3662 708 Ε¹
3697 657 3744 711 in

2197 737 2520 802 crastinum,
2545 737 2786 792 Sabbato
2806 737 3259 805 scilicetrsancto,
3293 740 3459 796 exivit
3475 743 3748 815 imperator
3769 755 3774 764 '

2198 828 2256 882 in
2303 829 2664 883 tribunalium
2714 829 2906 885 decem
2955 838 3011 884 et
3064 847 3263 885 novem
3297 833 3658 902 accubituum,
3701 850 3751 895 et

2198 922 2448 991 provexit
2478 920 2886 977 nobilissimum
2930 923 3297 978 Eudocimum
3339 923 3555 982 fratrem
3607 945 3748 986 suum

2202 1012 2348 1083 (nam
2377 1012 2698 1066 Anthimum
2736 1011 2928 1068 vivens
2972 1021 3132 1082 pater
3160 1015 3281 1084 ejus
3307 1019 3661 1089 provexerat),
3707 1030 3754 1075 et

2201 1104 2470 1174 processit
2534 1104 2835 1174 imperator
2899 1119 3024 1158 cum
3085 1105 3316 1174 reliquis
3376 1105 3668 1164 Caesaribus
3707 1121 3755 1166 et

2201 1198 2378 1252 tribus
2400 1197 2766 1252 nobilissimis
2799 1211 2863 1251 ac
2892 1212 3037 1252 novo
3057 1196 3421 1258 Constantino
3444 1201 3509 1254 ad
3530 1201 3755 1272 Magnam

2203 1292 2516 1356 ecclesiam,
2547 1300 2604 1346 et
2631 1301 2844 1348 mutato
2885 1291 3232 1358 indumento,
3257 1291 3402 1347 sicut
3436 1293 3760 1364 imperatori-

2200 1384 2305 1438 bus
2336 1385 2506 1440 moris
2549 1394 2655 1449 est,
2722 1385 3016 1439 ambonem
3054 1384 3306 1440 ascendit
3341 1400 3464 1439 cum
3519 1385 3627 1439 filio
3672 1402 3761 1441 suo

2199 1476 2365 1531 simul
2413 1487 2470 1532 et
2498 1477 2834 1546 patriarcha,
2891 1487 2948 1532 et
2982 1478 3266 1548 ingressus
3315 1477 3495 1532 omnis
3546 1479 3762 1548 populus

2199 1576 2505 1636 posuerunt
2536 1567 2743 1637 scripta
2773 1583 2868 1622 sua
2895 1567 2948 1621 in
2989 1576 3181 1622 sancta
3221 1583 3431 1633 mensa,
3459 1577 3515 1622 et
3547 1559 3777 1638 impera-1

2203 1666 2289 1713 tor
2320 1658 2542 1714 locutus
2561 1667 2645 1713 est
2673 1659 2754 1714 sic
2787 1676 2803 1713 τ
2838 1660 2922 1714 En
2961 1661 3177 1730 fratres,
3230 1662 3765 1731 petitioncmmestram

2203 1750 2487 1821 adimpleo,
2514 1759 2563 1806 et
2587 1752 2720 1807 dono
2743 1753 2882 1807 vobis
2907 1753 3078 1822 ﬁlium
3106 1769 3278 1806 meum
3301 1755 3355 1807 in
3385 1753 3765 1823 imperatorem.

2205 1843 2338 1898 Ecce
2367 1845 2432 1897 ab
2462 1844 2701 1899 Ecclesia
2745 1854 2796 1899 et
2829 1847 2890 1899 de
2924 1863 3088 1900 manu
3121 1845 3322 1900 Christi
3354 1862 3474 1899 eum
3497 1848 3762 1917 suscipitis.

508 1938 686 2012 ipsius
719 1942 894 1997 fuerit
922 1909 1510 2014 inimicus-Regnavit
1549 1951 1733 1998 autem
1791 1941 2095 2012 imperator
2127 1909 2174 1968 Β
2201 1938 2368 1992 Atilii
2392 1953 2587 2008 magna
2609 1954 2744 1994 voce
2771 1939 3427 1994 clamaveruntdicentes
3448 1957 3462 1992 ε
3483 1937 3768 2010 Fidejussor

509 2042 636 2102 post
668 2035 841 2104 patris
870 2034 956 2089 sui
987 2042 1222 2088 mortem
1249 2034 1409 2089 annis
1439 2034 1528 2100 '54,
1571 2034 1860 2089 mensibus
1879 2035 1936 2098 2,
1975 2033 2097 2088 die—

509 2128 616 2182 bus
647 2127 739 2192 26,
791 2135 848 2183 et
887 2127 963 2182 ita
994 2129 1163 2182 vitam
1222 2127 1478 2182 dissolvit
1510 2126 1875 2198 sanguinibus
1907 2125 2099 2182 multis

507 2219 750 2276 infectus
768 2231 824 2275 et
858 2220 1171 2276 daemonum
1219 2220 1667 2276 invocationibus
1699 2236 1764 2274 ac
1789 2218 2096 2286 sacrificiis,

507 2313 997 2384 persecutionibus
1053 2330 1277 2385 quoque
1338 2323 1654 2369 sanctarum
1720 2313 2096 2370 Ecclesiarum

509 2415 788 2476 rectaeque
819 2422 885 2462 ac
932 2407 1300 2463 immaculata:
1341 2407 1493 2472 ﬁdei,
1520 2422 1624 2461 nec
1651 2423 1764 2462 non
1806 2413 1864 2461 et
1909 2422 2101 2462 mona-

509 2501 743 2556 chorum
778 2500 1257 2571 peremptionibus
1309 2509 1365 2556 et
1390 2499 1784 2556 violationibus
1815 2506 2099 2554 monaste-

502 2591 744 2654 riorum,
778 2591 1048 2661 malisque
1090 2590 1263 2645 variis
1300 2604 1746 2660 supercrescens,
1773 2603 1886 2642 non
1914 2587 2101 2643 minus

508 2698 674 2753 quam
707 2683 1083 2738 Diocletianus
1127 2691 1185 2738 et
1233 2682 1451 2752 antiqui
1510 2681 1753 2754 tyranni.
1822 2681 2098 2736 Praeterea

505 2777 706 2832 eodem
741 2791 889 2832 anno
919 2784 974 2832 et
995 2775 1192 2831 eodem
1244 2791 1434 2832 mense
1481 2774 1721 2830 moritur
1763 2782 1820 2828 et
1859 2773 2099 2828 Abdelas

505 2868 753 2924 Arabum
789 2867 920 2922 dux.
948 2865 1088 2922 Cum
1118 2867 1268 2922 enim
1323 2867 1379 2920 bi
1421 2865 1585 2920 ambo
1631 2865 1786 2919 velut
1811 2863 2099 2918 acerrimae

506 2960 698 3016 bestiae
728 2959 1010 3016 diuturnis
1039 2958 1382 3029 temporibus
1417 2973 1482 3013 ac
1513 2957 1769 3012 similiter
1792 2956 2097 3010 humanum

505 3074 684 3129 genus
709 3057 925 3129 depasti
962 3065 1113 3123 sunt,
1144 3055 1351 3112 mortui
1403 3062 1533 3112 sunt
1571 3050 1920 3125 providentia
1974 3051 2095 3106 Dei.

506 3149 575 3206 Et
610 3148 868 3203 obtinent
899 3147 1278 3219 principatum
1305 3146 1418 3200 Leo
1461 3154 1518 3200 et
1561 3143 1704 3199 Madi
1751 3143 1848 3198 filii
1877 3158 2093 3198 eorum.

2202 2039 2381 2084 noster
2406 2041 2536 2092 esto,
2571 2030 2670 2085 Fili
2722 2031 2835 2094 Dei,
2868 2033 2996 2103 quia
3027 2033 3091 2085 de
3139 2050 3303 2086 manu
3354 2042 3448 2086 tua
3474 2035 3768 2104 suscipimus

2200 2123 2474 2177 dominum
2519 2122 2941 2178 Constantinum
2969 2126 3353 2193 imperatorem
3385 2125 3455 2178 ad
3481 2125 3771 2179 custodien-

2200 2221 2328 2276 dum
2391 2239 2509 2276 eum
2561 2231 2610 2276 et
2661 2223 2996 2276 moriendum
3024 2237 3118 2292 pro
3171 2237 3251 2275 eo.
3282 2221 3352 2276 Et
3383 2221 3439 2274 in
3463 2221 3769 2287 crastinum,

2199 2316 2422 2386 quando
2451 2316 2711 2372 videlicet
2731 2331 2970 2387 magnus
2997 2323 3054 2370 et
3075 2316 3399 2370 Dominicus
3429 2315 3648 2371 Pascha:
3666 2315 3773 2372 dies

2200 2409 2514 2464 celebratus
2542 2417 2646 2474 est,
2684 2409 2902 2465 decimo
2957 2418 3154 2464 octavo
3175 2409 3301 2480 Kal.
3353 2408 3527 2465 Maias
3560 2407 3771 2464 decimae

2199 2510 2410 2572 quartae
2441 2501 2784 2567 indictionis,
2825 2517 3039 2556 aurorae
3075 2501 3408 2568 crepusculo
3436 2499 3626 2555 exiens
3675 2497 3772 2552 im-

2200 2604 2424 2665 perator
2450 2611 2559 2651 una
2582 2611 2709 2650 cum
2737 2595 3056 2666 patriarcha
3085 2594 3141 2648 in
3164 2593 3653 2664 llippodromium,
3683 2592 3773 2647 de-

2199 2689 2315 2745 lato
2340 2690 2558 2754 altario,
2589 2691 2738 2746 omni
2765 2689 2971 2760 populo
3013 2689 3453 2760 contemplante,
3485 2686 3774 2758 patriarcha

2201 2782 2682 2849 fecit'orationem,
2703 2793 2759 2839 et
2775 2769 3061 2839 coronavit
3081 2783 3386 2853 imperator
3408 2783 3578 2838 tilium
3597 2796 3772 2846 suum;

2199 2885 2254 2932 et
2318 2875 2395 2932 ita
2443 2876 2716 2947 processit
2780 2876 2848 2931 ad
2901 2876 3150 2947 Magnam
3200 2875 3498 2931 ecclesiam
3554 2882 3771 2942 uterque

2201 2966 2503 3038 imperator
2525 2985 2650 3024 cum
2670 2968 2891 3023 duobus
2913 2967 3228 3023 Cmsaribus
3261 2977 3320 3022 et
3355 2969 3538 3022 tribus
3562 2965 3778 3021 nobilis.

2201 3057 2374 3112 simis.
2401 3058 2679 3112 Processit
2710 3065 2892 3113 autem
2922 3065 2978 3112 et
3017 3057 3350 3128 imperatrix
3381 3056 3640 3121 Heirene,
3669 3068 3784 3110 cum

2202 3152 2616 3222 praecessissent
2655 3151 3039 3220 imperatores,
3071 3150 3308 3220 sceptris
3359 3149 3785 3220 obsequentibus

502 3241 682 3297 Porro
713 3239 912 3296 eodem
965 3254 1111 3294 anno
1135 3237 1630 3309 Langobardorum
1669 3253 1764 3292 rex
1789 3236 1856 3291 ad
1889 3235 2097 3306 regiam
2129 3265 2173 3325 ε
2204 3258 2306 3314 per
2356 3243 2576 3298 scholas
2605 3242 2882 3308 εηιειειιίε,
2917 3249 2973 3297 ει
3021 3241 3471 3297 ascendentibus
3509 3255 3605 3311 per
3634 3252 3788 3296 mea;

505 3332 738 3389 veniens
766 3332 962 3387 urbem
989 3330 1314 3401 imperatori
1344 3347 1403 3386 se
1427 3331 1694 3401 profugus
1719 3329 1977 3384 contulit.

577 3425 764 3481 Mundi
794 3425 956 3488 6668,
981 3425 1181 3480 divina:
1205 3425 1605 3481 incarnationis
1628 3441 1774 3480 anno
1803 3425 1928 3489 768,
1952 3437 2098 3478 anno

503 3533 638 3576 vero
659 3519 878 3590 imperii
909 3517 1114 3574 Leonis
1133 3519 1339 3588 primo,
1372 3517 1522 3572 Madi
1554 3517 1666 3572 dux
1689 3517 1931 3572 habetur
1955 3519 2097 3572 Ara-

502 3609 659 3676 bum,
686 3609 784 3680 qui
813 3610 846 3665 9
879 3609 966 3664 his
999 3607 1221 3678 przefuit
1267 3607 1448 3662 annis.
1487 3607 1600 3662 Leo
1629 3623 1762 3663 vero
1796 3607 2099 3677 imperator

504 3701 674 3771 cepit
694 3701 934 3771 expandi
965 3701 1019 3754 in
1046 3699 1332 3770 pecunias,
1355 3715 1479 3770 qua:
1505 3700 1610 3755 sibi
1633 3699 1854 3755 fuerant
1879 3715 1909 3754 a
1937 3709 2095 3770 patre

507 3794 772 3859 dimissae,
803 3793 1121 3862 placuitque
1145 3801 1252 3848 tam
1279 3793 1650 3862 optimatibus
1675 3809 1841 3863 quam
1870 3793 2096 3863 populo,

504 3897 562 3940 et
593 3886 750 3941 visus
783 3895 868 3941 est
893 3885 961 3940 ad
994 3885 1163 3939 breve
1199 3894 1419 3954 tempus
1453 3885 1580 3954 pius
1599 3901 1745 3950 esse,
1782 3894 2099 3956 sanctasque

505 3976 606 4034 Dei
656 3975 956 4032 Genitricis
1007 3990 1076 4030 ac
1127 3974 1530 4030 monachorum
1567 3976 1801 4030 amicus.
1846 3975 2004 4032 Unde
2041 3983 2100 4031 et

509 4068 970 4138 metropolitanos
1025 4083 1094 4122 ex
1143 4067 1432 4122 monachis
1495 4067 1549 4121 in
1614 4068 1811 4138 primis
1870 4069 2099 4125 sedibus

507 4161 821 4228 collocavit,
849 4159 1191 4230 militiasque
1225 4175 1324 4229 per
1349 4160 1594 4214 themata
1629 4161 1762 4214 fecit
1789 4161 2010 4228 multas,
2041 4169 2099 4218 et

501 4252 732 4308 ordines
774 4253 831 4307 in
854 4253 989 4307 urbe
1044 4252 1432 4323 amplificavit.
1469 4252 1841 4320 Quamobrem
1879 4253 2095 4308 thema-

506 4353 624 4400 tum
649 4345 928 4416 principes
955 4344 1088 4399 moti
1125 4344 1361 4416 ingressi
1411 4353 1542 4399 sunt
1566 4359 1763 4400 omnes
1793 4362 1919 4400 cum
1951 4346 2097 4401 mul-

507 4438 745 4493 titudine
805 4439 995 4508 populi
1043 4439 1307 4508 copiosa,
1367 4446 1623 4508 petentes
1667 4437 2096 4494 Constantinum

507 4529 683 4585 filium
713 4530 836 4600 ejus
869 4530 926 4584 in
977 4531 1396 4597 imperatorem.
1445 4531 1514 4584 At
1545 4530 1658 4598 ille,
1694 4539 1756 4586 ut
1798 4531 1970 4587 moris
2010 4543 2098 4588 est

2203 3343 2378 3405 porta:
2415 3351 2705 3390 ascensum
2761 3335 2818 3389 in
2856 3333 3290 3390 Catecbumenia
3359 3333 3628 3397 ecclesiae,
3685 3345 3787 3386 non

2201 3429 2393 3483 exiens
2409 3429 2462 3482 in
2486 3428 2718 3498 plateam
2739 3427 3180 3485 Emboli.lMense
3207 3442 3351 3482 vero
3371 3428 3516 3482 Maio
3541 3425 3778 3498 ejusdem

2202 3522 2525 3577 indictionis
2555 3529 2850 3578 accusatus
2879 3531 2965 3577 est
2998 3521 3351 3592 Nicephorus
3392 3521 3578 3578 Cmsar
3605 3529 3656 3576 et
3685 3519 3785 3575 fra-

2203 3626 2290 3672 ter
2320 3616 2694 3686 imperatoris,
2720 3617 2868 3687 quod
2893 3616 3125 3672 insidias
3147 3617 3566 3672 construxisset
3598 3614 3786 3670 adver-

2203 3724 2299 3763 sus
2327 3724 2456 3764 eum
2483 3724 2609 3764 cum
2641 3708 2944 3779 spathariis
2972 3707 3306 3778 quibusdam
3353 3718 3525 3779 atque
3546 3706 3786 3763 stratori-

2202 3801 2306 3856 bus
2335 3802 2568 3872 aliisque
2601 3802 2924 3857 hominibus
2974 3803 3176 3874 regiis;
3212 3809 3268 3856 et
3319 3801 3476 3858 facto
3505 3803 3788 3871 imperator

2201 3894 2424 3949 silentio
2451 3892 2597 3964 apud
2650 3893 3004 3963 Magnauram
3035 3893 3292 3963 exposuit
3333 3893 3549 3963 populo
3580 3907 3698 3962 quae
3727 3890 3787 3944 de

2200 4002 2261 4042 se
2295 3986 2696 4041 fuerantdicta.
2735 3986 2840 4052 Qui
2875 3986 3214 4042 unanimiter
3247 3986 3709 4041 exclamaverunt
3733 3989 3788 4036 ut

2202 4087 2438 4148 uterque
2466 4077 2755 4133 recederet
2783 4078 2851 4133 de
2881 4077 3090 4142 medio,
3111 4093 3222 4132 non
3247 4087 3633 4133 memorantes
3653 4090 3788 4131 sem-

2200 4186 2302 4241 per
2328 4170 2536 4240 perjuri
2563 4184 2621 4224 se.
2654 4169 2795 4240 patri
2826 4185 3019 4224 eorum
3060 4170 3275 4239 jurasse
3306 4185 3425 4224 non
3457 4168 3784 4223 admiSsuros

2200 4272 2328 4333 post
2354 4271 2587 4318 mortem
2621 4263 2743 4332 ejus
2797 4262 3054 4332 injuriam
3099 4261 3212 4332 pati
3269 4269 3438 4316 natos
3481 4260 3675 4330 ipsius.
3701 4259 3789 4312 Ast

2200 4355 2499 4426 imperator
2517 4356 2751 4413 rebelles
2774 4371 2945 4411 cassos
2957 4364 3014 4410 et
3037 4362 3226 4409 tousos
3241 4355 3444 4409 exsilio
3458 4353 3607 4425 apud
3630 4352 3787 4407 Cher-

2199 4463 2390 4503 sonem
2440 4447 2762 4518 deportatos
2788 4446 2905 4502 fore
2934 4447 3204 4509 decrevit,
3238 4455 3295 4500 et
3323 4447 3556 4501 climata
3590 4445 3680 4499 illa
3699 4441 3790 4497 sub

2200 4541 2448 4596 custodia
2473 4531 2864 4596 eti'munimine
2886 4539 3290 4596 conservanda.

505 4616 879 4688 PTiNCiDibUS.
914 4617 1258 4672 PenUﬂliaVil
1317 4619 1417 4673 εδει
1453 4616 1647 4683 Filii”,
1698 4619 1902 4690 inquit.
1953 4637 2101 4677 metu
2135 4629 2178 4684 D
2272 4632 2680 4704 Annolimperii
2704 4631 2906 4687 Leonis
2935 4631 3179 4687 secundo
3211 4631 3469 4704 confugit
3519 4630 3793 4700 Telerigus

503 4713 692 4767 unicus
731 4723 808 4768 est
833 4714 978 4770 mihi.
1028 4713 1234 4768 Idcirco
1283 4730 1465 4768 vereor
1493 4715 1591 4768 hoc
1629 4714 1826 4783 facere,
1861 4731 1926 4770 ne
1961 4717 2098 4786 forte

504 4807 780 4876 contingat
815 4806 941 4860 milii
981 4807 1119 4876 quod
1145 4807 1442 4860 humanum
1471 4813 1569 4870 est,
1603 4814 1652 4858 et
1685 4822 1806 4860 cum
1833 4806 2005 4860 adhuc
2029 4808 2099 4862 sit

503 4893 786 4966 parvulus,
815 4896 973 4949 morti
1016 4910 1138 4948 eum
1169 4896 1486 4960 tradatis,et
1513 4893 1683 4949 alium
1721 4899 2094 4966 promoveatis.

499 4989 574 5045 At
606 4988 685 5044 illi
720 5003 846 5044 cum
873 4987 1208 5058 juramentis
1238 4986 1652 5057 profitebantur
1691 5003 1750 5042 se
1805 4989 1978 5043 ullum
2009 5005 2097 5044 sa-

501 5080 825 5136 tisfacturos
860 5078 1093 5134 minime
1128 5087 1488 5149 regnaturum
1515 5087 1718 5149 praeter
1743 5079 1914 5135 filium
1951 5083 2093 5152 ejus,

500 5171 718 5227 etiamsi
786 5186 914 5226 eum
976 5170 1118 5225 mori
1153 5171 1300 5225 Deus
1330 5169 1617 5225 voluisset.
1673 5170 1788 5226 Hoc
1842 5180 2027 5226 autem
2062 5188 2094 5228 a

499 5263 787 5321 Dominica
831 5263 923 5320 die
968 5279 1077 5334 qua
1138 5263 1450 5319 Palmarum
1508 5262 1828 5318 solemnitas
1879 5265 2091 5336 agitur,

501 5374 678 5428 usque
707 5359 776 5412 ad
814 5357 1012 5412 feriam
1039 5356 1290 5428 quintam
1322 5355 1685 5412 hebdomadze
1711 5356 1956 5427 majoris,
1990 5373 2092 5428 po-

498 5450 630 5520 pulo
688 5451 743 5505 in
779 5449 1181 5521 Hippodromio
1218 5456 1547 5503 coacervata
1601 5455 1845 5517 petente,
1900 5458 2090 5504 sancta

499 5543 808 5599 Parasceve
835 5543 1003 5615 jussit
1028 5543 1219 5614 jurare
1259 5541 1406 5604 illos,
1461 5549 1518 5594 et
1542 5542 1665 5610 jura
1679 5541 1753 5595 vit
1782 5541 1965 5597 omnis
1989 5558 2090 5612 po-

500 5636 664 5704 pulus
694 5635 750 5689 in
778 5636 1120 5692 honorandis
1163 5642 1220 5690 et
1249 5633 1487 5688 vivificis
1520 5633 1704 5704 lignis,
1737 5642 1846 5688 tam
1875 5634 2090 5689 scilicet

499 5743 570 5783 ex
603 5728 943 5786 thematibus
968 5737 1026 5785 et
1063 5738 1262 5785 senatu
1305 5743 1472 5798 quam
1503 5743 1571 5781 ex
1605 5727 1961 5783 interioribus
1995 5744 2090 5782 or—

499 5820 727 5876 dinibus
751 5829 809 5876 et
839 5822 1059 5892 civibus
1108 5821 1372 5875 omnibus
1401 5827 1457 5874 ct
1493 5820 1940 5890 hergasteriacis,
1977 5821 2087 5875 im-

498 5919 811 5981 peratorem
836 5927 944 5968 non
967 5906 1297 5968 admittendi
1326 5909 1575 5979 exceptis
1600 5907 1784 5965 Leone
1811 5924 1909 5966 seu
1944 5909 2089 5966 Con-

2208 4723 2501 4794 Vulgarum
2531 4723 2791 4780 dominus
2813 4724 2880 4779 ad
2929 4724 3341 4796 imperatorem,
3375 4724 3478 4794 qui
3515 4723 3650 4779 fecit
3673 4733 3786 4776 eum

2208 4816 2525 4886 patricium,
2553 4817 2792 4887 jungens
2815 4815 2899 4870 illi
2919 4824 2978 4871 et
3007 4814 3194 4870 uxoris
3222 4829 3336 4869 suae
3372 4814 3639 4870 Heirena:
3667 4827 3791 4868 eon-

2207 4907 2509 4962 sobrinam.
2550 4906 2689 4962 Cum
2731 4917 2916 4962 autem
2960 4905 3300 4976 baptizatum
3345 4922 3482 4960 eum
3517 4922 3587 4960 ex
3617 4911 3790 4959 sancta

2206 5015 2427 5070 quoque
2485 5000 2694 5072 piscina
2749 4999 3105 5071 suscepisset,
3156 4999 3455 5071 magnifice
3511 4993 3795 5054 honoravit

2204 5090 2414 5160 pariter
2435 5099 2491 5144 et
2513 5089 2736 5144 amavit.

2277 5183 2437 5239 Anno
2465 5185 2682 5254 imperii
2705 5184 2908 5240 Leonis
2940 5185 3108 5240 tertio
3132 5183 3276 5240 sedit
3305 5183 3641 5238 lthimamas
3660 5177 3794 5250 apud

2205 5270 2484 5337 Dabecon,
2521 5282 2579 5327 et
2621 5272 2949 5328 seditionem
2980 5274 3296 5329 commovit.
3323 5272 3446 5328 Leo
3475 5281 3667 5327 autem
3697 5270 3793 5323 im-

2205 5372 2426 5436 perator
2480 5365 2708 5419 militias
2747 5365 3125 5420 Romanorum
3179 5364 3406 5430 direxit,
3466 5376 3528 5420 et
3572 5361 3796 5436 ingressi

2203 5464 2335 5511 sunt
2386 5456 2601 5528 Syriam
2656 5464 2880 5511 centum
2908 5458 3101 5522 millia,
3156 5457 3360 5527 quibus
3419 5457 3605 5512 duces
3649 5459 3798 5511 erant

2203 5549 2436 5604 Michael
2471 5549 2903 5615 Lachanodraco
2922 5549 3373 5613 Thracesiorum,
3413 5547 3800 5608 Artahuasdus

2200 5641 2496 5695 Armenius
2559 5640 2945 5704 Orientalium,
3003 5641 3260 5696 Tatzates
3308 5640 3836 5702 Bucellariorum,.

2200 5729 2547 5786 Basteratzes
2573 5732 3052 5797 Armeniacorum,
3086 5742 3137 5787 el
3193 5732 3508 5802 Gregorius
3546 5732 3799 5789 Obsicia-

2199 5822 2454 5878 nensium
2485 5833 2792 5893 praetores;
2823 5832 2879 5878 et
2901 5824 3312 5880 circumdaverc
3348 5824 3793 5886 Germaniciani,

2199 5913 2295 5970 ubi
2328 5921 2448 5969 erat
2492 5914 2930 5971 Hisbahalithius
2981 5915 3146 5983 Madi,
3201 5925 3255 5970 et
3292 5914 3800 5985 apprehenderunt
