  <div class='ocr_page' id='page_1' title='image "/cluster/home/n/w/nwhite01/storage/ocr_20150623/108/coo.31924054870120/702.png"; bbox 0 0 4100 6508; ppageno 0'>
   <div class='ocr_carea' id='block_1_1' title="bbox 405 484 542 547">
    <p class='ocr_par' dir='ltr' id='par_1_1' title="bbox 405 484 542 547">
     <span class='ocr_line' id='line_1_1' title="bbox 405 484 542 547; baseline 0.015 -2"><span class='ocrx_word' id='word_1_1' title='bbox 405 484 542 547; x_wconf 70' lang='lat'><strong>1393</strong></span> 
     </span>
    </p>
   </div>
   <div class='ocr_carea' id='block_1_2' title="bbox 1220 481 2883 544">
    <p class='ocr_par' dir='ltr' id='par_1_2' title="bbox 1220 481 2883 544">
     <span class='ocr_line' id='line_1_2' title="bbox 1220 481 2883 544; baseline 0 -1"><span class='ocrx_word' id='word_1_2' title='bbox 1220 483 1589 544; x_wconf 82' lang='lat' dir='ltr'><strong>HISTORIA</strong></span> <span class='ocrx_word' id='word_1_3' title='bbox 1628 481 2215 543; x_wconf 82' lang='lat' dir='ltr'><strong>ECCLESIASTICA</strong></span> <span class='ocrx_word' id='word_1_4' title='bbox 2258 482 2361 541; x_wconf 78' lang='lat' dir='ltr'><strong>EX</strong></span> <span class='ocrx_word' id='word_1_5' title='bbox 2400 481 2883 543; x_wconf 68' lang='lat' dir='ltr'><strong>THEOPHANE.</strong></span> 
     </span>
    </p>
   </div>
   <div class='ocr_carea' id='block_1_3' title="bbox 3540 483 3678 548">
    <p class='ocr_par' dir='ltr' id='par_1_3' title="bbox 3540 483 3678 548">
     <span class='ocr_line' id='line_1_3' title="bbox 3540 483 3678 548; baseline -0.007 -2"><span class='ocrx_word' id='word_1_6' title='bbox 3540 483 3678 548; x_wconf 59' lang='lat'><strong>139%</strong></span> 
     </span>
    </p>
   </div>
   <div class='ocr_carea' id='block_1_4' title="bbox 403 594 3681 668">
    <p class='ocr_par' dir='ltr' id='par_1_4' title="bbox 403 594 3681 668">
     <span class='ocr_line' id='line_1_4' title="bbox 403 594 3681 668; baseline 0.002 -20"><span class='ocrx_word' id='word_1_7' title='bbox 403 609 598 649; x_wconf 74' lang='lat' dir='ltr'><strong>immes</strong></span> <span class='ocrx_word' id='word_1_8' title='bbox 630 594 870 649; x_wconf 80' lang='lat' dir='ltr'><strong>camelos</strong></span> <span class='ocrx_word' id='word_1_9' title='bbox 898 595 1038 667; x_wconf 82' lang='lat' dir='ltr'><strong>ejus,</strong></span> <span class='ocrx_word' id='word_1_10' title='bbox 1072 602 1127 649; x_wconf 89' lang='lat' dir='ltr'><strong>et</strong></span> <span class='ocrx_word' id='word_1_11' title='bbox 1172 594 1419 650; x_wconf 88' lang='lat' dir='ltr'><strong>futurum</strong></span> <span class='ocrx_word' id='word_1_12' title='bbox 1448 604 1566 651; x_wconf 89' lang='lat' dir='ltr'><strong>erat</strong></span> <span class='ocrx_word' id='word_1_13' title='bbox 1612 606 1670 651; x_wconf 89' lang='lat' dir='ltr'><strong>ut</strong></span> <span class='ocrx_word' id='word_1_14' title='bbox 1722 603 1987 666; x_wconf 79' lang='lat' dir='ltr'><strong>caperent</strong></span> <span class='ocrx_word' id='word_1_15' title='bbox 2015 600 2060 653; x_wconf 77' lang='grc' dir='ltr'>Α</span> <span class='ocrx_word' id='word_1_16' title='bbox 2091 596 2319 660; x_wconf 89' lang='lat' dir='ltr'><strong>tionem,</strong></span> <span class='ocrx_word' id='word_1_17' title='bbox 2355 597 2407 649; x_wconf 99' lang='lat' dir='ltr'><strong>vi</strong></span> <span class='ocrx_word' id='word_1_18' title='bbox 2439 596 2611 650; x_wconf 88' lang='lat' dir='ltr'><strong>multa</strong></span> <span class='ocrx_word' id='word_1_19' title='bbox 2643 596 3009 667; x_wconf 74' lang='lat' dir='ltr'><strong>eompell’ente</strong></span> <span class='ocrx_word' id='word_1_20' title='bbox 3043 604 3402 651; x_wconf 86' lang='lat' dir='ltr'><strong>consecratur</strong></span> <span class='ocrx_word' id='word_1_21' title='bbox 3437 601 3681 668; x_wconf 88' lang='lat' dir='ltr'><strong>patriar-</strong></span> 
     </span>
    </p>
   </div>
   <div class='ocr_carea' id='block_1_5' title="bbox 402 686 1984 758">
    <p class='ocr_par' dir='ltr' id='par_1_5' title="bbox 402 686 1984 758">
     <span class='ocr_line' id='line_1_5' title="bbox 402 686 1984 758; baseline 0 -17"><span class='ocrx_word' id='word_1_22' title='bbox 402 688 565 741; x_wconf 85' lang='lat' dir='ltr'><strong>etiam</strong></span> <span class='ocrx_word' id='word_1_23' title='bbox 608 686 1038 754; x_wconf 87' lang='lat' dir='ltr'><strong>Germaniciam,</strong></span> <span class='ocrx_word' id='word_1_24' title='bbox 1085 688 1191 741; x_wconf 90' lang='lat' dir='ltr'><strong>nisi</strong></span> <span class='ocrx_word' id='word_1_25' title='bbox 1240 688 1563 743; x_wconf 84' lang='lat' dir='ltr'><strong>muneribus</strong></span> <span class='ocrx_word' id='word_1_26' title='bbox 1614 688 1984 758; x_wconf 83' lang='lat' dir='ltr'><strong>persuasisset</strong></span> 
     </span>
    </p>
   </div>
   <div class='ocr_carea' id='block_1_6' title="bbox 405 776 1982 840">
    <p class='ocr_par' dir='ltr' id='par_1_6' title="bbox 405 776 1982 840">
     <span class='ocr_line' id='line_1_6' title="bbox 405 776 1982 840; baseline 0.003 -11"><span class='ocrx_word' id='word_1_27' title='bbox 405 776 892 833; x_wconf 87' lang='lat' dir='ltr'><strong>Laehanodraeoni</strong></span> <span class='ocrx_word' id='word_1_28' title='bbox 919 777 1202 840; x_wconf 85' lang='lat' dir='ltr'><strong>Hisbahal,</strong></span> <span class='ocrx_word' id='word_1_29' title='bbox 1235 786 1291 833; x_wconf 87' lang='lat' dir='ltr'><strong>et</strong></span> <span class='ocrx_word' id='word_1_30' title='bbox 1334 780 1656 834; x_wconf 78' lang='lat' dir='ltr'><strong>recessisset</strong></span> <span class='ocrx_word' id='word_1_31' title='bbox 1706 795 1736 834; x_wconf 91' lang='lat' dir='ltr'><strong>a</strong></span> <span class='ocrx_word' id='word_1_32' title='bbox 1777 789 1982 834; x_wconf 87' lang='lat' dir='ltr'><strong>castro.</strong></span> 
     </span>
    </p>
   </div>
   <div class='ocr_carea' id='block_1_7' title="bbox 404 864 1987 942">
    <p class='ocr_par' dir='ltr' id='par_1_7' title="bbox 404 864 1987 942">
     <span class='ocr_line' id='line_1_7' title="bbox 404 864 1987 942; baseline 0.001 -18"><span class='ocrx_word' id='word_1_33' title='bbox 404 871 469 924; x_wconf 79' lang='lat' dir='ltr'><strong>Et</strong></span> <span class='ocrx_word' id='word_1_34' title='bbox 497 870 668 924; x_wconf 82' lang='lat' dir='ltr'><strong>exivit</strong></span> <span class='ocrx_word' id='word_1_35' title='bbox 702 871 758 924; x_wconf 89' lang='lat' dir='ltr'><strong>in</strong></span> <span class='ocrx_word' id='word_1_36' title='bbox 788 870 1025 940; x_wconf 69' lang='lat' dir='ltr'><strong>prtedam</strong></span> <span class='ocrx_word' id='word_1_37' title='bbox 1057 871 1317 941; x_wconf 78' lang='lat' dir='ltr'><strong>regionis,</strong></span> <span class='ocrx_word' id='word_1_38' title='bbox 1346 880 1402 926; x_wconf 94' lang='lat' dir='ltr'><strong>et</strong></span> <span class='ocrx_word' id='word_1_39' title='bbox 1430 864 1723 942; x_wconf 84' lang='lat' dir='ltr'><strong>captivatis</strong></span> <span class='ocrx_word' id='word_1_40' title='bbox 1768 873 1987 928; x_wconf 75' lang='lat' dir='ltr'><strong>haereti-</strong></span> 
     </span>
    </p>
   </div>
   <div class='ocr_carea' id='block_1_8' title="bbox 404 963 1982 1035">
    <p class='ocr_par' dir='ltr' id='par_1_8' title="bbox 404 963 1982 1035">
     <span class='ocr_line' id='line_1_8' title="bbox 404 963 1982 1035; baseline 0.003 -18"><span class='ocrx_word' id='word_1_41' title='bbox 404 964 484 1017; x_wconf 91' lang='lat' dir='ltr'><strong>cis</strong></span> <span class='ocrx_word' id='word_1_42' title='bbox 512 963 779 1018; x_wconf 85' lang='lat' dir='ltr'><strong>Jacobitis</strong></span> <span class='ocrx_word' id='word_1_43' title='bbox 811 964 964 1035; x_wconf 78' lang='lat' dir='ltr'><strong>Syris</strong></span> <span class='ocrx_word' id='word_1_44' title='bbox 991 965 1189 1017; x_wconf 87' lang='lat' dir='ltr'><strong>iterum</strong></span> <span class='ocrx_word' id='word_1_45' title='bbox 1216 964 1281 1017; x_wconf 84' lang='lat' dir='ltr'><strong>ad</strong></span> <span class='ocrx_word' id='word_1_46' title='bbox 1319 975 1558 1019; x_wconf 89' lang='lat' dir='ltr'><strong>castrum</strong></span> <span class='ocrx_word' id='word_1_47' title='bbox 1594 982 1851 1021; x_wconf 81' lang='lat' dir='ltr'><strong>reversus</strong></span> <span class='ocrx_word' id='word_1_48' title='bbox 1878 975 1982 1022; x_wconf 92' lang='lat' dir='ltr'><strong>est.</strong></span> 
     </span>
    </p>
   </div>
   <div class='ocr_carea' id='block_1_9' title="bbox 406 1055 1988 1113">
    <p class='ocr_par' dir='ltr' id='par_1_9' title="bbox 406 1055 1988 1113">
     <span class='ocr_line' id='line_1_9' title="bbox 406 1055 1988 1113; baseline 0.003 -5"><span class='ocrx_word' id='word_1_49' title='bbox 406 1056 474 1108; x_wconf 76' lang='lat' dir='ltr'><strong>Et</strong></span> <span class='ocrx_word' id='word_1_50' title='bbox 503 1055 670 1109; x_wconf 89' lang='lat' dir='ltr'><strong>misso</strong></span> <span class='ocrx_word' id='word_1_51' title='bbox 702 1055 1020 1109; x_wconf 88' lang='lat' dir='ltr'><strong>lthimamas</strong></span> <span class='ocrx_word' id='word_1_52' title='bbox 1046 1056 1294 1110; x_wconf 78' lang='lat' dir='ltr'><strong>exercitu</strong></span> <span class='ocrx_word' id='word_1_53' title='bbox 1326 1072 1355 1110; x_wconf 91' lang='lat' dir='ltr'><strong>a</strong></span> <span class='ocrx_word' id='word_1_54' title='bbox 1387 1057 1605 1111; x_wconf 90' lang='lat' dir='ltr'><strong>Dabeco</strong></span> <span class='ocrx_word' id='word_1_55' title='bbox 1639 1067 1695 1112; x_wconf 90' lang='lat' dir='ltr'><strong>et</strong></span> <span class='ocrx_word' id='word_1_56' title='bbox 1725 1058 1988 1113; x_wconf 89' lang='lat' dir='ltr'><strong>amiradi-</strong></span> 
     </span>
    </p>
   </div>
   <div class='ocr_carea' id='block_1_10' title="bbox 2087 687 3690 758">
    <p class='ocr_par' dir='ltr' id='par_1_10' title="bbox 2087 687 3690 758">
     <span class='ocr_line' id='line_1_10' title="bbox 2087 687 3690 758; baseline 0.002 -16"><span class='ocrx_word' id='word_1_57' title='bbox 2087 688 2189 742; x_wconf 83' lang='lat' dir='ltr'><strong>cha</strong></span> <span class='ocrx_word' id='word_1_58' title='bbox 2246 687 2912 758; x_wconf 85' lang='lat' dir='ltr'><strong>ConstantinOpolitanus.</strong></span> <span class='ocrx_word' id='word_1_59' title='bbox 2971 689 3145 743; x_wconf 89' lang='lat' dir='ltr'><strong>Media</strong></span> <span class='ocrx_word' id='word_1_60' title='bbox 3172 705 3305 743; x_wconf 89' lang='lat' dir='ltr'><strong>vero</strong></span> <span class='ocrx_word' id='word_1_61' title='bbox 3344 688 3690 745; x_wconf 83' lang='lat' dir='ltr'><strong>hebdomada</strong></span> 
     </span>
    </p>
   </div>
   <div class='ocr_carea' id='block_1_11' title="bbox 2082 777 3688 850">
    <p class='ocr_par' dir='ltr' id='par_1_11' title="bbox 2082 777 3688 850">
     <span class='ocr_line' id='line_1_11' title="bbox 2082 777 3688 850; baseline 0.002 -21"><span class='ocrx_word' id='word_1_62' title='bbox 2082 777 2421 848; x_wconf 87' lang='lat' dir='ltr'><strong>jejuniorum</strong></span> <span class='ocrx_word' id='word_1_63' title='bbox 2481 786 2665 832; x_wconf 90' lang='lat' dir='ltr'><strong>tentus</strong></span> <span class='ocrx_word' id='word_1_64' title='bbox 2706 787 2791 833; x_wconf 90' lang='lat' dir='ltr'><strong>est</strong></span> <span class='ocrx_word' id='word_1_65' title='bbox 2823 779 3065 833; x_wconf 89' lang='lat' dir='ltr'><strong>Jacobus</strong></span> <span class='ocrx_word' id='word_1_66' title='bbox 3110 779 3593 850; x_wconf 87' lang='lat' dir='ltr'><strong>protospatharius</strong></span> <span class='ocrx_word' id='word_1_67' title='bbox 3621 794 3688 833; x_wconf 90' lang='lat' dir='ltr'><strong>ae</strong></span> 
     </span>
    </p>
   </div>
   <div class='ocr_carea' id='block_1_12' title="bbox 2088 871 3695 943">
    <p class='ocr_par' dir='ltr' id='par_1_12' title="bbox 2088 871 3695 943">
     <span class='ocr_line' id='line_1_12' title="bbox 2088 871 3695 943; baseline 0.002 -18"><span class='ocrx_word' id='word_1_68' title='bbox 2088 871 2283 940; x_wconf 84' lang='lat' dir='ltr'><strong>Papias</strong></span> <span class='ocrx_word' id='word_1_69' title='bbox 2315 880 2371 926; x_wconf 89' lang='lat' dir='ltr'><strong>et</strong></span> <span class='ocrx_word' id='word_1_70' title='bbox 2400 872 2714 943; x_wconf 86' lang='lat' dir='ltr'><strong>Strategius</strong></span> <span class='ocrx_word' id='word_1_71' title='bbox 2746 888 2810 927; x_wconf 90' lang='lat' dir='ltr'><strong>ac</strong></span> <span class='ocrx_word' id='word_1_72' title='bbox 2847 872 3218 942; x_wconf 77' lang='lat' dir='ltr'><strong>TheOphanes</strong></span> <span class='ocrx_word' id='word_1_73' title='bbox 3250 873 3583 928; x_wconf 87' lang='lat' dir='ltr'><strong>cubicularii</strong></span> <span class='ocrx_word' id='word_1_74' title='bbox 3637 884 3695 929; x_wconf 86' lang='lat' dir='ltr'><strong>et</strong></span> 
     </span>
    </p>
   </div>
   <div class='ocr_carea' id='block_1_13' title="bbox 2088 965 3711 1035">
    <p class='ocr_par' dir='ltr' id='par_1_13' title="bbox 2088 965 3711 1035">
     <span class='ocr_line' id='line_1_13' title="bbox 2088 965 3711 1035; baseline 0.002 -19"><span class='ocrx_word' id='word_1_75' title='bbox 2088 966 2576 1034; x_wconf 79' lang='lat' dir='ltr'><strong>paracmmomeni,</strong></span> <span class='ocrx_word' id='word_1_76' title='bbox 2610 965 2723 1019; x_wconf 91' lang='lat' dir='ltr'><strong>Leo</strong></span> <span class='ocrx_word' id='word_1_77' title='bbox 2750 981 2970 1035; x_wconf 89' lang='lat' dir='ltr'><strong>quoque</strong></span> <span class='ocrx_word' id='word_1_78' title='bbox 3003 981 3067 1021; x_wconf 86' lang='lat' dir='ltr'><strong>ac</strong></span> <span class='ocrx_word' id='word_1_79' title='bbox 3094 965 3355 1031; x_wconf 85' lang='lat' dir='ltr'><strong>Thomas,</strong></span> <span class='ocrx_word' id='word_1_80' title='bbox 3390 981 3547 1035; x_wconf 73' lang='lat' dir='ltr'><strong>teque</strong></span> <span class='ocrx_word' id='word_1_81' title='bbox 3579 980 3679 1020; x_wconf 91' lang='lat' dir='ltr'><strong>cu-</strong></span> <span class='ocrx_word' id='word_1_82' title='bbox 3708 1022 3711 1027; x_wconf 32' lang='grc' dir='ltr'><strong><em>λ</em></strong></span> 
     </span>
    </p>
   </div>
   <div class='ocr_carea' id='block_1_14' title="bbox 2091 1052 3688 1125">
    <p class='ocr_par' dir='ltr' id='par_1_14' title="bbox 2091 1052 3688 1125">
     <span class='ocr_line' id='line_1_14' title="bbox 2091 1052 3688 1125; baseline 0.003 -20"><span class='ocrx_word' id='word_1_83' title='bbox 2091 1052 2367 1118; x_wconf 87' lang='lat' dir='ltr'><strong>bicularii,</strong></span> <span class='ocrx_word' id='word_1_84' title='bbox 2403 1070 2511 1107; x_wconf 91' lang='lat' dir='ltr'><strong>una</strong></span> <span class='ocrx_word' id='word_1_85' title='bbox 2564 1070 2690 1109; x_wconf 92' lang='lat' dir='ltr'><strong>cum</strong></span> <span class='ocrx_word' id='word_1_86' title='bbox 2757 1054 2881 1109; x_wconf 91' lang='lat' dir='ltr'><strong>aliis</strong></span> <span class='ocrx_word' id='word_1_87' title='bbox 2918 1054 3193 1125; x_wconf 81' lang='lat' dir='ltr'><strong>religiosis</strong></span> <span class='ocrx_word' id='word_1_88' title='bbox 3222 1055 3382 1121; x_wconf 89' lang='lat' dir='ltr'><strong>viris,</strong></span> <span class='ocrx_word' id='word_1_89' title='bbox 3419 1071 3487 1110; x_wconf 89' lang='lat' dir='ltr'><strong>eo</strong></span> <span class='ocrx_word' id='word_1_90' title='bbox 3535 1052 3688 1125; x_wconf 92' lang='lat' dir='ltr'><strong>quod</strong></span> 
     </span>
    </p>
   </div>
   <div class='ocr_carea' id='block_1_15' title="bbox 409 1147 3715 1217">
    <p class='ocr_par' dir='ltr' id='par_1_15' title="bbox 409 1147 3715 1217">
     <span class='ocr_line' id='line_1_15' title="bbox 409 1147 3715 1217; baseline -0.001 -16"><span class='ocrx_word' id='word_1_91' title='bbox 409 1150 511 1202; x_wconf 88' lang='lat' dir='ltr'><strong>bus</strong></span> <span class='ocrx_word' id='word_1_92' title='bbox 543 1148 749 1202; x_wconf 86' lang='lat' dir='ltr'><strong>bellum</strong></span> <span class='ocrx_word' id='word_1_93' title='bbox 796 1164 919 1201; x_wconf 86' lang='lat' dir='ltr'><strong>eum</strong></span> <span class='ocrx_word' id='word_1_94' title='bbox 966 1147 1229 1203; x_wconf 82' lang='lat' dir='ltr'><strong>Romanis</strong></span> <span class='ocrx_word' id='word_1_95' title='bbox 1279 1148 1553 1211; x_wconf 87' lang='lat' dir='ltr'><strong>fecerunt,</strong></span> <span class='ocrx_word' id='word_1_96' title='bbox 1587 1158 1643 1204; x_wconf 95' lang='lat' dir='ltr'><strong>et</strong></span> <span class='ocrx_word' id='word_1_97' title='bbox 1668 1150 1992 1205; x_wconf 90' lang='lat' dir='ltr'><strong>ceciderunt</strong></span> <span class='ocrx_word' id='word_1_98' title='bbox 2088 1147 2438 1201; x_wconf 78' lang='lat' dir='ltr'><strong>venerabiles</strong></span> <span class='ocrx_word' id='word_1_99' title='bbox 2479 1147 2746 1217; x_wconf 85' lang='lat' dir='ltr'><strong>imagines</strong></span> <span class='ocrx_word' id='word_1_100' title='bbox 2797 1148 3118 1202; x_wconf 89' lang='lat' dir='ltr'><strong>adorarent.</strong></span> <span class='ocrx_word' id='word_1_101' title='bbox 3175 1148 3333 1203; x_wconf 89' lang='lat' dir='ltr'><strong>Tunc</strong></span> <span class='ocrx_word' id='word_1_102' title='bbox 3397 1147 3715 1203; x_wconf 83' lang='lat' dir='ltr'><strong>denudans.</strong></span> 
     </span>
    </p>
   </div>
   <div class='ocr_carea' id='block_1_16' title="bbox 407 1239 1987 1309">
    <p class='ocr_par' dir='ltr' id='par_1_16' title="bbox 407 1239 1987 1309">
     <span class='ocr_line' id='line_1_16' title="bbox 407 1239 1987 1309; baseline 0.002 -16"><span class='ocrx_word' id='word_1_103' title='bbox 407 1239 687 1296; x_wconf 85' lang='lat' dir='ltr'><strong>amirades</strong></span> <span class='ocrx_word' id='word_1_104' title='bbox 719 1239 965 1309; x_wconf 89' lang='lat' dir='ltr'><strong>quinque</strong></span> <span class='ocrx_word' id='word_1_105' title='bbox 986 1250 1042 1293; x_wconf 92' lang='lat' dir='ltr'><strong>et</strong></span> <span class='ocrx_word' id='word_1_106' title='bbox 1066 1239 1305 1294; x_wconf 79' lang='lat' dir='ltr'><strong>Arabum</strong></span> <span class='ocrx_word' id='word_1_107' title='bbox 1331 1257 1425 1295; x_wconf 80' lang='lat' dir='ltr'><strong>sex</strong></span> <span class='ocrx_word' id='word_1_108' title='bbox 1450 1241 1640 1307; x_wconf 87' lang='lat' dir='ltr'><strong>millia,</strong></span> <span class='ocrx_word' id='word_1_109' title='bbox 1675 1250 1737 1295; x_wconf 94' lang='lat' dir='ltr'><strong>ut</strong></span> <span class='ocrx_word' id='word_1_110' title='bbox 1782 1242 1987 1297; x_wconf 87' lang='lat' dir='ltr'><strong>ferunt.</strong></span> 
     </span>
    </p>
   </div>
   <div class='ocr_carea' id='block_1_17' title="bbox 409 1331 1992 1404">
    <p class='ocr_par' dir='ltr' id='par_1_17' title="bbox 409 1331 1992 1404">
     <span class='ocr_line' id='line_1_17' title="bbox 409 1331 1992 1404; baseline 0.001 -17"><span class='ocrx_word' id='word_1_111' title='bbox 409 1334 479 1388; x_wconf 88' lang='lat' dir='ltr'><strong>Et</strong></span> <span class='ocrx_word' id='word_1_112' title='bbox 537 1342 686 1387; x_wconf 77' lang='lat' dir='ltr'><strong>sexta</strong></span> <span class='ocrx_word' id='word_1_113' title='bbox 735 1332 869 1387; x_wconf 86' lang='lat' dir='ltr'><strong>feria</strong></span> <span class='ocrx_word' id='word_1_114' title='bbox 920 1331 1255 1387; x_wconf 88' lang='lat' dir='ltr'><strong>redierunt:</strong></span> <span class='ocrx_word' id='word_1_115' title='bbox 1302 1333 1535 1404; x_wconf 89' lang='lat' dir='ltr'><strong>ingressi</strong></span> <span class='ocrx_word' id='word_1_116' title='bbox 1576 1334 1725 1388; x_wconf 88' lang='lat' dir='ltr'><strong>enim</strong></span> <span class='ocrx_word' id='word_1_117' title='bbox 1774 1334 1992 1389; x_wconf 77' lang='lat' dir='ltr'><strong>fuerant</strong></span> 
     </span>
    </p>
   </div>
   <div class='ocr_carea' id='block_1_18' title="bbox 413 1422 1992 1494">
    <p class='ocr_par' dir='ltr' id='par_1_18' title="bbox 413 1422 1992 1494">
     <span class='ocr_line' id='line_1_18' title="bbox 413 1422 1992 1494; baseline 0.004 -21"><span class='ocrx_word' id='word_1_118' title='bbox 413 1422 696 1477; x_wconf 85' lang='lat' dir='ltr'><strong>Dominiea</strong></span> <span class='ocrx_word' id='word_1_119' title='bbox 724 1422 835 1477; x_wconf 91' lang='lat' dir='ltr'><strong>die.</strong></span> <span class='ocrx_word' id='word_1_120' title='bbox 866 1422 1135 1475; x_wconf 62' lang='lat' dir='ltr'><strong>Praeterea</strong></span> <span class='ocrx_word' id='word_1_121' title='bbox 1170 1423 1468 1492; x_wconf 89' lang='lat' dir='ltr'><strong>imperator</strong></span> <span class='ocrx_word' id='word_1_122' title='bbox 1508 1424 1649 1478; x_wconf 80' lang='lat' dir='ltr'><strong>facta</strong></span> <span class='ocrx_word' id='word_1_123' title='bbox 1682 1426 1913 1494; x_wconf 82' lang='lat' dir='ltr'><strong>majonta</strong></span> <span class='ocrx_word' id='word_1_124' title='bbox 1936 1425 1992 1480; x_wconf 90' lang='lat' dir='ltr'><strong>in</strong></span> 
     </span>
    </p>
   </div>
   <div class='ocr_carea' id='block_1_19' title="bbox 409 1514 1993 1583">
    <p class='ocr_par' dir='ltr' id='par_1_19' title="bbox 409 1514 1993 1583">
     <span class='ocr_line' id='line_1_19' title="bbox 409 1514 1993 1583; baseline 0.001 -14"><span class='ocrx_word' id='word_1_125' title='bbox 409 1514 706 1582; x_wconf 87' lang='lat' dir='ltr'><strong>Sophianis</strong></span> <span class='ocrx_word' id='word_1_126' title='bbox 735 1514 941 1569; x_wconf 81' lang='lat' dir='ltr'><strong>insedit</strong></span> <span class='ocrx_word' id='word_1_127' title='bbox 977 1515 1032 1567; x_wconf 94' lang='lat' dir='ltr'><strong>in</strong></span> <span class='ocrx_word' id='word_1_128' title='bbox 1064 1515 1203 1569; x_wconf 90' lang='lat' dir='ltr'><strong>solio</strong></span> <span class='ocrx_word' id='word_1_129' title='bbox 1233 1530 1359 1568; x_wconf 92' lang='lat' dir='ltr'><strong>eum</strong></span> <span class='ocrx_word' id='word_1_130' title='bbox 1416 1514 1530 1569; x_wconf 83' lang='lat' dir='ltr'><strong>tilio</strong></span> <span class='ocrx_word' id='word_1_131' title='bbox 1558 1531 1681 1583; x_wconf 90' lang='lat' dir='ltr'><strong>suo,</strong></span> <span class='ocrx_word' id='word_1_132' title='bbox 1713 1524 1769 1570; x_wconf 93' lang='lat' dir='ltr'><strong>et</strong></span> <span class='ocrx_word' id='word_1_133' title='bbox 1797 1517 1872 1571; x_wconf 92' lang='lat' dir='ltr'><strong>ita</strong></span> <span class='ocrx_word' id='word_1_134' title='bbox 1907 1516 1993 1571; x_wconf 81' lang='lat' dir='ltr'><strong>di-</strong></span> 
     </span>
    </p>
   </div>
   <div class='ocr_carea' id='block_1_20' title="bbox 412 1607 1989 1680">
    <p class='ocr_par' dir='ltr' id='par_1_20' title="bbox 412 1607 1989 1680">
     <span class='ocr_line' id='line_1_20' title="bbox 412 1607 1989 1680; baseline 0.004 -21"><span class='ocrx_word' id='word_1_135' title='bbox 412 1608 709 1675; x_wconf 86' lang='lat' dir='ltr'><strong>vulgarunt</strong></span> <span class='ocrx_word' id='word_1_136' title='bbox 762 1617 1028 1677; x_wconf 85' lang='lat' dir='ltr'><strong>praetores</strong></span> <span class='ocrx_word' id='word_1_137' title='bbox 1064 1607 1377 1677; x_wconf 90' lang='lat' dir='ltr'><strong>triumphos</strong></span> <span class='ocrx_word' id='word_1_138' title='bbox 1428 1624 1570 1678; x_wconf 87' lang='lat' dir='ltr'><strong>quos</strong></span> <span class='ocrx_word' id='word_1_139' title='bbox 1620 1618 1989 1680; x_wconf 86' lang='lat' dir='ltr'><strong>sumpserant.</strong></span> 
     </span>
    </p>
   </div>
   <div class='ocr_carea' id='block_1_21' title="bbox 410 1700 1995 1773">
    <p class='ocr_par' dir='ltr' id='par_1_21' title="bbox 410 1700 1995 1773">
     <span class='ocr_line' id='line_1_21' title="bbox 410 1700 1995 1773; baseline 0.004 -23"><span class='ocrx_word' id='word_1_140' title='bbox 410 1700 718 1754; x_wconf 85' lang='lat' dir='ltr'><strong>Transtulit</strong></span> <span class='ocrx_word' id='word_1_141' title='bbox 752 1706 938 1773; x_wconf 77' lang='lat' dir='ltr'><strong>autem</strong></span> <span class='ocrx_word' id='word_1_142' title='bbox 976 1700 1267 1756; x_wconf 67' lang='lat' dir='ltr'><strong>hazretico-s</strong></span> <span class='ocrx_word' id='word_1_143' title='bbox 1329 1700 1499 1773; x_wconf 83' lang='lat' dir='ltr'><strong>Syros</strong></span> <span class='ocrx_word' id='word_1_144' title='bbox 1533 1702 1587 1756; x_wconf 91' lang='lat' dir='ltr'><strong>in</strong></span> <span class='ocrx_word' id='word_1_145' title='bbox 1617 1702 1905 1769; x_wconf 85' lang='lat' dir='ltr'><strong>Thracem,</strong></span> <span class='ocrx_word' id='word_1_146' title='bbox 1937 1711 1995 1759; x_wconf 90' lang='lat' dir='ltr'><strong>et</strong></span> 
     </span>
    </p>
   </div>
   <div class='ocr_carea' id='block_1_22' title="bbox 410 1791 899 1847">
    <p class='ocr_par' dir='ltr' id='par_1_22' title="bbox 410 1791 899 1847">
     <span class='ocr_line' id='line_1_22' title="bbox 410 1791 899 1847; baseline 0.006 -3"><span class='ocrx_word' id='word_1_147' title='bbox 410 1792 614 1847; x_wconf 77' lang='lat' dir='ltr'><strong>locavit</strong></span> <span class='ocrx_word' id='word_1_148' title='bbox 638 1806 735 1847; x_wconf 91' lang='lat' dir='ltr'><strong>eos</strong></span> <span class='ocrx_word' id='word_1_149' title='bbox 763 1791 899 1847; x_wconf 85' lang='lat' dir='ltr'><strong>illic.</strong></span> 
     </span>
    </p>
   </div>
   <div class='ocr_carea' id='block_1_23' title="bbox 483 1883 1992 1957">
    <p class='ocr_par' dir='ltr' id='par_1_23' title="bbox 483 1883 1992 1957">
     <span class='ocr_line' id='line_1_23' title="bbox 483 1883 1992 1957; baseline 0.005 -20"><span class='ocrx_word' id='word_1_150' title='bbox 483 1883 642 1938; x_wconf 86' lang='lat' dir='ltr'><strong>Anno</strong></span> <span class='ocrx_word' id='word_1_151' title='bbox 672 1900 803 1939; x_wconf 84' lang='lat' dir='ltr'><strong>vero</strong></span> <span class='ocrx_word' id='word_1_152' title='bbox 839 1885 1054 1956; x_wconf 91' lang='lat' dir='ltr'><strong>imperii</strong></span> <span class='ocrx_word' id='word_1_153' title='bbox 1088 1886 1291 1941; x_wconf 90' lang='lat' dir='ltr'><strong>Leonis</strong></span> <span class='ocrx_word' id='word_1_154' title='bbox 1333 1895 1530 1957; x_wconf 91' lang='lat' dir='ltr'><strong>quarto</strong></span> <span class='ocrx_word' id='word_1_155' title='bbox 1557 1887 1745 1945; x_wconf 85' lang='lat' dir='ltr'><strong>furore</strong></span> <span class='ocrx_word' id='word_1_156' title='bbox 1793 1905 1992 1945; x_wconf 85' lang='lat' dir='ltr'><strong>accen-</strong></span> 
     </span>
    </p>
   </div>
   <div class='ocr_carea' id='block_1_24' title="bbox 2092 1238 3691 1310">
    <p class='ocr_par' dir='ltr' id='par_1_24' title="bbox 2092 1238 3691 1310">
     <span class='ocr_line' id='line_1_24' title="bbox 2092 1238 3691 1310; baseline 0.002 -18"><span class='ocrx_word' id='word_1_157' title='bbox 2092 1238 2471 1293; x_wconf 90' lang='lat' dir='ltr'><strong>absconditam</strong></span> <span class='ocrx_word' id='word_1_158' title='bbox 2496 1239 2763 1292; x_wconf 82' lang='lat' dir='ltr'><strong>malitiam</strong></span> <span class='ocrx_word' id='word_1_159' title='bbox 2785 1255 2940 1293; x_wconf 90' lang='lat' dir='ltr'><strong>suam</strong></span> <span class='ocrx_word' id='word_1_160' title='bbox 2961 1240 3095 1304; x_wconf 89' lang='lat' dir='ltr'><strong>Leo,</strong></span> <span class='ocrx_word' id='word_1_161' title='bbox 3121 1241 3501 1310; x_wconf 86' lang='lat' dir='ltr'><strong>persecutoris</strong></span> <span class='ocrx_word' id='word_1_162' title='bbox 3521 1239 3691 1305; x_wconf 80' lang='lat' dir='ltr'><strong>ﬁlius,</strong></span> 
     </span>
    </p>
   </div>
   <div class='ocr_carea' id='block_1_25' title="bbox 2091 1328 3691 1399">
    <p class='ocr_par' dir='ltr' id='par_1_25' title="bbox 2091 1328 3691 1399">
     <span class='ocr_line' id='line_1_25' title="bbox 2091 1328 3691 1399; baseline 0 -17"><span class='ocrx_word' id='word_1_163' title='bbox 2091 1328 2195 1382; x_wconf 88' lang='lat' dir='ltr'><strong>bos</strong></span> <span class='ocrx_word' id='word_1_164' title='bbox 2213 1328 2726 1382; x_wconf 87' lang='lat' dir='ltr'><strong>immisericorditer</strong></span> <span class='ocrx_word' id='word_1_165' title='bbox 2746 1336 2985 1383; x_wconf 72' lang='lat' dir='ltr'><strong>cmsoset</strong></span> <span class='ocrx_word' id='word_1_166' title='bbox 3001 1338 3190 1383; x_wconf 90' lang='lat' dir='ltr'><strong>tonsos</strong></span> <span class='ocrx_word' id='word_1_167' title='bbox 3208 1345 3416 1399; x_wconf 86' lang='lat' dir='ltr'><strong>perque</strong></span> <span class='ocrx_word' id='word_1_168' title='bbox 3443 1329 3691 1384; x_wconf 90' lang='lat' dir='ltr'><strong>medium</strong></span> 
     </span>
    </p>
   </div>
   <div class='ocr_carea' id='block_1_26' title="bbox 2092 1420 3689 1492">
    <p class='ocr_par' dir='ltr' id='par_1_26' title="bbox 2092 1420 3689 1492">
     <span class='ocr_line' id='line_1_26' title="bbox 2092 1420 3689 1492; baseline 0.002 -17"><span class='ocrx_word' id='word_1_169' title='bbox 2092 1420 2250 1476; x_wconf 89' lang='lat' dir='ltr'><strong>urbis</strong></span> <span class='ocrx_word' id='word_1_170' title='bbox 2275 1421 2494 1475; x_wconf 88' lang='lat' dir='ltr'><strong>vinctos</strong></span> <span class='ocrx_word' id='word_1_171' title='bbox 2524 1421 2777 1491; x_wconf 88' lang='lat' dir='ltr'><strong>pompari</strong></span> <span class='ocrx_word' id='word_1_172' title='bbox 2811 1421 2947 1476; x_wconf 86' lang='lat' dir='ltr'><strong>fecit</strong></span> <span class='ocrx_word' id='word_1_173' title='bbox 2981 1430 3036 1475; x_wconf 92' lang='lat' dir='ltr'><strong>et</strong></span> <span class='ocrx_word' id='word_1_174' title='bbox 3062 1421 3116 1475; x_wconf 93' lang='lat' dir='ltr'><strong>in</strong></span> <span class='ocrx_word' id='word_1_175' title='bbox 3147 1423 3407 1492; x_wconf 69' lang='lat' dir='ltr'><strong>praetorio</strong></span> <span class='ocrx_word' id='word_1_176' title='bbox 3438 1422 3689 1478; x_wconf 90' lang='lat' dir='ltr'><strong>inclaudi</strong></span> 
     </span>
    </p>
   </div>
   <div class='ocr_carea' id='block_1_27' title="bbox 2093 1511 3691 1581">
    <p class='ocr_par' dir='ltr' id='par_1_27' title="bbox 2093 1511 3691 1581">
     <span class='ocr_line' id='line_1_27' title="bbox 2093 1511 3691 1581; baseline -0.001 -15"><span class='ocrx_word' id='word_1_177' title='bbox 2093 1512 2410 1577; x_wconf 83' lang='lat' dir='ltr'><strong>mandavit;</strong></span> <span class='ocrx_word' id='word_1_178' title='bbox 2455 1512 2599 1566; x_wconf 90' lang='lat' dir='ltr'><strong>inter</strong></span> <span class='ocrx_word' id='word_1_179' title='bbox 2629 1528 2770 1581; x_wconf 90' lang='lat' dir='ltr'><strong>quos</strong></span> <span class='ocrx_word' id='word_1_180' title='bbox 2813 1513 2979 1566; x_wconf 89' lang='lat' dir='ltr'><strong>etiam</strong></span> <span class='ocrx_word' id='word_1_181' title='bbox 3013 1512 3198 1567; x_wconf 92' lang='lat' dir='ltr'><strong>dictus</strong></span> <span class='ocrx_word' id='word_1_182' title='bbox 3231 1512 3468 1566; x_wconf 88' lang='lat' dir='ltr'><strong>moritur</strong></span> <span class='ocrx_word' id='word_1_183' title='bbox 3497 1511 3691 1565; x_wconf 88' lang='lat' dir='ltr'><strong>Theo-</strong></span> 
     </span>
    </p>
   </div>
   <div class='ocr_carea' id='block_1_28' title="bbox 2092 1603 3693 1675">
    <p class='ocr_par' dir='ltr' id='par_1_28' title="bbox 2092 1603 3693 1675">
     <span class='ocr_line' id='line_1_28' title="bbox 2092 1603 3693 1675; baseline -0.001 -17"><span class='ocrx_word' id='word_1_184' title='bbox 2092 1606 2325 1675; x_wconf 88' lang='lat' dir='ltr'><strong>phanes,</strong></span> <span class='ocrx_word' id='word_1_185' title='bbox 2384 1603 2677 1659; x_wconf 79' lang='lat' dir='ltr'><strong>confessor</strong></span> <span class='ocrx_word' id='word_1_186' title='bbox 2734 1604 2971 1659; x_wconf 81' lang='lat' dir='ltr'><strong>eD‘eetus</strong></span> <span class='ocrx_word' id='word_1_187' title='bbox 3029 1614 3085 1659; x_wconf 88' lang='lat' dir='ltr'><strong>et</strong></span> <span class='ocrx_word' id='word_1_188' title='bbox 3140 1620 3401 1660; x_wconf 88' lang='lat' dir='ltr'><strong>coronam</strong></span> <span class='ocrx_word' id='word_1_189' title='bbox 3433 1604 3693 1674; x_wconf 80' lang='lat' dir='ltr'><strong>martyrii</strong></span> 
     </span>
    </p>
   </div>
   <div class='ocr_carea' id='block_1_29' title="bbox 2092 1696 3695 1768">
    <p class='ocr_par' dir='ltr' id='par_1_29' title="bbox 2092 1696 3695 1768">
     <span class='ocr_line' id='line_1_29' title="bbox 2092 1696 3695 1768; baseline -0.002 -15"><span class='ocrx_word' id='word_1_190' title='bbox 2092 1707 2448 1753; x_wconf 85' lang='lat' dir='ltr'><strong>consecutus.</strong></span> <span class='ocrx_word' id='word_1_191' title='bbox 2478 1696 2696 1767; x_wconf 78' lang='lat' dir='ltr'><strong>Reliqui</strong></span> <span class='ocrx_word' id='word_1_192' title='bbox 2723 1707 2909 1751; x_wconf 92' lang='lat' dir='ltr'><strong>autem</strong></span> <span class='ocrx_word' id='word_1_193' title='bbox 2938 1713 3133 1753; x_wconf 91' lang='lat' dir='ltr'><strong>omnes</strong></span> <span class='ocrx_word' id='word_1_194' title='bbox 3160 1713 3261 1768; x_wconf 92' lang='lat' dir='ltr'><strong>per</strong></span> <span class='ocrx_word' id='word_1_195' title='bbox 3282 1699 3445 1768; x_wconf 85' lang='lat' dir='ltr'><strong>hujus</strong></span> <span class='ocrx_word' id='word_1_196' title='bbox 3475 1696 3695 1752; x_wconf 90' lang='lat' dir='ltr'><strong>obitum</strong></span> 
     </span>
    </p>
   </div>
   <div class='ocr_carea' id='block_1_30' title="bbox 2093 1790 3697 1861">
    <p class='ocr_par' dir='ltr' id='par_1_30' title="bbox 2093 1790 3697 1861">
     <span class='ocr_line' id='line_1_30' title="bbox 2093 1790 3697 1861; baseline 0.001 -18"><span class='ocrx_word' id='word_1_197' title='bbox 2093 1790 2307 1861; x_wconf 86' lang='lat' dir='ltr'><strong>probati</strong></span> <span class='ocrx_word' id='word_1_198' title='bbox 2336 1790 2593 1845; x_wconf 89' lang='lat' dir='ltr'><strong>monachi</strong></span> <span class='ocrx_word' id='word_1_199' title='bbox 2627 1800 2758 1845; x_wconf 90' lang='lat' dir='ltr'><strong>sunt</strong></span> <span class='ocrx_word' id='word_1_200' title='bbox 2787 1790 3017 1845; x_wconf 91' lang='lat' dir='ltr'><strong>ostensi.</strong></span> <span class='ocrx_word' id='word_1_201' title='bbox 3055 1791 3155 1846; x_wconf 85' lang='lat' dir='ltr'><strong>Ast</strong></span> <span class='ocrx_word' id='word_1_202' title='bbox 3197 1792 3379 1846; x_wconf 89' lang='lat' dir='ltr'><strong>Aaron</strong></span> <span class='ocrx_word' id='word_1_203' title='bbox 3414 1791 3697 1861; x_wconf 87' lang='lat' dir='ltr'><strong>ingressus</strong></span> 
     </span>
    </p>
   </div>
   <div class='ocr_carea' id='block_1_31' title="bbox 2096 1881 3699 1939">
    <p class='ocr_par' dir='ltr' id='par_1_31' title="bbox 2096 1881 3699 1939">
     <span class='ocr_line' id='line_1_31' title="bbox 2096 1881 3699 1939; baseline 0 -2"><span class='ocrx_word' id='word_1_204' title='bbox 2096 1883 2153 1937; x_wconf 90' lang='lat' dir='ltr'><strong>in</strong></span> <span class='ocrx_word' id='word_1_205' title='bbox 2180 1883 2635 1937; x_wconf 88' lang='lat' dir='ltr'><strong>Armeniacorum</strong></span> <span class='ocrx_word' id='word_1_206' title='bbox 2671 1884 2853 1937; x_wconf 89' lang='lat' dir='ltr'><strong>thema</strong></span> <span class='ocrx_word' id='word_1_207' title='bbox 2895 1884 3117 1939; x_wconf 89' lang='lat' dir='ltr'><strong>obsedit</strong></span> <span class='ocrx_word' id='word_1_208' title='bbox 3173 1883 3459 1939; x_wconf 89' lang='lat' dir='ltr'><strong>Semalvos</strong></span> <span class='ocrx_word' id='word_1_209' title='bbox 3505 1881 3699 1937; x_wconf 87' lang='lat' dir='ltr'><strong>castel-</strong></span> 
     </span>
    </p>
   </div>
   <div class='ocr_carea' id='block_1_32' title="bbox 411 1949 3692 2045">
    <p class='ocr_par' dir='ltr' id='par_1_32' title="bbox 411 1949 3692 2045">
     <span class='ocr_line' id='line_1_32' title="bbox 411 1949 3692 2045; baseline -0.001 -17"><span class='ocrx_word' id='word_1_210' title='bbox 411 1991 509 2029; x_wconf 90' lang='lat' dir='ltr'><strong>sus</strong></span> <span class='ocrx_word' id='word_1_211' title='bbox 536 1974 678 2029; x_wconf 70' lang='grc' dir='ltr'><strong>Μειάὶ</strong></span> <span class='ocrx_word' id='word_1_212' title='bbox 734 1949 977 2030; x_wconf 77' lang='lat' dir='ltr'><strong>Arabum</strong></span> <span class='ocrx_word' id='word_1_213' title='bbox 1009 1976 1121 2031; x_wconf 78' lang='lat' dir='ltr'><strong>dux</strong></span> <span class='ocrx_word' id='word_1_214' title='bbox 1184 1949 1366 2031; x_wconf 45' lang='lat' dir='ltr'><strong>mittit.</strong></span> <span class='ocrx_word' id='word_1_215' title='bbox 1412 1977 1581 2033; x_wconf 84' lang='lat' dir='ltr'><strong>llisan</strong></span> <span class='ocrx_word' id='word_1_216' title='bbox 1627 1993 1751 2034; x_wconf 93' lang='lat' dir='ltr'><strong>cum</strong></span> <span class='ocrx_word' id='word_1_217' title='bbox 1788 1981 1995 2035; x_wconf 89' lang='lat' dir='ltr'><strong>virtute</strong></span> <span class='ocrx_word' id='word_1_218' title='bbox 2030 1949 2070 2005; x_wconf 64' lang='grc' dir='ltr'><strong>Β</strong></span> <span class='ocrx_word' id='word_1_219' title='bbox 2099 1975 2214 2029; x_wconf 92' lang='lat' dir='ltr'><strong>lum</strong></span> <span class='ocrx_word' id='word_1_220' title='bbox 2241 1983 2432 2030; x_wconf 72' lang='lat' dir='ltr'><strong>testate</strong></span> <span class='ocrx_word' id='word_1_221' title='bbox 2468 1984 2601 2038; x_wconf 89' lang='lat' dir='ltr'><strong>tota,</strong></span> <span class='ocrx_word' id='word_1_222' title='bbox 2635 1976 2690 2031; x_wconf 84' lang='lat' dir='ltr'><strong>et</strong></span> <span class='ocrx_word' id='word_1_223' title='bbox 2726 1976 3081 2045; x_wconf 87' lang='lat' dir='ltr'><strong>Septembrio</strong></span> <span class='ocrx_word' id='word_1_224' title='bbox 3109 1990 3299 2029; x_wconf 87' lang='lat' dir='ltr'><strong>mense</strong></span> <span class='ocrx_word' id='word_1_225' title='bbox 3355 1973 3503 2043; x_wconf 90' lang='lat' dir='ltr'><strong>cepit</strong></span> <span class='ocrx_word' id='word_1_226' title='bbox 3555 1973 3692 2027; x_wconf 92' lang='lat' dir='ltr'><strong>illud</strong></span> 
     </span>
    </p>
   </div>
   <div class='ocr_carea' id='block_1_33' title="bbox 412 2068 1996 2141">
    <p class='ocr_par' dir='ltr' id='par_1_33' title="bbox 412 2068 1996 2141">
     <span class='ocr_line' id='line_1_33' title="bbox 412 2068 1996 2141; baseline 0.003 -19"><span class='ocrx_word' id='word_1_227' title='bbox 412 2068 605 2133; x_wconf 85' lang='lat' dir='ltr'><strong>multa,</strong></span> <span class='ocrx_word' id='word_1_228' title='bbox 637 2068 1065 2138; x_wconf 85' lang='lat' dir='ltr'><strong>Maurophorum</strong></span> <span class='ocrx_word' id='word_1_229' title='bbox 1101 2069 1314 2123; x_wconf 90' lang='lat' dir='ltr'><strong>scilicet</strong></span> <span class='ocrx_word' id='word_1_230' title='bbox 1357 2069 1531 2139; x_wconf 53' lang='lat' dir='ltr'><strong>Syrias</strong></span> <span class='ocrx_word' id='word_1_231' title='bbox 1575 2086 1640 2124; x_wconf 91' lang='lat' dir='ltr'><strong>ac</strong></span> <span class='ocrx_word' id='word_1_232' title='bbox 1686 2070 1996 2141; x_wconf 88' lang='lat' dir='ltr'><strong>Mesopota-</strong></span> 
     </span>
    </p>
   </div>
   <div class='ocr_carea' id='block_1_34' title="bbox 412 2159 1995 2233">
    <p class='ocr_par' dir='ltr' id='par_1_34' title="bbox 412 2159 1995 2233">
     <span class='ocr_line' id='line_1_34' title="bbox 412 2159 1995 2233; baseline 0.002 -19"><span class='ocrx_word' id='word_1_233' title='bbox 412 2160 555 2221; x_wconf 70' lang='lat' dir='ltr'><strong>miae,</strong></span> <span class='ocrx_word' id='word_1_234' title='bbox 609 2169 666 2214; x_wconf 89' lang='lat' dir='ltr'><strong>et</strong></span> <span class='ocrx_word' id='word_1_235' title='bbox 688 2159 979 2214; x_wconf 83' lang='lat' dir='ltr'><strong>descendit</strong></span> <span class='ocrx_word' id='word_1_236' title='bbox 1013 2175 1187 2229; x_wconf 88' lang='lat' dir='ltr'><strong>usque</strong></span> <span class='ocrx_word' id='word_1_237' title='bbox 1219 2160 1551 2232; x_wconf 68' lang='lat' dir='ltr'><strong>Dorylaeum.</strong></span> <span class='ocrx_word' id='word_1_238' title='bbox 1587 2161 1792 2218; x_wconf 83' lang='lat' dir='ltr'><strong>Verum</strong></span> <span class='ocrx_word' id='word_1_239' title='bbox 1818 2162 1995 2233; x_wconf 87' lang='lat' dir='ltr'><strong>impe-</strong></span> 
     </span>
    </p>
   </div>
   <div class='ocr_carea' id='block_1_35' title="bbox 412 2251 1998 2323">
    <p class='ocr_par' dir='ltr' id='par_1_35' title="bbox 412 2251 1998 2323">
     <span class='ocr_line' id='line_1_35' title="bbox 412 2251 1998 2323; baseline 0.001 -16"><span class='ocrx_word' id='word_1_240' title='bbox 412 2262 564 2307; x_wconf 88' lang='lat' dir='ltr'><strong>rator</strong></span> <span class='ocrx_word' id='word_1_241' title='bbox 631 2252 895 2323; x_wconf 66' lang='lat' dir='ltr'><strong>praecepit</strong></span> <span class='ocrx_word' id='word_1_242' title='bbox 953 2251 1287 2321; x_wconf 71' lang='lat' dir='ltr'><strong>praetoribus</strong></span> <span class='ocrx_word' id='word_1_243' title='bbox 1351 2268 1421 2307; x_wconf 87' lang='lat' dir='ltr'><strong>ne</strong></span> <span class='ocrx_word' id='word_1_244' title='bbox 1488 2253 1833 2308; x_wconf 90' lang='lat' dir='ltr'><strong>debellarent</strong></span> <span class='ocrx_word' id='word_1_245' title='bbox 1902 2269 1998 2309; x_wconf 91' lang='lat' dir='ltr'><strong>eos</strong></span> 
     </span>
    </p>
   </div>
   <div class='ocr_carea' id='block_1_36' title="bbox 412 2343 1998 2416">
    <p class='ocr_par' dir='ltr' id='par_1_36' title="bbox 412 2343 1998 2416">
     <span class='ocr_line' id='line_1_36' title="bbox 412 2343 1998 2416; baseline 0.001 -18"><span class='ocrx_word' id='word_1_246' title='bbox 412 2345 641 2415; x_wconf 86' lang='lat' dir='ltr'><strong>publico</strong></span> <span class='ocrx_word' id='word_1_247' title='bbox 696 2343 863 2410; x_wconf 87' lang='lat' dir='ltr'><strong>bello,</strong></span> <span class='ocrx_word' id='word_1_248' title='bbox 910 2344 1003 2399; x_wconf 91' lang='lat' dir='ltr'><strong>sed</strong></span> <span class='ocrx_word' id='word_1_249' title='bbox 1039 2344 1323 2399; x_wconf 88' lang='lat' dir='ltr'><strong>munirent</strong></span> <span class='ocrx_word' id='word_1_250' title='bbox 1354 2345 1613 2400; x_wconf 80' lang='lat' dir='ltr'><strong>civitates</strong></span> <span class='ocrx_word' id='word_1_251' title='bbox 1647 2355 1703 2401; x_wconf 91' lang='lat' dir='ltr'><strong>et</strong></span> <span class='ocrx_word' id='word_1_252' title='bbox 1733 2347 1998 2416; x_wconf 89' lang='lat' dir='ltr'><strong>populum</strong></span> 
     </span>
    </p>
   </div>
   <div class='ocr_carea' id='block_1_37' title="bbox 414 2437 2002 2502">
    <p class='ocr_par' dir='ltr' id='par_1_37' title="bbox 414 2437 2002 2502">
     <span class='ocr_line' id='line_1_37' title="bbox 414 2437 2002 2502; baseline 0.002 -10"><span class='ocrx_word' id='word_1_253' title='bbox 414 2437 833 2493; x_wconf 88' lang='lat' dir='ltr'><strong>introducerent</strong></span> <span class='ocrx_word' id='word_1_254' title='bbox 878 2437 946 2491; x_wconf 91' lang='lat' dir='ltr'><strong>ad</strong></span> <span class='ocrx_word' id='word_1_255' title='bbox 1003 2452 1193 2491; x_wconf 88' lang='lat' dir='ltr'><strong>earum</strong></span> <span class='ocrx_word' id='word_1_256' title='bbox 1242 2437 1572 2502; x_wconf 89' lang='lat' dir='ltr'><strong>custodiam,</strong></span> <span class='ocrx_word' id='word_1_257' title='bbox 1629 2437 1920 2493; x_wconf 88' lang='lat' dir='ltr'><strong>destinatis</strong></span> <span class='ocrx_word' id='word_1_258' title='bbox 1944 2448 2002 2495; x_wconf 91' lang='lat' dir='ltr'><strong>et</strong></span> 
     </span>
    </p>
   </div>
   <div class='ocr_carea' id='block_1_38' title="bbox 414 2529 1999 2601">
    <p class='ocr_par' dir='ltr' id='par_1_38' title="bbox 414 2529 1999 2601">
     <span class='ocr_line' id='line_1_38' title="bbox 414 2529 1999 2601; baseline 0.001 -17"><span class='ocrx_word' id='word_1_259' title='bbox 414 2530 764 2601; x_wconf 87' lang='lat' dir='ltr'><strong>principibus</strong></span> <span class='ocrx_word' id='word_1_260' title='bbox 792 2529 1005 2600; x_wconf 80' lang='lat' dir='ltr'><strong>magnis</strong></span> <span class='ocrx_word' id='word_1_261' title='bbox 1041 2545 1138 2599; x_wconf 88' lang='lat' dir='ltr'><strong>per</strong></span> <span class='ocrx_word' id='word_1_262' title='bbox 1164 2530 1413 2600; x_wconf 84' lang='lat' dir='ltr'><strong>singulas</strong></span> <span class='ocrx_word' id='word_1_263' title='bbox 1458 2530 1735 2590; x_wconf 88' lang='lat' dir='ltr'><strong>civitates.</strong></span> <span class='ocrx_word' id='word_1_264' title='bbox 1783 2529 1999 2600; x_wconf 86' lang='lat' dir='ltr'><strong>ipsique</strong></span> 
     </span>
    </p>
   </div>
   <div class='ocr_carea' id='block_1_39' title="bbox 414 2626 2001 2691">
    <p class='ocr_par' dir='ltr' id='par_1_39' title="bbox 414 2626 2001 2691">
     <span class='ocr_line' id='line_1_39' title="bbox 414 2626 2001 2691; baseline -0.002 -9"><span class='ocrx_word' id='word_1_265' title='bbox 414 2636 703 2682; x_wconf 88' lang='lat' dir='ltr'><strong>sumerent</strong></span> <span class='ocrx_word' id='word_1_266' title='bbox 755 2627 1064 2682; x_wconf 82' lang='lat' dir='ltr'><strong>electorum</strong></span> <span class='ocrx_word' id='word_1_267' title='bbox 1125 2627 1363 2681; x_wconf 89' lang='lat' dir='ltr'><strong>militum</strong></span> <span class='ocrx_word' id='word_1_268' title='bbox 1394 2636 1551 2681; x_wconf 90' lang='lat' dir='ltr'><strong>terna</strong></span> <span class='ocrx_word' id='word_1_269' title='bbox 1601 2626 1795 2691; x_wconf 85' lang='lat' dir='ltr'><strong>millia,</strong></span> <span class='ocrx_word' id='word_1_270' title='bbox 1830 2636 1885 2681; x_wconf 92' lang='lat' dir='ltr'><strong>et</strong></span> <span class='ocrx_word' id='word_1_271' title='bbox 1913 2626 2001 2680; x_wconf 89' lang='lat' dir='ltr'><strong>in-</strong></span> 
     </span>
    </p>
   </div>
   <div class='ocr_carea' id='block_1_40' title="bbox 413 2718 2003 2789">
    <p class='ocr_par' dir='ltr' id='par_1_40' title="bbox 413 2718 2003 2789">
     <span class='ocr_line' id='line_1_40' title="bbox 413 2718 2003 2789; baseline -0.002 -14"><span class='ocrx_word' id='word_1_272' title='bbox 413 2727 789 2789; x_wconf 88' lang='lat' dir='ltr'><strong>sequerentur</strong></span> <span class='ocrx_word' id='word_1_273' title='bbox 818 2734 936 2783; x_wconf 90' lang='lat' dir='ltr'><strong>eos,</strong></span> <span class='ocrx_word' id='word_1_274' title='bbox 963 2734 1032 2773; x_wconf 89' lang='lat' dir='ltr'><strong>ne</strong></span> <span class='ocrx_word' id='word_1_275' title='bbox 1057 2718 1443 2789; x_wconf 87' lang='lat' dir='ltr'><strong>dispergerent</strong></span> <span class='ocrx_word' id='word_1_276' title='bbox 1470 2734 1689 2783; x_wconf 86' lang='lat' dir='ltr'><strong>cursus,</strong></span> <span class='ocrx_word' id='word_1_277' title='bbox 1723 2726 1780 2773; x_wconf 88' lang='lat' dir='ltr'><strong>et</strong></span> <span class='ocrx_word' id='word_1_278' title='bbox 1811 2719 2003 2774; x_wconf 90' lang='lat' dir='ltr'><strong>incen-</strong></span> 
     </span>
    </p>
   </div>
   <div class='ocr_carea' id='block_1_41' title="bbox 414 2808 2000 2880">
    <p class='ocr_par' dir='ltr' id='par_1_41' title="bbox 414 2808 2000 2880">
     <span class='ocr_line' id='line_1_41' title="bbox 414 2808 2000 2880; baseline -0.002 -15"><span class='ocrx_word' id='word_1_279' title='bbox 414 2812 614 2865; x_wconf 88' lang='lat' dir='ltr'><strong>derent</strong></span> <span class='ocrx_word' id='word_1_280' title='bbox 655 2811 757 2880; x_wconf 86' lang='lat' dir='ltr'><strong>ipsi</strong></span> <span class='ocrx_word' id='word_1_281' title='bbox 792 2810 1052 2880; x_wconf 90' lang='lat' dir='ltr'><strong>primitus</strong></span> <span class='ocrx_word' id='word_1_282' title='bbox 1088 2816 1198 2863; x_wconf 89' lang='lat' dir='ltr'><strong>tam</strong></span> <span class='ocrx_word' id='word_1_283' title='bbox 1256 2808 1458 2879; x_wconf 88' lang='lat' dir='ltr'><strong>pabula</strong></span> <span class='ocrx_word' id='word_1_284' title='bbox 1512 2824 1781 2879; x_wconf 90' lang='lat' dir='ltr'><strong>equorum</strong></span> <span class='ocrx_word' id='word_1_285' title='bbox 1832 2823 2000 2877; x_wconf 90' lang='lat' dir='ltr'><strong>quam</strong></span> 
     </span>
    </p>
   </div>
   <div class='ocr_carea' id='block_1_42' title="bbox 414 2898 2000 2970">
    <p class='ocr_par' dir='ltr' id='par_1_42' title="bbox 414 2898 2000 2970">
     <span class='ocr_line' id='line_1_42' title="bbox 414 2898 2000 2970; baseline -0.003 -13"><span class='ocrx_word' id='word_1_286' title='bbox 414 2917 594 2965; x_wconf 88' lang='lat' dir='ltr'><strong>escas,</strong></span> <span class='ocrx_word' id='word_1_287' title='bbox 657 2902 973 2970; x_wconf 89' lang='lat' dir='ltr'><strong>ubicunque</strong></span> <span class='ocrx_word' id='word_1_288' title='bbox 1023 2900 1260 2955; x_wconf 82' lang='lat' dir='ltr'><strong>fuissent</strong></span> <span class='ocrx_word' id='word_1_289' title='bbox 1312 2900 1569 2955; x_wconf 69' lang='lat' dir='ltr'><strong>inventae.</strong></span> <span class='ocrx_word' id='word_1_290' title='bbox 1618 2898 1755 2955; x_wconf 91' lang='lat' dir='ltr'><strong>Cum</strong></span> <span class='ocrx_word' id='word_1_291' title='bbox 1812 2907 2000 2953; x_wconf 89' lang='lat' dir='ltr'><strong>autem</strong></span> 
     </span>
    </p>
   </div>
   <div class='ocr_carea' id='block_1_43' title="bbox 417 2990 2000 3065">
    <p class='ocr_par' dir='ltr' id='par_1_43' title="bbox 417 2990 2000 3065">
     <span class='ocr_line' id='line_1_43' title="bbox 417 2990 2000 3065; baseline -0.003 -16"><span class='ocrx_word' id='word_1_292' title='bbox 417 2994 728 3049; x_wconf 87' lang='lat' dir='ltr'><strong>residerent</strong></span> <span class='ocrx_word' id='word_1_293' title='bbox 765 2994 994 3065; x_wconf 61' lang='grc' dir='ltr'><strong>Βοιδγίκί</strong></span> <span class='ocrx_word' id='word_1_294' title='bbox 1029 2993 1229 3048; x_wconf 87' lang='lat' dir='ltr'><strong>diebus</strong></span> <span class='ocrx_word' id='word_1_295' title='bbox 1278 2992 1621 3062; x_wconf 89' lang='lat' dir='ltr'><strong>quindecim,</strong></span> <span class='ocrx_word' id='word_1_296' title='bbox 1653 3002 1710 3046; x_wconf 87' lang='lat' dir='ltr'><strong>et</strong></span> <span class='ocrx_word' id='word_1_297' title='bbox 1763 2990 2000 3046; x_wconf 84' lang='lat' dir='ltr'><strong>defecis-</strong></span> 
     </span>
    </p>
   </div>
   <div class='ocr_carea' id='block_1_44' title="bbox 416 3068 2000 3155">
    <p class='ocr_par' dir='ltr' id='par_1_44' title="bbox 416 3068 2000 3155">
     <span class='ocr_line' id='line_1_44' title="bbox 416 3068 2000 3155; baseline -0.002 -13"><span class='ocrx_word' id='word_1_298' title='bbox 416 3096 543 3142; x_wconf 88' lang='lat' dir='ltr'><strong>sent</strong></span> <span class='ocrx_word' id='word_1_299' title='bbox 569 3068 674 3141; x_wconf 69' lang='lat' dir='ltr'><strong>sibi</strong></span> <span class='ocrx_word' id='word_1_300' title='bbox 706 3102 826 3155; x_wconf 73' lang='lat' dir='ltr'><strong>qua:</strong></span> <span class='ocrx_word' id='word_1_301' title='bbox 882 3086 1053 3139; x_wconf 87' lang='lat' dir='ltr'><strong>victui</strong></span> <span class='ocrx_word' id='word_1_302' title='bbox 1077 3094 1207 3140; x_wconf 90' lang='lat' dir='ltr'><strong>sunt</strong></span> <span class='ocrx_word' id='word_1_303' title='bbox 1244 3085 1576 3149; x_wconf 87' lang='lat' dir='ltr'><strong>necessaria,</strong></span> <span class='ocrx_word' id='word_1_304' title='bbox 1614 3082 1778 3140; x_wconf 81' lang='lat' dir='ltr'><strong>exilia</strong></span> <span class='ocrx_word' id='word_1_305' title='bbox 1805 3100 2000 3139; x_wconf 90' lang='lat' dir='ltr'><strong>eorum</strong></span> 
     </span>
    </p>
   </div>
   <div class='ocr_carea' id='block_1_45' title="bbox 415 3177 2002 3247">
    <p class='ocr_par' dir='ltr' id='par_1_45' title="bbox 415 3177 2002 3247">
     <span class='ocr_line' id='line_1_45' title="bbox 415 3177 2002 3247; baseline -0.001 -14"><span class='ocrx_word' id='word_1_306' title='bbox 415 3179 616 3233; x_wconf 72' lang='lat' dir='ltr'><strong>effecta</strong></span> <span class='ocrx_word' id='word_1_307' title='bbox 659 3187 787 3233; x_wconf 89' lang='lat' dir='ltr'><strong>sunt</strong></span> <span class='ocrx_word' id='word_1_308' title='bbox 844 3178 1125 3243; x_wconf 87' lang='lat' dir='ltr'><strong>animalia,</strong></span> <span class='ocrx_word' id='word_1_309' title='bbox 1158 3178 1442 3247; x_wconf 88' lang='lat' dir='ltr'><strong>multaque</strong></span> <span class='ocrx_word' id='word_1_310' title='bbox 1494 3179 1549 3231; x_wconf 88' lang='lat' dir='ltr'><strong>in</strong></span> <span class='ocrx_word' id='word_1_311' title='bbox 1584 3177 1666 3233; x_wconf 88' lang='lat' dir='ltr'><strong>eis</strong></span> <span class='ocrx_word' id='word_1_312' title='bbox 1695 3177 1878 3247; x_wconf 62' lang='lat' dir='ltr'><strong>praeda</strong></span> <span class='ocrx_word' id='word_1_313' title='bbox 1908 3193 2002 3247; x_wconf 90' lang='lat' dir='ltr'><strong>pa-</strong></span> 
     </span>
    </p>
   </div>
   <div class='ocr_carea' id='block_1_46' title="bbox 2102 2065 3693 2124">
    <p class='ocr_par' dir='ltr' id='par_1_46' title="bbox 2102 2065 3693 2124">
     <span class='ocr_line' id='line_1_46' title="bbox 2102 2065 3693 2124; baseline -0.004 -1"><span class='ocrx_word' id='word_1_314' title='bbox 2102 2069 2157 2123; x_wconf 92' lang='lat' dir='ltr'><strong>in</strong></span> <span class='ocrx_word' id='word_1_315' title='bbox 2189 2069 2381 2124; x_wconf 88' lang='lat' dir='ltr'><strong>verbo.</strong></span> <span class='ocrx_word' id='word_1_316' title='bbox 2414 2069 2637 2124; x_wconf 83' lang='lat' dir='ltr'><strong>Miserat</strong></span> <span class='ocrx_word' id='word_1_317' title='bbox 2684 2078 2868 2124; x_wconf 90' lang='lat' dir='ltr'><strong>autem</strong></span> <span class='ocrx_word' id='word_1_318' title='bbox 2922 2070 3348 2123; x_wconf 89' lang='lat' dir='ltr'><strong>Thummamam</strong></span> <span class='ocrx_word' id='word_1_319' title='bbox 3394 2068 3449 2120; x_wconf 91' lang='lat' dir='ltr'><strong>in</strong></span> <span class='ocrx_word' id='word_1_320' title='bbox 3507 2065 3693 2120; x_wconf 85' lang='lat' dir='ltr'><strong>Asiam</strong></span> 
     </span>
    </p>
   </div>
   <div class='ocr_carea' id='block_1_47' title="bbox 2102 2157 3693 2234">
    <p class='ocr_par' dir='ltr' id='par_1_47' title="bbox 2102 2157 3693 2234">
     <span class='ocr_line' id='line_1_47' title="bbox 2102 2157 3693 2234; baseline -0.005 -16"><span class='ocrx_word' id='word_1_321' title='bbox 2102 2179 2227 2218; x_wconf 94' lang='lat' dir='ltr'><strong>cum</strong></span> <span class='ocrx_word' id='word_1_322' title='bbox 2261 2162 2663 2234; x_wconf 81' lang='lat' dir='ltr'><strong>quinquaginta</strong></span> <span class='ocrx_word' id='word_1_323' title='bbox 2696 2161 2966 2226; x_wconf 89' lang='lat' dir='ltr'><strong>millibus,</strong></span> <span class='ocrx_word' id='word_1_324' title='bbox 3003 2170 3059 2217; x_wconf 92' lang='lat' dir='ltr'><strong>et</strong></span> <span class='ocrx_word' id='word_1_325' title='bbox 3104 2173 3405 2217; x_wconf 89' lang='lat' dir='ltr'><strong>occurrens</strong></span> <span class='ocrx_word' id='word_1_326' title='bbox 3458 2157 3693 2212; x_wconf 86' lang='lat' dir='ltr'><strong>Michael</strong></span> 
     </span>
    </p>
   </div>
   <div class='ocr_carea' id='block_1_48' title="bbox 2102 2251 3697 2312">
    <p class='ocr_par' dir='ltr' id='par_1_48' title="bbox 2102 2251 3697 2312">
     <span class='ocr_line' id='line_1_48' title="bbox 2102 2251 3697 2312; baseline -0.004 -3"><span class='ocrx_word' id='word_1_327' title='bbox 2102 2255 2532 2310; x_wconf 89' lang='lat' dir='ltr'><strong>Laehanodraco</strong></span> <span class='ocrx_word' id='word_1_328' title='bbox 2564 2269 2729 2309; x_wconf 88' lang='lat' dir='ltr'><strong>cursu</strong></span> <span class='ocrx_word' id='word_1_329' title='bbox 2756 2254 2976 2308; x_wconf 91' lang='lat' dir='ltr'><strong>modico</strong></span> <span class='ocrx_word' id='word_1_330' title='bbox 3001 2268 3103 2309; x_wconf 93' lang='lat' dir='ltr'><strong>suo</strong></span> <span class='ocrx_word' id='word_1_331' title='bbox 3126 2251 3426 2309; x_wconf 87' lang='lat' dir='ltr'><strong>debellavit</strong></span> <span class='ocrx_word' id='word_1_332' title='bbox 3458 2264 3611 2312; x_wconf 88' lang='lat' dir='ltr'><strong>eum,</strong></span> <span class='ocrx_word' id='word_1_333' title='bbox 3638 2257 3697 2303; x_wconf 89' lang='lat' dir='ltr'><strong>et</strong></span> 
     </span>
    </p>
   </div>
   <div class='ocr_carea' id='block_1_49' title="bbox 2098 2346 3044 2420">
    <p class='ocr_par' dir='ltr' id='par_1_49' title="bbox 2098 2346 3044 2420">
     <span class='ocr_line' id='line_1_49' title="bbox 2098 2346 3044 2420; baseline -0.004 -19"><span class='ocrx_word' id='word_1_334' title='bbox 2098 2347 2371 2420; x_wconf 78' lang='lat' dir='ltr'><strong>iugulavit</strong></span> <span class='ocrx_word' id='word_1_335' title='bbox 2398 2347 2627 2401; x_wconf 88' lang='lat' dir='ltr'><strong>fratrem</strong></span> <span class='ocrx_word' id='word_1_336' title='bbox 2664 2346 3044 2401; x_wconf 63' lang='lat' dir='ltr'><strong>Theumamaa.</strong></span> 
     </span>
    </p>
   </div>
   <div class='ocr_carea' id='block_1_50' title="bbox 2172 2434 3697 2507">
    <p class='ocr_par' dir='ltr' id='par_1_50' title="bbox 2172 2434 3697 2507">
     <span class='ocr_line' id='line_1_50' title="bbox 2172 2434 3697 2507; baseline -0.005 -14"><span class='ocrx_word' id='word_1_337' title='bbox 2172 2439 2377 2493; x_wconf 89' lang='lat' dir='ltr'><strong>Eodem</strong></span> <span class='ocrx_word' id='word_1_338' title='bbox 2399 2452 2620 2507; x_wconf 89' lang='lat' dir='ltr'><strong>quoque</strong></span> <span class='ocrx_word' id='word_1_339' title='bbox 2646 2451 2834 2491; x_wconf 89' lang='lat' dir='ltr'><strong>mense</strong></span> <span class='ocrx_word' id='word_1_340' title='bbox 2860 2444 3073 2505; x_wconf 76' lang='lat' dir='ltr'><strong>quarta:</strong></span> <span class='ocrx_word' id='word_1_341' title='bbox 3098 2434 3420 2489; x_wconf 90' lang='lat' dir='ltr'><strong>indietionis</strong></span> <span class='ocrx_word' id='word_1_342' title='bbox 3442 2440 3697 2488; x_wconf 89' lang='lat' dir='ltr'><strong>mortuus</strong></span> 
     </span>
    </p>
   </div>
   <div class='ocr_carea' id='block_1_51' title="bbox 2099 2525 3697 2587">
    <p class='ocr_par' dir='ltr' id='par_1_51' title="bbox 2099 2525 3697 2587">
     <span class='ocr_line' id='line_1_51' title="bbox 2099 2525 3697 2587; baseline -0.005 -1"><span class='ocrx_word' id='word_1_343' title='bbox 2099 2539 2186 2587; x_wconf 90' lang='lat' dir='ltr'><strong>est</strong></span> <span class='ocrx_word' id='word_1_344' title='bbox 2217 2529 2328 2585; x_wconf 91' lang='lat' dir='ltr'><strong>Leo</strong></span> <span class='ocrx_word' id='word_1_345' title='bbox 2354 2530 2499 2583; x_wconf 81' lang='lat' dir='ltr'><strong>ﬁlius</strong></span> <span class='ocrx_word' id='word_1_346' title='bbox 2522 2528 2876 2584; x_wconf 90' lang='lat' dir='ltr'><strong>Constantini</strong></span> <span class='ocrx_word' id='word_1_347' title='bbox 2903 2529 3009 2582; x_wconf 93' lang='lat' dir='ltr'><strong>hoc</strong></span> <span class='ocrx_word' id='word_1_348' title='bbox 3040 2527 3226 2582; x_wconf 91' lang='lat' dir='ltr'><strong>modo.</strong></span> <span class='ocrx_word' id='word_1_349' title='bbox 3260 2526 3399 2582; x_wconf 89' lang='lat' dir='ltr'><strong>Cum</strong></span> <span class='ocrx_word' id='word_1_350' title='bbox 3424 2525 3697 2580; x_wconf 88' lang='lat' dir='ltr'><strong>insaniret</strong></span> 
     </span>
    </p>
   </div>
   <div class='ocr_carea' id='block_1_52' title="bbox 2102 2618 3696 2692">
    <p class='ocr_par' dir='ltr' id='par_1_52' title="bbox 2102 2618 3696 2692">
     <span class='ocr_line' id='line_1_52' title="bbox 2102 2618 3696 2692; baseline -0.003 -14"><span class='ocrx_word' id='word_1_351' title='bbox 2102 2624 2247 2678; x_wconf 89' lang='lat' dir='ltr'><strong>circa</strong></span> <span class='ocrx_word' id='word_1_352' title='bbox 2305 2622 2533 2692; x_wconf 80' lang='lat' dir='ltr'><strong>lapides,</strong></span> <span class='ocrx_word' id='word_1_353' title='bbox 2591 2621 2759 2676; x_wconf 92' lang='lat' dir='ltr'><strong>nimis</strong></span> <span class='ocrx_word' id='word_1_354' title='bbox 2814 2620 3097 2675; x_wconf 91' lang='lat' dir='ltr'><strong>adamavit</strong></span> <span class='ocrx_word' id='word_1_355' title='bbox 3161 2633 3428 2675; x_wconf 89' lang='lat' dir='ltr'><strong>coronam</strong></span> <span class='ocrx_word' id='word_1_356' title='bbox 3487 2618 3696 2688; x_wconf 75' lang='lat' dir='ltr'><strong>Magna:</strong></span> 
     </span>
    </p>
   </div>
   <div class='ocr_carea' id='block_1_53' title="bbox 2100 2713 3698 2784">
    <p class='ocr_par' dir='ltr' id='par_1_53' title="bbox 2100 2713 3698 2784">
     <span class='ocr_line' id='line_1_53' title="bbox 2100 2713 3698 2784; baseline -0.003 -13"><span class='ocrx_word' id='word_1_357' title='bbox 2100 2715 2352 2771; x_wconf 74' lang='lat' dir='ltr'><strong>ecclesia:</strong></span> <span class='ocrx_word' id='word_1_358' title='bbox 2376 2756 2389 2779; x_wconf 93' lang='lat'><strong>,</strong></span> <span class='ocrx_word' id='word_1_359' title='bbox 2416 2724 2473 2770; x_wconf 92' lang='lat' dir='ltr'><strong>et</strong></span> <span class='ocrx_word' id='word_1_360' title='bbox 2544 2713 2823 2784; x_wconf 85' lang='lat' dir='ltr'><strong>accipiens</strong></span> <span class='ocrx_word' id='word_1_361' title='bbox 2880 2714 3117 2784; x_wconf 88' lang='lat' dir='ltr'><strong>portavit</strong></span> <span class='ocrx_word' id='word_1_362' title='bbox 3155 2729 3298 2779; x_wconf 87' lang='lat' dir='ltr'><strong>eam,</strong></span> <span class='ocrx_word' id='word_1_363' title='bbox 3337 2722 3393 2768; x_wconf 92' lang='lat' dir='ltr'><strong>et</strong></span> <span class='ocrx_word' id='word_1_364' title='bbox 3437 2713 3698 2767; x_wconf 83' lang='lat' dir='ltr'><strong>exierunt</strong></span> 
     </span>
    </p>
   </div>
   <div class='ocr_carea' id='block_1_54' title="bbox 2103 2804 3695 2878">
    <p class='ocr_par' dir='ltr' id='par_1_54' title="bbox 2103 2804 3695 2878">
     <span class='ocr_line' id='line_1_54' title="bbox 2103 2804 3695 2878; baseline -0.003 -14"><span class='ocrx_word' id='word_1_365' title='bbox 2103 2808 2431 2865; x_wconf 86' lang='lat' dir='ltr'><strong>carbunculi</strong></span> <span class='ocrx_word' id='word_1_366' title='bbox 2460 2810 2515 2862; x_wconf 90' lang='lat' dir='ltr'><strong>in</strong></span> <span class='ocrx_word' id='word_1_367' title='bbox 2538 2809 2716 2877; x_wconf 86' lang='lat' dir='ltr'><strong>capite</strong></span> <span class='ocrx_word' id='word_1_368' title='bbox 2752 2808 2894 2876; x_wconf 88' lang='lat' dir='ltr'><strong>ejus,</strong></span> <span class='ocrx_word' id='word_1_369' title='bbox 2930 2816 2986 2862; x_wconf 89' lang='lat' dir='ltr'><strong>et</strong></span> <span class='ocrx_word' id='word_1_370' title='bbox 3034 2816 3229 2878; x_wconf 86' lang='lat' dir='ltr'><strong>captus</strong></span> <span class='ocrx_word' id='word_1_371' title='bbox 3259 2822 3287 2861; x_wconf 90' lang='lat' dir='ltr'><strong>a</strong></span> <span class='ocrx_word' id='word_1_372' title='bbox 3324 2806 3505 2861; x_wconf 88' lang='lat' dir='ltr'><strong>valida</strong></span> <span class='ocrx_word' id='word_1_373' title='bbox 3541 2804 3695 2859; x_wconf 87' lang='lat' dir='ltr'><strong>febre</strong></span> 
     </span>
    </p>
   </div>
   <div class='ocr_carea' id='block_1_55' title="bbox 2105 2899 3725 2971">
    <p class='ocr_par' dir='ltr' id='par_1_55' title="bbox 2105 2899 3725 2971">
     <span class='ocr_line' id='line_1_55' title="bbox 2105 2899 3725 2971; baseline 0 -16"><span class='ocrx_word' id='word_1_374' title='bbox 2105 2910 2356 2956; x_wconf 91' lang='lat' dir='ltr'><strong>mortuus</strong></span> <span class='ocrx_word' id='word_1_375' title='bbox 2384 2911 2492 2965; x_wconf 85' lang='lat' dir='ltr'><strong>est,</strong></span> <span class='ocrx_word' id='word_1_376' title='bbox 2525 2916 2652 2956; x_wconf 90' lang='lat' dir='ltr'><strong>cum</strong></span> <span class='ocrx_word' id='word_1_377' title='bbox 2690 2909 2976 2971; x_wconf 79' lang='lat' dir='ltr'><strong>regnasset</strong></span> <span class='ocrx_word' id='word_1_378' title='bbox 3006 2901 3167 2956; x_wconf 91' lang='lat' dir='ltr'><strong>annis</strong></span> <span class='ocrx_word' id='word_1_379' title='bbox 3195 2900 3465 2971; x_wconf 88' lang='lat' dir='ltr'><strong>quinque,</strong></span> <span class='ocrx_word' id='word_1_380' title='bbox 3495 2899 3697 2955; x_wconf 89' lang='lat' dir='ltr'><strong>diebus</strong></span> <span class='ocrx_word' id='word_1_381' title='bbox 3722 2902 3725 2907; x_wconf 80' lang='grc'><em>’</em></span> 
     </span>
    </p>
   </div>
   <div class='ocr_carea' id='block_1_56' title="bbox 2103 2995 3365 3067">
    <p class='ocr_par' dir='ltr' id='par_1_56' title="bbox 2103 2995 3365 3067">
     <span class='ocr_line' id='line_1_56' title="bbox 2103 2995 3365 3067; baseline 0 -18"><span class='ocrx_word' id='word_1_382' title='bbox 2103 3010 2197 3049; x_wconf 85' lang='lat' dir='ltr'><strong>sex</strong></span> <span class='ocrx_word' id='word_1_383' title='bbox 2228 2995 2492 3065; x_wconf 82' lang='lat' dir='ltr'><strong>exceptis.</strong></span> <span class='ocrx_word' id='word_1_384' title='bbox 3362 3066 3365 3067; x_wconf 16' lang='grc' dir='ltr'><em>ν</em></span> 
     </span>
    </p>
   </div>
   <div class='ocr_carea' id='block_1_57' title="bbox 2175 3084 3691 3155">
    <p class='ocr_par' dir='ltr' id='par_1_57' title="bbox 2175 3084 3691 3155">
     <span class='ocr_line' id='line_1_57' title="bbox 2175 3084 3691 3155; baseline -0.002 -13"><span class='ocrx_word' id='word_1_385' title='bbox 2175 3086 2361 3155; x_wconf 80' lang='lat' dir='ltr'><strong>Mundi</strong></span> <span class='ocrx_word' id='word_1_386' title='bbox 2384 3103 2529 3142; x_wconf 89' lang='lat' dir='ltr'><strong>anno</strong></span> <span class='ocrx_word' id='word_1_387' title='bbox 2557 3089 2717 3154; x_wconf 87' lang='lat'><strong>6776,</strong></span> <span class='ocrx_word' id='word_1_388' title='bbox 2742 3088 2944 3142; x_wconf 77' lang='lat' dir='ltr'><strong>divina:</strong></span> <span class='ocrx_word' id='word_1_389' title='bbox 2966 3086 3370 3141; x_wconf 89' lang='lat' dir='ltr'><strong>incarnationis</strong></span> <span class='ocrx_word' id='word_1_390' title='bbox 3392 3102 3541 3140; x_wconf 92' lang='lat' dir='ltr'><strong>anno</strong></span> <span class='ocrx_word' id='word_1_391' title='bbox 3559 3084 3691 3152; x_wconf 90' lang='lat'><strong>776,</strong></span> 
     </span>
    </p>
   </div>
   <div class='ocr_carea' id='block_1_58' title="bbox 2104 3162 3699 3252">
    <p class='ocr_par' dir='ltr' id='par_1_58' title="bbox 2104 3162 3699 3252">
     <span class='ocr_line' id='line_1_58' title="bbox 2104 3162 3699 3252; baseline -0.004 -15"><span class='ocrx_word' id='word_1_392' title='bbox 2104 3182 2343 3237; x_wconf 82' lang='lat' dir='ltr'><strong>Ileirene</strong></span> <span class='ocrx_word' id='word_1_393' title='bbox 2376 3162 2624 3252; x_wconf 83' lang='lat' dir='ltr'><strong>piissima</strong></span> <span class='ocrx_word' id='word_1_394' title='bbox 2671 3198 2776 3237; x_wconf 88' lang='lat' dir='ltr'><strong>una</strong></span> <span class='ocrx_word' id='word_1_395' title='bbox 2831 3196 2958 3236; x_wconf 89' lang='lat' dir='ltr'><strong>cum</strong></span> <span class='ocrx_word' id='word_1_396' title='bbox 3016 3180 3127 3234; x_wconf 83' lang='lat' dir='ltr'><strong>filio</strong></span> <span class='ocrx_word' id='word_1_397' title='bbox 3178 3196 3280 3235; x_wconf 89' lang='lat' dir='ltr'><strong>suo</strong></span> <span class='ocrx_word' id='word_1_398' title='bbox 3332 3177 3699 3235; x_wconf 88' lang='lat' dir='ltr'><strong>Constantino</strong></span> 
     </span>
    </p>
   </div>
   <div class='ocr_carea' id='block_1_59' title="bbox 421 3268 3703 3347">
    <p class='ocr_par' dir='ltr' id='par_1_59' title="bbox 421 3268 3703 3347">
     <span class='ocr_line' id='line_1_59' title="bbox 421 3268 3703 3347; baseline -0.001 -18"><span class='ocrx_word' id='word_1_399' title='bbox 421 3284 565 3329; x_wconf 88' lang='lat' dir='ltr'><strong>trata</strong></span> <span class='ocrx_word' id='word_1_400' title='bbox 613 3281 718 3329; x_wconf 82' lang='lat' dir='ltr'><strong>est.</strong></span> <span class='ocrx_word' id='word_1_401' title='bbox 774 3272 843 3327; x_wconf 87' lang='lat' dir='ltr'><strong>Et</strong></span> <span class='ocrx_word' id='word_1_402' title='bbox 905 3274 1112 3328; x_wconf 79' lang='lat' dir='ltr'><strong>reversi</strong></span> <span class='ocrx_word' id='word_1_403' title='bbox 1175 3272 1516 3327; x_wconf 89' lang='lat' dir='ltr'><strong>obsederunt</strong></span> <span class='ocrx_word' id='word_1_404' title='bbox 1562 3273 1848 3328; x_wconf 87' lang='lat' dir='ltr'><strong>Amorium</strong></span> <span class='ocrx_word' id='word_1_405' title='bbox 1910 3274 2000 3330; x_wconf 89' lang='lat' dir='ltr'><strong>die</strong></span> <span class='ocrx_word' id='word_1_406' title='bbox 2030 3283 2079 3347; x_wconf 74' lang='grc' dir='ltr'>ο</span> <span class='ocrx_word' id='word_1_407' title='bbox 2108 3275 2348 3345; x_wconf 85' lang='lat' dir='ltr'><strong>gloriose</strong></span> <span class='ocrx_word' id='word_1_408' title='bbox 2373 3274 2669 3345; x_wconf 89' lang='lat' dir='ltr'><strong>imperium</strong></span> <span class='ocrx_word' id='word_1_409' title='bbox 2704 3274 2974 3329; x_wconf 90' lang='lat' dir='ltr'><strong>divinitus</strong></span> <span class='ocrx_word' id='word_1_410' title='bbox 3009 3272 3209 3343; x_wconf 90' lang='lat' dir='ltr'><strong>accipit</strong></span> <span class='ocrx_word' id='word_1_411' title='bbox 3241 3280 3395 3327; x_wconf 79' lang='lat' dir='ltr'><strong>sexto</strong></span> <span class='ocrx_word' id='word_1_412' title='bbox 3422 3270 3548 3326; x_wconf 92' lang='lat' dir='ltr'><strong>idus</strong></span> <span class='ocrx_word' id='word_1_413' title='bbox 3600 3268 3703 3325; x_wconf 86' lang='lat' dir='ltr'><strong>Se-</strong></span> 
     </span>
    </p>
   </div>
   <div class='ocr_carea' id='block_1_60' title="bbox 421 3362 2003 3433">
    <p class='ocr_par' dir='ltr' id='par_1_60' title="bbox 421 3362 2003 3433">
     <span class='ocr_line' id='line_1_60' title="bbox 421 3362 2003 3433; baseline 0.001 -16"><span class='ocrx_word' id='word_1_414' title='bbox 421 3380 569 3428; x_wconf 92' lang='lat' dir='ltr'><strong>uno;</strong></span> <span class='ocrx_word' id='word_1_415' title='bbox 619 3362 767 3433; x_wconf 89' lang='lat' dir='ltr'><strong>quod</strong></span> <span class='ocrx_word' id='word_1_416' title='bbox 803 3378 929 3417; x_wconf 91' lang='lat' dir='ltr'><strong>cum</strong></span> <span class='ocrx_word' id='word_1_417' title='bbox 999 3362 1271 3417; x_wconf 87' lang='lat' dir='ltr'><strong>vidissent</strong></span> <span class='ocrx_word' id='word_1_418' title='bbox 1330 3363 1627 3429; x_wconf 90' lang='lat' dir='ltr'><strong>munitum,</strong></span> <span class='ocrx_word' id='word_1_419' title='bbox 1677 3372 1733 3419; x_wconf 90' lang='lat' dir='ltr'><strong>et</strong></span> <span class='ocrx_word' id='word_1_420' title='bbox 1775 3364 2003 3419; x_wconf 90' lang='lat' dir='ltr'><strong>multam</strong></span> 
     </span>
    </p>
   </div>
   <div class='ocr_carea' id='block_1_61' title="bbox 420 3453 2003 3525">
    <p class='ocr_par' dir='ltr' id='par_1_61' title="bbox 420 3453 2003 3525">
     <span class='ocr_line' id='line_1_61' title="bbox 420 3453 2003 3525; baseline 0.003 -18"><span class='ocrx_word' id='word_1_421' title='bbox 420 3454 627 3508; x_wconf 89' lang='lat' dir='ltr'><strong>habere</strong></span> <span class='ocrx_word' id='word_1_422' title='bbox 657 3462 1017 3519; x_wconf 82' lang='lat' dir='ltr'><strong>armaturam,</strong></span> <span class='ocrx_word' id='word_1_423' title='bbox 1066 3456 1274 3509; x_wconf 83' lang='lat' dir='ltr'><strong>reversi</strong></span> <span class='ocrx_word' id='word_1_424' title='bbox 1325 3460 1458 3509; x_wconf 86' lang='lat' dir='ltr'><strong>sunt</strong></span> <span class='ocrx_word' id='word_1_425' title='bbox 1507 3453 1648 3509; x_wconf 89' lang='lat' dir='ltr'><strong>nihil</strong></span> <span class='ocrx_word' id='word_1_426' title='bbox 1706 3455 2003 3525; x_wconf 83' lang='lat' dir='ltr'><strong>proficien-</strong></span> 
     </span>
    </p>
   </div>
   <div class='ocr_carea' id='block_1_62' title="bbox 422 3552 529 3598">
    <p class='ocr_par' dir='ltr' id='par_1_62' title="bbox 422 3552 529 3598">
     <span class='ocr_line' id='line_1_62' title="bbox 422 3552 529 3598; baseline -0.019 0"><span class='ocrx_word' id='word_1_427' title='bbox 422 3552 529 3598; x_wconf 87' lang='lat' dir='ltr'><strong>tes.</strong></span> 
     </span>
    </p>
   </div>
   <div class='ocr_carea' id='block_1_63' title="bbox 494 3635 2005 3707">
    <p class='ocr_par' dir='ltr' id='par_1_63' title="bbox 494 3635 2005 3707">
     <span class='ocr_line' id='line_1_63' title="bbox 494 3635 2005 3707; baseline 0.002 -18"><span class='ocrx_word' id='word_1_428' title='bbox 494 3635 654 3691; x_wconf 85' lang='lat' dir='ltr'><strong>Anno</strong></span> <span class='ocrx_word' id='word_1_429' title='bbox 688 3635 907 3707; x_wconf 91' lang='lat' dir='ltr'><strong>imperii</strong></span> <span class='ocrx_word' id='word_1_430' title='bbox 952 3637 1154 3693; x_wconf 83' lang='lat' dir='ltr'><strong>Leonis</strong></span> <span class='ocrx_word' id='word_1_431' title='bbox 1202 3638 1397 3707; x_wconf 91' lang='lat' dir='ltr'><strong>quinto</strong></span> <span class='ocrx_word' id='word_1_432' title='bbox 1426 3640 1628 3694; x_wconf 89' lang='lat' dir='ltr'><strong>Paulus</strong></span> <span class='ocrx_word' id='word_1_433' title='bbox 1685 3638 2005 3695; x_wconf 84' lang='lat' dir='ltr'><strong>Constanti-</strong></span> 
     </span>
    </p>
   </div>
   <div class='ocr_carea' id='block_1_64' title="bbox 423 3727 2005 3800">
    <p class='ocr_par' dir='ltr' id='par_1_64' title="bbox 423 3727 2005 3800">
     <span class='ocr_line' id='line_1_64' title="bbox 423 3727 2005 3800; baseline 0.004 -21"><span class='ocrx_word' id='word_1_434' title='bbox 423 3727 779 3796; x_wconf 90' lang='lat' dir='ltr'><strong>nopolitanus</strong></span> <span class='ocrx_word' id='word_1_435' title='bbox 830 3728 1065 3784; x_wconf 89' lang='lat' dir='ltr'><strong>habetur</strong></span> <span class='ocrx_word' id='word_1_436' title='bbox 1108 3730 1363 3796; x_wconf 88' lang='lat' dir='ltr'><strong>antistes,</strong></span> <span class='ocrx_word' id='word_1_437' title='bbox 1390 3730 1653 3800; x_wconf 87' lang='lat' dir='ltr'><strong>venitque</strong></span> <span class='ocrx_word' id='word_1_438' title='bbox 1696 3731 1836 3785; x_wconf 86' lang='lat' dir='ltr'><strong>Madi</strong></span> <span class='ocrx_word' id='word_1_439' title='bbox 1864 3731 2005 3785; x_wconf 86' lang='lat' dir='ltr'><strong>Ara-</strong></span> 
     </span>
    </p>
   </div>
   <div class='ocr_carea' id='block_1_65' title="bbox 423 3817 2007 3890">
    <p class='ocr_par' dir='ltr' id='par_1_65' title="bbox 423 3817 2007 3890">
     <span class='ocr_line' id='line_1_65' title="bbox 423 3817 2007 3890; baseline 0.002 -18"><span class='ocrx_word' id='word_1_440' title='bbox 423 3818 557 3872; x_wconf 91' lang='lat' dir='ltr'><strong>bum</strong></span> <span class='ocrx_word' id='word_1_441' title='bbox 592 3817 702 3872; x_wconf 78' lang='lat' dir='ltr'><strong>dux</strong></span> <span class='ocrx_word' id='word_1_442' title='bbox 735 3819 1009 3873; x_wconf 86' lang='lat' dir='ltr'><strong>Dabeeum</strong></span> <span class='ocrx_word' id='word_1_443' title='bbox 1050 3834 1174 3873; x_wconf 88' lang='lat' dir='ltr'><strong>cum</strong></span> <span class='ocrx_word' id='word_1_444' title='bbox 1226 3828 1516 3889; x_wconf 88' lang='lat' dir='ltr'><strong>potentatu</strong></span> <span class='ocrx_word' id='word_1_445' title='bbox 1549 3820 1724 3875; x_wconf 92' lang='lat' dir='ltr'><strong>multo</strong></span> <span class='ocrx_word' id='word_1_446' title='bbox 1754 3832 1811 3875; x_wconf 91' lang='lat' dir='ltr'><strong>et</strong></span> <span class='ocrx_word' id='word_1_447' title='bbox 1842 3836 2007 3890; x_wconf 86' lang='lat' dir='ltr'><strong>appa-</strong></span> 
     </span>
    </p>
   </div>
   <div class='ocr_carea' id='block_1_66' title="bbox 424 3909 2005 3982">
    <p class='ocr_par' dir='ltr' id='par_1_66' title="bbox 424 3909 2005 3982">
     <span class='ocr_line' id='line_1_66' title="bbox 424 3909 2005 3982; baseline 0.003 -19"><span class='ocrx_word' id='word_1_448' title='bbox 424 3917 571 3973; x_wconf 91' lang='lat' dir='ltr'><strong>ratu,</strong></span> <span class='ocrx_word' id='word_1_449' title='bbox 606 3917 662 3963; x_wconf 90' lang='lat' dir='ltr'><strong>et</strong></span> <span class='ocrx_word' id='word_1_450' title='bbox 695 3910 861 3963; x_wconf 90' lang='lat' dir='ltr'><strong>misso</strong></span> <span class='ocrx_word' id='word_1_451' title='bbox 886 3909 998 3964; x_wconf 82' lang='lat' dir='ltr'><strong>lilio</strong></span> <span class='ocrx_word' id='word_1_452' title='bbox 1025 3926 1128 3965; x_wconf 90' lang='lat' dir='ltr'><strong>suo</strong></span> <span class='ocrx_word' id='word_1_453' title='bbox 1154 3911 1207 3965; x_wconf 94' lang='lat' dir='ltr'><strong>in</strong></span> <span class='ocrx_word' id='word_1_454' title='bbox 1238 3911 1561 3966; x_wconf 84' lang='lat' dir='ltr'><strong>Romaniam</strong></span> <span class='ocrx_word' id='word_1_455' title='bbox 1592 3912 1708 3982; x_wconf 88' lang='lat' dir='ltr'><strong>ipse</strong></span> <span class='ocrx_word' id='word_1_456' title='bbox 1754 3912 1899 3966; x_wconf 89' lang='lat' dir='ltr'><strong>redit</strong></span> <span class='ocrx_word' id='word_1_457' title='bbox 1937 3912 2005 3967; x_wconf 91' lang='lat' dir='ltr'><strong>ad</strong></span> 
     </span>
    </p>
   </div>
   <div class='ocr_carea' id='block_1_67' title="bbox 422 4001 2007 4073">
    <p class='ocr_par' dir='ltr' id='par_1_67' title="bbox 422 4001 2007 4073">
     <span class='ocr_line' id='line_1_67' title="bbox 422 4001 2007 4073; baseline 0.001 -15"><span class='ocrx_word' id='word_1_458' title='bbox 422 4009 670 4058; x_wconf 85' lang='lat' dir='ltr'><strong>sanctam</strong></span> <span class='ocrx_word' id='word_1_459' title='bbox 696 4001 997 4066; x_wconf 79' lang='lat' dir='ltr'><strong>civitatem,</strong></span> <span class='ocrx_word' id='word_1_460' title='bbox 1028 4012 1085 4057; x_wconf 92' lang='lat' dir='ltr'><strong>et</strong></span> <span class='ocrx_word' id='word_1_461' title='bbox 1128 4002 1300 4057; x_wconf 90' lang='lat' dir='ltr'><strong>mittit</strong></span> <span class='ocrx_word' id='word_1_462' title='bbox 1346 4002 1707 4068; x_wconf 89' lang='lat' dir='ltr'><strong>Muchesiam,</strong></span> <span class='ocrx_word' id='word_1_463' title='bbox 1735 4004 1830 4073; x_wconf 89' lang='lat' dir='ltr'><strong>qui</strong></span> <span class='ocrx_word' id='word_1_464' title='bbox 1853 4004 2007 4059; x_wconf 89' lang='lat' dir='ltr'><strong>dice-</strong></span> 
     </span>
    </p>
   </div>
   <div class='ocr_carea' id='block_1_68' title="bbox 424 4092 2004 4164">
    <p class='ocr_par' dir='ltr' id='par_1_68' title="bbox 424 4092 2004 4164">
     <span class='ocr_line' id='line_1_68' title="bbox 424 4092 2004 4164; baseline 0.001 -17"><span class='ocrx_word' id='word_1_465' title='bbox 424 4093 591 4147; x_wconf 89' lang='lat' dir='ltr'><strong>batur</strong></span> <span class='ocrx_word' id='word_1_466' title='bbox 636 4092 874 4157; x_wconf 86' lang='lat' dir='ltr'><strong>Zelotes,</strong></span> <span class='ocrx_word' id='word_1_467' title='bbox 928 4101 984 4147; x_wconf 91' lang='lat' dir='ltr'><strong>et</strong></span> <span class='ocrx_word' id='word_1_468' title='bbox 1033 4092 1127 4147; x_wconf 90' lang='lat' dir='ltr'><strong>dat</strong></span> <span class='ocrx_word' id='word_1_469' title='bbox 1154 4094 1205 4148; x_wconf 92' lang='lat' dir='ltr'><strong>ei</strong></span> <span class='ocrx_word' id='word_1_470' title='bbox 1245 4100 1576 4163; x_wconf 84' lang='lat' dir='ltr'><strong>petestatem</strong></span> <span class='ocrx_word' id='word_1_471' title='bbox 1610 4103 1889 4164; x_wconf 88' lang='lat' dir='ltr'><strong>apostatas</strong></span> <span class='ocrx_word' id='word_1_472' title='bbox 1923 4094 2004 4149; x_wconf 85' lang='lat' dir='ltr'><strong>fa-</strong></span> 
     </span>
    </p>
   </div>
   <div class='ocr_carea' id='block_1_69' title="bbox 422 4186 2009 4245">
    <p class='ocr_par' dir='ltr' id='par_1_69' title="bbox 422 4186 2009 4245">
     <span class='ocr_line' id='line_1_69' title="bbox 422 4186 2009 4245; baseline 0.003 -5"><span class='ocrx_word' id='word_1_473' title='bbox 422 4186 607 4241; x_wconf 81' lang='lat' dir='ltr'><strong>ciendi</strong></span> <span class='ocrx_word' id='word_1_474' title='bbox 637 4186 1077 4242; x_wconf 85' lang='lat' dir='ltr'><strong>Christianorum</strong></span> <span class='ocrx_word' id='word_1_475' title='bbox 1121 4204 1313 4243; x_wconf 90' lang='lat' dir='ltr'><strong>servos</strong></span> <span class='ocrx_word' id='word_1_476' title='bbox 1338 4196 1393 4242; x_wconf 91' lang='lat' dir='ltr'><strong>et</strong></span> <span class='ocrx_word' id='word_1_477' title='bbox 1431 4188 1718 4243; x_wconf 91' lang='lat' dir='ltr'><strong>desolandi</strong></span> <span class='ocrx_word' id='word_1_478' title='bbox 1743 4191 2009 4245; x_wconf 86' lang='lat' dir='ltr'><strong>ecclesias</strong></span> 
     </span>
    </p>
   </div>
   <div class='ocr_carea' id='block_1_70' title="bbox 423 4276 2008 4349">
    <p class='ocr_par' dir='ltr' id='par_1_70' title="bbox 423 4276 2008 4349">
     <span class='ocr_line' id='line_1_70' title="bbox 423 4276 2008 4349; baseline 0.001 -17"><span class='ocrx_word' id='word_1_479' title='bbox 423 4284 664 4333; x_wconf 85' lang='lat' dir='ltr'><strong>sanctas.</strong></span> <span class='ocrx_word' id='word_1_480' title='bbox 694 4276 762 4331; x_wconf 89' lang='lat' dir='ltr'><strong>Et</strong></span> <span class='ocrx_word' id='word_1_481' title='bbox 788 4276 940 4331; x_wconf 86' lang='lat' dir='ltr'><strong>venit</strong></span> <span class='ocrx_word' id='word_1_482' title='bbox 973 4293 1145 4347; x_wconf 89' lang='lat' dir='ltr'><strong>usque</strong></span> <span class='ocrx_word' id='word_1_483' title='bbox 1173 4278 1487 4342; x_wconf 87' lang='lat' dir='ltr'><strong>Hemesam,</strong></span> <span class='ocrx_word' id='word_1_484' title='bbox 1512 4288 1568 4333; x_wconf 92' lang='lat' dir='ltr'><strong>et</strong></span> <span class='ocrx_word' id='word_1_485' title='bbox 1591 4279 1929 4349; x_wconf 88' lang='lat' dir='ltr'><strong>repromittit</strong></span> <span class='ocrx_word' id='word_1_486' title='bbox 1949 4294 2008 4334; x_wconf 89' lang='lat' dir='ltr'><strong>se</strong></span> 
     </span>
    </p>
   </div>
   <div class='ocr_carea' id='block_1_71' title="bbox 426 4368 2011 4441">
    <p class='ocr_par' dir='ltr' id='par_1_71' title="bbox 426 4368 2011 4441">
     <span class='ocr_line' id='line_1_71' title="bbox 426 4368 2011 4441; baseline 0.002 -18"><span class='ocrx_word' id='word_1_487' title='bbox 426 4384 541 4423; x_wconf 89' lang='lat' dir='ltr'><strong>non</strong></span> <span class='ocrx_word' id='word_1_488' title='bbox 577 4368 909 4438; x_wconf 90' lang='lat' dir='ltr'><strong>compellere</strong></span> <span class='ocrx_word' id='word_1_489' title='bbox 938 4368 1006 4423; x_wconf 93' lang='lat' dir='ltr'><strong>ad</strong></span> <span class='ocrx_word' id='word_1_490' title='bbox 1037 4368 1486 4439; x_wconf 84' lang='lat' dir='ltr'><strong>magarizandnm</strong></span> <span class='ocrx_word' id='word_1_491' title='bbox 1533 4371 1640 4425; x_wconf 90' lang='lat' dir='ltr'><strong>nisi</strong></span> <span class='ocrx_word' id='word_1_492' title='bbox 1685 4387 1783 4427; x_wconf 87' lang='lat' dir='ltr'><strong>eos</strong></span> <span class='ocrx_word' id='word_1_493' title='bbox 1816 4372 1911 4441; x_wconf 91' lang='lat' dir='ltr'><strong>qui</strong></span> <span class='ocrx_word' id='word_1_494' title='bbox 1942 4387 2011 4426; x_wconf 83' lang='lat' dir='ltr'><strong>ex</strong></span> 
     </span>
    </p>
   </div>
   <div class='ocr_carea' id='block_1_72' title="bbox 429 4459 2011 4532">
    <p class='ocr_par' dir='ltr' id='par_1_72' title="bbox 429 4459 2011 4532">
     <span class='ocr_line' id='line_1_72' title="bbox 429 4459 2011 4532; baseline 0.003 -15"><span class='ocrx_word' id='word_1_495' title='bbox 429 4460 745 4517; x_wconf 82' lang='lat' dir='ltr'><strong>inﬁdelibus</strong></span> <span class='ocrx_word' id='word_1_496' title='bbox 795 4459 1005 4514; x_wconf 90' lang='lat' dir='ltr'><strong>dudum</strong></span> <span class='ocrx_word' id='word_1_497' title='bbox 1045 4460 1298 4524; x_wconf 87' lang='lat' dir='ltr'><strong>fuissent,</strong></span> <span class='ocrx_word' id='word_1_498' title='bbox 1343 4460 1522 4517; x_wconf 91' lang='lat' dir='ltr'><strong>donec</strong></span> <span class='ocrx_word' id='word_1_499' title='bbox 1578 4463 1835 4532; x_wconf 84' lang='lat' dir='ltr'><strong>patefacti</strong></span> <span class='ocrx_word' id='word_1_500' title='bbox 1882 4478 2011 4521; x_wconf 89' lang='lat' dir='ltr'><strong>sunt</strong></span> 
     </span>
    </p>
   </div>
   <div class='ocr_carea' id='block_1_73' title="bbox 427 4554 2011 4627">
    <p class='ocr_par' dir='ltr' id='par_1_73' title="bbox 427 4554 2011 4627">
     <span class='ocr_line' id='line_1_73' title="bbox 427 4554 2011 4627; baseline 0.001 -15"><span class='ocrx_word' id='word_1_501' title='bbox 427 4555 646 4613; x_wconf 70' lang='lat' dir='ltr'><strong>llebrzei</strong></span> <span class='ocrx_word' id='word_1_502' title='bbox 704 4565 762 4611; x_wconf 88' lang='lat' dir='ltr'><strong>et</strong></span> <span class='ocrx_word' id='word_1_503' title='bbox 810 4554 1131 4610; x_wconf 87' lang='lat' dir='ltr'><strong>Christiani.</strong></span> <span class='ocrx_word' id='word_1_504' title='bbox 1162 4556 1229 4610; x_wconf 88' lang='lat' dir='ltr'><strong>Et</strong></span> <span class='ocrx_word' id='word_1_505' title='bbox 1262 4555 1446 4611; x_wconf 89' lang='lat' dir='ltr'><strong>statim</strong></span> <span class='ocrx_word' id='word_1_506' title='bbox 1472 4556 1640 4627; x_wconf 66' lang='lat' dir='ltr'><strong>erepit</strong></span> <span class='ocrx_word' id='word_1_507' title='bbox 1690 4557 1856 4627; x_wconf 90' lang='lat' dir='ltr'><strong>impie</strong></span> <span class='ocrx_word' id='word_1_508' title='bbox 1878 4575 2011 4613; x_wconf 86' lang='lat' dir='ltr'><strong>crn-</strong></span> 
     </span>
    </p>
   </div>
   <div class='ocr_carea' id='block_1_74' title="bbox 2108 3360 3700 3439">
    <p class='ocr_par' dir='ltr' id='par_1_74' title="bbox 2108 3360 3700 3439">
     <span class='ocr_line' id='line_1_74' title="bbox 2108 3360 3700 3439; baseline -0.004 -17"><span class='ocrx_word' id='word_1_509' title='bbox 2108 3366 2408 3439; x_wconf 90' lang='lat' dir='ltr'><strong>ptembrias</strong></span> <span class='ocrx_word' id='word_1_510' title='bbox 2450 3365 2775 3420; x_wconf 89' lang='lat' dir='ltr'><strong>indietionis</strong></span> <span class='ocrx_word' id='word_1_511' title='bbox 2824 3374 3058 3434; x_wconf 62' lang='lat' dir='ltr'><strong>quartae,</strong></span> <span class='ocrx_word' id='word_1_512' title='bbox 3099 3370 3373 3433; x_wconf 88' lang='lat' dir='ltr'><strong>quatenus</strong></span> <span class='ocrx_word' id='word_1_513' title='bbox 3428 3360 3700 3415; x_wconf 89' lang='lat' dir='ltr'><strong>mirabilis</strong></span> 
     </span>
    </p>
   </div>
   <div class='ocr_carea' id='block_1_75' title="bbox 2106 3452 3702 3532">
    <p class='ocr_par' dir='ltr' id='par_1_75' title="bbox 2106 3452 3702 3532">
     <span class='ocr_line' id='line_1_75' title="bbox 2106 3452 3702 3532; baseline -0.006 -17"><span class='ocrx_word' id='word_1_514' title='bbox 2106 3460 2501 3532; x_wconf 63' lang='lat' dir='ltr'><strong>prmdicaretur</strong></span> <span class='ocrx_word' id='word_1_515' title='bbox 2527 3459 2672 3513; x_wconf 87' lang='lat' dir='ltr'><strong>Deus</strong></span> <span class='ocrx_word' id='word_1_516' title='bbox 2700 3458 2865 3513; x_wconf 91' lang='lat' dir='ltr'><strong>etiam</strong></span> <span class='ocrx_word' id='word_1_517' title='bbox 2893 3456 2949 3511; x_wconf 89' lang='lat' dir='ltr'><strong>in</strong></span> <span class='ocrx_word' id='word_1_518' title='bbox 2986 3456 3115 3519; x_wconf 92' lang='lat' dir='ltr'><strong>hoc,</strong></span> <span class='ocrx_word' id='word_1_519' title='bbox 3148 3470 3248 3524; x_wconf 89' lang='lat' dir='ltr'><strong>per</strong></span> <span class='ocrx_word' id='word_1_520' title='bbox 3284 3452 3510 3507; x_wconf 90' lang='lat' dir='ltr'><strong>viduam</strong></span> <span class='ocrx_word' id='word_1_521' title='bbox 3541 3453 3702 3506; x_wconf 79' lang='lat' dir='ltr'><strong>femi-</strong></span> 
     </span>
    </p>
   </div>
   <div class='ocr_carea' id='block_1_76' title="bbox 2106 3545 3700 3621">
    <p class='ocr_par' dir='ltr' id='par_1_76' title="bbox 2106 3545 3700 3621">
     <span class='ocr_line' id='line_1_76' title="bbox 2106 3545 3700 3621; baseline -0.005 -15"><span class='ocrx_word' id='word_1_522' title='bbox 2106 3567 2233 3606; x_wconf 86' lang='lat' dir='ltr'><strong>nam</strong></span> <span class='ocrx_word' id='word_1_523' title='bbox 2263 3560 2319 3606; x_wconf 92' lang='lat' dir='ltr'><strong>et</strong></span> <span class='ocrx_word' id='word_1_524' title='bbox 2347 3566 2580 3621; x_wconf 91' lang='lat' dir='ltr'><strong>puerum</strong></span> <span class='ocrx_word' id='word_1_525' title='bbox 2630 3550 2940 3618; x_wconf 91' lang='lat' dir='ltr'><strong>orphanum</strong></span> <span class='ocrx_word' id='word_1_526' title='bbox 2992 3547 3348 3616; x_wconf 91' lang='lat' dir='ltr'><strong>depositurus</strong></span> <span class='ocrx_word' id='word_1_527' title='bbox 3376 3545 3700 3599; x_wconf 90' lang='lat' dir='ltr'><strong>immensam</strong></span> 
     </span>
    </p>
   </div>
   <div class='ocr_carea' id='block_1_77' title="bbox 2105 3635 3703 3709">
    <p class='ocr_par' dir='ltr' id='par_1_77' title="bbox 2105 3635 3703 3709">
     <span class='ocr_line' id='line_1_77' title="bbox 2105 3635 3703 3709; baseline -0.005 -12"><span class='ocrx_word' id='word_1_528' title='bbox 2105 3652 2301 3697; x_wconf 89' lang='lat' dir='ltr'><strong>contra</strong></span> <span class='ocrx_word' id='word_1_529' title='bbox 2332 3658 2391 3696; x_wconf 89' lang='lat' dir='ltr'><strong>se</strong></span> <span class='ocrx_word' id='word_1_530' title='bbox 2418 3641 2762 3709; x_wconf 88' lang='lat' dir='ltr'><strong>famulosque</strong></span> <span class='ocrx_word' id='word_1_531' title='bbox 2798 3652 2930 3693; x_wconf 85' lang='lat' dir='ltr'><strong>suos</strong></span> <span class='ocrx_word' id='word_1_532' title='bbox 2958 3638 3297 3707; x_wconf 90' lang='lat' dir='ltr'><strong>impietatem</strong></span> <span class='ocrx_word' id='word_1_533' title='bbox 3352 3644 3407 3689; x_wconf 91' lang='lat' dir='ltr'><strong>et</strong></span> <span class='ocrx_word' id='word_1_534' title='bbox 3434 3635 3703 3690; x_wconf 89' lang='lat' dir='ltr'><strong>adversus</strong></span> 
     </span>
    </p>
   </div>
   <div class='ocr_carea' id='block_1_78' title="bbox 2108 3724 3703 3799">
    <p class='ocr_par' dir='ltr' id='par_1_78' title="bbox 2108 3724 3703 3799">
     <span class='ocr_line' id='line_1_78' title="bbox 2108 3724 3703 3799; baseline -0.006 -11"><span class='ocrx_word' id='word_1_535' title='bbox 2108 3741 2335 3788; x_wconf 90' lang='lat' dir='ltr'><strong>cunctas</strong></span> <span class='ocrx_word' id='word_1_536' title='bbox 2357 3727 2632 3787; x_wconf 84' lang='lat' dir='ltr'><strong>Ecclesias</strong></span> <span class='ocrx_word' id='word_1_537' title='bbox 2659 3738 2863 3784; x_wconf 89' lang='lat' dir='ltr'><strong>motam</strong></span> <span class='ocrx_word' id='word_1_538' title='bbox 2891 3727 3295 3799; x_wconf 84' lang='lat' dir='ltr'><strong>impugnatoris</strong></span> <span class='ocrx_word' id='word_1_539' title='bbox 3311 3726 3406 3781; x_wconf 91' lang='lat' dir='ltr'><strong>Dei</strong></span> <span class='ocrx_word' id='word_1_540' title='bbox 3432 3724 3703 3780; x_wconf 80' lang='lat' dir='ltr'><strong>Constan-</strong></span> 
     </span>
    </p>
   </div>
   <div class='ocr_carea' id='block_1_79' title="bbox 2109 3817 3702 3894">
    <p class='ocr_par' dir='ltr' id='par_1_79' title="bbox 2109 3817 3702 3894">
     <span class='ocr_line' id='line_1_79' title="bbox 2109 3817 3702 3894; baseline -0.006 -17"><span class='ocrx_word' id='word_1_541' title='bbox 2109 3823 2210 3877; x_wconf 88' lang='lat' dir='ltr'><strong>tini</strong></span> <span class='ocrx_word' id='word_1_542' title='bbox 2236 3822 2606 3894; x_wconf 81' lang='lat' dir='ltr'><strong>tyrannidem,</strong></span> <span class='ocrx_word' id='word_1_543' title='bbox 2635 3830 2696 3875; x_wconf 92' lang='lat' dir='ltr'><strong>ut</strong></span> <span class='ocrx_word' id='word_1_544' title='bbox 2728 3820 2858 3874; x_wconf 89' lang='lat' dir='ltr'><strong>olim</strong></span> <span class='ocrx_word' id='word_1_545' title='bbox 2892 3817 3098 3872; x_wconf 87' lang='lat' dir='ltr'><strong>diaboli</strong></span> <span class='ocrx_word' id='word_1_546' title='bbox 3136 3832 3235 3886; x_wconf 91' lang='lat' dir='ltr'><strong>per</strong></span> <span class='ocrx_word' id='word_1_547' title='bbox 3279 3817 3614 3886; x_wconf 88' lang='lat' dir='ltr'><strong>piscatorum</strong></span> <span class='ocrx_word' id='word_1_548' title='bbox 3644 3821 3702 3867; x_wconf 92' lang='lat' dir='ltr'><strong>et</strong></span> 
     </span>
    </p>
   </div>
   <div class='ocr_carea' id='block_1_80' title="bbox 2108 3905 3703 3979">
    <p class='ocr_par' dir='ltr' id='par_1_80' title="bbox 2108 3905 3703 3979">
     <span class='ocr_line' id='line_1_80' title="bbox 2108 3905 3703 3979; baseline -0.006 -9"><span class='ocrx_word' id='word_1_549' title='bbox 2108 3916 2518 3970; x_wconf 88' lang='lat' dir='ltr'><strong>illitteratorum</strong></span> <span class='ocrx_word' id='word_1_550' title='bbox 2552 3912 2955 3967; x_wconf 84' lang='lat' dir='ltr'><strong>infirmitatem.</strong></span> <span class='ocrx_word' id='word_1_551' title='bbox 2984 3910 3116 3965; x_wconf 84' lang='lat' dir='ltr'><strong>Post</strong></span> <span class='ocrx_word' id='word_1_552' title='bbox 3166 3916 3403 3979; x_wconf 86' lang='lat' dir='ltr'><strong>quatuor</strong></span> <span class='ocrx_word' id='word_1_553' title='bbox 3426 3922 3556 3962; x_wconf 88' lang='lat' dir='ltr'><strong>vero</strong></span> <span class='ocrx_word' id='word_1_554' title='bbox 3581 3905 3703 3961; x_wconf 82' lang='lat' dir='ltr'><strong>dies</strong></span> 
     </span>
    </p>
   </div>
   <div class='ocr_carea' id='block_1_81' title="bbox 2108 4002 3700 4077">
    <p class='ocr_par' dir='ltr' id='par_1_81' title="bbox 2108 4002 3700 4077">
     <span class='ocr_line' id='line_1_81' title="bbox 2108 4002 3700 4077; baseline -0.007 -15"><span class='ocrx_word' id='word_1_555' title='bbox 2108 4006 2327 4077; x_wconf 89' lang='lat' dir='ltr'><strong>imperii</strong></span> <span class='ocrx_word' id='word_1_556' title='bbox 2376 4006 2484 4071; x_wconf 91' lang='lat' dir='ltr'><strong>sui,</strong></span> <span class='ocrx_word' id='word_1_557' title='bbox 2512 4020 2637 4060; x_wconf 89' lang='lat' dir='ltr'><strong>cum</strong></span> <span class='ocrx_word' id='word_1_558' title='bbox 2666 4003 2811 4058; x_wconf 76' lang='lat' dir='ltr'><strong>illius</strong></span> <span class='ocrx_word' id='word_1_559' title='bbox 2842 4017 2975 4057; x_wconf 89' lang='lat' dir='ltr'><strong>suus</strong></span> <span class='ocrx_word' id='word_1_560' title='bbox 3008 4002 3201 4056; x_wconf 86' lang='lat' dir='ltr'><strong>decem</strong></span> <span class='ocrx_word' id='word_1_561' title='bbox 3228 4008 3375 4055; x_wconf 87' lang='lat' dir='ltr'><strong>esset</strong></span> <span class='ocrx_word' id='word_1_562' title='bbox 3404 4012 3700 4062; x_wconf 90' lang='lat' dir='ltr'><strong>annorum,</strong></span> 
     </span>
    </p>
   </div>
   <div class='ocr_carea' id='block_1_82' title="bbox 2109 4091 3705 4167">
    <p class='ocr_par' dir='ltr' id='par_1_82' title="bbox 2109 4091 3705 4167">
     <span class='ocr_line' id='line_1_82' title="bbox 2109 4091 3705 4167; baseline -0.008 -12"><span class='ocrx_word' id='word_1_563' title='bbox 2109 4101 2397 4155; x_wconf 91' lang='lat' dir='ltr'><strong>consilium</strong></span> <span class='ocrx_word' id='word_1_564' title='bbox 2448 4099 2713 4153; x_wconf 87' lang='lat' dir='ltr'><strong>facientes</strong></span> <span class='ocrx_word' id='word_1_565' title='bbox 2759 4095 2987 4167; x_wconf 88' lang='lat' dir='ltr'><strong>quidam</strong></span> <span class='ocrx_word' id='word_1_566' title='bbox 3039 4102 3355 4149; x_wconf 87' lang='lat' dir='ltr'><strong>senatorum</strong></span> <span class='ocrx_word' id='word_1_567' title='bbox 3406 4091 3705 4145; x_wconf 61' lang='lat' dir='ltr'><strong>voluerunt</strong></span> 
     </span>
    </p>
   </div>
   <div class='ocr_carea' id='block_1_83' title="bbox 2108 4186 3704 4261">
    <p class='ocr_par' dir='ltr' id='par_1_83' title="bbox 2108 4186 3704 4261">
     <span class='ocr_line' id='line_1_83' title="bbox 2108 4186 3704 4261; baseline -0.008 -12"><span class='ocrx_word' id='word_1_568' title='bbox 2108 4195 2347 4249; x_wconf 90' lang='lat' dir='ltr'><strong>educere</strong></span> <span class='ocrx_word' id='word_1_569' title='bbox 2363 4192 2735 4261; x_wconf 88' lang='lat' dir='ltr'><strong>Nicephorum</strong></span> <span class='ocrx_word' id='word_1_570' title='bbox 2762 4205 2828 4244; x_wconf 81' lang='lat' dir='ltr'><strong>ex</strong></span> <span class='ocrx_word' id='word_1_571' title='bbox 2855 4188 3070 4243; x_wconf 71' lang='lat' dir='ltr'><strong>Cresare</strong></span> <span class='ocrx_word' id='word_1_572' title='bbox 3092 4197 3147 4240; x_wconf 89' lang='lat' dir='ltr'><strong>et</strong></span> <span class='ocrx_word' id='word_1_573' title='bbox 3174 4186 3564 4255; x_wconf 88' lang='lat' dir='ltr'><strong>imperatorem</strong></span> <span class='ocrx_word' id='word_1_574' title='bbox 3588 4191 3704 4237; x_wconf 85' lang='lat' dir='ltr'><strong>sta-</strong></span> 
     </span>
    </p>
   </div>
   <div class='ocr_carea' id='block_1_84' title="bbox 2109 4276 3702 4342">
    <p class='ocr_par' dir='ltr' id='par_1_84' title="bbox 2109 4276 3702 4342">
     <span class='ocr_line' id='line_1_84' title="bbox 2109 4276 3702 4342; baseline -0.008 -1"><span class='ocrx_word' id='word_1_575' title='bbox 2109 4294 2287 4342; x_wconf 85' lang='lat' dir='ltr'><strong>tuere.</strong></span> <span class='ocrx_word' id='word_1_576' title='bbox 2304 4283 2441 4339; x_wconf 89' lang='lat' dir='ltr'><strong>Cum</strong></span> <span class='ocrx_word' id='word_1_577' title='bbox 2463 4292 2645 4338; x_wconf 90' lang='lat' dir='ltr'><strong>autem</strong></span> <span class='ocrx_word' id='word_1_578' title='bbox 2668 4281 2735 4336; x_wconf 94' lang='lat' dir='ltr'><strong>ad</strong></span> <span class='ocrx_word' id='word_1_579' title='bbox 2757 4281 3009 4335; x_wconf 88' lang='lat' dir='ltr'><strong>notitiam</strong></span> <span class='ocrx_word' id='word_1_580' title='bbox 3035 4295 3197 4334; x_wconf 90' lang='lat' dir='ltr'><strong>causa</strong></span> <span class='ocrx_word' id='word_1_581' title='bbox 3214 4276 3545 4340; x_wconf 88' lang='lat' dir='ltr'><strong>devenisset,</strong></span> <span class='ocrx_word' id='word_1_582' title='bbox 3568 4276 3702 4329; x_wconf 91' lang='lat' dir='ltr'><strong>tenti</strong></span> 
     </span>
    </p>
   </div>
   <div class='ocr_carea' id='block_1_85' title="bbox 2110 4366 3700 4447">
    <p class='ocr_par' dir='ltr' id='par_1_85' title="bbox 2110 4366 3700 4447">
     <span class='ocr_line' id='line_1_85' title="bbox 2110 4366 3700 4447; baseline -0.008 -15"><span class='ocrx_word' id='word_1_583' title='bbox 2110 4386 2241 4433; x_wconf 89' lang='lat' dir='ltr'><strong>sunt</strong></span> <span class='ocrx_word' id='word_1_584' title='bbox 2264 4376 2563 4447; x_wconf 84' lang='lat' dir='ltr'><strong>Gregorius</strong></span> <span class='ocrx_word' id='word_1_585' title='bbox 2594 4374 2872 4444; x_wconf 87' lang='lat' dir='ltr'><strong>logotheta</strong></span> <span class='ocrx_word' id='word_1_586' title='bbox 2909 4372 3111 4434; x_wconf 89' lang='lat' dir='ltr'><strong>dromi,</strong></span> <span class='ocrx_word' id='word_1_587' title='bbox 3163 4378 3220 4424; x_wconf 87' lang='lat' dir='ltr'><strong>et</strong></span> <span class='ocrx_word' id='word_1_588' title='bbox 3254 4368 3459 4423; x_wconf 90' lang='lat' dir='ltr'><strong>Bardas</strong></span> <span class='ocrx_word' id='word_1_589' title='bbox 3491 4366 3700 4421; x_wconf 90' lang='lat' dir='ltr'><strong>dudum</strong></span> 
     </span>
    </p>
   </div>
   <div class='ocr_carea' id='block_1_86' title="bbox 2108 4459 3700 4540">
    <p class='ocr_par' dir='ltr' id='par_1_86' title="bbox 2108 4459 3700 4540">
     <span class='ocr_line' id='line_1_86' title="bbox 2108 4459 3700 4540; baseline -0.007 -17"><span class='ocrx_word' id='word_1_590' title='bbox 2108 4467 2808 4540; x_wconf 68' lang='lat' dir='ltr'><strong>praetorArmeniaeorum,</strong></span> <span class='ocrx_word' id='word_1_591' title='bbox 2832 4463 3339 4531; x_wconf 89' lang='lat' dir='ltr'><strong>Constantinusque</strong></span> <span class='ocrx_word' id='word_1_592' title='bbox 3363 4459 3553 4514; x_wconf 85' lang='lat' dir='ltr'><strong>vicarii</strong></span> <span class='ocrx_word' id='word_1_593' title='bbox 3575 4472 3700 4528; x_wconf 77' lang='lat' dir='ltr'><strong>spa-</strong></span> 
     </span>
    </p>
   </div>
   <div class='ocr_carea' id='block_1_87' title="bbox 2126 4550 3709 4622">
    <p class='ocr_par' dir='ltr' id='par_1_87' title="bbox 2126 4550 3709 4622">
     <span class='ocr_line' id='line_1_87' title="bbox 2126 4550 3709 4622; baseline -0.006 -8"><span class='ocrx_word' id='word_1_594' title='bbox 2126 4562 2340 4615; x_wconf 89' lang='lat' dir='ltr'><strong>tharius</strong></span> <span class='ocrx_word' id='word_1_595' title='bbox 2367 4568 2422 4613; x_wconf 88' lang='lat' dir='ltr'><strong>et</strong></span> <span class='ocrx_word' id='word_1_596' title='bbox 2447 4559 2781 4613; x_wconf 87' lang='lat' dir='ltr'><strong>domesticus</strong></span> <span class='ocrx_word' id='word_1_597' title='bbox 2812 4556 3220 4618; x_wconf 82' lang='lat' dir='ltr'><strong>excubitorum,</strong></span> <span class='ocrx_word' id='word_1_598' title='bbox 3257 4570 3321 4608; x_wconf 90' lang='lat' dir='ltr'><strong>ac</strong></span> <span class='ocrx_word' id='word_1_599' title='bbox 3349 4550 3709 4622; x_wconf 18' lang='lat' dir='ltr'><strong>Theophyla-r</strong></span> 
     </span>
    </p>
   </div>
   <div class='ocr_carea' id='block_1_88' title="bbox 425 4646 3703 4723">
    <p class='ocr_par' dir='ltr' id='par_1_88' title="bbox 425 4646 3703 4723">
     <span class='ocr_line' id='line_1_88' title="bbox 425 4646 3703 4723; baseline -0.002 -18"><span class='ocrx_word' id='word_1_600' title='bbox 425 4651 597 4714; x_wconf 89' lang='lat' dir='ltr'><strong>ciare,</strong></span> <span class='ocrx_word' id='word_1_601' title='bbox 624 4649 769 4703; x_wconf 92' lang='lat' dir='ltr'><strong>sicut</strong></span> <span class='ocrx_word' id='word_1_602' title='bbox 806 4664 909 4703; x_wconf 89' lang='lat' dir='ltr'><strong>nec</strong></span> <span class='ocrx_word' id='word_1_603' title='bbox 958 4649 1149 4720; x_wconf 88' lang='lat' dir='ltr'><strong>Lysias</strong></span> <span class='ocrx_word' id='word_1_604' title='bbox 1177 4649 1309 4704; x_wconf 92' lang='lat' dir='ltr'><strong>olim</strong></span> <span class='ocrx_word' id='word_1_605' title='bbox 1340 4649 1426 4704; x_wconf 88' lang='lat' dir='ltr'><strong>vel</strong></span> <span class='ocrx_word' id='word_1_606' title='bbox 1482 4651 1825 4720; x_wconf 84' lang='lat' dir='ltr'><strong>Agricolaus,</strong></span> <span class='ocrx_word' id='word_1_607' title='bbox 1863 4654 2008 4707; x_wconf 89' lang='lat' dir='ltr'><strong>mul-</strong></span> <span class='ocrx_word' id='word_1_608' title='bbox 2043 4648 2087 4704; x_wconf 91' lang='lat' dir='ltr'><strong>D</strong></span> <span class='ocrx_word' id='word_1_609' title='bbox 2116 4662 2238 4709; x_wconf 91' lang='lat' dir='ltr'><strong>ctus</strong></span> <span class='ocrx_word' id='word_1_610' title='bbox 2285 4652 2542 4723; x_wconf 78' lang='lat' dir='ltr'><strong>Rangabe</strong></span> <span class='ocrx_word' id='word_1_611' title='bbox 2591 4650 2927 4723; x_wconf 84' lang='lat' dir='ltr'><strong>drungarius</strong></span> <span class='ocrx_word' id='word_1_612' title='bbox 2987 4648 3328 4704; x_wconf 80' lang='lat' dir='ltr'><strong>duodecima:</strong></span> <span class='ocrx_word' id='word_1_613' title='bbox 3378 4646 3592 4709; x_wconf 63' lang='lat' dir='ltr'><strong>insula),</strong></span> <span class='ocrx_word' id='word_1_614' title='bbox 3644 4651 3703 4699; x_wconf 89' lang='lat' dir='ltr'><strong>et</strong></span> 
     </span>
    </p>
   </div>
   <div class='ocr_carea' id='block_1_89' title="bbox 427 4740 2010 4811">
    <p class='ocr_par' dir='ltr' id='par_1_89' title="bbox 427 4740 2010 4811">
     <span class='ocr_line' id='line_1_89' title="bbox 427 4740 2010 4811; baseline 0.003 -15"><span class='ocrx_word' id='word_1_615' title='bbox 427 4750 627 4811; x_wconf 81' lang='lat' dir='ltr'><strong>tesque</strong></span> <span class='ocrx_word' id='word_1_616' title='bbox 677 4740 942 4811; x_wconf 89' lang='lat' dir='ltr'><strong>perdidit.</strong></span> <span class='ocrx_word' id='word_1_617' title='bbox 993 4740 1133 4797; x_wconf 90' lang='lat' dir='ltr'><strong>Sane</strong></span> <span class='ocrx_word' id='word_1_618' title='bbox 1186 4741 1405 4796; x_wconf 74' lang='lat' dir='ltr'><strong>femina:</strong></span> <span class='ocrx_word' id='word_1_619' title='bbox 1447 4742 1624 4811; x_wconf 80' lang='lat' dir='ltr'><strong>gratia</strong></span> <span class='ocrx_word' id='word_1_620' title='bbox 1656 4744 1865 4799; x_wconf 88' lang='lat' dir='ltr'><strong>Christi</strong></span> <span class='ocrx_word' id='word_1_621' title='bbox 1913 4746 2010 4800; x_wconf 86' lang='lat' dir='ltr'><strong>Dei</strong></span> 
     </span>
    </p>
   </div>
   <div class='ocr_carea' id='block_1_90' title="bbox 426 4834 1999 4905">
    <p class='ocr_par' dir='ltr' id='par_1_90' title="bbox 426 4834 1999 4905">
     <span class='ocr_line' id='line_1_90' title="bbox 426 4834 1999 4905; baseline 0.001 -16"><span class='ocrx_word' id='word_1_622' title='bbox 426 4834 611 4889; x_wconf 90' lang='lat' dir='ltr'><strong>nostri</strong></span> <span class='ocrx_word' id='word_1_623' title='bbox 640 4835 893 4889; x_wconf 89' lang='lat' dir='ltr'><strong>vicerunt</strong></span> <span class='ocrx_word' id='word_1_624' title='bbox 918 4837 1040 4905; x_wconf 88' lang='lat' dir='ltr'><strong>ejus</strong></span> <span class='ocrx_word' id='word_1_625' title='bbox 1060 4835 1356 4900; x_wconf 89' lang='lat' dir='ltr'><strong>insaniam;</strong></span> <span class='ocrx_word' id='word_1_626' title='bbox 1389 4845 1447 4889; x_wconf 89' lang='lat' dir='ltr'><strong>et</strong></span> <span class='ocrx_word' id='word_1_627' title='bbox 1476 4835 1559 4890; x_wconf 75' lang='lat' dir='ltr'><strong>ha:</strong></span> <span class='ocrx_word' id='word_1_628' title='bbox 1589 4837 1999 4903; x_wconf 67' lang='lat' dir='ltr'><strong>cum;Nubiten-</strong></span> 
     </span>
    </p>
   </div>
   <div class='ocr_carea' id='block_1_91' title="bbox 308 4924 2010 4992">
    <p class='ocr_par' dir='ltr' id='par_1_91' title="bbox 308 4924 2010 4992">
     <span class='ocr_line' id='line_1_91' title="bbox 308 4924 2010 4992; baseline -0.001 -10"><span class='ocrx_word' id='word_1_629' title='bbox 308 4932 331 4939; x_wconf 73' lang='lat'><strong>‘</strong></span> <span class='ocrx_word' id='word_1_630' title='bbox 429 4942 523 4982; x_wconf 88' lang='lat' dir='ltr'><strong>ses</strong></span> <span class='ocrx_word' id='word_1_631' title='bbox 577 4936 765 4982; x_wconf 86' lang='lat' dir='ltr'><strong>essent</strong></span> <span class='ocrx_word' id='word_1_632' title='bbox 816 4926 1190 4983; x_wconf 85' lang='lat' dir='ltr'><strong>archidiaconi</strong></span> <span class='ocrx_word' id='word_1_633' title='bbox 1249 4926 1496 4981; x_wconf 68' lang='lat' dir='ltr'><strong>llemesaa</strong></span> <span class='ocrx_word' id='word_1_634' title='bbox 1544 4941 1608 4980; x_wconf 91' lang='lat' dir='ltr'><strong>ac</strong></span> <span class='ocrx_word' id='word_1_635' title='bbox 1663 4924 1759 4980; x_wconf 83' lang='lat' dir='ltr'><strong>ﬁlii</strong></span> <span class='ocrx_word' id='word_1_636' title='bbox 1815 4926 2010 4992; x_wconf 61' lang='lat' dir='ltr'><strong>Esaia},</strong></span> 
     </span>
    </p>
   </div>
   <div class='ocr_carea' id='block_1_92' title="bbox 430 5016 2010 5087">
    <p class='ocr_par' dir='ltr' id='par_1_92' title="bbox 430 5016 2010 5087">
     <span class='ocr_line' id='line_1_92' title="bbox 430 5016 2010 5087; baseline -0.002 -14"><span class='ocrx_word' id='word_1_637' title='bbox 430 5019 669 5074; x_wconf 89' lang='lat' dir='ltr'><strong>multum</strong></span> <span class='ocrx_word' id='word_1_638' title='bbox 724 5018 1004 5082; x_wconf 68' lang='lat' dir='ltr'><strong>cruciatte,</strong></span> <span class='ocrx_word' id='word_1_639' title='bbox 1057 5033 1184 5072; x_wconf 88' lang='lat' dir='ltr'><strong>cum</strong></span> <span class='ocrx_word' id='word_1_640' title='bbox 1220 5032 1330 5071; x_wconf 93' lang='lat' dir='ltr'><strong>non</strong></span> <span class='ocrx_word' id='word_1_641' title='bbox 1373 5017 1669 5072; x_wconf 85' lang='lat' dir='ltr'><strong>cessissent</strong></span> <span class='ocrx_word' id='word_1_642' title='bbox 1719 5016 2010 5087; x_wconf 91' lang='lat' dir='ltr'><strong>impietati,</strong></span> 
     </span>
    </p>
   </div>
   <div class='ocr_carea' id='block_1_93' title="bbox 431 5110 2015 5182">
    <p class='ocr_par' dir='ltr' id='par_1_93' title="bbox 431 5110 2015 5182">
     <span class='ocr_line' id='line_1_93' title="bbox 431 5110 2015 5182; baseline -0.001 -15"><span class='ocrx_word' id='word_1_643' title='bbox 431 5113 656 5168; x_wconf 89' lang='lat' dir='ltr'><strong>millena</strong></span> <span class='ocrx_word' id='word_1_644' title='bbox 692 5113 896 5182; x_wconf 90' lang='lat' dir='ltr'><strong>quippe</strong></span> <span class='ocrx_word' id='word_1_645' title='bbox 957 5112 1123 5181; x_wconf 84' lang='lat' dir='ltr'><strong>ﬂagra</strong></span> <span class='ocrx_word' id='word_1_646' title='bbox 1176 5110 1510 5180; x_wconf 87' lang='lat' dir='ltr'><strong>recipientes</strong></span> <span class='ocrx_word' id='word_1_647' title='bbox 1563 5120 1619 5166; x_wconf 89' lang='lat' dir='ltr'><strong>et</strong></span> <span class='ocrx_word' id='word_1_648' title='bbox 1665 5111 1788 5166; x_wconf 90' lang='lat' dir='ltr'><strong>aliis</strong></span> <span class='ocrx_word' id='word_1_649' title='bbox 1827 5111 2015 5167; x_wconf 90' lang='lat' dir='ltr'><strong>multis</strong></span> 
     </span>
    </p>
   </div>
   <div class='ocr_carea' id='block_1_94' title="bbox 431 5203 2015 5269">
    <p class='ocr_par' dir='ltr' id='par_1_94' title="bbox 431 5203 2015 5269">
     <span class='ocr_line' id='line_1_94' title="bbox 431 5203 2015 5269; baseline -0.002 -9"><span class='ocrx_word' id='word_1_650' title='bbox 431 5205 773 5261; x_wconf 89' lang='lat' dir='ltr'><strong>cruciatibus</strong></span> <span class='ocrx_word' id='word_1_651' title='bbox 802 5212 1103 5269; x_wconf 68' lang='lat' dir='ltr'><strong>attentataz,</strong></span> <span class='ocrx_word' id='word_1_652' title='bbox 1135 5218 1398 5258; x_wconf 89' lang='lat' dir='ltr'><strong>coronam</strong></span> <span class='ocrx_word' id='word_1_653' title='bbox 1455 5203 1703 5258; x_wconf 67' lang='lat' dir='ltr'><strong>victoriae</strong></span> <span class='ocrx_word' id='word_1_654' title='bbox 1732 5220 1762 5257; x_wconf 91' lang='lat' dir='ltr'><strong>a</strong></span> <span class='ocrx_word' id='word_1_655' title='bbox 1791 5203 2015 5258; x_wconf 89' lang='lat' dir='ltr'><strong>Christo</strong></span> 
     </span>
    </p>
   </div>
   <div class='ocr_carea' id='block_1_95' title="bbox 434 5296 2013 5368">
    <p class='ocr_par' dir='ltr' id='par_1_95' title="bbox 434 5296 2013 5368">
     <span class='ocr_line' id='line_1_95' title="bbox 434 5296 2013 5368; baseline -0.001 -17"><span class='ocrx_word' id='word_1_656' title='bbox 434 5308 824 5368; x_wconf 85' lang='lat' dir='ltr'><strong>perceperunt.</strong></span> <span class='ocrx_word' id='word_1_657' title='bbox 860 5296 1120 5352; x_wconf 85' lang='lat' dir='ltr'><strong>Pervenit</strong></span> <span class='ocrx_word' id='word_1_658' title='bbox 1148 5307 1333 5350; x_wconf 88' lang='lat' dir='ltr'><strong>autem</strong></span> <span class='ocrx_word' id='word_1_659' title='bbox 1364 5304 1422 5350; x_wconf 91' lang='lat' dir='ltr'><strong>et</strong></span> <span class='ocrx_word' id='word_1_660' title='bbox 1457 5312 1631 5366; x_wconf 88' lang='lat' dir='ltr'><strong>usque</strong></span> <span class='ocrx_word' id='word_1_661' title='bbox 1663 5298 2013 5361; x_wconf 89' lang='lat' dir='ltr'><strong>Damascum,</strong></span> 
     </span>
    </p>
   </div>
   <div class='ocr_carea' id='block_1_96' title="bbox 436 5386 2015 5452">
    <p class='ocr_par' dir='ltr' id='par_1_96' title="bbox 436 5386 2015 5452">
     <span class='ocr_line' id='line_1_96' title="bbox 436 5386 2015 5452; baseline -0.002 -7"><span class='ocrx_word' id='word_1_662' title='bbox 436 5399 500 5445; x_wconf 93' lang='lat' dir='ltr'><strong>et</strong></span> <span class='ocrx_word' id='word_1_663' title='bbox 543 5391 743 5445; x_wconf 88' lang='lat' dir='ltr'><strong>multas</strong></span> <span class='ocrx_word' id='word_1_664' title='bbox 780 5388 1044 5444; x_wconf 89' lang='lat' dir='ltr'><strong>ecclesias</strong></span> <span class='ocrx_word' id='word_1_665' title='bbox 1086 5387 1334 5442; x_wconf 89' lang='lat' dir='ltr'><strong>desertas</strong></span> <span class='ocrx_word' id='word_1_666' title='bbox 1370 5386 1520 5452; x_wconf 89' lang='lat' dir='ltr'><strong>fecit,</strong></span> <span class='ocrx_word' id='word_1_667' title='bbox 1574 5403 1684 5441; x_wconf 93' lang='lat' dir='ltr'><strong>non</strong></span> <span class='ocrx_word' id='word_1_668' title='bbox 1720 5387 2015 5443; x_wconf 78' lang='lat' dir='ltr'><strong>intendens</strong></span> 
     </span>
    </p>
   </div>
   <div class='ocr_carea' id='block_1_97' title="bbox 434 5478 2015 5536">
    <p class='ocr_par' dir='ltr' id='par_1_97' title="bbox 434 5478 2015 5536">
     <span class='ocr_line' id='line_1_97' title="bbox 434 5478 2015 5536; baseline -0.001 0"><span class='ocrx_word' id='word_1_669' title='bbox 434 5481 569 5536; x_wconf 90' lang='lat' dir='ltr'><strong>dato</strong></span> <span class='ocrx_word' id='word_1_670' title='bbox 584 5480 925 5536; x_wconf 90' lang='lat' dir='ltr'><strong>Christianis</strong></span> <span class='ocrx_word' id='word_1_671' title='bbox 939 5480 1009 5535; x_wconf 88' lang='lat' dir='ltr'><strong>ah</strong></span> <span class='ocrx_word' id='word_1_672' title='bbox 1027 5479 1304 5534; x_wconf 89' lang='lat' dir='ltr'><strong>Arabibus</strong></span> <span class='ocrx_word' id='word_1_673' title='bbox 1324 5479 1515 5533; x_wconf 89' lang='lat' dir='ltr'><strong>verbo.</strong></span> <span class='ocrx_word' id='word_1_674' title='bbox 1536 5478 1807 5534; x_wconf 70' lang='lat' dir='ltr'><strong>Praeterea</strong></span> <span class='ocrx_word' id='word_1_675' title='bbox 1820 5488 2015 5535; x_wconf 89' lang='lat' dir='ltr'><strong>octavo</strong></span> 
     </span>
    </p>
   </div>
   <div class='ocr_carea' id='block_1_98' title="bbox 436 5569 2015 5654">
    <p class='ocr_par' dir='ltr' id='par_1_98' title="bbox 436 5569 2015 5654">
     <span class='ocr_line' id='line_1_98' title="bbox 436 5569 2015 5654; baseline -0.001 -26"><span class='ocrx_word' id='word_1_676' title='bbox 436 5573 568 5654; x_wconf 70' lang='lat' dir='ltr'><strong>idus</strong></span> <span class='ocrx_word' id='word_1_677' title='bbox 587 5571 920 5626; x_wconf 86' lang='lat' dir='ltr'><strong>Februarias</strong></span> <span class='ocrx_word' id='word_1_678' title='bbox 958 5578 1177 5627; x_wconf 90' lang='lat' dir='ltr'><strong>mortuo</strong></span> <span class='ocrx_word' id='word_1_679' title='bbox 1210 5570 1422 5634; x_wconf 87' lang='lat' dir='ltr'><strong>Niceta,</strong></span> <span class='ocrx_word' id='word_1_680' title='bbox 1460 5569 1526 5624; x_wconf 89' lang='lat' dir='ltr'><strong>de</strong></span> <span class='ocrx_word' id='word_1_681' title='bbox 1553 5585 1664 5639; x_wconf 90' lang='lat' dir='ltr'><strong>quo</strong></span> <span class='ocrx_word' id='word_1_682' title='bbox 1693 5570 2015 5639; x_wconf 62' lang='lat' dir='ltr'><strong>praedictum</strong></span> 
     </span>
    </p>
   </div>
   <div class='ocr_carea' id='block_1_99' title="bbox 438 5662 2019 5735">
    <p class='ocr_par' dir='ltr' id='par_1_99' title="bbox 438 5662 2019 5735">
     <span class='ocr_line' id='line_1_99' title="bbox 438 5662 2019 5735; baseline -0.002 -13"><span class='ocrx_word' id='word_1_683' title='bbox 438 5673 549 5732; x_wconf 89' lang='lat' dir='ltr'><strong>est,</strong></span> <span class='ocrx_word' id='word_1_684' title='bbox 579 5664 1140 5734; x_wconf 84' lang='lat' dir='ltr'><strong>Constantinopoleos</strong></span> <span class='ocrx_word' id='word_1_685' title='bbox 1168 5664 1450 5734; x_wconf 88' lang='lat' dir='ltr'><strong>episeopo,</strong></span> <span class='ocrx_word' id='word_1_686' title='bbox 1503 5662 1747 5718; x_wconf 90' lang='lat' dir='ltr'><strong>secunda</strong></span> <span class='ocrx_word' id='word_1_687' title='bbox 1780 5665 2019 5735; x_wconf 81' lang='lat' dir='ltr'><strong>jejunio-</strong></span> 
     </span>
    </p>
   </div>
   <div class='ocr_carea' id='block_1_100' title="bbox 440 5752 2020 5822">
    <p class='ocr_par' dir='ltr' id='par_1_100' title="bbox 440 5752 2020 5822">
     <span class='ocr_line' id='line_1_100' title="bbox 440 5752 2020 5822; baseline -0.002 -10"><span class='ocrx_word' id='word_1_688' title='bbox 440 5773 567 5812; x_wconf 90' lang='lat' dir='ltr'><strong>rum</strong></span> <span class='ocrx_word' id='word_1_689' title='bbox 589 5755 955 5822; x_wconf 89' lang='lat' dir='ltr'><strong>hebdomada,</strong></span> <span class='ocrx_word' id='word_1_690' title='bbox 999 5756 1088 5810; x_wconf 88' lang='lat' dir='ltr'><strong>die</strong></span> <span class='ocrx_word' id='word_1_691' title='bbox 1110 5752 1419 5817; x_wconf 89' lang='lat' dir='ltr'><strong>Dominieo,</strong></span> <span class='ocrx_word' id='word_1_692' title='bbox 1444 5753 1648 5808; x_wconf 89' lang='lat' dir='ltr'><strong>Paulus</strong></span> <span class='ocrx_word' id='word_1_693' title='bbox 1677 5752 2020 5810; x_wconf 89' lang='lat' dir='ltr'><strong>honorabilis</strong></span> 
     </span>
    </p>
   </div>
   <div class='ocr_carea' id='block_1_101' title="bbox 439 5848 2021 5922">
    <p class='ocr_par' dir='ltr' id='par_1_101' title="bbox 439 5848 2021 5922">
     <span class='ocr_line' id='line_1_101' title="bbox 439 5848 2021 5922; baseline -0.001 -18"><span class='ocrx_word' id='word_1_694' title='bbox 439 5865 666 5922; x_wconf 86' lang='lat' dir='ltr'><strong>genere,</strong></span> <span class='ocrx_word' id='word_1_695' title='bbox 720 5848 976 5920; x_wconf 84' lang='lat' dir='ltr'><strong>Cyprius,</strong></span> <span class='ocrx_word' id='word_1_696' title='bbox 1034 5848 1206 5903; x_wconf 87' lang='lat' dir='ltr'><strong>verbo</strong></span> <span class='ocrx_word' id='word_1_697' title='bbox 1253 5862 1318 5902; x_wconf 88' lang='lat' dir='ltr'><strong>ac</strong></span> <span class='ocrx_word' id='word_1_698' title='bbox 1364 5857 1487 5902; x_wconf 90' lang='lat' dir='ltr'><strong>actu</strong></span> <span class='ocrx_word' id='word_1_699' title='bbox 1542 5861 1860 5911; x_wconf 83' lang='lat' dir='ltr'><strong>coruscans,</strong></span> <span class='ocrx_word' id='word_1_700' title='bbox 1891 5858 2021 5917; x_wconf 91' lang='lat' dir='ltr'><strong>post</strong></span> 
     </span>
    </p>
   </div>
   <div class='ocr_carea' id='block_1_102' title="bbox 442 5940 2019 6015">
    <p class='ocr_par' dir='ltr' id='par_1_102' title="bbox 442 5940 2019 6015">
     <span class='ocr_line' id='line_1_102' title="bbox 442 5940 2019 6015; baseline -0.001 -16"><span class='ocrx_word' id='word_1_701' title='bbox 442 5942 738 6011; x_wconf 72' lang='lat' dir='ltr'><strong>plurimam</strong></span> <span class='ocrx_word' id='word_1_702' title='bbox 770 5950 991 6015; x_wconf 84' lang='lat' dir='ltr'><strong>propter</strong></span> <span class='ocrx_word' id='word_1_703' title='bbox 1031 5940 1281 5999; x_wconf 63' lang='lat' dir='ltr'><strong>haeresim</strong></span> <span class='ocrx_word' id='word_1_704' title='bbox 1316 5956 1424 6011; x_wconf 88' lang='lat' dir='ltr'><strong>qua</strong></span> <span class='ocrx_word' id='word_1_705' title='bbox 1478 5940 1767 5997; x_wconf 88' lang='lat' dir='ltr'><strong>tenebatur</strong></span> <span class='ocrx_word' id='word_1_706' title='bbox 1791 5957 2019 5998; x_wconf 77' lang='lat' dir='ltr'><strong>excusa-</strong></span> 
     </span>
    </p>
   </div>
   <div class='ocr_carea' id='block_1_103' title="bbox 2114 4737 3705 4814">
    <p class='ocr_par' dir='ltr' id='par_1_103' title="bbox 2114 4737 3705 4814">
     <span class='ocr_line' id='line_1_103' title="bbox 2114 4737 3705 4814; baseline -0.004 -15"><span class='ocrx_word' id='word_1_707' title='bbox 2114 4746 2273 4800; x_wconf 91' lang='lat' dir='ltr'><strong>multi</strong></span> <span class='ocrx_word' id='word_1_708' title='bbox 2336 4744 2462 4811; x_wconf 89' lang='lat' dir='ltr'><strong>alii;</strong></span> <span class='ocrx_word' id='word_1_709' title='bbox 2501 4760 2640 4814; x_wconf 89' lang='lat' dir='ltr'><strong>quos</strong></span> <span class='ocrx_word' id='word_1_710' title='bbox 2694 4760 2866 4800; x_wconf 64' lang='lat' dir='ltr'><strong>exesos</strong></span> <span class='ocrx_word' id='word_1_711' title='bbox 2907 4752 2963 4797; x_wconf 89' lang='lat' dir='ltr'><strong>et</strong></span> <span class='ocrx_word' id='word_1_712' title='bbox 3005 4752 3191 4798; x_wconf 90' lang='lat' dir='ltr'><strong>tonsos</strong></span> <span class='ocrx_word' id='word_1_713' title='bbox 3220 4741 3275 4795; x_wconf 93' lang='lat' dir='ltr'><strong>in</strong></span> <span class='ocrx_word' id='word_1_714' title='bbox 3315 4740 3550 4794; x_wconf 88' lang='lat' dir='ltr'><strong>diversis</strong></span> <span class='ocrx_word' id='word_1_715' title='bbox 3568 4737 3705 4793; x_wconf 89' lang='lat' dir='ltr'><strong>locis</strong></span> 
     </span>
    </p>
   </div>
   <div class='ocr_carea' id='block_1_104' title="bbox 2113 4832 3704 4906">
    <p class='ocr_par' dir='ltr' id='par_1_104' title="bbox 2113 4832 3704 4906">
     <span class='ocr_line' id='line_1_104' title="bbox 2113 4832 3704 4906; baseline -0.004 -16"><span class='ocrx_word' id='word_1_716' title='bbox 2113 4836 2310 4891; x_wconf 82' lang='lat' dir='ltr'><strong>exsilio</strong></span> <span class='ocrx_word' id='word_1_717' title='bbox 2336 4835 2619 4906; x_wconf 87' lang='lat' dir='ltr'><strong>relegavit.</strong></span> <span class='ocrx_word' id='word_1_718' title='bbox 2656 4835 2828 4889; x_wconf 90' lang='lat' dir='ltr'><strong>Porro</strong></span> <span class='ocrx_word' id='word_1_719' title='bbox 2861 4834 2965 4887; x_wconf 87' lang='lat' dir='ltr'><strong>viri</strong></span> <span class='ocrx_word' id='word_1_720' title='bbox 3012 4832 3096 4888; x_wconf 90' lang='lat' dir='ltr'><strong>sui</strong></span> <span class='ocrx_word' id='word_1_721' title='bbox 3122 4832 3322 4887; x_wconf 88' lang='lat' dir='ltr'><strong>fratres</strong></span> <span class='ocrx_word' id='word_1_722' title='bbox 3358 4832 3604 4886; x_wconf 65' lang='lat' dir='ltr'><strong>Caesares</strong></span> <span class='ocrx_word' id='word_1_723' title='bbox 3639 4844 3704 4884; x_wconf 87' lang='lat' dir='ltr'><strong>ac</strong></span> 
     </span>
    </p>
   </div>
   <div class='ocr_carea' id='block_1_105' title="bbox 2115 4924 3703 4995">
    <p class='ocr_par' dir='ltr' id='par_1_105' title="bbox 2115 4924 3703 4995">
     <span class='ocr_line' id='line_1_105' title="bbox 2115 4924 3703 4995; baseline -0.004 -13"><span class='ocrx_word' id='word_1_724' title='bbox 2115 4929 2490 4984; x_wconf 87' lang='lat' dir='ltr'><strong>nobilissimos</strong></span> <span class='ocrx_word' id='word_1_725' title='bbox 2522 4940 2706 4983; x_wconf 86' lang='lat' dir='ltr'><strong>tensos</strong></span> <span class='ocrx_word' id='word_1_726' title='bbox 2729 4927 3037 4982; x_wconf 89' lang='lat' dir='ltr'><strong>sacerdotio</strong></span> <span class='ocrx_word' id='word_1_727' title='bbox 3062 4926 3212 4995; x_wconf 83' lang='lat' dir='ltr'><strong>fungi</strong></span> <span class='ocrx_word' id='word_1_728' title='bbox 3244 4936 3301 4981; x_wconf 91' lang='lat' dir='ltr'><strong>et</strong></span> <span class='ocrx_word' id='word_1_729' title='bbox 3324 4924 3530 4995; x_wconf 89' lang='lat' dir='ltr'><strong>populo</strong></span> <span class='ocrx_word' id='word_1_730' title='bbox 3555 4937 3703 4977; x_wconf 79' lang='lat' dir='ltr'><strong>com-</strong></span> 
     </span>
    </p>
   </div>
   <div class='ocr_carea' id='block_1_106' title="bbox 2116 5016 3703 5086">
    <p class='ocr_par' dir='ltr' id='par_1_106' title="bbox 2116 5016 3703 5086">
     <span class='ocr_line' id='line_1_106' title="bbox 2116 5016 3703 5086; baseline -0.002 -12"><span class='ocrx_word' id='word_1_731' title='bbox 2116 5022 2435 5075; x_wconf 81' lang='lat' dir='ltr'><strong>munionem</strong></span> <span class='ocrx_word' id='word_1_732' title='bbox 2455 5021 2510 5074; x_wconf 91' lang='lat' dir='ltr'><strong>in</strong></span> <span class='ocrx_word' id='word_1_733' title='bbox 2530 5020 2825 5075; x_wconf 89' lang='lat' dir='ltr'><strong>festivitate</strong></span> <span class='ocrx_word' id='word_1_734' title='bbox 2853 5018 3059 5075; x_wconf 88' lang='lat' dir='ltr'><strong>Christi</strong></span> <span class='ocrx_word' id='word_1_735' title='bbox 3091 5017 3396 5073; x_wconf 84' lang='lat' dir='ltr'><strong>nativitatis</strong></span> <span class='ocrx_word' id='word_1_736' title='bbox 3422 5016 3703 5086; x_wconf 85' lang='lat' dir='ltr'><strong>porrigere</strong></span> 
     </span>
    </p>
   </div>
   <div class='ocr_carea' id='block_1_107' title="bbox 2114 5106 3709 5182">
    <p class='ocr_par' dir='ltr' id='par_1_107' title="bbox 2114 5106 3709 5182">
     <span class='ocr_line' id='line_1_107' title="bbox 2114 5106 3709 5182; baseline -0.003 -15"><span class='ocrx_word' id='word_1_737' title='bbox 2114 5112 2264 5177; x_wconf 88' lang='lat' dir='ltr'><strong>fecit,</strong></span> <span class='ocrx_word' id='word_1_738' title='bbox 2298 5113 2352 5166; x_wconf 92' lang='lat' dir='ltr'><strong>in</strong></span> <span class='ocrx_word' id='word_1_739' title='bbox 2380 5128 2487 5182; x_wconf 90' lang='lat' dir='ltr'><strong>qua</strong></span> <span class='ocrx_word' id='word_1_740' title='bbox 2544 5112 2854 5181; x_wconf 89' lang='lat' dir='ltr'><strong>procedens</strong></span> <span class='ocrx_word' id='word_1_741' title='bbox 2885 5111 3242 5181; x_wconf 85' lang='lat' dir='ltr'><strong>imperatorio</strong></span> <span class='ocrx_word' id='word_1_742' title='bbox 3286 5124 3437 5163; x_wconf 89' lang='lat' dir='ltr'><strong>more</strong></span> <span class='ocrx_word' id='word_1_743' title='bbox 3482 5106 3709 5179; x_wconf 84' lang='lat' dir='ltr'><strong>publice</strong></span> 
     </span>
    </p>
   </div>
   <div class='ocr_carea' id='block_1_108' title="bbox 2116 5200 3703 5274">
    <p class='ocr_par' dir='ltr' id='par_1_108' title="bbox 2116 5200 3703 5274">
     <span class='ocr_line' id='line_1_108' title="bbox 2116 5200 3703 5274; baseline -0.004 -14"><span class='ocrx_word' id='word_1_744' title='bbox 2116 5220 2239 5260; x_wconf 90' lang='lat' dir='ltr'><strong>cum</strong></span> <span class='ocrx_word' id='word_1_745' title='bbox 2265 5219 2439 5274; x_wconf 89' lang='lat' dir='ltr'><strong>puero</strong></span> <span class='ocrx_word' id='word_1_746' title='bbox 2478 5204 2669 5259; x_wconf 89' lang='lat' dir='ltr'><strong>retulit</strong></span> <span class='ocrx_word' id='word_1_747' title='bbox 2704 5206 2951 5259; x_wconf 76' lang='lat' dir='ltr'><strong>ecclesia:</strong></span> <span class='ocrx_word' id='word_1_748' title='bbox 2986 5214 3237 5266; x_wconf 85' lang='lat' dir='ltr'><strong>stemma,</strong></span> <span class='ocrx_word' id='word_1_749' title='bbox 3274 5200 3423 5271; x_wconf 85' lang='lat' dir='ltr'><strong>quod</strong></span> <span class='ocrx_word' id='word_1_750' title='bbox 3454 5200 3634 5255; x_wconf 84' lang='lat' dir='ltr'><strong>fuerat</strong></span> <span class='ocrx_word' id='word_1_751' title='bbox 3670 5217 3703 5253; x_wconf 90' lang='lat' dir='ltr'><strong>a</strong></span> 
     </span>
    </p>
   </div>
   <div class='ocr_carea' id='block_1_109' title="bbox 2116 5292 3700 5367">
    <p class='ocr_par' dir='ltr' id='par_1_109' title="bbox 2116 5292 3700 5367">
     <span class='ocr_line' id='line_1_109' title="bbox 2116 5292 3700 5367; baseline -0.004 -15"><span class='ocrx_word' id='word_1_752' title='bbox 2116 5299 2314 5352; x_wconf 89' lang='lat' dir='ltr'><strong>marito</strong></span> <span class='ocrx_word' id='word_1_753' title='bbox 2335 5297 2634 5362; x_wconf 85' lang='lat' dir='ltr'><strong>sublatum,</strong></span> <span class='ocrx_word' id='word_1_754' title='bbox 2661 5297 3031 5367; x_wconf 89' lang='lat' dir='ltr'><strong>pulcherrime</strong></span> <span class='ocrx_word' id='word_1_755' title='bbox 3052 5294 3410 5348; x_wconf 88' lang='lat' dir='ltr'><strong>fabrefactum</strong></span> <span class='ocrx_word' id='word_1_756' title='bbox 3428 5292 3672 5363; x_wconf 85' lang='lat' dir='ltr'><strong>etpretio</strong></span> <span class='ocrx_word' id='word_1_757' title='bbox 3688 5320 3700 5329; x_wconf 90' lang='lat'><strong>-</strong></span> 
     </span>
    </p>
   </div>
   <div class='ocr_carea' id='block_1_110' title="bbox 2116 5379 3701 5459">
    <p class='ocr_par' dir='ltr' id='par_1_110' title="bbox 2116 5379 3701 5459">
     <span class='ocr_line' id='line_1_110' title="bbox 2116 5379 3701 5459; baseline -0.007 -14"><span class='ocrx_word' id='word_1_758' title='bbox 2116 5392 2194 5445; x_wconf 89' lang='lat' dir='ltr'><strong>sis</strong></span> <span class='ocrx_word' id='word_1_759' title='bbox 2224 5389 2500 5459; x_wconf 91' lang='lat' dir='ltr'><strong>lapidibus</strong></span> <span class='ocrx_word' id='word_1_760' title='bbox 2538 5396 2913 5444; x_wconf 82' lang='lat' dir='ltr'><strong>venustatum.</strong></span> <span class='ocrx_word' id='word_1_761' title='bbox 2952 5386 3241 5440; x_wconf 87' lang='lat' dir='ltr'><strong>Promovit</strong></span> <span class='ocrx_word' id='word_1_762' title='bbox 3278 5391 3462 5437; x_wconf 85' lang='lat' dir='ltr'><strong>autem</strong></span> <span class='ocrx_word' id='word_1_763' title='bbox 3516 5379 3701 5450; x_wconf 81' lang='lat' dir='ltr'><strong>Helpi-</strong></span> 
     </span>
    </p>
   </div>
   <div class='ocr_carea' id='block_1_111' title="bbox 2118 5475 3703 5549">
    <p class='ocr_par' dir='ltr' id='par_1_111' title="bbox 2118 5475 3703 5549">
     <span class='ocr_line' id='line_1_111' title="bbox 2118 5475 3703 5549; baseline -0.006 -14"><span class='ocrx_word' id='word_1_764' title='bbox 2118 5482 2267 5535; x_wconf 92' lang='lat' dir='ltr'><strong>dium</strong></span> <span class='ocrx_word' id='word_1_765' title='bbox 2300 5488 2587 5549; x_wconf 80' lang='lat' dir='ltr'><strong>praetorem</strong></span> <span class='ocrx_word' id='word_1_766' title='bbox 2650 5480 2705 5533; x_wconf 92' lang='lat' dir='ltr'><strong>in</strong></span> <span class='ocrx_word' id='word_1_767' title='bbox 2739 5479 2949 5543; x_wconf 91' lang='lat' dir='ltr'><strong>Sicilia,</strong></span> <span class='ocrx_word' id='word_1_768' title='bbox 2980 5478 3075 5547; x_wconf 89' lang='lat' dir='ltr'><strong>qui</strong></span> <span class='ocrx_word' id='word_1_769' title='bbox 3107 5486 3163 5531; x_wconf 90' lang='lat' dir='ltr'><strong>et</strong></span> <span class='ocrx_word' id='word_1_770' title='bbox 3207 5485 3332 5532; x_wconf 88' lang='lat' dir='ltr'><strong>ante</strong></span> <span class='ocrx_word' id='word_1_771' title='bbox 3364 5475 3479 5529; x_wconf 81' lang='lat' dir='ltr'><strong>illic</strong></span> <span class='ocrx_word' id='word_1_772' title='bbox 3503 5485 3703 5544; x_wconf 73' lang='lat' dir='ltr'><strong>praeter</strong></span> 
     </span>
    </p>
   </div>
   <div class='ocr_carea' id='block_1_112' title="bbox 2118 5565 3700 5642">
    <p class='ocr_par' dir='ltr' id='par_1_112' title="bbox 2118 5565 3700 5642">
     <span class='ocr_line' id='line_1_112' title="bbox 2118 5565 3700 5642; baseline -0.005 -13"><span class='ocrx_word' id='word_1_773' title='bbox 2118 5574 2425 5629; x_wconf 82' lang='lat' dir='ltr'><strong>exstiterat.</strong></span> <span class='ocrx_word' id='word_1_774' title='bbox 2442 5574 2614 5627; x_wconf 89' lang='lat' dir='ltr'><strong>Porro</strong></span> <span class='ocrx_word' id='word_1_775' title='bbox 2642 5572 2859 5626; x_wconf 90' lang='lat' dir='ltr'><strong>decimo</strong></span> <span class='ocrx_word' id='word_1_776' title='bbox 2879 5570 3115 5642; x_wconf 81' lang='lat' dir='ltr'><strong>septimo</strong></span> <span class='ocrx_word' id='word_1_777' title='bbox 3145 5568 3511 5624; x_wconf 80' lang='lat' dir='ltr'><strong>Kalendarum</strong></span> <span class='ocrx_word' id='word_1_778' title='bbox 3538 5565 3700 5621; x_wconf 82' lang='lat' dir='ltr'><strong>Maia-</strong></span> 
     </span>
    </p>
   </div>
   <div class='ocr_carea' id='block_1_113' title="bbox 2121 5657 3703 5731">
    <p class='ocr_par' dir='ltr' id='par_1_113' title="bbox 2121 5657 3703 5731">
     <span class='ocr_line' id='line_1_113' title="bbox 2121 5657 3703 5731; baseline -0.007 -11"><span class='ocrx_word' id='word_1_779' title='bbox 2121 5682 2245 5721; x_wconf 91' lang='lat' dir='ltr'><strong>rum</strong></span> <span class='ocrx_word' id='word_1_780' title='bbox 2263 5673 2554 5720; x_wconf 89' lang='lat' dir='ltr'><strong>aecusatus</strong></span> <span class='ocrx_word' id='word_1_781' title='bbox 2576 5663 2721 5717; x_wconf 88' lang='lat' dir='ltr'><strong>idem</strong></span> <span class='ocrx_word' id='word_1_782' title='bbox 2754 5661 3040 5731; x_wconf 84' lang='lat' dir='ltr'><strong>Helpidius</strong></span> <span class='ocrx_word' id='word_1_783' title='bbox 3067 5662 3214 5730; x_wconf 89' lang='lat' dir='ltr'><strong>quod</strong></span> <span class='ocrx_word' id='word_1_784' title='bbox 3238 5674 3361 5713; x_wconf 93' lang='lat' dir='ltr'><strong>cum</strong></span> <span class='ocrx_word' id='word_1_785' title='bbox 3390 5657 3703 5713; x_wconf 64' lang='lat' dir='ltr'><strong>Caesaribus</strong></span> 
     </span>
    </p>
   </div>
   <div class='ocr_carea' id='block_1_114' title="bbox 2121 5749 3703 5824">
    <p class='ocr_par' dir='ltr' id='par_1_114' title="bbox 2121 5749 3703 5824">
     <span class='ocr_line' id='line_1_114' title="bbox 2121 5749 3703 5824; baseline -0.008 -10"><span class='ocrx_word' id='word_1_786' title='bbox 2121 5759 2369 5823; x_wconf 88' lang='lat' dir='ltr'><strong>sentiret,</strong></span> <span class='ocrx_word' id='word_1_787' title='bbox 2408 5766 2465 5812; x_wconf 91' lang='lat' dir='ltr'><strong>et</strong></span> <span class='ocrx_word' id='word_1_788' title='bbox 2497 5756 2667 5811; x_wconf 91' lang='lat' dir='ltr'><strong>misso</strong></span> <span class='ocrx_word' id='word_1_789' title='bbox 2699 5754 3010 5824; x_wconf 79' lang='lat' dir='ltr'><strong>TheOphilo</strong></span> <span class='ocrx_word' id='word_1_790' title='bbox 3038 5752 3322 5822; x_wconf 89' lang='lat' dir='ltr'><strong>spathario</strong></span> <span class='ocrx_word' id='word_1_791' title='bbox 3353 5749 3613 5821; x_wconf 61' lang='lat' dir='ltr'><strong>pracepit</strong></span> <span class='ocrx_word' id='word_1_792' title='bbox 3642 5759 3703 5802; x_wconf 89' lang='lat' dir='ltr'><strong>ut</strong></span> 
     </span>
    </p>
   </div>
   <div class='ocr_carea' id='block_1_115' title="bbox 2122 5842 3700 5921">
    <p class='ocr_par' dir='ltr' id='par_1_115' title="bbox 2122 5842 3700 5921">
     <span class='ocr_line' id='line_1_115' title="bbox 2122 5842 3700 5921; baseline -0.008 -15"><span class='ocrx_word' id='word_1_793' title='bbox 2122 5850 2448 5921; x_wconf 83' lang='lat' dir='ltr'><strong>compendio</strong></span> <span class='ocrx_word' id='word_1_794' title='bbox 2482 5857 2699 5920; x_wconf 88' lang='lat' dir='ltr'><strong>raperet</strong></span> <span class='ocrx_word' id='word_1_795' title='bbox 2752 5856 2810 5901; x_wconf 93' lang='lat' dir='ltr'><strong>et</strong></span> <span class='ocrx_word' id='word_1_796' title='bbox 2840 5847 3069 5900; x_wconf 89' lang='lat' dir='ltr'><strong>duceret</strong></span> <span class='ocrx_word' id='word_1_797' title='bbox 3104 5860 3254 5899; x_wconf 88' lang='lat' dir='ltr'><strong>eum.</strong></span> <span class='ocrx_word' id='word_1_798' title='bbox 3287 5842 3391 5910; x_wconf 79' lang='lat' dir='ltr'><strong>Qui</strong></span> <span class='ocrx_word' id='word_1_799' title='bbox 3419 5858 3544 5897; x_wconf 91' lang='lat' dir='ltr'><strong>eum</strong></span> <span class='ocrx_word' id='word_1_800' title='bbox 3573 5855 3700 5909; x_wconf 80' lang='lat' dir='ltr'><strong>per-</strong></span> 
     </span>
    </p>
   </div>
   <div class='ocr_carea' id='block_1_116' title="bbox 2126 5936 3702 6005">
    <p class='ocr_par' dir='ltr' id='par_1_116' title="bbox 2126 5936 3702 6005">
     <span class='ocr_line' id='line_1_116' title="bbox 2126 5936 3702 6005; baseline -0.01 -4"><span class='ocrx_word' id='word_1_801' title='bbox 2126 5944 2377 6005; x_wconf 80' lang='lat' dir='ltr'><strong>rexisset.</strong></span> <span class='ocrx_word' id='word_1_802' title='bbox 2412 5961 2520 5999; x_wconf 91' lang='lat' dir='ltr'><strong>non</strong></span> <span class='ocrx_word' id='word_1_803' title='bbox 2575 5942 2847 5999; x_wconf 89' lang='lat' dir='ltr'><strong>dederunt</strong></span> <span class='ocrx_word' id='word_1_804' title='bbox 2891 5940 3043 5997; x_wconf 91' lang='lat' dir='ltr'><strong>illum</strong></span> <span class='ocrx_word' id='word_1_805' title='bbox 3078 5939 3271 5997; x_wconf 90' lang='lat' dir='ltr'><strong>Siculi.</strong></span> <span class='ocrx_word' id='word_1_806' title='bbox 3306 5937 3375 5994; x_wconf 86' lang='lat' dir='ltr'><strong>At</strong></span> <span class='ocrx_word' id='word_1_807' title='bbox 3404 5936 3489 5993; x_wconf 88' lang='lat' dir='ltr'><strong>illa</strong></span> <span class='ocrx_word' id='word_1_808' title='bbox 3540 5936 3702 6003; x_wconf 79' lang='lat' dir='ltr'><strong>hujus</strong></span> 
     </span>
    </p>
   </div>
  </div>
