4100 6448
523 427 662 492 1385

1628 401 2035 482 ANASTASII
2063 419 2702 482 BIBLIOTHECARII

3643 425 3760 489 i336

517 553 748 594 uxorem
803 553 866 592 ac
925 535 1070 591 ﬁlios
1123 552 1295 592 caesos
1345 544 1400 590 et
1453 543 1640 588 tensos
1695 530 1925 604 prmtori
1959 530 2112 584 misit
2139 535 2186 595 Α
2216 530 2485 586 exiissent
2534 529 2857 586 Stauracius
2905 538 2962 585 et
3020 529 3218 584 Petrus
3269 527 3519 600 magister
3562 542 3614 588 et
3667 538 3761 593 An-

521 631 934 687 t-ustodiendos.
969 629 1134 684 Junio
1167 638 1351 684 autem
1405 642 1593 682 mense
1621 625 1804 680 omnia
1845 624 2110 680 ulteriora

522 728 766 783 themata
822 724 1123 779 destinavit
1177 723 1244 777 ad
1304 723 1592 776 clausurus
1649 716 2001 774 custodiendi
2055 727 2112 771 et

519 818 851 875 observandi
899 817 1108 874 exitum
1146 815 1412 880 Arabum,
1465 825 1786 884 proponens
1822 809 1905 864 eis
1943 818 2110 878 caput

516 909 781 964 Joannem
817 906 1187 970 sacellarium,
1221 905 1318 974 qui
1354 911 1474 958 erat
1511 901 1806 957 eunuchus
1830 909 1886 953 et
1915 900 2107 953 dome-

518 1000 692 1054 sticus
717 1000 857 1072 ejus.
907 997 978 1054 At
1004 1013 1136 1052 vero
1190 996 1335 1050 Madi
1372 995 1523 1050 misit
1553 993 1719 1064 Cebir
1746 1008 1871 1048 cum
1903 992 2109 1046 virtute

518 1094 712 1157 multa,
743 1101 799 1148 et
827 1099 1131 1148 occurrunt
1182 1091 1239 1144 in
1273 1092 1459 1145 locum
1486 1095 1867 1156 nuncupatum
1895 1085 2108 1149 Milum,

521 1197 577 1244 et
610 1188 752 1243 inito
791 1185 938 1241 bello
967 1193 1303 1254 superantur
1329 1181 1562 1245 Arabes,
1589 1190 1646 1235 et
1677 1178 2012 1234 occiduntur
2042 1193 2108 1230 ex

517 1281 600 1336 eis
624 1278 807 1344 multi,
842 1287 898 1334 ct
938 1278 1014 1332 ita
1039 1292 1164 1332 cum
1197 1273 1524 1331 confusione
1555 1271 1765 1326 reversi
1795 1280 1945 1326 sunt.
1985 1268 2110 1326 Ca:-

515 1380 721 1446 perunt
740 1379 1005 1442 prmterea
1019 1368 1261 1440 piissimi
1280 1367 1565 1438 principes
1579 1364 1911 1418 [iducialiter
1925 1377 2106 1432 agere,

516 1478 574 1523 et
604 1465 852 1533 verbum
872 1463 1089 1518 Domini
1117 1460 1358 1524 dilatari,
1388 1467 1444 1513 et
1482 1457 1577 1528 qui
1608 1457 1867 1511 volebant
1881 1453 2105 1519 salvari,

517 1559 637 1616 sine
660 1555 1041 1628 prohibitione
1069 1553 1276 1609 mundo
1303 1551 1715 1617 abrenuntiare,
1748 1558 1804 1606 et
1838 1548 2110 1620 gloriﬁca-

517 1649 598 1703 tio
655 1648 753 1702 Dei
815 1644 1070 1712 exaltari,
1119 1660 1184 1699 ac
1239 1643 1574 1698 monasteria
1632 1639 1892 1704 recreari,
1942 1650 2107 1710 atque

517 1755 681 1796 omne
706 1739 911 1793 bonum
946 1734 1310 1792 manifestari.

586 1830 703 1885 Hoc
735 1829 902 1886 etiam
937 1843 1083 1882 anno
1131 1827 1188 1881 in
1232 1825 1412 1898 longis
1456 1825 1685 1881 Thracae
1729 1827 1906 1882 muris
1943 1825 2110 1880 homo

2215 626 2405 680 tonius
2476 624 2858 688 domesticus,
2927 637 3039 678 non
3117 621 3449 677 studuerunt
3514 627 3765 685 subtiliter

2213 735 2400 790 agere,
2442 726 2502 775 ut
2540 719 2772 773 verbum
2821 725 2981 772 caute
3019 715 3364 785 susciperent
3403 724 3459 770 et
3510 718 3642 776 ﬁlios
3670 726 3767 791 pri-

2215 829 2471 876 morum,
2527 811 2624 869 sed
2672 819 2940 867 exeuntes
2997 809 3307 864 inconsulte.
3353 808 3484 863 teuti
3544 823 3662 867 sunt
3708 817 3767 871 ab

2215 905 2327 959 illis
2383 913 2440 958 et
2491 902 2857 972 compedibus
2909 901 3077 955 vincti
3127 910 3275 966 sunt,
3322 910 3377 956 et
3426 913 3618 959 coactis
3659 919 3770 964 sunt

2215 1005 2462 1066 utraeque
2513 1008 2699 1065 partes
2755 995 2824 1051 ad
2879 994 3192 1050 faciendum
3249 1010 3458 1066 pacem.
3510 997 3575 1051 Et
3617 999 3768 1055 dona-

2165 1095 2168 1098 ’
2215 1098 2416 1146 verunt
2464 1090 2726 1152 invicem,
2772 1089 3018 1160 Augusta
3059 1087 3273 1144 scilicet
3305 1098 3360 1144 et
3399 1092 3596 1156 Aaron,
3633 1095 3769 1150 xenia

2215 1183 2424 1248 multa,
2478 1193 2641 1253 pacto
2688 1181 2904 1238 ﬁrmato
2955 1190 3016 1237 ut
3056 1197 3157 1252 per
3206 1182 3454 1252 singulos
3503 1200 3666 1240 annos
3704 1189 3773 1243 eis

2214 1289 2443 1330 censum
2500 1274 2793 1330 tribueret.
2857 1274 2927 1329 Et
2989 1273 3131 1328 facta
3205 1289 3342 1344 pace
3394 1274 3771 1340 discesserunt,

2214 1365 2561 1422 dimittentes
2603 1367 2771 1421 etiam
2811 1376 2866 1421 et
2914 1365 3194 1422 civitatem
3237 1366 3490 1421 Nacolia.
3521 1368 3662 1423 Tulit
3694 1387 3775 1424 au-

2217 1468 2326 1516 tem
2379 1469 2436 1517 et
2491 1459 2746 1518 Atazates
2805 1475 3035 1515 nitorem
3092 1474 3246 1514 suam
3302 1467 3359 1513 et
3399 1473 3610 1515 omnem
3663 1465 3812 1528 sub-,

2215 1550 2498 1607 stantiam.

2285 1647 2447 1704 Anno
2495 1646 2714 1716 imperii
2759 1646 2847 1701 sui
2897 1645 3085 1710 tertio,
3139 1659 3276 1715 pace
3332 1643 3472 1698 theta
3517 1661 3634 1699 cum
3661 1645 3780 1701 Ara-

2214 1740 2380 1795 bibus
2423 1749 2481 1794 et
2517 1739 2670 1795 aditu
2709 1748 2951 1808 reperto,
2983 1737 3221 1792 Heirene
3250 1736 3424 1791 mittit
3464 1737 3781 1793 Stauracium
3829 1729 3840 1736 ’

2220 1832 2522 1904 patricium
2553 1841 2609 1887 et
2656 1832 2992 1903 logothetam
3029 1830 3206 1885 dromi
3236 1845 3364 1884 cum
3401 1830 3601 1884 virtute
3635 1830 3784 1884 multa

516 1922 748 1993 quidam
801 1920 1020 1976 fodiens
1069 1918 1286 1974 invenit
1338 1916 1614 1987 lapideam
1691 1931 1910 1984 arcam,
1953 1931 2116 1987 quam
2151 1901 2194 1958 Β
2223 1901 2420 1982 ξοηιιρει
2469 1901 2851 1980 δοιενξηοήτιιηι
2894 1933 3106 1994 gentes,
3165 1921 3269 1989 Qui
3321 1936 3449 1976 cum
3495 1921 3786 1976 descendis.

517 2030 642 2072 eum
690 2021 1050 2084 expurgasset
1093 2019 1150 2067 et
1192 2009 1512 2076 revelasset,
1559 2009 1772 2080 reperit
1814 2009 1998 2064 virum
2037 2009 2123 2080 ja-

517 2117 736 2170 eentevm
773 2114 830 2165 et
865 2106 1082 2164 litteras
1117 2103 1528 2173 eonglutinatas
1571 2117 1735 2165 arcae,
1767 2101 2121 2158 continentes

515 2202 636 2256 haec
667 2219 680 2258 :
714 2199 954 2257 Christus
993 2207 1241 2252 nascetur
1277 2212 1339 2250 ea:
1375 2194 1555 2251 Maria
1598 2194 1844 2267 Virgine,
1879 2203 1929 2248 et
1967 2193 2123 2247 credo

515 2293 574 2344 in
604 2308 743 2346 eum.
770 2289 876 2345 Sub
910 2289 1266 2345 Constantino
1286 2304 1407 2342 vero
1439 2298 1489 2342 et
1519 2286 1745 2341 Heirene
1781 2288 2121 2358 imperatori-

517 2378 634 2442 bus,
667 2394 696 2430 ο
717 2376 818 2443 sol,
850 2377 1043 2434 iterum
1079 2390 1161 2428 me
1190 2375 1407 2430 videbis.

587 2474 749 2530 Anno
801 2470 1022 2541 imperii
1070 2465 1423 2525 Constantini
1472 2474 1529 2523 et
1570 2465 1825 2522 Heirenae
1875 2463 2120 2522 secundo

518 2568 725 2626 direxit
777 2566 1016 2623 lleirene
1060 2564 1346 2620 Costahim
1417 2563 1768 2619 sacellarium
1814 2568 1872 2615 et
1913 2559 2119 2614 Marna-

517 2660 632 2716 lum
678 2659 1064 2728 primicerium
1108 2657 1178 2712 ad
1216 2656 1477 2713 Carolum
1515 2670 1700 2727 regem
1747 2653 2118 2719 Francorum,

519 2768 630 2822 quo
673 2751 840 2808 ﬁliam
889 2767 1044 2807 suam
1087 2751 1285 2820 nuptui
1333 2750 1579 2804 traderet
1623 2745 1941 2820 imperatori
1971 2744 2120 2801 Con-

519 2843 763 2899 stantino
807 2842 921 2897 ﬁlio
958 2859 1081 2899 suo.
1116 2841 1184 2895 Et
1227 2841 1372 2897 facto
1411 2839 1616 2910 placito
1657 2853 1721 2894 ac
1753 2837 2117 2912 jurejurando

519 2935 667 2988 inter
707 2943 1009 3003 utrosque,
1074 2932 1422 3001 reliquerunt
1472 2930 1733 2985 Elisaaum
1793 2928 2115 2983 eunuchum

518 3036 685 3096 atque
718 3027 996 3080 notarium
1029 3024 1095 3079 ad
1123 3022 1429 3078 docendam
1475 3023 1626 3077 illam
1665 3021 1981 3077 Grrecorum
2019 3021 2108 3075 lit-

522 3126 669 3172 teras
700 3117 868 3172 simul
905 3124 962 3170 et
990 3115 1270 3187 linguam;
1307 3115 1404 3169 sed
1447 3125 1504 3169 et
1539 3123 1601 3168 ut
1631 3113 2029 3168 erudiret'eam
2062 3121 2118 3168 et

2228 2026 2315 2075 set
2367 2017 2425 2072 in
2483 2016 2822 2074 Thessaliam
2873 2023 2930 2070 et
2978 2015 3276 2079 Graeciam,
3338 2013 3572 2084 subjecit
3619 2027 3786 2066 omnes

2225 2121 2281 2168 et
2337 2111 2660 2168 tributarios
2709 2110 2842 2166 fecit
2902 2109 3159 2180 imperio.
3214 2107 3469 2163 Introivit
3523 2113 3694 2161 autem
3740 2115 3788 2160 et

2224 2203 2283 2261 in
2314 2203 2782 2272 Peloponnesum,
2819 2209 2874 2256 et
2917 2199 3147 2254 multam
3185 2198 3564 2270 captivitatem
3595 2205 3650 2252 et
3673 2212 3788 2252 exu-

2225 2296 2344 2353 vias
2376 2296 2628 2352 Romano
2660 2294 2896 2364 imperio
2921 2293 3127 2349 attulit.

2293 2387 2456 2443 Anno
2495 2386 2732 2457 .imperii
2789 2384 3140 2441 Constantini
3201 2399 3268 2438 ac
3324 2382 3577 2438 Heirenre
3616 2390 3790 2451 quarto

2222 2481 2392 2538 rediit
2436 2479 2795 2543 Stauracius,
2847 2478 2918 2533 de
2968 2493 3084 2548 quo
3143 2491 3311 2546 supra
3337 2476 3551 2532 dictum
3605 2482 3713 2538 est,
3763 2490 3790 2528 e

2223 2573 2456 2637 Sclavis,
2507 2579 2564 2628 et
2599 2571 2886 2642 triumpho
2922 2569 3298 2624 manifestavit
3324 2568 3570 2638 trophaza
3596 2567 3648 2622 in
3680 2567 3785 2636 Hip

2220 2666 2536 2736 podromio.
2591 2664 2784 2720 Mense
2831 2672 3014 2730 autem
3072 2662 3215 2717 Maio
3269 2662 3521 2733 ejusdem
3573 2659 3784 2731 septima

2223 2757 2556 2814 indictionis
2607 2757 2780 2812 exivit
2838 2756 3160 2827 imperatrix
3221 2751 3466 2811 Héirene
3526 2767 3630 2809 una
3684 2766 3790 2808 cum

2225 2851 2356 2906 tilio
2407 2866 2508 2905 suo
2558 2858 2615 2905 et
2673 2849 2882 2904 virtute
2940 2849 3163 2919 copiosa
3231 2847 3291 2901 in
3342 2847 3646 2910 Thracem,
3697 2845 3792 2899 cir—

2221 2941 2541 2999 curnferens
2587 2957 2792 3012 organa
2839 2951 2896 2997 et
2940 2950 3138 2996 cetera
3194 2954 3403 3010 genera
3458 2938 3792 2995 musicorum.

2216 3044 2276 3094 et
2317 3036 2418 3090 ivit
2456 3051 2633 3105 usque
2677 3035 2960 3100 Beraeam,
2989 3047 3047 3090 et
3096 3034 3241 3088 hanc
3285 3031 3555 3088 aediﬁcari
3617 3030 3795 3102 jnbens

2219 3127 2528 3184 nominavit
2561 3127 3000 3197 Heirenopolim.
3041 3126 3205 3183 Venit
3231 3134 3422 3180 autem
3456 3131 3514 3178 et
3542 3135 3706 3191 usque
3736 3117 3792 3173 ad

521 3207 827 3318 θεευηάυξη
865 3223 1049 3318 Ῑξξοτθδ
1079 3208 1455 3311 Romanofum
1485 3206 1724 3310 imperii.
1765 3206 2114 3262 (Ῑοηεῐτυοῑίε
2142 3256 2186 3318 C
2219 3221 2648 3292 PhilippOpolim
2687 3237 2811 3276 cum
2859 3221 3008 3276 omni
3043 3222 3455 3288 securitate,et
3490 3218 3668 3283 rediit,
3685 3231 3796 3272 cum

520 3310 705 3359 autem
742 3299 1012 3356 classibus
1051 3299 1384 3365 numerosis,
1417 3308 1475 3358 et
1518 3299 1711 3356 electis
1742 3313 1809 3355 ex
1856 3299 2120 3356 themati-

521 3395 629 3450 hus
667 3394 888 3466 populis
928 3409 992 3448 ac
1032 3394 1416 3464 principibus,
1461 3393 1557 3463 qui
1602 3391 1947 3459 sutlicerent,
1987 3408 2121 3462 pro-

522 3486 696 3541 movit
727 3481 1080 3542 Theodorum
1116 3485 1410 3553 patricium
1444 3484 1786 3550 eunuchum,
1821 3484 2002 3539 virum
2035 3486 2122 3538 in-

523 3579 828 3645 dustri-um,
849 3587 906 3633 et
926 3577 1132 3634 direxit
1154 3577 1210 3631 in
1233 3577 1476 3634 Siciliam
1495 3577 1764 3634 adversus
1779 3577 2117 3648 llelpidium.

521 3671 770 3742 Cumque
825 3673 1000 3727 multa
1065 3672 1262 3729 tierent
1333 3672 1514 3736 bella,
1579 3672 1836 3726 vicerunt
1905 3672 1961 3726 hi
2022 3672 2118 3742 qui

519 3761 668 3820 circa
727 3762 1085 3820 Theodorum
1137 3772 1318 3819 erant.
1364 3763 1485 3830 Quo
1543 3764 1662 3820 viso
1701 3765 1989 3836 Helpidius
2047 3764 2119 3820 ti-

520 3854 692 3920 muit,
749 3863 807 3909 et
841 3857 1078 3924 sumptis
1108 3867 1381 3927 quot-quot
1429 3859 1668 3913 habebat
1711 3861 1964 3931 pecuniis
1990 3846 2115 3917 cum

518 3946 836 4016 Nicephoro
862 3951 1220 4003 transmeavit
1253 3949 1309 4004 in
1327 3950 1589 4014 Africam,
1607 3961 1663 4006 et
1691 3962 1918 4026 accepto
1946 3954 2116 4008 verbo

521 4039 835 4098 sacerritatis
862 4040 928 4096 ad
959 4040 1170 4096 Arabes
1198 4043 1451 4109 confluit;
1485 4061 1650 4113 quem
1685 4047 1762 4102 illi
1798 4057 2117 4117 susceptum

526 4140 586 4185 ut
653 4131 1030 4188 Romanorum
1088 4134 1478 4204 imperatorem
1539 4137 1892 4202 retinebant,
1955 4154 2116 4194 coro-2

525 4235 722 4283 nantes
783 4242 910 4282 cum
987 4227 1293 4293 incassum,
1362 4239 1418 4284 et
1477 4231 1659 4286 ocreis
1712 4240 1768 4286 et
1828 4243 2117 4290 stemmate

523 4315 845 4373 induentes.
891 4317 1031 4376 Cum
1085 4328 1271 4375 autem
1327 4322 1703 4377 Iionumorum
1765 4324 1821 4378 in
1877 4325 1963 4379 his
2014 4341 2112 4396 po-

521 4411 692 4484 pulus.
741 4420 989 4479 vacaret,
1039 4414 1323 4484 egreditur
1373 4415 1514 4470 Madi
1571 4415 1716 4470 ﬁlius
1755 4417 2118 4473 Aaroncum

521 4511 808 4572 potentatu
855 4512 913 4579 e_t
963 4513 1231 4575 apparatu
1280 4506 1480 4569 nimio,
1521 4517 1631 4562 tam
1681 4508 2113 4579 Maurophorum

2225 3313 2636 3370 construxisset
2661 3313 2828 3368 etiam
2857 3313 3210 3368 Anchialum.

2295 3406 2505 3463 Eodem
2560 3421 2785 3477 quoque
2836 3422 2985 3461 anno
3039 3415 3094 3462 et
3163 3405 3414 3461 Arabum
3472 3403 3585 3458 dux
3642 3395 3791 3466 Madi,

2223 3499 2317 3567 qui
2367 3508 2424 3553 et
2474 3499 2749 3563 Manmed,
2798 3508 3050 3555 mortuus
3087 3508 3203 3562 est,
3257 3505 3314 3551 et
3349 3489 3602 3551 ~obtinuit
3643 3491 3804 3548 Moses

2224 3565 2372 3644 illius
2421 3590 2561 3660 ejus.
2609 3590 2786 3646 Porro
2813 3589 2994 3660 pridie
3037 3587 3413 3644 Kalendarum
3455 3565 3821 3655 Septembriai

2225 3698 2346 3738 rum
2382 3683 2632 3753 ejusdem
2675 3683 2924 3752 septimae
2953 3680 3277 3738 indictionis
3313 3679 3524 3734 Paulus
3555 3673 3802 3730 almiﬁcus

2222 3784 2280 3828 et
2338 3773 2726 3830 sanctissimus
2800 3774 3114 3844 patriarcha
3175 3771 3494 3827 inﬁrmatus
3549 3769 3797 3822 thronum

2223 3865 2452 3935 reliquit
2519 3875 2577 3920 et
2651 3864 2995 3920 descendens
3063 3864 3133 3918 ad
3198 3862 3607 3918 monasterium
3671 3856 3802 3913 Fieri

2223 3958 2612 4014 monachicum
2644 3957 2890 4026 suscepit
2938 3956 3209 4016 habitum,
3238 3954 3479 4024 imperio
3518 3953 3801 4024 ignorante.

2220 4054 2358 4109 Cum
2405 4062 2590 4107 autem
2641 4052 2749 4106 hoc
2802 4050 3091 4106 didicisset
3137 4047 3496 4116 imperatrix,
3545 4043 3692 4098 venit
3745 4035 3802 4091 ad

2220 4161 2346 4202 eum
2387 4161 2513 4200 cum
2549 4143 2664 4197 tilio
2701 4143 2876 4198 tristis
2911 4150 2968 4196 et
3013 4143 3282 4204 clamans,
3315 4138 3450 4210 Cur,
3491 4133 3687 4204 inquit,
3723 4129 3804 4182 hoc

2221 4239 2530 4308 fecisti?At
2586 4237 2678 4291 ille
2734 4251 2862 4292 cum
2901 4232 3158 4289 lamentis
3191 4231 3384 4286 multis
3442 4231 3522 4285 ait
3551 4228 3616 4282 ad
3662 4238 3801 4279 eam:

2223 4330 2442 4386 Utinam
2475 4347 2571 4384 nec
2601 4345 2842 4400 unquam
2882 4328 3133 4382 sedissem
3175 4328 3231 4380 in
3279 4325 3570 4380 sacerdotii
3614 4323 3804 4377 throno.

2222 4423 2462 4481 Ecclesia
2514 4423 2613 4476 Dei
2659 4421 3000 4493 tyrannidem
3049 4421 3315 4492 patiente,
3363 4418 3661 4489 prwsertim
3702 4427 3805 4467 cum

2221 4519 2387 4571 scissa
2421 4519 2489 4572 sit
2519 4535 2552 4571 a
2589 4515 2808 4587 reliquis
2838 4514 3226 4569 universaiibus
3259 4512 3474 4566 sedibus
3516 4520 3565 4564 et
3607 4507 3808 4562 anathe-

522 4589 684 4661 quaui
743 4577 914 4648 totius
977 4591 1150 4664 Syria:
1215 4607 1272 4650 ct
1335 4596 1741 4666 Mesopotamiae
1803 4577 1968 4670 atque
2015 4602 2116 4656 de-

2229 4612 2526 4666 matizata.’
2570 4610 2704 4676 Quae
2745 4610 2971 4664 demum
3017 4607 3221 4663 ascitos
3255 4605 3528 4676 patricios
3575 4612 3632 4657 et
3665 4613 3807 4654 sena-

524 4683 677 4749 serti,
725 4694 782 4738 et
827 4687 980 4741 venit
1023 4685 1428 4759 Chrysopolim,
1478 4689 1748 4747 derelicto
1794 4693 2020 4750 Bunuso
2049 4694 2117 4749 ad

525 4777 896 4833 obsidendum
927 4780 1209 4836 Nacoliam
1241 4790 1297 4835 et
1334 4783 1764 4840 custodiendum
1796 4785 1959 4840 dorsa
1997 4803 2118 4841 sua.

521 4873 670 4926 Misit
726 4881 911 4926 autem
962 4880 1017 4928 et
1062 4873 1341 4930 Burniche
1388 4874 1467 4940 in,
1491 4876 1676 4934 Asiam
1718 4893 1847 4934 cum
1891 4880 1961 4934 50
1995 4880 2121 4934 mil-

517 4967 700 5034 libus;
739 4965 834 5036 qui
871 4981 998 5020 eum
1035 4966 1368 5023 debellasset
1401 4968 1966 5026 Lachanodraconem
1993 4988 2120 5028 cum

522 5061 769 5118 themate
836 5060 1266 5116 Thracesiorum
1345 5061 1402 5116 in
1473 5061 1599 5116 loco
1679 5063 1886 5119 Dariuo
1938 5065 2118 5130 dicto,

524 5171 649 5207 eum
701 5162 758 5210 et
807 5153 910 5224 ipsi
957 5153 1182 5226 triginta
1239 5153 1413 5209 millia
1457 5164 1667 5221 essent,
1712 5156 1959 5228 quinque
1993 5160 2120 5213 mil-

522 5247 595 5300 lia
657 5247 957 5304 interfecit.
1011 5249 1110 5304 Ast
1162 5247 1486 5325 imperatrix
1527 5249 1694 5305 misso
1736 5250 1980 5307 Antonio
2019 5252 2125 5308 do-

527 5340 760 5395 mestico
823 5355 950 5396 cum
1008 5340 1303 5396 ordinibus
1358 5339 1601 5396 obtinuit
1659 5344 1846 5410 Bariu,
1887 5355 1946 5399 et
1988 5360 2124 5399 con-

527 5433 816 5489 cluscrunt
859 5449 975 5489 eos.
1038 5434 1299 5505 Confugit
1351 5443 1535 5490 autem
1595 5437 1664 5489 ad
1713 5452 1810 5491 eos
1869 5437 2136 5496 Tazatius.

524 5522 959 5582 Bucellariorum
1023 5536 1256 5598 praeter,
1315 5527 1444 5583 odio
1504 5528 1653 5599 quod
1715 5537 1908 5584 contra
1967 5530 2128 5586 Stati-

526 5617 738 5672 racium
793 5617 1035 5674 habebat
1078 5620 1375 5688 patricium
1428 5631 1487 5676 et
1542 5621 1882 5692 logothetam
1921 5624 2125 5691 dromi,

523 5709 847 5764 eunuchum
905 5711 1198 5776 omnibus,
1258 5711 1352 5782 qui
1410 5722 1541 5768 tunc
1593 5713 1928 5768 videbantur
1981 5731 2125 5782 esse,

528 5798 944 5868 [imminentem
986 5811 1042 5856 et
1089 5803 1273 5856 omnia
1325 5803 1731 5872 disponentem.
1775 5805 1842 5860 Et
1883 5807 2010 5863 dato
2048 5809 2134 5864 eis

526 5890 760 5950 consilio
802 5909 992 5963 pacem
1037 5895 1480 5964 postulaverunt.
1523 5897 1660 5952 Cum
1701 5907 1882 5955 autem
1921 5902 1988 5956 ad
2029 5903 2131 5959 hoc.

2224 4715 2315 4762 tus
2360 4706 2634 4775 primores
2677 4704 2828 4758 misit
2879 4703 2945 4757 ad
2991 4717 3120 4756 eum
3178 4700 3373 4754 audire
3414 4713 3545 4767 quae
3591 4695 3660 4750 ab
3706 4692 3806 4760 ipso

2223 4798 2589 4862 dicebautur;
2631 4796 2724 4866 qui
2758 4794 2903 4850 dixit
2941 4793 3009 4848 ad
3060 4793 3184 4846 illos
3217 4808 3231 4845 ι
3278 4791 3398 4846 Nisi
3434 4789 3667 4860 synodus
3701 4783 3808 4836 uni-

2222 4887 2445 4946 versalis
2485 4886 2605 4955 ﬁat,
2656 4895 2706 4940 et
2745 4901 2896 4938 error
2932 4886 3022 4954 qui
3057 4893 3134 4937 est
3164 4883 3220 4936 in
3253 4881 3428 4935 medio
3467 4877 3630 4932 vestri
3663 4872 3799 4927 corri-

2223 4988 2404 5051 gatur,
2438 4977 2669 5033 salutem
2705 4993 2810 5030 non
2853 4976 3129 5030 habebitis.
3180 4973 3250 5027 At
3299 4971 3378 5026 illi
3426 4970 3691 5032 dixerunt
3724 4965 3805 5018 ei:

2227 5073 2297 5127 Et
2338 5087 2505 5142 quare
2544 5070 2930 5139 subscripsisti,
2989 5086 3110 5122 cum
3157 5068 3580 5129 consecrareris,
3632 5075 3729 5114 non
3773 5066 3811 5108 ιε

2227 5173 2664 5218 consecraturum
2702 5163 2952 5216 iconam?
2985 5162 3076 5216 Ait
3112 5170 3336 5215 autem:
3386 5159 3603 5212 Etenim
3638 5154 3810 5208 idcirco

2230 5256 2474 5312 lamentis
2516 5254 2726 5326 afﬁcior
2765 5264 2813 5308 et
2847 5254 3056 5307 cucurri
3097 5253 3167 5307 ad
3213 5251 3607 5322 paenitentiam,
3643 5246 3811 5314 depre-

2229 5359 2445 5404 caturus
2489 5348 2680 5412 Deum,
2730 5363 2794 5400 ne
2831 5348 2968 5400 sicut
3013 5347 3335 5399 sacerdotem
3375 5357 3463 5395 me
3495 5340 3708 5395 cruciet,
3737 5331 3813 5403 qui

2231 5441 2488 5494 tacuerim
2540 5454 2704 5509 usque
2756 5453 2897 5491 nunc
2939 5444 2989 5489 et
3029 5451 3139 5505 prae
3189 5436 3376 5487 timore
3426 5431 3626 5501 furoris
3667 5426 3813 5478 vestri

2233 5550 2335 5588 non
2381 5531 2782 5603 prtedicaaerim
2825 5531 3123 5584 veritatem.
3150 5527 3218 5581 Et
3265 5526 3317 5579 in
3358 5524 3454 5580 his
3494 5515 3816 5577 obdormivit

2233 5627 2291 5680 in
2345 5640 2511 5694 pace,
2565 5623 2836 5677 derelicto
2889 5622 3134 5674 lamenta
3189 5617 3362 5672 multo
3428 5628 3542 5672 tam
3597 5609 3814 5681 imperio

2235 5734 2400 5789 quam
2441 5717 2550 5787 piis
2575 5728 2634 5772 et
2666 5716 2941 5787 religiosis
2972 5713 3049 5768 rei
3082 5713 3312 5783 publica:
3341 5712 3485 5765 viris
3515 5729 3530 5764 :
3568 5705 3815 5764 colendus

2235 5813 2385 5868 enim
2427 5810 2512 5865 vir
2545 5821 2689 5875 erat,
2725 5820 2781 5864 et
2810 5823 2977 5879 supra
3011 5821 3326 5862 mensuram
3367 5804 3723 5863 misericors,
3757 5809 3815 5850 ac

2237 5905 2388 5960 omni
2453 5903 2761 5961 reverentia
2823 5901 3042 5972 dignus,
3114 5895 3460 5966 multamque
3515 5895 3678 5951 ﬁdem
3726 5891 3812 5944 ha-
