4100 6474
377 402 514 469 1397

1186 406 1552 469 HISTORIA
1584 405 2160 470 ECCLESIASTICA
2194 408 2299 472 EX
2334 408 2817 472 THEOPHANE.

3504 411 3653 475 Ηθὸ

374 515 538 571 bebat
590 520 699 570 tam
748 530 837 572 res
885 515 1103 587 publica
1153 533 1318 589 quam
1376 519 1671 592 imperium
1719 535 1851 593 erga
1899 518 1965 573 il-
1995 524 2239 581 Astrum
2291 521 2521 591 fundata
2559 531 2658 586 est,
2706 525 2928 578 scissam
2959 539 3098 578 nunc
3128 532 3179 577 et
3200 523 3444 586 divisam,
3474 534 3522 576 et
3556 540 3648 577 nos

370 607 512 663 ium.
564 607 645 663 Ex
704 615 837 664 tunc
887 626 1019 681 ergo
1063 610 1232 681 coepit
1274 610 1384 667 dici
1438 620 1496 667 et
1542 612 1813 684 disputari
1865 626 1961 669 su-

375 715 476 771 per
530 699 736 756 sanctis
785 700 1123 772 imaginibus
1144 717 1361 784 'sermo
1412 702 1483 759 ab
1525 703 1788 761 omnibus
1835 718 1963 758 cum

373 791 596 848 ﬁducia.

446 887 608 942 Anno
643 886 865 959 imperii
893 884 1134 943 Heirene
1179 902 1306 943 cum
1343 888 1458 945 lilio
1492 888 1691 958 quinto
1714 887 1961 943 Arabum

378 982 492 1037 dux
525 982 703 1039 Moses
737 980 1091 1055 provehitur,
1138 984 1236 1054 qui
1288 999 1399 1040 uno
1424 983 1511 1039 eis
1543 982 1764 1055 praefuit
1794 998 1959 1039 anno.

377 1073 1030 1146 Constantinopolitanus
1049 1090 1182 1131 vero
1226 1074 1490 1132 Tarasius
1543 1074 1783 1131 habetur
1814 1076 1963 1135 anti-

378 1177 514 1221 stes.
548 1165 665 1221 Hoc
691 1180 913 1240 quoque
935 1181 1082 1222 anno
1107 1167 1339 1224 collecto
1370 1167 1692 1240 imperatrix.
1727 1166 1964 1225 Heirene

376 1256 527 1314 omni
585 1258 796 1330 populo
852 1256 999 1330 apud
1054 1256 1411 1331 Magnauram
1477 1261 1619 1321 dixit
1669 1261 1740 1317 ad
1797 1276 1896 1317 eos
1945 1275 1961 1313 :

376 1348 551 1415 Scitis,
584 1349 799 1420 fratres,
830 1350 956 1423 quid
983 1351 1163 1422 [ecerit
1190 1351 1393 1409 Paulus
1444 1352 1790 1423 patriarcha;
1812 1361 1863 1408 et
1886 1351 1965 1411 si-

379 1442 590 1512 quidem
615 1442 854 1509 vixisset,
879 1459 984 1497 non
1015 1445 1198 1510 utique
1225 1452 1530 1517 pateremur
1549 1445 1688 1500 hunc
1700 1444 1966 1501 dimittere

376 1537 663 1593 sacerdotii
715 1540 987 1604 thronum,
1053 1536 1173 1595 licet
1222 1541 1573 1594 monasticam
1616 1539 1855 1595 habitum
1881 1540 1965 1594 in-

379 1630 599 1683 duisset.
635 1627 772 1695 Quia
802 1645 946 1696 vero,
976 1630 1133 1686 sicuti
1148 1629 1259 1687 Deo
1289 1629 1512 1702 placuit,
1535 1630 1600 1685 de
1626 1632 1736 1689 vita
1759 1631 1966 1703 migra-

379 1724 476 1787 vit,
509 1721 878 1793 provideamus
900 1724 1191 1790 hominem,
1223 1723 1316 1793 qui
1343 1725 1507 1796 possit
1533 1740 1749 1796 pascere
1777 1741 1875 1780 nos
1913 1733 1964 1781 et

379 1810 677 1869 Ecclesium
692 1809 786 1866 Dei
801 1812 1137 1869 didascalicis
1166 1829 1481 1869 conservare
1493 1813 1842 1870 sermonibus.
1858 1813 1964 1883 Qui

2066 611 2181 668 alia
2211 620 2370 684 atque
2399 613 2560 670 aliter
2590 615 2884 686 loquentes,
2910 624 2963 670 et
3008 615 3168 670 aliter
3201 629 3288 668 eos
3322 612 3649 670 Christianos

2065 707 2156 776 qui
2186 706 2242 760 in
2266 704 2487 763 Oriente
2515 708 2674 762 unius
2716 709 2983 764 nobiscum
3020 709 3146 777 ﬁdei
3176 718 3343 775 sunt;
3376 707 3468 761 sed
3492 713 3540 759 et
3571 707 3650 759 his

2063 800 2445 854 concordantes
2475 797 2857 866 Occidentales,
2894 817 2988 855 nos
3027 801 3094 858 ab
3115 800 3358 855 omnibus
3381 798 3491 853 illis
3518 796 3652 851 alie-

2065 900 2217 945 natos
2240 898 2291 945 et
2316 909 2353 947 α
2373 907 2432 947 se
2463 908 2560 963 per
2584 892 2824 963 singulos
2846 894 2956 947 dies
2986 894 3489 948 anathematizatos.
3520 888 3654 944 Dira

2065 999 2217 1053 paena
2244 992 2325 1038 est
2350 986 2638 1040 anathema
2656 1002 2685 1041 ,τ
2715 986 2900 1058 procul
2928 1004 2963 1040 α
2994 985 3107 1041 Deo
3129 986 3343 1051 emittit,
3373 994 3470 1039 eta
3493 1000 3655 1055 regno

2067 1073 2320 1130 caelorum
2348 1076 2584 1148 expellit,
2626 1078 2820 1134 ducens
2857 1080 2912 1134 in
2935 1079 3178 1133 tenebras
3211 1078 3520 1132 exteriores.
3551 1074 3659 1130 Ne-

2063 1168 2160 1221 scit
2184 1167 2432 1225 Ecclesia
2462 1170 2549 1224 lex
2574 1171 2659 1226 vel
2702 1174 2961 1227 terminus
3000 1183 3201 1228 sectam
3228 1176 3337 1228 sive
3360 1174 3655 1227 contentio-

2067 1276 2206 1324 nem,
2261 1262 2355 1316 sed
2388 1263 2527 1316 sicut
2574 1265 2718 1318 novit
2753 1264 2993 1330 conﬁteri
3038 1281 3201 1319 unum
3258 1264 3444 1328 Deum,
3493 1280 3659 1317 unum

2046 1351 2355 1422 baptisma,
2384 1371 2551 1408 unam
2582 1354 2766 1423 ﬁdem,
2809 1357 2886 1410 ita
2920 1365 2970 1409 et
3019 1357 3357 1410 concordiam
3401 1372 3564 1409 unam
3602 1356 3659 1408 in

2065 1444 2212 1498 omni
2264 1444 2617 1499 ecclesiastico
2659 1447 2889 1517 negotio.
2945 1445 3094 1500 Nihil
3140 1446 3282 1499 enim
3321 1454 3397 1499 est
3429 1447 3486 1499 in
3532 1461 3660 1499 con-

2064 1545 2246 1608 spectu
2302 1536 2401 1591 Dei
2431 1548 2544 1592 tam
2587 1546 2865 1609 acceptum
2923 1545 3081 1615 atque
3111 1536 3373 1607 placabile
3398 1553 3560 1608 quam
3600 1544 3659 1591 ut

2066 1644 2231 1682 unum
2254 1628 2414 1683 simul
2435 1637 2483 1683 et
2507 1647 2615 1684 una
2634 1628 2888 1700 eﬂiciatur
2911 1627 3173 1684 catholica
3204 1627 3667 1699 Ecclesia,quem-

2067 1719 2357 1775 admodum
2383 1722 2437 1775 in
2490 1723 2710 1778 sincerte
2760 1728 2975 1785 nostris,
3008 1721 3134 1791 ﬁdei
3183 1720 3417 1792 symbolo
3439 1718 3661 1797 conﬁte—

2070 1828 2210 1867 mur.
2236 1810 2307 1866 Et
2339 1813 2566 1884 petimus
2601 1829 2719 1879 nos,
2758 1814 2976 1883 fratres,
3018 1820 3076 1866 ut
3127 1828 3268 1873 reor,
3301 1820 3352 1866 et
3379 1828 3493 1877 vos,
3529 1828 3664 1883 quo-

382 1903 719 1960 unanimiter
763 1920 956 1962 omnes
1007 1904 1274 1961 dixerunt
1319 1920 1431 1961 non
1486 1905 1814 1971 foreqalium
1856 1907 1963 1964 nisi
1992 1892 2041 1954 Β
2070 1905 2215 1959 niam
2240 1905 2347 1959 scio
2375 1906 2619 1961 timorem
2640 1921 2733 1960 uos
2759 1902 2860 1958 Dei
2880 1902 3093 1972 habere,
3131 1921 3163 1958 a
3203 1904 3454 1977 piissimis
3480 1912 3529 1958 et
3575 1920 3665 1959 or-

381 1994 672 2052 Tarasium
716 2011 749 2052 a
784 1995 1036 2052 secretis.
1070 1996 1141 2052 At
1185 1995 1325 2053 illa:
1373 1996 1443 2051 Et
1502 2014 1618 2063 nos,
1659 1998 1761 2061 ait,
1814 1997 1970 2053 illum

384 2084 648 2157 eligimus.
706 2081 812 2141 Sed
855 2084 1094 2151 resultet,
1119 2097 1171 2142 et
1209 2086 1351 2142 dicat
1372 2103 1471 2158 pro
1519 2105 1627 2161 qua
1651 2105 1816 2146 causa
1867 2106 1971 2145 non

354 2179 604 2257 “suscipit
636 2176 943 2233 electionem
993 2178 1206 2249 imperii
1256 2185 1307 2231 et
1341 2180 1501 2235 totius
1549 2179 1742 2252 plebis.
1776 2184 1848 2237 At
1878 2182 1972 2238 ille

385 2269 672 2340 respondit
699 2269 904 2347 populo
923 2267 1155 2327 dicens:
1210 2270 1582 2326 Immaculata:
1610 2270 1739 2341 ﬁdei
1779 2280 1974 2331 nostra

386 2360 819 2420 Christianorum
853 2351 1117 2426 custodes,
1150 2370 1201 2416 et
1239 2378 1425 2417 eorum
1475 2380 1595 2434 quat
1643 2367 1701 2423 in
1743 2365 1974 2437 gloriam

384 2453 488 2509 Dei
511 2462 630 2510 sunt
651 2454 990 2510 wntulatores
1021 2453 1227 2524 ﬁdeles,
1257 2457 1603 2529 imperatores
1638 2461 1825 2526 nostri,
1848 2471 1975 2517 ωιτν

386 2562 553 2618 quam
581 2549 819 2602 omnium
845 2548 903 2601 in
927 2546 1317 2618 beneplacitum
1343 2552 1459 2615 ejus
1479 2558 1530 2604 et
1556 2552 1616 2607 in
1638 2553 1974 2613 commodum

391 2645 636 2692 nostrum
663 2654 851 2692 curam
875 2637 1149 2708 facientes,
1173 2645 1224 2692 et
1281 2640 1513 2694 maxime
1540 2654 1684 2694 nunc
1728 2640 1977 2699 ecclesia-

389 2731 525 2784 stica
551 2730 761 2801 negotia
792 2727 1073 2800 diligenter
1094 2737 1145 2782 et
1168 2727 1391 2783 sollicite
1432 2728 1851 2797 considerantes,
1871 2747 1976 2802 quo

390 2837 629 2879 summus
652 2820 898 2875 sacerdos
926 2820 982 2874 in
1002 2820 1102 2875 hac
1141 2820 1286 2892 regia
1319 2819 1447 2875 urbe
1473 2837 1575 2876 sua
1606 2823 1974 2891 constituerer,

286 2965 290 2968 ἠ
392 2916 455 2970 in
505 2931 617 2969 sua:
658 2910 870 2987 pietatis
910 2929 992 2967 me
1040 2915 1285 2969 animum
1340 2924 1760 2987 assumpserunt,
1821 2924 1873 2973 et
1918 2925 1977 2973 ut

395 3004 678 3076 manifeste
696 3004 825 3058 mihi
853 3003 1119 3058 diceretur
1142 3003 1284 3075 quod
1313 3002 1579 3061 consiliati
1622 3013 1746 3061 sunt
1777 3021 1977 3077 prm-

394 3106 610 3171 perunt.
635 3093 872 3166 Cumque
893 3097 965 3151 ad
992 3096 1089 3150 hoc
1131 3111 1214 3153 me
1260 3096 1540 3165 indignum
1578 3113 1693 3152 esse
1737 3115 1978 3170 pronun-
2018 3094 2027 3117 ‘

395 3191 590 3244 tiarem
639 3196 690 3242 et
746 3189 954 3242 nullum
982 3205 1293 3245 consensum
1341 3190 1614 3259 edicerem,
1643 3202 1823 3263 utpote
1886 3195 1979 3264 qui

382 3283 581 3357 jugum
608 3282 767 3352 hujus
797 3284 1024 3337 sarcina:
1052 3290 1267 3354 portare
1288 3282 1370 3340 vel
1395 3285 1617 3357 suﬁ‘erre
1632 3302 1736 3340 non
1752 3303 1976 3358 possem,

386 3374 665 3445 jusserunt
716 3391 799 3428 me
839 3375 1032 3429 adduci
1077 3385 1201 3431 ante
1250 3376 1447 3446 faciem
1497 3387 1752 3445 vestram,
1789 3394 1887 3450 pro
1919 3397 1980 3437 eo

397 3466 540 3537 quod
566 3466 723 3539 hujus
749 3464 954 3522 consilii
985 3469 1260 3522 unanimes
1297 3476 1351 3522 et
1373 3468 1798 3538 comprobatores
1813 3471 1976 3540 eﬁ'ecti

398 3560 538 3615 sitis.
585 3558 657 3615 Et
691 3576 848 3627 nunc,
900 3577 930 3614 ο
973 3560 1095 3625 viri,
1140 3561 1231 3631 qui
1275 3559 1451 3615 Deum
1483 3562 1676 3615 timetis
1705 3570 1756 3614 et
1779 3577 1985 3631 semper

401 3657 540 3711 hunc
564 3655 619 3709 in
646 3654 885 3709 cordibus
909 3654 1094 3708 vestris
1123 3653 1348 3719 habetis,
1391 3655 1587 3723 quique
1616 3651 1814 3708 Christi
1833 3669 1985 3708 voca-

402 3747 566 3812 tione,
584 3746 696 3801 veri
712 3744 948 3800 videlicet
971 3744 1067 3799 Dei
1094 3745 1278 3808 nostri,
1300 3745 1655 3799 nominamini
1676 3743 1985 3808 Christiani,

386 3840 514 3913 'aio,
541 3840 722 3895 audite
752 3840 919 3894 brevis
957 3840 1215 3894 sermonis
1249 3838 1314 3893 ab
1365 3839 1650 3914 exiguitate
1686 3854 1748 3893 ac
1775 3836 1991 3893 humili-

405 3941 520 3988 tate
537 3941 721 3991 nostra
760 3930 1046 3987 rationem.
1080 3930 1195 4002 Ego
1223 3931 1435 4002 quidem
1465 3930 1720 4002 quidquid
1754 3931 1857 4003 piis
1889 3930 1991 3984 im-

405 4021 739 4094 peratoribus
769 4021 966 4076 nostris
989 4027 1039 4074 et
1072 4036 1166 4092 per
1194 4022 1379 4075 omnia
1430 4020 1736 4077 orthodoxis
1777 4035 1992 4091 respon—

406 4112 600 4178 derim,
632 4122 682 4167 et
711 4114 767 4168 in
788 4121 1064 4184 conspectu
1094 4122 1264 4171 vestro
1297 4114 1553 4168 orationis
1589 4129 1718 4169 ntere
1747 4112 1994 4184 apalogia

394 4202 785 4275 'respondeam,
815 4204 1004 4257 timore
1032 4203 1304 4276 deprimor
1331 4204 1401 4258 ad
1427 4204 1859 4275 consentiendum
1876 4205 1996 4263 huic

408 4297 673 4363 electioni',
705 4302 756 4350 et
786 4308 968 4352 vereor
994 4312 1027 4350 a
1058 4295 1195 4365 {acie
1232 4293 1324 4349 Dei
1343 4310 1559 4350 currere
1597 4295 1777 4351 taliter
1799 4302 1850 4350 et
1863 4311 1998 4367 quo-

411 4385 696 4443 modolibet
726 4386 1214 4454 incircumspectus,
1270 4392 1328 4438 ut
1381 4400 1484 4438 non
1518 4385 1743 4440 terribili
1772 4386 2002 4441 damna-

413 4481 548 4536 tioni
575 4478 937 4534 succumbam.
965 4474 1022 4531 Si
1056 4476 1193 4530 enim
1239 4476 1448 4532 divinus
1485 4475 1685 4533 Paulus
1705 4459 1997 4551 apostolus,

2073 1996 2313 2052 thodoxis
2338 1997 2743 2068 imperatoribus
2780 1998 2974 2052 nostris
3012 1996 3276 2071 synodum
3305 1995 3665 2052 uniuersalem

2075 2089 2274 2161 colligi,
2325 2098 2383 2143 ut
2444 2088 2732 2160 eﬂiciamur
2789 2105 2904 2157 nos,
2960 2090 3051 2160 qui
3099 2090 3256 2143 unius
3308 2087 3409 2144 Dei
3458 2105 3664 2148 sumus,

2074 2197 2262 2244 unum,
2285 2189 2334 2234 et
2362 2182 2451 2253 qui
2482 2179 2756 2235 Trinitatis
2802 2178 3029 2236 cultores
3071 2181 3394 2247 exsistimus,
3426 2180 3565 2235 uniti
3621 2190 3669 2234 et

2074 2274 2354 2328 unanimes
2378 2283 2429 2331 et
2466 2272 2700 2347 collega,
2729 2283 2778 2327 et
2815 2275 2905 2343 qui
2930 2274 3119 2344 capitis
3145 2274 3315 2327 nostri
3344 2272 3539 2327 Christi
3575 2288 3666 2326 su-

2076 2374 2215 2429 mus,
2245 2364 2533 2437 eﬁiciamur
2560 2382 2749 2436 corpus
2774 2381 2938 2420 unum
2960 2373 3292 2435 compactum
3335 2371 3493 2435 atque
3544 2379 3671 2418 eon-

2076 2472 2294 2523 nexum,
2335 2466 2384 2511 et
2409 2458 2498 2529 qui
2518 2458 2689 2511 sancti
2722 2455 2952 2528 Spiritus
2989 2473 3195 2520 sumus,
3230 2457 3519 2527 eﬂiciamur
3563 2472 3671 2531 non

2079 2557 2266 2604 contra
2296 2549 2541 2615 invicem,
2573 2548 2666 2603 sed
2694 2565 2789 2619 pro
2812 2549 3056 2614 invicem,
3086 2557 3137 2602 et
3160 2550 3250 2619 qui
3271 2549 3508 2604 veritatis
3537 2549 3675 2603 exsi-

2076 2643 2285 2707 stimus,
2314 2641 2602 2712 eﬂ'iciamur
2626 2639 2681 2694 id
2709 2640 2880 2711 ipsum
2902 2640 3167 2710 sapientes
3209 2649 3369 2712 atque
3404 2640 3658 2706 dicentes,

2078 2743 2128 2788 et
2155 2749 2259 2788 non
2304 2733 2373 2787 sit
2404 2732 2458 2787 in
2510 2732 2655 2786 nobis
2690 2740 2960 2786 certamen
3019 2730 3127 2785 sive
3154 2730 3431 2792 dissensio,
3479 2737 3539 2784 ut
3559 2745 3669 2797 pax

2076 2825 2196 2892 Dei,
2255 2842 2373 2898 quae
2434 2832 2718 2895 exsuperat
2757 2840 2966 2878 omnem
3009 2839 3243 2889 sensum,
3318 2823 3526 2879 muniat
3577 2837 3670 2875 nos

2078 2933 2279 2977 omnes.
2308 2914 2379 2970 Et
2403 2915 2661 2987 siquidem
2686 2913 2944 2987 jusserint
2985 2912 3310 2967 orthodoxite
3359 2928 3669 2984 propugna-

2079 3016 2239 3073 tores,
2267 2982 2614 3079 imperatores
2643 2982 2879 3060 videlicet
2901 3005 3089 3071 nostri,
3138 2982 3485 3074 postulationi
3538 2982 3678 3056 mem

2079 3115 2334 3165 annuere,
2362 3098 2632 3153 consentio
2656 3104 2706 3152 et
2742 3113 2858 3169 ego.
2880 3094 2977 3153 Sin
3012 3105 3214 3161 autem,
3244 3093 3562 3165 impossibile
3598 3087 3676 3148 es‘

2081 3194 2209 3248 mihi
2227 3194 2321 3247 hoc
2348 3191 2543 3262 facere,
2576 3206 2640 3244 ne
2668 3188 2924 3261 subjiciar
2955 3188 3287 3244 anathemati
3337 3196 3387 3241 et
3424 3186 3671 3243 inveniar

2081 3285 2462 3341 condemnatus
2485 3284 2541 3338 in
2561 3281 2645 3336 die
2678 3281 2894 3336 Domini
2924 3280 3091 3335 nostri
3122 3287 3170 3333 et
3186 3279 3416 3349 justitia:
3453 3278 3677 3337 Iudicis,

2079 3378 2167 3431 ubi
2194 3391 2359 3446 neque
2378 3376 2688 3445 imperator,
2715 3388 2883 3442 neque
2908 3371 3173 3439 sacerdos,
3208 3386 3378 3440 neque
3394 3370 3681 3440 principes.

2083 3484 2248 3541 neque
2307 3469 2578 3523 hominum
2634 3462 2925 3521 multitudo
2952 3465 3142 3533 poterit
3208 3464 3413 3534 eripere
3461 3477 3563 3515 me.
3611 3459 3682 3514 Et

2084 3560 2342 3634 quidquid
2377 3554 2636 3632 placuerit
2670 3556 2840 3620 vobis,
2859 3555 3079 3626 fratres,
3115 3555 3240 3609 date
3268 3553 3527 3625 apologice
3553 3568 3683 3609 mea:

2084 3655 2184 3723 vel,
2220 3663 2279 3709 ut
2304 3654 2490 3709 melius
2518 3654 2712 3718 dicam,
2737 3651 2973 3722 petitioni
3007 3667 3135 3706 mete
3156 3648 3470 3704 assentionis
3490 3655 3677 3703 vestrm

2090 3762 2426 3818 responsum.
2451 3745 2521 3799 Et
2543 3744 2786 3799 libenter
2832 3742 3132 3798 audierunt
3163 3754 3360 3795 omnes
3385 3752 3508 3808 qum
3531 3736 3683 3792 dicta

2092 3847 2245 3905 sunt,
2267 3851 2599 3893 consensum
2636 3836 2955 3907 praebentes
2993 3840 3058 3888 ut
3099 3833 3260 3888 ﬁeret
3282 3829 3549 3903 synodus.
3611 3828 3683 3882 At

2093 3946 2228 3989 vero
2263 3930 2523 3988 Tarasius
2554 3942 2753 3985 rursus
2777 3924 2849 3983 ad
2893 3927 3168 3998 populum
3212 3922 3505 3994 disputans
3558 3921 3639 3976 ait
3671 3938 3684 3973 :

2096 4026 2201 4081 Leo
2228 4025 2520 4096 imperator
2542 4018 2798 4077 subvertit
2824 4021 3121 4092 imagines;
3142 4027 3191 4072 et
3215 4017 3434 4088 quando
3455 4013 3689 4085 synodus

2100 4118 2247 4188 facta
2286 4127 2386 4179 est,
2429 4114 2704 4170 subsessas
2736 4111 2869 4167 illas
2919 4112 3141 4166 invenit.
3189 4108 3261 4162 Et
3282 4114 3499 4179 propter
3546 4104 3690 4176 quod

2096 4207 2449 4278 imperatoria
2467 4219 2633 4260 manu
2661 4203 2926 4257 subversa:
2944 4208 3092 4264 sunt,
3116 4200 3315 4252 iterum
3343 4195 3689 4266 quaestionem

2100 4297 2261 4352 habet
2283 4298 2425 4352 idem
2448 4292 2762 4365 capitulum,
2789 4292 3045 4362 quoniam
3094 4289 3372 4357 antiquam
3403 4292 3686 4339 consuetu-

2100 4388 2278 4445 dinem
2329 4388 2387 4443 in
2434 4384 2672 4441 Ecclesia
2729 4383 2989 4438 traditam
3037 4385 3511 4452 presumpserunt,
3553 4376 3689 4430 sicut

2103 4482 2179 4536 eis
2233 4480 2438 4535 libitum
2496 4478 2617 4548 ﬁcit,
2671 4475 3048 4531 exterminare.
3092 4472 3197 4529 Sed
3248 4472 3447 4526 veritas
3477 4468 3596 4534 Dei,
3631 4476 3691 4523 ut

411 4574 507 4647 qui
538 4574 635 4628 Dei
658 4590 802 4634 voces
824 4574 1025 4629 audivit
1051 4573 1342 4644 coelumque
1377 4572 1559 4628 habuit
1588 4573 1833 4628 erudiens
1870 4590 1925 4628 se
1950 4582 2000 4627 et
2033 4583 2077 4649 ι)
2105 4571 2389 4637 apostolice
2414 4570 2683 4633 dicamus,
2701 4584 2809 4623 non
2840 4576 2918 4620 est
2934 4565 3183 4638 alligata.

412 4664 659 4737 paradisi
673 4666 935 4734 inspector
961 4666 1167 4735 effectus
1192 4672 1268 4718 est
1299 4663 1602 4730 audivitque
1621 4680 1829 4720 arcana
1841 4664 1998 4719 verba

412 4768 468 4817 et
522 4761 751 4830 portavit
778 4776 969 4814 nomen
1025 4759 1123 4815 Dei
1163 4774 1348 4815 coram
1399 4757 1642 4829 gentibus
1670 4766 1721 4812 et
1768 4758 2000 4829 regibus,

415 4851 555 4904 dixit
586 4866 605 4905 :
643 4869 662 4902 ι
697 4844 776 4904 Ne
797 4851 951 4921 forte,
987 4868 1108 4905 cum
1153 4850 1277 4905 aliis
1317 4848 1743 4920 pratdicaverim,
1788 4850 1900 4920 ipse
1921 4864 2004 4905 re-

386 4923 614 5012 rprobus
649 4938 867 5012 eﬂiciar,
901 4959 919 4991 ι
961 4941 1222 5011 quomodo
1265 4956 1381 5012 ego,
1432 4938 1523 5012 qui
1558 4941 1618 4995 in
1655 4941 1850 4996 nitendo
1877 4956 2006 4995 con-

418 5040 670 5089 versatus
694 5041 743 5086 et
781 5050 902 5088 cum
925 5032 1077 5089 laicis
1126 5040 1539 5088 connumeratus
1566 5034 1622 5088 in
1648 5034 2008 5104 imperatoriis

414 5124 978 5203 administrationibus
1033 5123 1279 5191 militavi,
1313 5126 1388 5180 sic
1445 5125 1640 5193 absque
1689 5124 2010 5181 indication

423 5225 589 5288 atque
614 5216 1075 5288 circumspectione
1104 5232 1314 5286 possum
1351 5214 1561 5271 insilire
1622 5216 1692 5271 ad
1732 5218 2015 5271 sacerdotii

414 5302 873 5380 magnitudinem,
910 5306 1233 5365 horrendum
1269 5322 1529 5361 conamen
1560 5307 1629 5362 ad
1667 5308 2011 5376 exiguitatem

426 5416 626 5467 meam,
672 5410 722 5456 et
772 5402 1115 5457 temerarium
1146 5400 1378 5457 studium
1402 5400 1427 5454 ἵ
1450 5399 1626 5455 Causa
1659 5416 1785 5457 vero
1810 5400 2014 5454 timoris

428 5496 486 5546 et
517 5490 850 5560 refutationis
896 5506 1024 5546 mea:
1070 5491 1181 5544 haec
1218 5499 1331 5544 est:
1373 5490 1573 5562 aspicio
1615 5489 1757 5543 enim
1786 5497 1837 5542 et
1863 5488 2012 5544 video

430 5574 752 5650 Ecclesium,
775 5600 891 5652 qua:
908 5599 1071 5655 supra
1100 5590 1306 5652 petram
1329 5579 1595 5637 Christum
1615 5581 1902 5635 Dominum
1919 5595 2017 5635 no-

2172 4664 2363 4733 ltaque
2406 4669 2601 4717 octavo
2659 4657 2933 4716 Kalendas
2968 4656 3258 4712 ianuarias
3309 4663 3518 4709 octavae
3547 4652 3694 4709 indi-

2110 4754 2315 4811 ctionis
2339 4751 2699 4809 consociatus
2725 4759 2815 4807 est
2840 4750 3019 4805 almus
3036 4749 3203 4804 Pater
3224 4755 3416 4804 noster
3435 4746 3696 4801 Τλησίας

2104 4846 2420 4920 patriarcha
2471 4842 3153 4913 Constantinopolitanae;
3199 4840 3297 4911 qui
3358 4839 3545 4898 missis
3579 4838 3693 4892 Ro-

2106 4956 2252 4998 mam
2285 4938 2567 5012 synodieis
2597 4937 2717 4993 suis
2734 4944 2793 4992 et
2810 4935 3000 4992 libello
3027 4934 3159 4990 ﬁdei
3188 4948 3304 4988 sua
3329 4939 3592 5002 receptus
3605 4938 3695 4987 est

2104 5035 2182 5091 ab
2229 5033 2510 5090 Hadriano
2560 5046 2722 5101 papa.
2786 5029 3008 5087 litteris
3062 5034 3246 5085 amem
3275 5034 3335 5081 et
3363 5022 3690 5095 imperatrix

2109 5123 2275 5195 petiit
2328 5130 2391 5177 ut
2437 5121 2685 5176 mitteret
2738 5118 2983 5181 litteras,
3007 5132 3139 5173 suas
3186 5125 3245 5172 et
3270 5114 3548 5181 homines,
3580 5127 3694 5182 quo

2106 5215 2502 5272 invenirentur
2534 5213 2591 5267 in
2623 5211 2869 5285 synodo;
2922 5211 3019 5281 qui
3051 5207 3259 5264 direxit
3281 5206 3510 5261 Petrum
3540 5204 3694 5259 vice-

2112 5305 2402 5367 dominum
2436 5303 2549 5373 (88;
2576 5301 2838 5357 Ecclesia:
2864 5313 3003 5363 sua,
3051 5305 3110 5352 et
3164 5297 3390 5353 Petrum
3419 5292 3696 5363 Begu-se-

2116 5412 2253 5453 num
2287 5395 2346 5451 S.
2378 5392 2558 5457 Sabae,
2610 5392 2766 5447 viros
2793 5387 3152 5445 honorabiles
3207 5401 3273 5441 ac
3304 5384 3458 5441 οηιηί
3490 5383 3698 5438 virtute

2122 5488 2440 5545 adornatos.
2471 5482 2620 5541 Misit
2651 5490 2843 5538 autem.
2885 5487 2943 5536 et
2975 5476 3331 5539 Antiochiam
3374 5483 3433 5530 et
3464 5474 3702 5529 Alexan-

2124 5579 2303 5637 driam
2349 5585 2460 5631 tam
2517 5572 2840 5645 imperatris
2882 5586 3053 5641 quam
3101 5568 3417 5638 patriarcha
3455 5585 3471 5622 :
3518 5567 3703 5623 adhuc

2012 5695 2029 5746 (

826 5712 831 5717 ‘
2012 5695 2029 5746 (

511 5792 624 5862 (88)
667 5792 1058 5848 Vicedominus
1091 5803 1177 5848 est
1220 5805 1565 5851 mconomus.
1600 5788 1667 5844 V.
1707 5692 2007 5859 Rusone:
2030 5694 2364 5844 33mm
2398 5780 2467 5837 ad
2507 5776 2871 5835 Concordiam
2895 5777 3209 5848 regularum
3235 5792 3285 5831 c.
3311 5775 3404 5841 28,
3430 5772 3518 5831 cui
3558 5771 3701 5829 adde

434 5862 802 5924 Flodoardum
839 5865 890 5931 1,
924 5864 1010 5919 17.
1033 5862 1191 5920 Ρωιι.
