4100 6426
543 379 686 442 1399

1647 383 2051 445 ANASTASII
2097 384 2729 449 BIBLlOTHECARII

3673 398 3789 464 1100

539 508 778 562 namque
814 508 939 564 pas,
969 508 1092 562 quae
1115 492 1260 550 facta
1294 492 1476 548 fuerat
1502 509 1628 549 cum
1676 494 1978 555 Arabibus.
2009 510 2123 550 non
2153 501 2200 557 Α
2228 511 2468 567 persona
2513 508 2784 556 venerant
2818 516 2927 556 non
2973 499 3280 570 dimiserat,
3329 504 3425 560 sed
3452 515 3682 566 retentos
3717 529 3791 571 se-

537 595 660 642 erat
684 588 886 642 soluta.
915 588 981 641 Et
1008 585 1290 643 duxerunt
1318 587 1698 644 ah'Antiochia
1719 590 1946 661 quidem
1959 590 2130 646 Joan-

539 695 667 735 nem
717 693 977 750 magnum
1042 687 1211 750 atque
1267 679 1566 742 famosum,
1627 681 1804 736 verbo
1831 665 1898 737 ἐι
1961 696 2131 752 opere

539 773 848 828 sanctitatis
878 771 1224 843 participem,
1256 771 1353 841 qui
1386 781 1444 827 et
1475 773 1756 845 syncellus
1793 775 2129 830 Antiocheni

539 863 875 934 patriarchae
902 861 1029 928 fuit,
1064 871 1123 918 et
1153 862 1424 918 Thomam
1458 864 2129 937 Alexandrinum,§virum

543 957 844 1012 zeiatorem
905 964 964 1012 et
1008 954 1513 1028 religiosissimum,
1578 959 1674 1028 qui
1722 967 1781 1014 et
1835 959 2132 1015 Thessalo-

539 1048 678 1104 nicae
727 1062 939 1120 magnae
997 1047 1272 1114 civitatis,
1295 1064 1418 1118 quae
1451 1059 1537 1104 est
1585 1049 1642 1104 in
1674 1049 1914 1121 Illyrico,
1949 1051 2130 1107 factus

540 1140 1002 1211 archiepiscOpus
1033 1140 1299 1197 emoruit.
1339 1141 1557 1197 Interea
1615 1151 1836 1197 mortuo
1869 1142 2019 1198 Mose
2071 1143 2133 1198 fit

537 1233 785 1288 Arabum
845 1232 959 1288 dux
991 1232 1164 1289 frater
1205 1233 1328 1304 ejus
1376 1233 1584 1299 Aaron,
1621 1233 1717 1303 qui
1753 1235 1934 1289 tribus
1963 1243 2020 1289 et
2043 1235 2129 1290 vi-

542 1325 698 1381 cenis
725 1324 807 1380 eis
837 1325 1062 1397 praefuit
1090 1325 1254 1380 annis
1285 1333 1343 1381 et
1376 1325 1548 1380 multa
1603 1325 1746 1380 mala
1797 1325 2132 1382 Christianis

542 1417 807 1474 ostendit.

611 1555 774 1612 Anno
819 1557 1035 1628 imperii
1089 1557 1174 1614 sui
1215 1566 1373 1614 sexto
1423 1558 1708 1615 mittentes
1765 1559 2130 1630 imperatores

542 1656 997 1703 convocaverunt
1032 1663 1250 1714 omnes,
1282 1649 1380 1720 qui
1426 1649 1530 1705 sub
1555 1663 1750 1705 eorum
1791 1657 1951 1704 erant
1982 1659 2136 1719 pote-

542 1749 707 1809 state,
768 1741 1071 1809 antistites,
1120 1742 1579 1816 pervenientibus
1626 1757 1848 1814 quoque
1885 1758 1914 1796 a
1961 1743 2134 1798 Roma

541 1836 891 1892 transmissis
920 1836 988 1892 ab
1013 1835 1294 1891 Hadriano
1314 1850 1454 1906 papa
1472 1834 1676 1890 litteris
1707 1842 1764 1890 et
1789 1833 2132 1902 hominibus,
2165 1851 2212 1911 Β

539 1935 604 1983 ut
651 1928 1034 1999 prtediximus,
1058 1936 1114 1984 et
1138 1928 1208 1982 ab
1251 1927 1543 1984 Antiochia
1569 1937 1624 1983 et
1660 1927 2010 1983 Alexandria.
2070 1927 2138 1984 Et

539 2018 777 2090 septimo
806 2017 935 2087 ldus
971 2019 1249 2089 Augustas
1277 2031 1438 2072 nonae
1471 2015 1796 2072 indictionis
1829 2016 2141 2088 prmsideth

540 2120 628 2167 tes
658 2111 713 2166 in
752 2114 960 2181 templo
980 2109 1314 2166 Sanctorum
1343 2109 1734 2180 Apostolorum
1761 2108 1906 2180 apud
1932 2109 2138 2180 regiam

541 2202 740 2258 urbem
760 2216 980 2272 erepere
1007 2209 1228 2258 sanctas
1256 2200 1576 2272 Scripturas
1607 2201 1874 2272 relegere,
1906 2209 1960 2256 et
1993 2201 2138 2272 obji-

541 2309 670 2349 cere
724 2293 988 2360 invicem,
1046 2291 1481 2364 imperatoribus
1519 2308 1584 2348 ac
1605 2293 2024 2348 catechumenis
2057 2292 2142 2347 in-

539 2386 932 2457 spicientibus.
975 2387 1074 2442 Ast
1105 2387 1346 2460 populus
1385 2386 1794 2444 scholariorum
1826 2394 1882 2440 et
1907 2385 2143 2441 excubi-

541 2488 701 2536 tuum
735 2490 901 2551 atque
937 2480 1200 2537 ordinum
1233 2489 1562 2539 caeterorum
1589 2480 1832 2536 accusati
1871 2497 1899 2535 a
1930 2481 2142 2552 princi-

540 2570 709 2642 pibus
768 2573 907 2638 suis,
936 2587 1063 2629 cum
1115 2571 1392 2627 haberent
1430 2571 1616 2629 adhuc
1643 2580 1700 2628 et
1758 2572 2140 2643 magisterium

541 2680 766 2738 quoque
812 2678 1054 2736 nequam
1111 2663 1360 2720 doctoris
1422 2665 1532 2733 sui,
1583 2665 1883 2722 denudatis
1918 2661 2142 2739 ‘gladiis

542 2757 837 2813 irruerunt
872 2755 930 2810 in
961 2771 1082 2824 eos,
1126 2755 1449 2811 minitantes
1481 2754 1820 2813 mortificare
1851 2767 1960 2814 tam
1991 2774 2140 2815 sum.

541 2865 698 2905 mum
739 2849 1082 2906 sacerdotem
1131 2863 1300 2923 quam
1331 2847 1675 2904 orthodoxos
1727 2849 2028 2920 episcopos
2083 2859 2142 2907 et

482 2953 496 2966 '
541 2943 794 2999 abbates.
824 2942 1064 3014 Imperio
1089 2957 1222 2999 vero
1245 2958 1347 3014 per
1368 2940 1695 2997 assistentes
1715 2941 1819 2996 sibi
1840 2940 2144 3000 familiares

543 3035 801 3090 homines
832 3034 933 3088 hos
971 3032 1165 3090 sedare
1185 3033 1400 3090 nitente
1423 3047 1536 3089 non
1565 3032 1988 3106 acquieverunt,
2008 3035 2144 3104 quin

543 3127 734 3202 potius
761 3126 1258 3198 exprobraverunt.
1293 3124 1432 3182 Cum
1456 3132 1643 3181 autem
1675 3125 1994 3198 patriarcha
2016 3143 2144 3184 sur-

545 3218 784 3274 rexisset
836 3225 893 3273 et
941 3217 1186 3272 tribunal
1229 3231 1356 3272 cum
1412 3216 1695 3288 episcopis
1741 3225 1798 3273 et
1853 3219 2145 3274 monachis
2173 3216 2214 3271 C

543 3313 747 3369 fuisset
808 3311 1113 3382 ingressus,
1167 3310 1224 3365 hi
1277 3309 1376 3382 qui
1434 3310 1659 3382 maligni
1713 3326 1911 3367 sensus
1945 3327 2142 3367 eorum

545 3413 708 3459 erant
755 3401 1004 3473 episcopi
1041 3401 1302 3457 exierunt
1357 3399 1426 3455 ad
1459 3415 1578 3469 eos,
1623 3399 1925 3457 clamantes
1959 3411 2132 3471 atque

546 3495 840 3551 dicentes:
877 3494 1129 3550 Vicimus.
1169 3493 1239 3549 Et
1265 3492 1439 3566 gratia
1466 3491 1564 3548 Dei
1596 3491 1807 3547 nemini
1828 3501 2146 3549 nocuerunt

546 3587 746 3643 furiosi
780 3587 861 3643 illi
887 3594 943 3643 et
967 3587 1278 3643 inhumani.
1305 3585 1374 3644 Et
1408 3585 1594 3640 taliter
1631 3583 1903 3643 dissoluta
1928 3586 2144 3660 synodo

548 3679 689 3736 abiit
717 3679 1101 3753 unusquisque
1133 3677 1200 3733 ad
1242 3677 1491 3752 pr0pria.

621 3817 782 3876 Anno
804 3814 1022 3885 imperii
1048 3813 1134 3869 sui
1158 3812 1394 3882 septimo
1435 3812 1607 3868 misso
1639 3811 1885 3868 Heirene
1907 3811 2144 3868 Staura-

547 3910 645 3968 cio
683 3907 922 3980 patricio
967 3915 1025 3963 et
1052 3905 1334 3978 logotheta
1370 3905 1428 3960 in
1456 3905 1756 3973 Thracem,
1785 3921 1982 3962 mense
2036 3905 2142 3961 Se-

550 4000 853 4071 ptembrio,
907 3997 1066 4055 initio
1115 3996 1706 4062 decimaeindictionis,
1757 3995 1828 4052 ad
1877 3996 2144 4051 ulteriora

554 4092 820 4155 themata,
845 4088 1122 4160 persuasit
1145 4088 1230 4145 eis
1261 4088 1370 4145 sibi
1412 4087 1703 4159 cooperari
1749 4096 1806 4143 et
1861 4086 2142 4158 depellere

549 4185 624 4242 ab
656 4185 795 4240 urbe
817 4183 1048 4254 impium
1085 4183 1558 4254 populum,quem
1592 4180 1969 4251 nequissimus
1995 4181 2142 4238 Cun-

549 4279 832 4334 stantinus
864 4278 1202 4334 instruxerat
1228 4285 1288 4331 et
1306 4273 1610 4331 erudierat.
1634 4273 1704 4327 Et
1731 4287 1857 4327 cum
1886 4287 1946 4327 se
1969 4271 2140 4343 finge--

551 4381 640 4429 ret
687 4373 835 4443 quod
891 4373 1200 4428 exercitum
1256 4379 1478 4425 motura
1525 4375 1676 4424 esset
1726 4368 1783 4422 in
1829 4367 2142 4422 Orientales

550 4471 759 4536 partes,
779 4479 846 4519 eo
869 4463 1019 4533 quod
1036 4461 1248 4517 Arabes
1275 4459 1512 4516 fuissent
1540 4455 1771 4528 egressi,
1801 4455 1938 4512 exiit
1958 4457 2141 4510 omnis

551 4555 738 4626 regius
795 4563 1096 4626 apparatus
1149 4561 1317 4623 atque
1389 4550 1636 4620 supellex
1685 4564 1861 4618 usque
1907 4547 1976 4603 ad
2023 4547 2142 4602 Ma-
2176 4571 2218 4627 ο

552 4652 732 4723 lagma
752 4670 768 4720 ;
788 4664 847 4709 et
873 4653 1226 4710 introeuntes
1254 4651 1313 4729 h_i
1343 4650 1439 4720 qui
1457 4649 1797 4704 exteriorum
1831 4647 2140 4702 themstum

551 4755 715 4800 crant
766 4755 1068 4800 tenuerunt
1124 4744 1344 4799 urbem.
1404 4741 1628 4798 Mittens
1683 4749 1869 4795 autem
1907 4737 1978 4792 ad
2019 4737 2146 4793 illos

551 4836 828 4907 signiﬁcat
881 4837 964 4891 eis
1023 4835 1261 4892 dicens:
1315 4834 1510 4889 Mittite
1543 4832 1671 4887 mihi
1708 4847 1864 4885 arma
1916 4837 2144 4886 vestra:

550 4946 683 5001 opus
723 4931 867 4986 enim
904 4931 1045 4985 vobis
1069 4929 1255 4984 habeo.
1299 4927 1370 4982 At
1414 4927 1497 4982 illi
1537 4925 1690 4982 stulti
1720 4922 1986 4979 divinitus
2016 4921 2145 4978 facti

552 5024 834 5081 dederunt
861 5039 947 5080 ea.
1009 5023 1169 5078 Tune
1223 5021 1409 5076 missis
1429 5019 1654 5074 familiis
1675 5032 1868 5073 eorum
1894 5016 1950 5070 in
1976 5031 2146 5071 naves

551 5116 776 5172 exsules
800 5131 898 5171 eos
929 5115 1116 5171 emisit
1141 5114 1210 5169 ab
1240 5113 1403 5177 urbe,
1438 5112 1494 5166 in
1538 5109 1816 5182 propriam
1866 5109 2146 5180 regionem

554 5221 1016 5278 unumquemque
1069 5206 1272 5278 jubens
1347 5203 1504 5258 abire
1532 5242 1546 5266 ,
1581 5202 1638 5256 in
1677 5215 1784 5270 qua
1819 5209 1875 5255 et
1928 5184 2148 5271 genitus

555 5310 724 5356 esset.
756 5301 972 5356 Etcum
998 5299 1224 5355 fecisset
1245 5295 1552 5353 exercitum
1593 5293 1881 5365 proprium
1911 5303 1964 5348 et
1999 5293 2149 5363 prin-

559 5395 714 5465 cipes
741 5395 848 5451 sibi
903 5395 1376 5465 obtemperantes,
1413 5390 1532 5460 ipsa
1568 5403 1757 5444 mense
1783 5387 1923 5442 Maio
1947 5388 2147 5441 iterum

559 5487 788 5541 mittens
836 5502 936 5556 per
958 5501 1181 5541 omnem
1238 5485 1420 5541 locum
1474 5479 1800 5535 convocavit
1835 5477 2145 5548 episcopos,

561 5595 675 5648 quo
706 5579 964 5633 venirent
991 5580 1048 5633 in
1080 5576 1451 5633 Nicaeensium
1482 5574 1763 5629 civitatem
1793 5567 2064 5639 Bithyniae
2080 5567 2149 5622 ad

563 5667 916 5723 eﬂiciendum
950 5669 1064 5724 illic
1087 5667 1405 5724 concilium.
1430 5667 1499 5722 Et
1543 5680 1643 5735 per
1679 5671 1854 5718 totum
1895 5659 2148 5715 testivum

567 5767 788 5828 tempus
841 5761 1161 5832 congregati
1220 5768 1351 5814 sunt
1407 5773 1602 5814 omnes
1667 5753 1811 5824 apud
1870 5751 2148 5815 Nicaeam.

568 5851 840 5927 siquidem
864 5869 960 5909 cos
989 5854 1082 5924 qui
1106 5870 1171 5908 cx
1199 5853 1457 5908 Romanae
1509 5848 1657 5906 sedis
1697 5856 1750 5904 ct
1786 5844 2148 5904 Orientalium

2239 602 2367 643 cum
2396 589 2656 647 habebat.

2309 683 2469 738 Anno
2501 685 2721 755 imperii
2741 684 2994 741 lleirenae
3018 696 3074 742 et
3093 670 3448 746 Constantini
3479 703 3661 750 octavo
3677 697 3792 756 exiit

2235 774 2500 830 Tarasius
2521 777 2906 834 sanctissimus
2936 779 3390 851 archiepiscopus
3419 783 3786 847 Constantino-

2232 863 2425 934 poleos
2469 866 2524 920 in
2558 865 2922 924 Nicaeensium
2952 870 3256 938 civitatem,
3315 887 3370 927 et
3419 875 3679 934 celebrata
3719 883 3793 938 esi

2237 965 2428 1012 sancta
2451 965 2508 1012 et
2531 958 2866 1016 universalis
2889 962 3130 1032 septima
3158 965 3401 1036 synodus
3419 967 3792 1041 episcoporum,

2235 1058 2294 1104 et
2317 1050 2528 1120 recepit
2550 1051 2824 1107 catholica
2879 1053 3125 1110 Ecclesia
3157 1057 3402 1127 priscum
3436 1075 3792 1121 ornamentum

2235 1155 2420 1206 suum,
2474 1141 2550 1196 nil
2612 1158 2820 1198 novum
2875 1146 3208 1215 praedicans,
3273 1149 3369 1204 sed
3426 1159 3725 1211 sanctorum
3749 1169 3796 1214 et

2236 1232 2529 1288 beatorum
2569 1234 2801 1290 Patrum
2825 1236 3081 1307 dogmata
3124 1239 3347 1296 immota
3393 1243 3714 1312 custodiens,
3747 1258 3798 1304 et

2237 1340 2438 1380 novam
2469 1325 2727 1382 haeresim
2753 1328 3044 1396 abdicans,
3071 1342 3294 1402 tresque
3324 1332 3491 1391 falsos
3515 1337 3798 1396 nominatos

2236 1413 2580 1483 patriarchas
2631 1417 3126 1488 anathematizans,
3161 1422 3510 1480 Anastasium
3540 1426 3794 1492 videlicet.

2234 1505 2664 1564 Constantinum
2711 1520 2768 1566 et
2815 1511 3086 1579 Nicetam,
3124 1522 3288 1586 atque
3313 1530 3505 1572 omnes
3531 1530 3794 1576 consenta-

2236 1613 2375 1654 neos
2399 1615 2619 1656 eorum.
2665 1601 2831 1659 Facta
2879 1616 2966 1660 est
2995 1620 3188 1662 autem
3221 1607 3400 1678 prima
3433 1613 3713 1666 conventio
3745 1629 3800 1668 ae

2236 1692 2413 1748 sessio
2434 1693 2823 1765 episcoporum
2851 1695 2908 1751 in
2952 1696 3192 1754 ecclesia
3216 1698 3491 1756 catholica
3524 1699 3579 1756 S.
3609 1699 3801 1772 Sophia:

2239 1785 2472 1841 Nicaena:
2501 1787 2743 1844 civitatis
2773 1789 2969 1860 quinto
3000 1789 3130 1846 ldus
3175 1789 3470 1847 Octobrias
3514 1793 3800 1851 indictionis

2243 1876 2571 1933 undecimae.
2635 1877 2702 1934 Et
2751 1879 3090 1937 Novembrio
3164 1895 3357 1937 mense
3415 1883 3642 1954 ingressi
3691 1896 3800 1941 sunt

2243 1985 2439 2026 omnes
2466 1971 2671 2043 regiam
2701 1973 2919 2040 urbem,
2945 1982 3000 2029 et
3026 1974 3460 2044 praesidentibus
3483 1975 3802 2049 imperatori-

2243 2061 2350 2118 bus
2383 2078 2493 2117 una
2529 2079 2656 2120 cum
2687 2064 2966 2136 episcopis
3016 2067 3072 2122 in
3100 2066 3399 2139 Magnaura
3427 2068 3602 2125 lectus
3633 2080 3710 2125 est
3728 2081 3801 2126 to-

2242 2169 2389 2221 mus,
2411 2163 2469 2210 et
2519 2155 2852 2228 subscripsit
2906 2167 3017 2214 tam
3081 2157 3392 2230 imperator
3439 2176 3600 2232 quam
3651 2173 3803 2217 mater

2242 2243 2386 2314 ejus,
2441 2243 2730 2302 firmantes
2795 2246 3058 2317 pietatem
3114 2249 3425 2304 secundum
3469 2250 3684 2322 antiqua
3722 2252 3804 2308 do-

2244 2348 2449 2410 gmata,
2511 2354 2683 2411 opera
2739 2341 3090 2398 sacerdotum
3142 2343 3366 2410 honori,
3419 2353 3476 2400 et
3505 2343 3804 2400 dimiserunt

2243 2444 2360 2495 eos,
2391 2438 2449 2486 et
2493 2445 2627 2500 pace
2686 2431 2861 2502 potita
2921 2441 3008 2488 est
3035 2431 3280 2489 Ecclesia
3333 2434 3461 2500 Dei,
3519 2449 3801 2506 quanquam

2248 2523 2511 2580 inimicus
2566 2525 2778 2580 zizania
2834 2525 2890 2580 in
2945 2526 3367 2597 operationibus
3390 2527 3507 2584 suis
3561 2529 3803 2584 seminare

2246 2629 2358 2670 non
2387 2623 2587 2672 cesset.
2638 2614 2746 2672 Sed
2788 2614 3038 2672 Ecclesia
3081 2616 3182 2673 Dei
3235 2632 3462 2689 semper
3517 2618 3800 2691 impugnata

2247 2707 2576 2778 triumphat.

2320 2797 2479 2854 Anno
2511 2798 2731 2870 imperii
2763 2800 2851 2856 sui
2873 2815 3021 2857 nono
3049 2799 3288 2858 Heirene
3333 2801 3670 2874 imperatrix,
3694 2818 3806 2874 pace

2249 2890 2428 2946 soluta
2461 2891 2704 2948 faciendi
2759 2907 2885 2949 cum
2911 2893 3139 2951 Francis
3180 2895 3462 2965 nuptiales
3493 2902 3802 2961 contractus,

2249 2983 2456 3040 direxit
2504 2984 2904 3056 Theophanem
2953 2987 3469 3056 protospatharium
3499 2995 3556 3044 et
3608 2986 3809 3042 abduxit

2247 3078 2488 3148 puellam
2511 3092 2578 3132 ex
2607 3076 2952 3133 Armeniacis
2983 3078 3207 3133 nomine
3245 3079 3483 3157 Mariam
3530 3077 3596 3134 ab
3619 3078 3806 3142 Amnia,

2248 3181 2306 3228 et
2332 3171 2519 3244 junxit
2551 3186 2674 3227 eam
2705 3169 3072 3237 Constantino
3126 3171 3456 3242 imperatori
3483 3180 3538 3226 et
3568 3169 3674 3227 lilio
3702 3185 3807 3234 suo,

2247 3279 2376 3321 cum
2429 3265 2548 3335 ipse
2598 3265 2836 3320 multum
2883 3265 3202 3319 tristaretur
3262 3273 3318 3320 et
3361 3265 3561 3332 nollet,
3613 3273 3810 3334 preptcr

2247 3358 2511 3414 affectum
2536 3372 2648 3428 quo
2678 3373 2810 3428 erga
2844 3356 3026 3414 Caroli
3086 3356 3255 3412 filiam
3302 3356 3643 3434 Francorum
3686 3355 3809 3426 regis

2247 3450 2534 3522 flagrabat,
2585 3465 2751 3521 quam
2796 3450 3012 3506 scilicet
3044 3458 3206 3505 antea
3259 3449 3700 3522 desponsaverat.
3746 3449 3801 3503 Et

2247 3548 2782 3598 consummaverunt
2839 3542 3063 3612 nuptias
3109 3543 3231 3614 ejus
3278 3559 3473 3599 mense
3504 3541 3807 3599 Novembrio

2245 3637 2571 3693 indictionis
2589 3635 2957 3691 duodecimae.
2987 3636 3201 3691 Interea
3231 3635 3474 3691 lleirene
3511 3633 3810 3690 misitJoan-

2245 3744 2372 3785 nem
2405 3727 2768 3784 Sacellarium
2817 3736 2875 3782 et
2909 3727 3245 3798 logothetam
3290 3727 3346 3781 in
3369 3724 3809 3798 Longobardiam,

2245 3837 2356 3878 una
2395 3837 2522 3877 cum
2577 3819 2869 3876 Theodoto
2923 3819 3134 3875 dudum
3191 3835 3320 3890 rege
3367 3819 3594 3891 majoris
3619 3818 3811 3887 Longo-

2246 3914 2476 3980 bardiaa,
2527 3913 2594 3970 ad
2618 3913 2887 3968 ultionem
2935 3911 3307 3976 inferendam,
3333 3910 3381 3966 si
3410 3921 3612 3982 posset,
3647 3909 3698 3963 in
3721 3907 3808 3963 Ca-

2247 4006 2430 4062 rolum
2452 4013 2510 4060 et
2538 4004 2808 4075 quosdam
2837 4002 3229 4058 subducendos
3261 4001 3330 4056 ab
3370 4001 3498 4074 illo.
3525 3998 3806 4056 Descende-

2247 4107 2382 4153 runt
2397 4111 2530 4167 ergo
2545 4111 2670 4151 cum
2693 4093 2990 4149 Theodoro
3008 4093 3243 4164 patricio
3271 4101 3328 4149 et
3345 4101 3581 4163 praetore
3613 4088 3808 4154 Siciiiai,

2243 4202 2300 4251 et
2323 4194 2461 4249 inito
2489 4193 2637 4248 bello
2655 4199 2840 4247 tentus
2863 4206 2892 4245 a
2912 4190 3137 4246 Francis
3163 4205 3350 4244 amare
3373 4198 3688 4260 peremptus
3717 4195 3806 4242 est.

2315 4287 2476 4343 An’no
2495 4284 2710 4356 imperii
2725 4283 2966 4338 Heirene
2989 4292 3046 4338 et
3059 4281 3412 4338 Constantini
3433 4281 3647 4338 decimo
3663 4280 3812 4336 movit

2246 4379 2501 4436 diabolus
2524 4377 2700 4432 livore
2736 4376 2960 4447 pietatis
2997 4375 3401 4445 imperatorum
3433 4374 3701 4438 homines,
3730 4370 3811 4442 qui

2246 4469 2655 4542 instigaverunt
2682 4475 2917 4522 matrem
2941 4466 3212 4522 adversus
3235 4465 3407 4522 filium
3435 4474 3491 4520 et
3524 4464 3690 4519 filium
3723 4460 3810 4516 ad-

2247 4577 2444 4617 versus
2465 4568 2698 4614 matrem
2729 4576 2742 4611 :
2765 4557 3100 4613 inﬂexerunt
3115 4557 3263 4612 enim
3281 4572 3404 4612 eam
3426 4555 3583 4627 quasi
3609 4571 3672 4612 ex
3693 4569 3814 4625 pra:-

2247 4652 2595 4725 signantibus
2610 4650 2796 4705 futura
2815 4649 3227 4725 cognitionibus
3249 4649 3562 4714 certiﬁcati,
3582 4662 3812 4704 asseren-

2249 4755 2331 4802 tes
2379 4746 2430 4800 ei
2463 4743 2622 4799 :Non
2645 4752 2720 4798 est
2767 4743 3202 4814 praedestinatum
3227 4742 3370 4812 apud
3399 4741 3570 4796 Deum
3624 4736 3811 4794 tenendi

2245 4837 2420 4907 ﬁlium
2455 4846 2604 4890 tuum
2642 4834 2945 4906 imperium,
2973 4832 3064 4887 sed
3108 4841 3259 4887 tuum
3285 4841 3361 4887 est
3389 4851 3422 4887 a
3455 4832 3565 4888 Deo
3618 4831 3703 4885 tibi
3726 4829 3811 4881 da-

2247 4937 2382 4982 tum.
2405 4927 2473 4981 At
2496 4926 2588 4982 illa
2609 4933 2671 4981 ut
2689 4925 2892 4980 mulier
2911 4924 3163 4990 seducta,
3195 4924 3503 4996 prtesertim
3531 4939 3651 4978 cum
3673 4934 3810 4976 amo-

2248 5036 2365 5076 rem
2398 5035 2618 5090 quoque
2647 5017 2991 5088 principatus
3025 5016 3277 5081 haberet,
3312 5016 3550 5071 credidit
3578 5015 3649 5070 ita
3685 5026 3808 5074 esse,

2247 5119 2303 5166 et
2338 5127 2448 5164 non
2485 5108 2811 5180 recogitavit
2851 5108 3002 5179 quod
3053 5107 3157 5178 ipsi
3210 5106 3464 5163 volentes
3514 5107 3811 5177 dispensare

2245 5219 2338 5258 res
2362 5202 2418 5258 id
2476 5201 2581 5257 sub
2604 5200 2898 5256 occasione
2927 5199 3359 5272 praetenderent.
3387 5199 3534 5270 Ergo
3575 5214 3696 5254 cum
3725 5197 3812 5249 im-

2249 5304 2474 5366 perator
2503 5296 2612 5365 jam
2643 5294 2839 5365 viginti
2887 5303 3037 5349 esset
3101 5309 3373 5348 annorum
3443 5294 3620 5348 factus
3663 5299 3811 5359 atque

2250 5387 2512 5442 robustus
2556 5384 2856 5440 admodum
2899 5391 2957 5440 et
3010 5383 3267 5451 idoneus,
3310 5383 3537 5439 videbat
3592 5397 3648 5437 se
3686 5377 3811 5434 nihil

2251 5475 2544 5546 potestatis
2573 5482 2880 5545 gerentem,
2915 5480 2972 5528 et
3004 5472 3352 5538 tristabatur,
3390 5473 3613 5526 intuens
3637 5485 3666 5524 e
3695 5483 3807 5522 con-

2253 5568 2425 5624 trario
2451 5568 2804 5624 Stauracium
2833 5567 3127 5638 patricium
3159 5576 3216 5622 et
3257 5566 3595 5637 logothetam
3643 5559 3812 5616 omnia

2250 5661 2555 5733 possidere,
2590 5677 2894 5731 omnesque
2924 5661 2992 5715 ad
3029 5661 3185 5714 illum
3226 5658 3550 5731 procedere,
3578 5653 3809 5712 ctnemi-

2254 5769 2377 5808 nem
2399 5752 2466 5806 ad
2498 5767 2557 5808 se
2589 5751 2944 5822 frequentare
2978 5750 3207 5806 audere.
3240 5750 3396 5804 Tunc
3427 5746 3659 5802 consilio
3688 5743 3809 5800 inito

2255 5859 2378 5903 cum
2435 5843 2809 5900 familiaribus
2871 5843 3167 5915 perpaucis
3213 5839 3532 5898 hominibus
3581 5837 3706 5904 suis,
3760 5847 3810 5894 ct
