2050 3212
196 203 262 236 1401

591 198 776 232 HISTORIA
789 202 1077 233 ECCLESIASTICA
1090 202 1142 234 EX
1155 203 1397 236 THEOPHANE.

1763 201 1836 235 1402

194 261 277 288 Ρθίτο
294 258 460 306 ωθῧῖδθηίιξ
467 261 495 285 et
511 257 659 306 Theodoro
672 257 790 306 Paule?"
811 262 839 306 εξ
853 256 987 284 Damam)
1000 256 1026 286 Α
1038 270 1184 303 versutias,
1195 272 1335 305 quomodo
1345 278 1395 306 per
1409 271 1494 298 multa
1507 252 1601 298 studet
1610 275 1771 305 argumenta
1786 278 1836 306 ge-

194 313 273 340 aaque
293 304 420 340 patricio,
446 303 564 330 ﬁrmavit
575 311 630 338 quo
647 303 899 338 comprehenderet
919 310 984 330 eum

194 356 223 379 et
241 351 364 378 exsulem
385 350 412 377 in
428 349 550 378 Siciliam
562 349 725 382 destinaret,
740 350 854 384 ipseque
879 352 986 376 teneret

195 397 343 431 imperium
359 404 422 423 cum
437 400 524 422 matre
537 403 596 422 sua.
613 394 701 422 Porro
726 394 824 429 quinto
839 394 903 421 Idus
935 394 986 421 Fe-

194 443 322 470 bruarias
345 442 436 469 factus
457 445 500 469 est
520 441 662 469 horribilis
681 446 762 468 terra:
783 444 886 472 motus,
906 440 943 467 ita
956 444 986 467 ut

194 498 251 517 non
264 489 381 517 auderet
398 488 544 523 quisquam
561 487 635 514 domi
665 487 798 519 dormire,
827 487 873 514 sed
890 494 987 513 omnes

196 537 223 564 in
237 537 325 564 hortis
338 540 366 563 et
380 535 432 563 sub
449 535 495 562 dio
511 534 697 563 tabernaculis
716 533 796 561 factis
815 538 843 561 et
858 533 987 560 tentoriis

194 582 317 611 extensis
345 581 493 617 degebant.
510 581 561 608 Ast
586 580 748 614 imperatrix
768 587 822 606 una
847 586 910 605 cum
929 578 987 605 ﬁlio

194 637 246 658 suo
265 636 373 662 egressa
389 633 430 655 e51
445 627 479 654 ad
496 627 525 654 S.
541 627 668 654 Mamam.
681 625 749 653 Cum
763 630 855 652 autem
871 624 986 652 Staura-

194 675 238 703 cio
267 674 393 702 nuntiata
421 673 519 700 fuisset
548 672 710 707 prmsignata
736 679 801 701 res.
832 675 988 698 commovct

195 721 347 756 Augustam
375 725 473 747 contra
502 719 588 746 ﬁlium
604 727 611 751 ;
627 726 688 753 qua:
704 718 921 752 comprehensos
936 718 986 744 ho-

165 761 169 763 ’
195 766 285 793 mines
315 764 492 800 imperatoris
517 771 616 790 omnes
630 762 731 790 cecidit
747 768 831 798 atque
856 762 986 795 totondit,

196 820 251 840 una
267 819 330 839 cum
352 811 458 838 Joanne
482 810 712 846 protospathario
728 814 756 837 et
773 810 866 844 baiulo
889 810 986 844 ipsius,

194 863 223 886 et
243 858 341 885 exsilio
366 857 498 892 relegavit
512 858 540 883 in
563 856 744 883 inferioribus
757 856 883 890 partibus
900 862 988 890 usque

194 906 224 933 in
237 904 370 936 Siciliam,
385 904 497 931 Petrum
515 911 581 930 vero
603 903 793 938 magistratum
820 903 987 930 dehonesta-

195 950 320 979 tiouibus
334 950 502 977 submittens
518 949 545 975 in
566 949 647 976 domo
661 957 709 975 sua
726 949 823 975 setlcrc
843 948 984 983 praeepit,

193 996 323 1023 similiter
346 1000 376 1022 et
393 993 570 1021 Theodorum
586 994 745 1027 patricium.
771 994 857 1020 Porro
877 994 987 1022 Damia-

194 1050 261 1069 num
277 1040 427 1076 patricium
437 1048 538 1067 cmsum
555 1045 583 1067 et
596 1044 706 1067 tonsum
724 1040 751 1066 in
766 1044 887 1067 castrum
902 1041 987 1075 Apol-

193 1087 333 1116 loniadcm
356 1087 479 1114 exsulem
499 1085 559 1113 fore
574 1086 729 1113 constituit.
753 1086 915 1113 Percutiens
936 1094 987 1114 au-

195 1140 251 1162 tem
265 1138 291 1162 et
311 1133 397 1163 ﬁlium
414 1133 602 1167 canviciisque
616 1132 711 1159 multis
723 1132 862 1160 lacessens
881 1133 938 1168 egit
952 1141 987 1160 ne

192 1180 357 1215 procederet
387 1187 437 1214 per
461 1178 521 1206 dies
554 1185 609 1205 non
632 1185 745 1213 paucos.
766 1178 858 1213 prit
894 1183 987 1206 autem

193 1225 394 1262 adiuramentis
412 1224 575 1252 submittere
593 1223 710 1260 [iurare]
733 1224 858 1251 militiam
873 1225 928 1260 iam
946 1225 989 1252 dio

193 1277 317 1305 centem,
335 1271 398 1307 quia
416 1271 569 1306 Quousque
582 1275 610 1298 tu
629 1271 710 1304 vivis,
722 1278 778 1298 non
795 1272 988 1305 permittemus

193 1319 333 1353 imperare
348 1318 435 1344 tilium
454 1322 543 1345 tuum.
560 1317 594 1344 Et
615 1316 745 1352 iurabant
758 1324 856 1344 omnes
869 1317 919 1349 sic,
939 1326 987 1345 ne-

192 1365 270 1392 mine
301 1363 491 1391 contradicere
518 1370 603 1397 super
634 1362 688 1389 hoc
718 1362 849 1389 audente.
881 1362 989 1390 lnterea

193 1411 291 1438 classis
308 1410 428 1437 Arabum
440 1409 467 1436 in
490 1409 611 1444 Cyprum
637 1408 732 1435 exivit.
759 1407 837 1441 Quod
866 1416 989 1444 ιιι-προθε-

193 1464 314 1484 noscens
333 1455 494 1490 imperatrix
514 1454 687 1482 coacervavit
706 1458 735 1482 et
747 1455 807 1489 ipsa
826 1455 920 1482 omnia
934 1455 990 1482 Ito-

192 1510 276 1530 inana
300 1501 420 1537 navigia,
442 1505 471 1528 et
495 1500 571 1528 misit
592 1500 725 1528 adversus
738 1509 797 1528 eos.
812 1501 881 1528 Cum
897 1507 995 1530 autem,

193 1557 284 1584 usque
310 1549 384 1584 Myra
404 1552 523 1583 uterque
549 1551 650 1582 praetor
674 1548 812 1579 venisset,
847 1547 959 1576 divertit
975 1557 991 1576 a

1036 323 1089 343 nus
1104 315 1246 343 hominum
1259 317 1376 352 perdere
1386 317 1391 344 l
1401 317 1452 350 Qui
1464 317 1537 345 enim
1547 322 1611 345 ante
1619 317 1776 352 quindecim
1786 325 1837 344 an-

1036 367 1087 387 nos
1100 361 1403 397 terribiliiureiurando
1415 364 1578 398 iuraverunt
1593 366 1620 390 et
1634 363 1704 389 facta
1718 362 1837 397 propria:

1037 414 1136 434 manus
1156 408 1260 442 scripta
1281 408 1309 435 in
1340 413 1436 436 sancto
1450 408 1581 436 tribunali
1600 408 1830 438 recondiderunt.

1038 451 1141 479 iterum
1156 453 1288 487 iurabant
1302 461 1330 480 se
1347 461 1361 480 a
1375 453 1433 480 filio
1449 454 1511 488 eius
1531 461 1588 480 non
1614 452 1792 487 imperandos
1808 452 1836 479 in

1039 497 1095 524 vita
1110 497 1207 532 ipsius,
1218 502 1247 525 et
1262 506 1358 525 rursus
1376 498 1429 526 hoc
1445 496 1578 525 oblivioni
1590 498 1733 525 tradentes
1756 497 1831 524 Cott-

1039 544 1190 570 stantinum
1206 544 1400 579 imperatorem
1422 545 1502 572 bonze
1514 544 1594 572 fama:
1617 544 1747 571 laudibus
1759 544 1830 571 θιγε-

1040 589 1148 621 rebant,
1173 598 1229 617 non
1247 590 1453 624 perpendentes
1468 590 1564 617 miseri
1583 589 1659 624 quod
1677 597 1733 616 non
1751 596 1836 624 opor—

1040 639 1095 662 teat
1109 635 1280 670 reciprocum
1292 635 1351 663 ﬁeri
1361 637 1561 672 iuramentum.
1585 636 1742 663 Necessitas
1753 635 1829 662 enim

1039 682 1176 709 incumbit
1192 686 1222 709 ut
1245 690 1356 709 omnem
1373 682 1543 717 reciprocam
1557 681 1725 717 iurationem
1739 680 1836 716 periu-

1039 728 1110 755 rium
1129 727 1327 762 subsequatur.
1343 728 1500 763 Periurium
1514 732 1606 754 autent
1624 732 1666 754 cst
1686 727 1833 761 abnegatio

1039 774 1098 802 Dei.
1114 774 1227 802 Collecti
1245 779 1337 801 autem
1349 773 1482 801 Octobrio
1496 781 1591 800 mense
1603 773 1718 800 decima:
1730 776 1836 806 quartze

1039 821 1200 849 indictionis
1210 821 1236 847 hi
1249 821 1296 855 qui
1310 828 1342 847 ex
1354 820 1524 847 thematihus
1539 825 1618 847 erant
1629 819 1701 854 apud
1711 819 1836 849 Atroam,

1039 867 1331 902 exquisieruntomnes
1346 866 1486 893 communi
1502 864 1835 893 eonsilioConsIantinum

1041 915 1247 949 imperatorem,
1264 912 1426 940 vicesimum
1442 917 1569 948 agentem
1591 919 1705 938 annum.
1722 910 1837 937 'l'imens

1041 964 1132 986 autem
1152 958 1270 986 Heirene
1293 958 1427 992 impetum
1455 957 1550 992 populi
1571 956 1689 984 absolvit
1712 964 1787 983 eum.
1801 955 1837 982 At

1041 1004 1082 1031 illi
1103 1004 1178 1031 hunc
1190 1003 1303 1038 quidem
1322 1002 1518 1037 imperatorem
1545 1000 1763 1032 aﬁirmaverunt,
1781 1000 1836 1026 hu-

1039 1052 1084 1086 ius
1096 1056 1188 1077 autem
1218 1053 1335 1076 matrem
1360 1052 1538 1083 respuerunt.
1568 1043 1703 1074 Przeterea
1728 1046 1833 1073 direxit

1041 1097 1169 1132 protinus
1198 1095 1348 1130 imperator
1363 1094 1526 1121 Michaeleut
1553 1093 1836 1120 Lachanodraconcm

1041 1148 1069 1171 et
1084 1143 1219 1170 Joannem
1231 1141 1356 1174 baiulum
1376 1148 1456 1168 suum
1470 1147 1502 1167 ac
1517 1138 1786 1174 protospatharium,
1806 1143 1835 1165 et

1039 1188 1205 1224 iuramentis
1217 1186 1603 1217 submiseruntArmeniacos,
1614 1191 1648 1211 ne
1661 1184 1838 1218 susciperent

1042 1235 1189 1263 Heirenem
1219 1237 1334 1260 matrem
1348 1239 1426 1259 suam
1455 1231 1671 1266 impcratrieem.
1708 1229 1836 1257 Alexium

1041 1288 1108 1308 vero
1124 1278 1297 1307 conﬁrmavit
1314 1278 1343 1304 in
1358 1281 1503 1312 praetorem
1515 1283 1608 1303 suum.
1627 1275 1660 1302 Et
1674 1282 1738 1302 cum
1760 1273 1836 1301 redi-

1043 1325 1110 1353 isset
1133 1324 1286 1359 imperator
1302 1323 1329 1350 in
1346 1323 1444 1350 urbem
1467 1330 1562 1349 mense
1589 1320 1766 1352 Decembrio,
1780 1327 1836 1347 ca:-

1042 1377 1102 1397 sum
1118 1373 1147 1396 et
1162 1373 1275 1396 tonsum
1289 1367 1463 1395 Stauracium
1478 1367 1601 1393 exsulem
1619 1365 1684 1392 fecit
1700 1364 1772 1400 apud
1785 1364 1838 1391 Ar—

1043 1415 1236 1443 meniacorum
1259 1413 1350 1441 thema
1365 1413 1399 1440 ad
1427 1411 1644 1440 satisfactionem
1669 1418 1777 1438 eorum.
1805 1409 1835 1437 In

1044 1461 1174 1489 exsilium
1198 1459 1381 1487 nihilominus
1396 1462 1424 1485 et
1438 1458 1548 1485 Aetium
1575 1456 1661 1489 misit,
1688 1455 1838 1491 spadonem

1043 1505 1299 1543 protospatharium
1315 1509 1343 1532 et
1358 1504 1487 1531 intimum
1499 1504 1571 1538 eius,
1587 1507 1616 1530 et
1628 1509 1724 1529 omnes
1741 1501 1838 1528 dome-

1044 1553 1129 1580 sticos
1146 1551 1234 1586 ipsius
1252 1550 1400 1585 spadones.
1417 1549 1494 1576 Hanc
1506 1553 1597 1576 autem
1620 1556 1683 1575 cum
1703 1547 1840 1575 suavitate

192 1596 386 1632 Ρτοῐηοηιοτῖθ
414 1594 653 1625 θδεΙίάθηῙοτυῐηι
665 1598 694 1621 ει
719 1594 861 1629 ingressus
893 1599 936 1622 εει
960 1594 988 1622 in
1002 1607 1022 1635 c
1042 1607 1092 1628 sua
1103 1602 1131 1626 et
1147 1597 1288 1625 affluentia
1303 1596 1404 1624 locavit
1421 1596 1447 1622 in
1460 1595 1564 1631 palatio
1580 1593 1745 1625 Eleutherii,
1764 1593 1839 1628 quod

191 1642 303 1670 Attaliaa
317 1642 421 1670 sinum.
440 1641 475 1668 At
489 1648 556 1668 vero
572 1640 677 1667 Arabes
698 1641 764 1668 moti
777 1649 792 1668 a
809 1640 909 1676 Cypro,
921 1649 984 1668 cum

193 1689 330 1717 serenitas
342 1696 392 1715 eos
410 1687 539 1722 cepisset,
550 1686 818 1714 circumferebantur
830 1687 858 1714 in
872 1687 978 1722 pelago.

192 1734 319 1769 Cumque
340 1736 421 1760 terra:
441 1732 559 1767 proximi
578 1736 749 1764 tenerentur,
777 1732 908 1759 viderunt
937 1739 985 1760 eos

193 1785 338 1815 praetores,
356 1783 384 1806 et
398 1779 457 1806 acie
470 1778 574 1805 directa
588 1778 734 1813 praeparati
747 1782 810 1806 sunt
824 1778 858 1805 ad
876 1779 984 1806 bellan-

193 1828 273 1854 dum.
297 1825 468 1860 Theophilus
501 1830 591 1852 autem
604 1824 858 1860 Cibyrrhazotorum
873 1829 984 1860 praetor,

194 1878 259 1899 cum
278 1870 321 1897 vir
334 1874 407 1897 esset
419 1870 551 1897 robustus
565 1874 648 1904 atque
673 1870 852 1903 fortissimus,
865 1870 932 1897 ﬁsus
956 1873 985 1897 et

195 1921 263 1944 ante
293 1923 389 1943 omnes
402 1923 531 1951 egressus
547 1919 640 1942 tentus
654 1921 696 1942 est
721 1915 756 1943 ab
774 1916 813 1943 eis
831 1916 897 1950 ;qui
922 1923 985 1943 cum

195 1964 297 1991 ductus
310 1963 344 1991 ad
360 1964 451 1990 Aaron
468 1962 565 1989 fuisset
586 1962 621 1989 ab
632 1969 666 1990 eo
684 1961 832 1994 videndus,
853 1962 987 1989 adhorta-

194 2015 244 2038 tus
259 2014 301 2037 est
324 2012 355 2035 ut
373 2008 499 2043 proditor
514 2008 593 2035 ﬁeret
609 2011 637 2035 et
654 2008 815 2042 temporalia
830 2008 903 2036 dona
924 2016 987 2036 sus-

194 2056 311 2089 ciperet.
320 2054 372 2087 Qui
384 2060 446 2081 cum
455 2052 509 2080 hoc
520 2052 678 2080 nullatenus
685 2052 852 2084 admisisset,
865 2060 915 2087 per
929 2060 988 2080 am-

193 2100 325 2136 pliusque
332 2103 445 2128 coactus
452 2106 625 2134 nequaquam
636 2098 773 2131 cessisset,
781 2098 862 2133 gladii
869 2099 989 2126 animad-

194 2146 353 2174 versionem
366 2146 506 2173 sustinens
519 2150 624 2180 martyr
647 2144 769 2179 optimus
790 2149 831 2172 est
848 2149 988 2172 ostensus.

232 2192 325 2220 Mundi
348 2199 421 2219 anno
451 2191 545 2223 6283,
578 2191 679 2218 divinae
712 2190 911 2218 incarnationis
940 2198 990 2217 an-

194 2247 234 2267 no
246 2238 310 2271 783,
337 2245 409 2264 anno
447 2245 514 2264 vero
550 2236 658 2271 imperii
688 2235 863 2263 Constantini
897 2236 989 2271 primo

1037 1645 1095 1680 ipsa
1123 1644 1327 1676 mdiﬁcaverat,
1345 1642 1374 1669 in
1394 1648 1449 1676 quo
1474 1641 1559 1669 etiam
1583 1639 1717 1675 pecunias
1740 1639 1840 1666 multas

1036 1690 1230 1719 absconderat.

1074 1737 1189 1765 Factum
1207 1742 1274 1763 vero
1292 1739 1335 1762 est
1362 1734 1460 1762 eodem
1488 1741 1584 1761 mense
1602 1732 1774 1764 incendium,
1803 1735 1832 1758 et

1036 1786 1243 1811 concrematum
1261 1785 1303 1808 est
1319 1780 1471 1807 triclinium
1487 1778 1661 1814 patriarehii,
1674 1778 1748 1813 quod
1762 1777 1839 1804 dici'

1036 1834 1083 1857 tur
1097 1828 1266 1858 Thomaites,
1278 1831 1306 1853 et
1322 1830 1503 1861 quaastowm,
1515 1829 1543 1852 et
1556 1825 1616 1852 alia:
1626 1824 1725 1851 domus
1750 1831 1839 1858 usque

1041 1876 1076 1904 ad
1092 1875 1209 1903 Milium.
1232 1873 1369 1901 Caaterum
1398 1871 1485 1906 Aprili
1508 1879 1602 1898 mettse
1636 1870 1837 1898 Constantinus

1037 1930 1101 1951 cum
1118 1926 1208 1948 castra
1234 1918 1364 1946 movisset
1391 1921 1487 1945 contra
1518 1917 1672 1952 Vulgares,
1699 1915 1776 1942 venit
1801 1913 1837 1942 ad

1038 1967 1184 1995 castellum
1196 1964 1270 2000 quod
1283 1963 1386 1991 dicitur
1401 1962 1523 1994 Probati,
1533 1962 1566 1989 ad
1580 1962 1669 1988 rivum
1682 1960 1789 1988 scilicet
1803 1959 1835 1988 S.

1037 2013 1174 2049 Georgii;
1197 2015 1226 2038 et
1259 2018 1322 2038 cum
1359 2008 1527 2036 occurrisset
1551 2006 1688 2034 Cardamo
1723 2005 1836 2033 domino
1865 2001 1873 2009 ’

1037 2058 1198 2094 Vulgarize,
1222 2056 1324 2092 pusillo
1352 2056 1426 2083 circa
1460 2060 1606 2088 vesperam
1645 2051 1717 2079 iacto
1747 2050 1836 2083 bello,

1041 2104 1227 2132 formidantes
1247 2103 1276 2130 hi
1295 2102 1343 2137 qui
1372 2108 1406 2128 ex
1430 2106 1508 2135 parte
1526 2099 1713 2126 Romanorum
1743 2100 1836 2128 erant,

1041 2160 1092 2188 per
1103 2156 1212 2179 noctem
1233 2149 1364 2185 fugerunt
1377 2151 1405 2175 et
1421 2146 1529 2182 inglorii
1544 2145 1707 2177 redierunt;
1723 2143 1791 2179 quin
1805 2148 1835 2170 et

1045 2196 1173 2232 angares
1186 2197 1343 2221 metuentes
1357 2191 1463 2219 reversi
1478 2194 1552 2218 sunt.

1075 2240 1155 2269 Anno
1181 2238 1294 2274 imperii
1323 2237 1367 2265 sui
1391 2235 1639 2264 secundo.mense
1663 2232 1840 2269 Septembrio

196 2290 294 2312 mense
321 2281 508 2317 Septembrio,
541 2281 702 2308 iudictionis
731 2280 845 2311 decima:
869 2285 987 2315 quartae.

1041 2290 1131 2316 castra
1148 2273 1234 2312 movit
1256 2284 1408 2319 imperatur
1431 2282 1565 2309 adversus
1577 2279 1693 2313 Arabes,
1706 2283 1735 2307 et
1748 2279 1841 2314 profe-

196 2332 335 2356 venerunt
352 2327 400 2361 qui
413 2326 578 2362 adiurabant
591 2326 625 2353 ad
635 2325 861 2353 Armeniacorum
875 2326 985 2359 thema;

195 2374 244 2409 qui
255 2375 349 2409 iurare
362 2373 476 2400 minime
492 2375 702 2403 consenserunt,
721 2371 785 2406 quia
796 2371 856 2398 Non
872 2371 990 2406 impera-

194 2420 291 2448 bimur
302 2426 317 2446 a
335 2418 390 2445 tilio
405 2422 453 2445 tuo
468 2418 496 2444 in
514 2418 571 2444 vita
595 2422 651 2450 tua,
666 2416 715 2444 sed
727 2424 778 2444 nec
792 2417 989 2452 praeponimus,

196 2465 339 2499 inquiunt,
352 2471 452 2491 nomen
469 2463 593 2491 Heirenaa
610 2468 674 2490 ante
687 2462 859 2490 Constantini
877 2471 989 2496 nomen,

196 2512 247 2540 sed
259 2510 432 2539 Constantini
447 2514 475 2537 et
499 2509 636 2541 lleirenae,
658 2512 689 2536 ut
713 2508 748 2536 ab
764 2508 845 2536 initio
869 2509 993 2544 suscepi—

197 2566 272 2585 mus.
304 2556 378 2584 Misit
400 2561 493 2584 autem
522 2555 626 2582 iterum
655 2555 689 2582 ad
722 2554 917 2582 inﬁcctendum
944 2562 992 2582 eos

196 2605 325 2632 Alexium
340 2604 511 2639 spatharium
528 2607 555 2630 et
569 2602 750 2637 drungarium
767 2602 878 2637 vigilim.
899 2603 933 2629 At
952 2602 992 2628 illi

198 2653 326 2678 tenentes
342 2656 416 2680 cum,
428 2653 459 2675 ut
472 2647 539 2675 sibit
550 2652 690 2682 praeesset,
707 2651 905 2681 provexerunt.
914 2646 994 2673 Nice-

199 2696 320 2731 phorum
333 2702 398 2722 vero
410 2694 556 2729 patricium
567 2697 595 2721 et
608 2697 752 2728 praetorem
768 2700 848 2719 suum
864 2692 995 2719 custodia:

197 2741 404 2776 manciparunt,
433 2739 702 2774 Constantinumque
731 2739 819 2766 solum
841 2739 994 2773 principem

200 2793 231 2817 et
258 2789 456 2823 imperatorem
491 2787 673 2815 laudaverunt
698 2791 727 2813 ct
761 2786 994 2813 acclamavcrunt.

200 2835 260 2863 Hoc
277 2839 419 2869 comperto
441 2835 610 2869 reliquorum
626 2833 720 2868 populi
746 2833 908 2865 thematum,
927 2840 996 2867 prae-

202 2881 311 2909 toribus
325 2880 382 2908 suis
398 2881 521 2916 expulsis
544 2881 756 2908 Constantinum
782 2884 888 2906 tantum
910 2879 997 2912 impc-

205 2933 324 2956 ratorcm
348 2932 375 2956 ct
400 2927 451 2962 ipsi
482 2927 677 2962 praedicabant.
696 2926 718 2954 Ο
752 2926 862 2961 maligni
894 2924 996 2953 diaboli

1041 2337 1106 2361 ctus
1123 2332 1158 2360 ab
1175 2331 1287 2358 Amorio
1306 2329 1373 2357 abiit
1386 2328 1502 2356 Tarsum
1518 2327 1632 2355 Ciliciae.
1650 2326 1719 2354 Cum
1745 2330 1839 2353 autem

1041 2378 1167 2406 venisset
1195 2377 1228 2404 ad
1252 2377 1401 2411 inaquosas
1431 2378 1522 2401 turres
1541 2393 1548 2404 ,
1579 2372 1723 2407 repedavit
1750 2370 1841 2399 inanis

1045 2431 1141 2451 mense
1156 2422 1288 2450 Octobrio
1303 2420 1465 2448 indictionis
1479 2419 1593 2447 decimae
1617 2417 1733 2452 quintae.
1749 2417 1840 2444 Porro

1044 2458 1152 2496 decimo
1171 2473 1269 2496 octavo
1285 2466 1421 2494 Kalendas
1435 2465 1601 2493 Februarias
1625 2468 1737 2499 rogatus
1753 2463 1840 2495 impe-

1044 2519 1120 2541 rator
1130 2522 1145 2541 a
1158 2512 1271 2549 propria
1285 2517 1373 2539 matre
1384 2516 1412 2539 et
1427 2519 1442 2538 a
1459 2511 1553 2537 multis
1574 2508 1754 2544 optimatibus
1777 2514 1842 2542 pro-

1044 2559 1157 2586 nuntiat
1173 2566 1232 2585 eam
1256 2558 1358 2584 iterum
1383 2555 1599 2590 imperatricem,
1615 2556 1642 2580 et
1666 2551 1747 2579 laude
1774 2558 1838 2578 cum

1048 2605 1095 2632 illo
1106 2604 1187 2631 simul
1204 2602 1353 2634 attollitur,
1370 2606 1400 2629 ut
1416 2609 1430 2629 a
1447 2600 1600 2636 primordio
1622 2597 1797 2626 Constantini
1813 2601 1842 2625 et

1045 2650 1184 2678 Heircnaz.
1197 2649 1300 2676 Omnes
1315 2648 1427 2683 quidem
1444 2646 1589 2674 obcdiuut.
1615 2645 1665 2671 Ast
1696 2642 1843 2670 Armenia-

1046 2703 1142 2724 corqu
1155 2695 1246 2722 theuta
1260 2694 1441 2729 pertinaciter
1458 2693 1565 2720 instans
1580 2691 1615 2718 ad
1630 2690 1683 2718 hoc
1697 2688 1841 2720 renititur,

1047 2746 1075 2769 et
1089 2741 1187 2776 quaerit
1206 2740 1342 2771 Alexium,
1359 2740 1406 2774 qui
1431 2739 1601 2774 paulo-ante
1617 2740 1721 2772 praetor
1747 2735 1774 2761 in
1800 2734 1843 2762 eis

1048 2787 1147 2818 fuerat,
1161 2791 1189 2813 et
1203 2786 1237 2813 ab
1251 2786 1423 2820 imperatore
1440 2788 1506 2811 tunc
1518 2787 1651 2810 evocatus
1664 2786 1692 2809 et
1705 2781 1840 2815 dignitate

1049 2832 1157 2868 patricii
1179 2832 1333 2859 honoratus
1349 2838 1435 2865 penes
1452 2830 1542 2864 ipsum
1557 2828 1656 2863 degere
1680 2827 1841 2854 videbatur.

1050 2879 1129 2906 Hunc
1154 2885 1220 2912 ergo
1245 2880 1358 2911 propter
1393 2874 1551 2910 huiusmodi
1575 2873 1784 2908 requisitioncm
1815 2875 1844 2898 et

1053 2924 1185 2960 quosdam
1198 2931 1339 2951 sermones
1352 2930 1435 2957 super
1457 2921 1517 2949 illos
1533 2921 1631 2954 dictos,
1656 2919 1720 2955 quia
1744 2917 1842 2945 videli-
