4100 6442
541 388 678 452 1403

1641 385 2043 450 ANASTASII
2096 383 2686 446 BIBLIOTHECABJ
2699 384 2728 444 Ι

3648 385 3761 456 1404

536 510 629 558 cet
656 505 985 572 regnaturus
1011 507 1182 564 esset,
1223 497 1442 554 credens
1483 511 1547 552 ac
1575 497 1810 554 tondens
1837 497 1894 551 in
1925 503 2124 568 praeto-
2154 502 2201 557 Α
2297 493 2457 550 Anno
2491 495 2713 564 imperii
2751 493 3101 550 Constantini
3139 501 3338 564 quarto
3381 502 3762 563 ceperuutAra-

540 596 628 651 rio
659 592 869 662 posuit.

607 687 756 744 Julio
787 703 920 742 vero
951 701 1143 742 mense
1165 684 1471 740 exercitum
1503 684 1676 738 movit
1707 684 1972 740 adversus
1997 683 2131 739 Vul-

540 795 720 852 gares,
754 787 813 834 et
843 778 1154 834 construxit
1183 786 1424 831 castrum
1449 775 1860 840 Marcellorum,
1896 785 1954 830 et
1982 775 2126 831 duo-

541 871 757 925 decimo
781 869 1152 924 Kalendarum
1198 870 1569 938 Augustarum
1602 867 1776 921 exivit
1821 867 2130 922 Cardamus

541 960 1081 1031 dominnsVulgaria:
1108 974 1234 1014 cum
1262 959 1413 1014 omni
1439 959 1650 1012 virtute
1679 973 1800 1021 sua,
1819 969 1876 1013 et
1896 957 2051 1012 stetit
2072 958 2128 1014 in

543 1052 967 1108 munitionibus.
1005 1051 1232 1106 Fiducia
1265 1066 1398 1105 vero
1433 1049 1612 1107 fretus
1634 1056 1693 1104 et
1720 1065 1752 1105 a
1785 1049 2129 1120 pseudopro-

541 1145 723 1214 phetis
755 1145 1058 1214 imperator
1099 1144 1327 1201 credere
1371 1158 1672 1212 persuasus
1699 1141 1850 1212 quod
1877 1144 1997 1215 ejus
2036 1157 2127 1197 es-

540 1247 626 1298 set
647 1237 900 1300 victoria,
944 1237 1410 1305 incircumspecte
1447 1250 1515 1290 ac
1576 1234 1893 1290 inordinate
1924 1234 2129 1290 bellum

537 1328 730 1392 infert,
758 1335 816 1384 et
858 1328 1042 1382 valido
1083 1327 1324 1382 vincitur
1349 1324 1546 1390 Marte,
1582 1325 1910 1396 fugatusque
1964 1325 2132 1382 rediit

541 1420 600 1474 in
635 1419 862 1483 urbem,
896 1419 1084 1473 nmltis
1148 1416 1368 1473 amissis
1423 1433 1534 1472 non
1585 1417 1763 1472 solum
1820 1417 2131 1473 communis

545 1513 759 1582 populi,
783 1512 878 1567 sed
909 1521 965 1566 et
994 1510 1322 1580 primatum,
1349 1510 1492 1565 inter
1517 1525 1658 1580 quos
1685 1517 1743 1564 et
1761 1507 1990 1564 Michael
2013 1525 2130 1565 ma-

543 1604 856 1671 gistratus,
912 1603 1338 1658 Lachanodraeo
1381 1610 1437 1657 et
1481 1601 1688 1656 Bardas
1742 1602 2010 1672 patricius
2065 1617 2131 1659 ac

545 1696 860 1766 Stephanus
891 1696 1371 1767 protospatbarius
1386 1694 1738 1761 exstiterunt,
1754 1695 1977 1750 Nicetas
1996 1711 2132 1765 quo—

542 1803 652 1857 que
685 1803 751 1844 ac
806 1788 1194 1859 Theoguostus
1228 1787 1358 1842 facti
1417 1795 1683 1857 praetores
1711 1826 1726 1852 ,
1773 1795 1832 1842 et
1879 1787 2132 1844 homines

2234 585 2337 642 bes
2367 586 2662 642 Thebesan
2708 593 2952 642 castrum
3001 585 3107 641 sub
3140 585 3332 649 verbo,
3383 598 3594 655 propter
3639 595 3765 660 quod

2232 688 2290 735 et
2321 679 2600 749 principes
2622 680 2744 749 ejus
2767 678 3099 734 dimiserunt
3121 679 3190 734 ad
3223 679 3460 749 prOpria.

2306 771 2468 825 Anno
2494 771 2714 840 imperii
2747 771 2836 826 sui
2869 771 3068 841 quinto
3100 771 3523 836 Constantinus,
3546 773 3662 829 odio
3686 777 3768 832 ha-

2234 864 2373 919 bens
2416 863 2642 918 Mariam
2695 878 2921 919 uxorem
2949 879 3130 927 suam,
3185 864 3562 920 summissione
3606 871 3767 928 matris

2235 972 2350 1011 sum
2374 955 2745 1025 principatum
2793 957 3104 1026 appetentis
3163 965 3222 1012 et
3275 972 3386 1026 quo
3438 959 3502 1014 ab
3548 962 3770 1019 omnibus

2235 1049 2695 1119 reprehensibilis
2737 1049 3081 1120 judicaretur
3109 1049 3438 1114 aﬂectantis,
3477 1054 3646 1123 coegit
3667 1070 3769 1114 eam

2236 1148 2298 1196 ut
2323 1142 2481 1196 ﬂeret
2509 1140 2781 1196 monacha
2811 1157 2828 1207 ;
2857 1157 3024 1210 quam
3055 1155 3182 1198 cum
3215 1139 3530 1206 inﬂexisset,
3559 1145 3773 1202 totondit

2235 1247 2427 1288 mense
2452 1232 2736 1288 Januario.
2769 1233 2838 1288 Et
2863 1232 3040 1302 Aprili
3069 1246 3258 1294 mense
3294 1231 3462 1287 movit
3503 1233 3773 1292 exercitum

2236 1325 2502 1382 adversus
2530 1326 2764 1392 Arabes,
2799 1336 2859 1382 et
2893 1341 3083 1382 mense
3115 1324 3257 1382 Maio
3286 1323 3490 1380 bellum
3529 1324 3691 1381 iniens
3725 1327 3775 1385 in

2236 1432 2475 1473 occursu
2518 1418 2795 1488 ipsorum,
2836 1419 2890 1473 in
2941 1417 3066 1473 loco
3113 1417 3208 1486 qui
3272 1415 3472 1474 dicitur
3516 1416 3773 1486 Amusan,

2236 1509 2394 1571 vicit,
2426 1511 2614 1574 vertit,
2641 1519 2699 1564 et
2733 1510 2834 1565 hos
2859 1511 3152 1565 insecutus
3171 1515 3259 1564 est
3288 1522 3461 1576 usque
3483 1507 3547 1562 ad
3565 1523 3774 1564 amnem.

2236 1602 2305 1660 Et
2332 1617 2459 1664 cum
2484 1603 2730 1659 venisset
2759 1603 3040 1672 Ephesum
3067 1608 3126 1656 et
3151 1599 3299 1670 apud.
3342 1598 3435 1654 Dei
3465 1599 3634 1655 locum
3674 1617 3779 1656 ora-

2238 1693 2420 1750 tiones
2474 1694 2716 1757 fecisset,
2761 1694 3161 1750 commercium
3213 1691 3606 1756 nundinarum,
3651 1692 3778 1762 quod

2237 1794 2461 1842 centum
2491 1795 2614 1844 erat
2648 1786 2772 1842 auri
2801 1785 3092 1850 librarum,
3143 1784 3374 1839 indulsit
3396 1783 3463 1839 ad
3491 1783 3778 1840 famulatum

543 1880 680 1951 regii
711 1896 821 1935 non
854 1882 1038 1951 pauci.
1063 1881 1173 1936 Sed
1195 1889 1252 1936 et
1283 1880 1616 1936 Pancratius
1643 1878 2130 1952 pseudopropheta
2165 1863 2206 1920 Β
2238 1875 2299 1933 S.
2328 1877 2559 1934 Joannis
2585 1879 2843 1949 apostoli.
2876 1879 3130 1948 Augusto
3155 1892 3290 1934 vero
3316 1890 3505 1934 mense
3525 1875 3782 1934 coronavit

542 1984 601 2026 et
627 1982 1001 2035 astronomus,
1055 1973 1152 2042 qui
1192 1981 1251 2028 et
1276 1973 1559 2028 victurum
1588 1972 1744 2028 illum
1797 1973 2132 2032 vaticinatus

539 2075 654 2122 est.
679 2067 1046 2122 Abstulerunt
1086 2076 1272 2122 autem
1314 2067 1583 2137 Vulgarcs
1625 2067 1792 2122 etiam
1832 2067 2130 2135 sarcinam,

539 2157 833 2226 pecunias,
862 2173 1038 2228 equos
1065 2167 1121 2212 et
1159 2159 1330 2213 aulaea
1377 2173 1485 2212 una
1533 2173 1659 2212 cum
1723 2157 1988 2214 universo
2038 2173 2132 2214 re-

547 2247 640 2318 gio
693 2259 987 2319 apparatu.
1037 2248 1175 2304 Cum
1238 2257 1424 2305 autem
1479 2248 1705 2305 ordines
1747 2249 1968 2305 collecti
2039 2265 2132 2304 es-

551 2349 680 2397 sent
711 2341 766 2394 in
790 2341 955 2406 urbe,
989 2341 1266 2397 consiliati
1298 2349 1430 2395 sunt
1468 2340 1709 2396 educere
1757 2340 2132 2412 Nicephorum

549 2445 622 2484 ex
685 2429 901 2487 Cesare
942 2439 1000 2484 et
1042 2431 1436 2499 imperatorem
1496 2439 1765 2485 statuere.
1811 2429 1934 2497 Quo
1987 2445 2140 2487 com-

537 2531 709 2592 perto
737 2521 1140 2577 Constantinus
1179 2520 1352 2587 misit,
1381 2531 1440 2576 ct
1466 2521 1660 2577 eduxit
1685 2529 1956 2592 utrosque
1990 2521 2134 2579 ﬁlios

539 2612 896 2691 Constantini
931 2614 1020 2668 avi
1043 2613 1131 2667 sui
1165 2613 1235 2670 ad
1263 2613 1326 2668 S..
1365 2613 1618 2678 Mamam,
1659 2623 1718 2670 et
1758 2615 2134 2685 Nicephorum

547 2703 774 2772 quidem
815 2705 1014 2772 oculis,
1044 2705 1513 2776 Cltristophorum
1540 2716 1707 2776 atque
1746 2706 1994 2762 Nicetam
2025 2709 2139 2762 An-

538 2791 897 2864 thimumque
924 2803 1094 2864 atque
1129 2793 1435 2849 Endocium
1473 2794 1684 2865 linguis
1707 2793 1984 2864 privavit;
2009 2811 2134 2850 cum

536 2881 753 2953 quibus
775 2892 833 2940 et
857 2884 1186 2954 praedictum
1211 2885 1464 2940 Alexium
1493 2885 1791 2956 patricium
1831 2887 2136 2944 luminibus

538 2974 857 3040 exorhavit,
906 2975 1175 3034 obedienc
1228 2977 1493 3032 maternis
1521 2984 1578 3032 et
1607 2978 1820 3048 prmlati
1863 2978 2137 3036 Staurac'ti

545 3065 770 3134 patricii
810 3066 1074 3130 suadelis,
1104 3067 1157 3122 ei
1187 3068 1626 3123 asseverantium
1653 3069 1803 3138 quod
1832 3069 1938 3124 nisi
1987 3070 2137 3126 hunc

547 3169 756 3210 (meum
800 3155 1078 3219 redderet,
1106 3156 1164 3210 in
1197 3156 1592 3226 imperatorem
1653 3174 1779 3214 eum
1819 3159 1998 3216 forent
2027 3161 2137 3216 ele-

530 3242 716 3312 _cturi.
748 3241 915 3299 Facta
950 3251 1036 3298 est
1059 3252 1243 3298 autem
1269 3243 1465 3300 horum
1493 3261 1658 3316 poena
1710 3263 1899 3303 mense
1941 3249 2133 3320 Augu-

548 3339 658 3395 sto,
689 3331 779 3386 die
828 3332 1077 3399 Sabbati,
1108 3336 1430 3391 indictionis
1458 3337 1689 3392 decimae
1729 3338 1968 3408 quintae,
2000 3342 2134 3400 hora

547 3436 716 3478 nona.
769 3424 1163 3482 Verumtamen
1222 3442 1333 3482 non
1386 3427 1443 3484 in
1491 3429 1716 3499 longum
1771 3431 1870 3490 Dei
1914 3432 2133 3501 justitia

545 3512 692 3569 hanc
707 3517 980 3574 actionem
1003 3519 1213 3575 dimisit
1245 3521 1477 3576 inultam
1511 3534 1670 3593 :post
1691 3523 2133 3594 quinquennium

546 3622 787 3680 namque
819 3612 1014 3668 eodem
1044 3629 1235 3670 mense
1263 3623 1319 3669 et
1356 3617 1552 3673 eadem
1583 3616 1808 3673 Sabbati
1842 3619 1932 3674 die
1968 3619 2128 3678 Orba-

551 3706 642 3753 tur
681 3702 858 3759 oculis
891 3719 924 3760 a
959 3706 1184 3776 propria
1209 3717 1384 3764 matre
1405 3707 1800 3764 Constantinus
1829 3710 1997 3766 idem.

621 3793 782 3848 Anno
822 3794 1040 3865 imperii
1081 3796 1432 3856 Constantini
1475 3799 1638 3854 tertio
1673 3801 1966 3860 audientes
2029 3803 2134 3858 Ar-

549 3883 789 3944 meniaci
817 3885 886 3942 de
921 3887 1112 3943 Alexio
1150 3889 1384 3957 patricio
1421 3891 1571 3962 quod
1609 3907 1787 3947 caecus
1819 3892 2001 3950 fuerat
2055 3895 2136 3950 fa-

549 3981 696 4040 ctus,
715 3977 984 4033 custodia:
1013 3982 1399 4050 mancipavere
1422 3993 1714 4050 praetorem
1745 4000 1930 4050 suum,
1957 3985 2137 4044 Theo.

539 4062 753 4142 doru'm
785 4067 1044 4123 videlicet
1073 4070 1463 4128 Camulianum
1486 4073 1796 4146 patricium.
1828 4065 1948 4144 Quo
1986 4092 2139 4136 com;

550 4165 710 4225 perte
758 4158 1063 4229 imperator
1118 4163 1271 4218 misit
1333 4164 1560 4233 quidem
1625 4165 1866 4233 primum
1927 4167 1996 4221 ad
2039 4183 2136 4226 eos

549 4250 872 4318 nonnullos,
907 4264 1033 4322 post
1065 4266 1319 4310 sanctum
1349 4272 1481 4312 vero
1537 4255 1747 4320 Pascha
1787 4257 1902 4330 ipse
1947 4274 2048 4328 per
2077 4273 2136 4314 se

550 4341 724 4395 movit
751 4347 1052 4400 exercitum
1098 4356 1292 4404 contra
1341 4350 1570 4406 eosdem
1611 4351 1971 4410 Armeniaeos
2027 4367 2136 4407 una

550 4447 680 4488 cum
706 4435 935 4506 reliquis
964 4442 1182 4498 cunctis
1227 4443 1584 4499 thematibus.
1627 4444 1697 4500 Et
1741 4446 1978 4516 septimo
2029 4450 2135 4504 Ka-

2234 1971 2541 2040 imperator
2564 1971 2908 2028 Theodotem
2955 1970 3354 2027 cubiculariam
3388 1968 3443 2024 in
3487 1967 3778 2039 Augustam,

2232 2071 2294 2118 et
2319 2061 2678 2132 desponsavit
2714 2079 2836 2118 eam
2869 2062 3078 2133 inique.
3571 2116 3574 2118 .

2305 2153 2466 2210 Anno
2501 2153 2838 2224 imperli'sui-
2867 2162 3044 2220 sexto,
3094 2151 3401 2208 indictione
3436 2148 3624 2221 prima.
3656 2149 3781 2206 cele-

2234 2246 2418 2304 bravit
2495 2247 2796 2317 imperator
2870 2247 3269 2304 Constantinus
3338 2258 3468 2299 eum
3531 2241 3782 2299 Theodoto

2239 2338 2554 2408 nuptiarum
2588 2339 2863 2410 principia
2891 2339 2946 2395 in
2975 2339 3180 2409 palatio
3230 2337 3288 2393 S.
3336 2336 3527 2394 Marum
3557 2351 3648 2406 per
3682 2335 3783 2391 dies

2236 2429 2605 2501 quadraginta
2673 2431 3147 2500 prolongatarum.
3199 2428 3392 2484 Mense
3433 2441 3562 2482 vero
3606 2423 3784 2496 Aprilis

2235 2522 2485 2593 ejusdem
2541 2521 2860 2578 indictionis
2912 2529 3188 2576 nocturno
3237 2517 3785 2590 temporeJactusest

2239 2621 2398 2669 terrae
2425 2622 2610 2671 motus
2641 2614 2698 2670 in
2722 2613 2900 2670 insula
2926 2613 3089 2670 Creta
3115 2612 3276 2672 valde
3309 2611 3593 2677 terribilis,
3622 2624 3782 2666 mense

2237 2717 2424 2764 autem
2454 2707 2596 2764 Maio
2615 2707 2892 2764 factusest
2923 2704 3406 2774 Constantinopoli
3435 2703 3598 2758 nimis
3631 2700 3784 2758 horri-

2239 2797 2390 2853 bilis.
2411 2798 2716 2854 Cardamns
2741 2805 3006 2868 peterea
3037 2796 3297 2853 dominus
3311 2794 3582 2865 angariae
3606 2793 3788 2850 denun-

2241 2891 2400 2948 tiavit
2445 2891 2771 2960 imperatori
2821 2889 3015 2946 dicens
3053 2889 3195 2945 :Aut
3245 2889 3422 2942 tribue
3470 2886 3594 2942 mihi
3632 2893 3785 2956 pacta,

2237 2993 2337 3040 ut
2364 2986 2576 3040 ueniam
2610 2983 2680 3040 ad
2727 2998 2950 3038 auream
2999 2996 3163 3052 usque
3207 2986 3448 3048 portam,
3481 2987 3531 3034 et
3561 2976 3782 3034 demoliar

2239 3075 2516 3132 Thracem.
2551 3073 2652 3129 Ast
2692 3071 2990 3141 imperator
3043 3068 3219 3140 posita
3273 3069 3480 3139 equina
3525 3068 3580 3124 in
3620 3083 3789 3138 mappa

2240 3177 2483 3224 stercora
2517 3163 2823 3220 transmisit
2853 3163 2906 3219 ei
2937 3179 2952 3216 :
2981 3160 3198 3228 Qualia,
3247 3161 3526 3232 inquiens,
3555 3169 3602 3214 te
3637 3161 3790 3215 decere

2240 3263 2396 3328 pacta
2421 3255 2659 3326 pravidi,
2693 3253 2963 3310 transmisi
3010 3251 3124 3306 tibi.
3178 3249 3370 3306 Verum
3402 3251 3525 3322 quia
3559 3265 3702 3304 senex
3725 3265 3788 3312 es,

2239 3349 2362 3403 nolo
2410 3358 2466 3404 ut
2515 3348 2753 3418 fatigeris
2780 3360 2940 3415 usque
2987 3343 3056 3398 ad
3086 3343 3195 3400 hinc
3224 3341 3366 3408 loca,
3406 3342 3496 3396 sed
3532 3357 3622 3412 ego
3665 3341 3791 3394 uenio

2237 3456 2408 3510 usque
2460 3437 2740 3503 Marcella,
2783 3444 2832 3491 et
2870 3445 2925 3488 tu
2965 3435 3072 3498 exi,
3105 3443 3158 3488 et
3204 3434 3463 3506 quidquid
3501 3429 3793 3504 judicaverit

2237 3529 2377 3585 Deus
2394 3528 2513 3596 ﬁat.
2545 3529 2620 3583 Et
2652 3542 2780 3586 cum
2820 3525 3060 3581 misisset
3110 3525 3416 3595 imperator
3457 3525 3523 3580 ad
3557 3522 3792 3579 ulteriora

2241 3622 2506 3683 themata,
2530 3619 2809 3691 congessit
2851 3619 3120 3688 populum
3156 3632 3319 3672 suum
3353 3625 3414 3674 et
3453 3616 3600 3672 venit
3641 3626 3792 3683 usque

2241 3712 2620 3776 Versinitiam,
2668 3718 2726 3766 et
2779 3708 3081 3764 Cardamus
3117 3723 3290 3778 usque
3319 3709 3391 3762 ad
3431 3708 3611 3763 lucum
3634 3705 3791 3760 Abro-

2238 3804 2387 3868 leva;
2419 3812 2476 3860 et
2518 3817 2642 3857 cum
2680 3800 3025 3865 formidaret,
3063 3800 3265 3854 mansit
3315 3799 3373 3853 in
3424 3813 3662 3853 nemore.
3710 3795 3795 3850 Ast

2240 3895 2539 3965 imperator
2593 3893 2906 3950 confortato
2949 3893 3154 3965 populo
3203 3908 3305 3946 suo
3365 3891 3504 3972 abiit
3537 3903 3699 3958 usque
3735 3883 3792 3939 ad

2238 3987 2424 4050 lucum
2447 3987 2778 4042 Abrolevam
2798 4025 2816 4052 ,
2873 3985 3114 4042 imitans
3171 3999 3298 4038 cum
3331 3999 3432 4052 per
3465 3983 3582 4040 dies
3625 3981 3793 4035 decem

2239 4090 2296 4136 et
2315 4088 2547 4149 septem.
2575 4077 2647 4137 At
2674 4077 2768 4133 ille
2785 4093 2897 4134 non
2919 4085 3006 4134 est
3021 4091 3220 4144 ausus,
3239 4075 3337 4132 sed
3356 4073 3636 4147 repedavit
3655 4071 3793 4141 fugax

2237 4173 2306 4238 ad
2333 4187 2456 4227 sua.

2308 4262 2516 4323 Eodem
2546 4276 2766 4332 quoque
2799 4275 2945 4316 anno
2995 4269 3051 4315 et
3105 4259 3316 4315 Arabes
3341 4266 3613 4314 venerunt
3641 4269 3793 4324 usque

2236 4351 2548 4416 Amorium,
2579 4359 2639 4406 et
2664 4365 2791 4405 cum
2841 4349 2980 4408 nihil
3007 4349 3394 4426 profecissent,
3435 4346 3640 4404 reversi
3665 4351 3793 4407 sunt,

2237 4443 2420 4514 praeda
2455 4442 2513 4497 in
2537 4440 2968 4512 circumquaque
2999 4439 3336 4511 regionibus
3356 4440 3525 4497 facta.

551 4525 748 4583 lendas
777 4525 971 4596 lunias
1001 4532 1195 4602 primae
1223 4534 1568 4598 indictionis,
1605 4536 1696 4592 die
1743 4547 1947 4594 sanctae
1992 4540 2134 4597 Pen-
2160 4557 2210 4614 ῃ
2309 4533 2516 4590 Eodem
2566 4545 2754 4590 autem
2800 4550 2945 4590 anno
2997 4533 3150 4587 Plato
3183 4532 3515 4588 Sacudionis
3559 4530 3719 4584 abbas
3746 4541 3794 4581 se

552 4625 814 4683 tecostes,
861 4636 986 4678 cum
1025 4625 1275 4692 proditos
1309 4641 1412 4682 eos
1458 4628 1853 4684 Armeniorum
1911 4629 2132 4697 fraude,

547 4710 648 4778 qui
700 4726 830 4766 cum
880 4714 1014 4784 ipsis
1059 4727 1242 4781 erant,
1299 4719 1634 4776 debellasset
1677 4730 1842 4791 atque
1887 4721 2133 4788 vicisset,

549 4801 1142 4873 comprehenditillos,
1187 4818 1244 4864 et
1288 4808 1968 4867 intcrfecitAndronicum
2010 4827 2138 4883 spa-

527 4888 800 4958 _tliarium
855 4901 913 4948 et
954 4897 1330 4952 turmarcham
1371 4913 1604 4964 eorum,
1658 4907 1715 4954 ct
1767 4897 2135 4970 Theophilum

553 4983 932 5039 turmarcham
959 4994 1128 5056 atque
1162 4986 1490 5059 Gregorium
1516 4990 1839 5060 episcopum
1874 4991 2132 5062 Sinopze;

531 5073 800 5144 .reliquos
845 5093 979 5132 vero
1025 5094 1208 5134 rerum
1255 5081 1488 5150 jacturis
1529 5091 1585 5137 et
1630 5083 2136 5154 proscriptionibus

533 5168 822 5224 subdidit.
869 5171 1044 5228 Porro
1085 5175 1237 5229 mille
1290 5174 1505 5230 vinctos
1554 5178 1836 5232 exercitus
1888 5179 2134 5249 ipsorum

523 5260 864 5318 introduxit
914 5281 1013 5334 per
1055 5265 1488 5322 Blachernarum
1539 5277 1754 5338 portam
1797 5269 1854 5322 in
1917 5270 2133 5336 urbem,

550 5369 796 5425 quorum
826 5354 1076 5414 faciebus
1099 5368 1412 5414 atramento
1436 5369 1494 5414 et
1525 5361 1923 5432 punctionibus
1944 5378 2139 5432 supra-

553 5447 778 5518 scripsit
809 5466 822 5502 :
861 5448 1206 5505 Armeniacus
1239 5453 1540 5506 insidiator.
1582 5452 1851 5521 Dispersit
1874 5468 1969 5508 eos
2030 5461 2137 5507 tam

557 5539 613 5591 in
640 5537 887 5595 Siciliam
925 5558 1092 5612 quam
1118 5545 1173 5598 in
1201 5553 1429 5600 caeteras
1457 5544 1687 5599 insulas.
1707 5543 1954 5598 Armenii
1980 5560 2135 5611 sane,

559 5630 878 5696 proditores
911 5649 1130 5701 eorum,
1169 5637 1338 5690 nilab
1387 5635 1721 5706 imperatore
1765 5636 1994 5692 honoris
2041 5652 2139 5692 seu

557 5716 910 5779 liberalitatis
947 5728 1187 5784 assecuti
1230 5738 1472 5785 castrum
1501 5728 1812 5786 Camachan
1863 5727 2141 5784 Arabibus

565 5811 926 5870 tradiderunt.

2238 4626 2472 4682 abscidit
2505 4642 2536 4680 a
2566 4625 2954 4681 communione
2988 4623 3200 4679 Tarasii
3231 4624 3583 4695 patriarchae,
3605 4638 3697 4694 pro
3738 4633 3795 4674 eo

2237 4717 2387 4789 quod
2417 4717 2808 4786 imperatorem
2835 4715 2894 4769 in
2943 4714 3390 4770 communionem
3431 4712 3714 4783 receperit,
3749 4714 3797 4762 et

2240 4807 2544 4864 institutori
2579 4806 2810 4862 tondere
2839 4821 3065 4862 uxorem
3114 4806 3234 4876 ejus
3261 4806 3511 4871 Mariam,
3536 4815 3596 4860 et
3615 4799 3795 4858 loseuh

2237 4897 2513 4954 monacho
2528 4906 2586 4951 ct
2609 4895 2797 4951 abbati
2813 4893 3132 4949 monasterii
3167 4893 3316 4963 quod
3339 4879 3645 4964 appellatur
3675 4887 3798 4942 Tan-

2237 4990 2464 5046 chatara
2485 5000 2753 5042 coronare
2802 4999 2928 5043 eum
2969 5000 3097 5039 cum
3145 4982 3430 5038 Theodute
3475 4977 3793 5052 praeceperit.

2237 5082 2396 5149 Quod
2432 5097 2557 5136 cum
2611 5078 2897 5134 didicisset
2955 5078 3279 5146 imperator,
3337 5075 3508 5132 misso
3549 5067 3796 5126 Bardanio

2238 5174 2473 5245 patricio
2528 5180 2585 5228 et
2647 5170 2960 5226 scholarum
3014 5167 3342 5232 domestico,
3393 5175 3560 5237 atque
3610 5164 3796 5219 Joanne

2238 5266 2440 5322 con-tite
2467 5263 2752 5334 Obseqnii,
2783 5263 3066 5317 Platonem
3097 5260 3403 5317 introduxit
3439 5260 3495 5313 in
3522 5257 3724 5318 urbem,
3750 5257 3797 5303 et

2239 5358 2468 5414 reclusit
2500 5358 2642 5414 intra
2695 5355 2938 5411 claustra
2980 5353 3036 5408 in
3071 5353 3273 5423 templo
3307 5349 3576 5422 principis
3611 5341 3796 5400 militia:

2238 5450 2387 5522 quod
2407 5459 2506 5504 est.
2539 5448 2595 5502 in
2643 5447 2869 5517 palatio.
2900 5445 3163 5514 Reliquos
3205 5459 3338 5498 vero
3368 5439 3666 5497 monachos
3686 5447 3796 5489 cum

2239 5542 2535 5612 nepotibus
2580 5541 2701 5612 ejus
2760 5553 3050 5609 percussos
3109 5537 3304 5591 exsilio
3361 5533 3628 5611 rclegqvit
3667 5524 3794 5597 apud

2241 5633 2734 5698 Thessalonicam;
2781 5630 2986 5700 quibus
3025 5628 3392 5684 auxiliabatur
3427 5634 3601 5679 mater
3637 5621 3795 5688 impc-

2242 5723 2461 5789 ratoris,
2519 5734 2777 5792 tanquam
2829 5720 2918 5776 his
2973 5721 3066 5791 qui
3119 5719 3230 5775 lilio
3262 5734 3359 5774 suo
3401 5713 3795 5772 rcsistcbantct

2243 5815 2675 5874 confundebant.
