4100 6440
554 377 570 432 l
597 375 681 436 :07
1677 377 2080 440 ANASTASII
2118 377 2748 438 BIBLIOTHECARII
3690 381 3808 450 1403

552 489 739 544 Mense
763 504 899 545 vero
937 491 1079 546 Staio
1112 491 1390 547 inlirmata
1425 501 1512 548 est
1540 493 1857 563 imperatrix
1885 509 2026 565 pene
2071 493 2140 548 ad
2170 497 2220 554 Α
2244 491 2465 562 speria;
2491 507 2616 562 qua:
2656 493 2908 562 profecto
2936 490 3280 556 obaudissct,
3321 492 3431 547 nisi
3475 494 3658 548 Aetius
3698 497 3806 564 iste,

556 591 829 644 mortem,
863 593 918 637 et
963 595 1218 654 protenta
1273 597 1360 641 est
1416 587 1702 640 contentio
1741 589 2148 642 cunuchorum.
2256 585 2350 655 qui
2387 601 2528 655 saepe
2557 585 2739 640 dictus
2775 596 2880 651 est,
2930 585 3283 650 inhibuisset,
3312 587 3610 658 prevaleus
3631 599 3683 643 et
3719 590 3810 643 im-

561 677 761 731 Aetius
815 689 999 732 autem
1057 679 1357 734 auxiliatos
1408 689 1495 734 est
1554 679 1761 735 Νῆα-ιω
1819 680 2055 750 patricio
2100 689 2158 735 et
2258 678 2477 746 perium
2518 678 2574 732 in
2605 679 2917 748 proprium,
2949 679 3095 734 sicut
3122 678 3447 748 pradictum
3482 688 3584 746 est,
3610 679 3809 738 fratrem

562 771 885 825 scholarum
916 772 1244 838 domestico,
1269 783 1321 828 et
1354 773 1730 842 insequuntur
1759 787 1952 828 severe
1993 771 2158 828 Stau-
2259 785 2556 839 usurpans.

563 864 1050 927 racium,credere
1085 866 1351 921 facientes
1373 867 1782 936 imperatricem
1804 865 1950 936 quod
1981 866 2159 936 impe-
2332 859 2597 929 Sequenti
2653 867 2840 914 autem
2893 875 3061 925 anno,
3101 861 3199 930 qui
3238 873 3324 916 est
3359 863 3572 934 primus
3621 867 3811 940 imperii

565 957 709 1010 rium
743 967 1047 1027 appeteret,
1106 958 1180 1012 ita
1217 968 1278 1012 ut
1315 959 1581 1013 atrociter
1644 959 1784 1012 irata
1837 958 1940 1022 illi,
1969 951 2162 1012 asCen-
2263 945 2594 1020 Nicephori,
2627 951 2806 1021 pridie
2828 951 3101 1006 Kalendas
3137 952 3501 1010 Novembrias
3528 955 3815 1020 indictiouis

563 1048 706 1102 deus
738 1049 791 1102 in
835 1049 1097 1118 palatium
1137 1051 1556 1116 Tonchierium,
1600 1049 1806 1105 dixerit
1841 1049 2163 1106 rebellionis
2262 1041 2593 1106 υηάεείωεε,
2618 1052 2818 1111 quarta
2854 1043 3033 1097 noctis
3069 1043 3225 1108 bora,
3253 1058 3378 1098 eum
3424 1045 3560 1101 feria
3597 1054 3813 1109 secunda

564 1152 624 1196 ct
643 1142 941 1198 simultatis
966 1143 1383 1199 sollicitatorem
1415 1158 1542 1198 eum
1569 1158 1715 1207 esse,
1747 1152 1803 1196 et
1828 1143 1932 1198 sibi
1963 1143 2163 1198 celeris
2261 1135 2514 1200 lucescit.
2550 1134 2695 1189 idem
2740 1135 3086 1204 Nicephorus
3130 1152 3258 1191 cum
3307 1138 3572 1206 patricius
3615 1153 3817 1228 essetet

566 1237 964 1305 acquisitorem
991 1236 1342 1306 perditionis.
1373 1234 1477 1302 Qui
1500 1235 1566 1290 ad
1597 1235 1714 1289 haec
1737 1235 1989 1305 apologia
2019 1235 2163 1289 facta
2263 1224 2542 1296 Ιθςοιδεω
2571 1225 2866 1296 generalis,
2892 1225 3240 1296 tyrannidem
3261 1227 3529 1283 adversus
3556 1224 3816 1288 Heirenein

575 1328 864 1382 muniebat
911 1344 973 1383 se
1018 1328 1220 1398 ipsum.
1293 1327 1611 1383 lnsaniebat
1662 1337 1847 1382 autern
1897 1327 2166 1383 adversus

2279 1317 2570 1384 piissimam
2609 1317 2933 1381 concitavit,
2961 1318 3079 1373 Deo
3108 1319 3334 1388 quidem
3380 1320 3736 1379 ineffabilibus
3761 1327 3819 1382 ob

571 1419 792 1474 Aetium
825 1429 882 1473 et
907 1421 1158 1475 Nicelam
1178 1421 1288 1490 jam
1311 1420 1493 1474 dictos
1513 1420 1802 1489 patricios.

643 1512 803 1566 Anno
831 1513 1049 1583 imperii
1097 1511 1332 1568 Hcirene
1386 1513 1576 1576 tertio,
1619 1527 1808 1567 mense
1840 1511 2163 1578 Februario,

575 1606 881 1661 indictione
921 1615 1143 1672 octava,
1187 1606 1297 1676 jam
1334 1604 1518 1658 dictus
1562 1605 1886 1660 Stauracius
1921 1604 2168 1676 tyranni-

574 1703 702 1755 dem
757 1713 822 1754 ac
861 1700 1199 1754 simultatem
1266 1697 1320 1752 in
1376 1698 1514 1753 urbe
1559 1700 1706 1768 regia
1761 1699 2164 1765 construebat,

2265 1416 2583 1463 nostrorum
2635 1409 3048 1463 multitudinem
3103 1420 3459 1480 peccatorum
3495 1412 3710 1482 iudiciis
3747 1416 3820 1470 in-

2265 1499 2550 1570 dulgente,
2587 1501 3017 1570 eooperantibus
3052 1502 3105 1556 ei
3155 1502 3346 1556 Niceta
3389 1503 3618 1573 patricio
3653 1515 3706 1560 et
3737 1507 3821 1562 do-

2267 1592 2499 1646 mestico
2549 1591 2906 1656 scholarum,
2966 1602 3024 1648 et
3078 1591 3324 1648 Sisinnio
3389 1593 3620 1663 patricio
3676 1595 3822 1653 fratre

2269 1683 2469 1753 ipsius.
2509 1683 2647 1737 viris
2697 1683 2942 1754 perjuris
2991 1700 3055 1740 ac
3114 1683 3489 1740 fraudulentis
3533 1685 3821 1758 Triphyliis.

574 1793 902 1854 scholarios,
931 1793 1024 1860 qui
1052 1801 1212 1846 erant
1239 1791 1293 1845 in
1327 1805 1416 1854 ea.
1440 1799 1497 1846 et
1522 1791 1876 1847 excubitores
1907 1808 2015 1846 una
2037 1807 2164 1847 cum
2206 1855 2236 1860 ,μ
2269 1776 2442 1834 Eram
2473 1783 2660 1830 διηεω
2690 1791 2817 1831 cum
2857 1776 2968 1831 ίηίδ
2999 1785 3057 1831 ει
3089 1776 3202 1831 ιεο
3237 1777 3508 1847 Danielus
3539 1777 3825 1851 seramal’i'

574 1884 770 1956 primis
798 1899 990 1938 eorum
1027 1884 1280 1954 pecuniis
1312 1900 1377 1939 ac
1431 1884 1761 1938 muneribus
1791 1899 2079 1939 assumens
2107 1899 2171 1939 ac

2279 1870 2430 1937 chus,
2461 1879 2517 1924 et
2562 1869 2866 1941 Gregorius
2916 1870 3187 1940 patricius
3229 1870 3544 1937 Musulacii,
3585 1879 3639 1926 et
3668 1871 3825 1926 Theo-

575 1977 826 2048 placans.
858 1975 1095 2030 lleirene
1138 1972 1294 2039 sane,
1354 1976 1444 2046 pia
1499 1976 1841 2047 impcratrix,
1870 1976 2092 2032 silentio
2113 1977 2171 2032 in

574 2067 873 2124 Iustiniani
940 2066 1183 2121 triclinio
1237 2066 1383 2122 facto
1438 2067 1730 2138 prohibuit
1770 2083 2014 2134 omnem,
2075 2069 2172 2138 qui

578 2160 866 2224 militaret,
901 2159 1184 2216 adhaerere
1241 2159 1548 2225 Stauracio,
1583 2170 1638 2215 et
1681 2161 1764 2216 sic
1802 2161 2000 2231 adepta
2045 2169 2172 2216 sunt

579 2252 858 2306 modicam
889 2251 1349 2320 tranquillitatem
1385 2252 1623 2321 negotia.
1660 2251 1853 2308 Actius
1899 2267 2034 2306 vero
2058 2253 2172 2322 jam

583 2343 927 2399 memoratus
939 2351 994 2398 et
1022 2343 1244 2398 Nicetas
1271 2358 1397 2398 cum
1419 2343 1543 2399 aliis
1563 2344 1893 2414 quibusdam
1918 2346 2170 2400 certatim

582 2436 1022 2491 adversabantur
1053 2435 1362 2500 Stauracio,
1405 2437 1501 2506 qui
1539 2436 1706 2492 corde
1736 2437 2026 2507 perculsus
2049 2453 2176 2492 san-

580 2525 804 2596 guinem
837 2541 937 2595 per
963 2541 1026 2580 os
1051 2525 1240 2579 emisit
1269 2541 1590 2596 spumosum
1617 2542 1683 2580 ex
1713 2527 1961 2596 partibus
1987 2534 2175 2597 pecto-

580 2618 660 2675 ris
711 2627 769 2673 et
822 2619 1123 2688 pulmonis.
1168 2618 1285 2672 Hoc
1335 2618 1536 2673 medici
1565 2619 1900 2688 aspicientes
1941 2619 2174 2673 mortale

581 2711 1105 2782 pronuntiaverunt.
1151 2709 1252 2764 Ast
1296 2710 1610 2766 adulatores
1647 2721 1703 2766 et
1755 2712 2021 2781 imperiti,
2061 2728 2174 2767 non

579 2803 760 2858 solum
786 2801 1006 2867 medici,
1029 2801 1125 2857 sed
1157 2810 1212 2857 et
1237 2801 1462 2872 quidam
1506 2803 1974 2874 pseudomouachi
2003 2814 2059 2859 et
2090 2805 2174 2860 di-

580 2893 720 2958 vini,
753 2894 1085 2964 iuramentis
1137 2893 1370 2950 credere
1441 2907 1840 2965 persuaserunt
1881 2911 2057 2966 usque
2105 2896 2173 2951 ad

583 2985 733 3040 diem
767 2985 965 3039 mortis
992 2986 1132 3056 ejus,
1161 3001 1284 3056 qua:
1311 2986 1453 3040 facta
1477 2995 1563 3041 est
1593 3002 1781 3043 mense
1801 2986 1970 3043 Junio
2002 2988 2177 3058 ipsius

581 3087 793 3134 octavae
859 3079 1206 3144 indictionis,
1257 3078 1405 3148 quod
1463 3080 1714 3135 victurus
1751 3089 1808 3134 et
1847 3089 2176 3150 regnaturus

2273 1966 2472 2022 ctistus
2525 1965 2792 2035 patricius
2831 1973 2889 2020 et
2927 1973 3190 2034 quaestor,
3239 1971 3409 2034 atque
3442 1963 3637 2020 Petrus
3678 1967 3828 2036 patri-

2272 2057 2416 2120 cius,
2453 2056 2788 2112 seducentes
2823 2055 3093 2126 quosdam
3124 2069 3194 2110 ex
3219 2056 3449 2127 populo,
3476 2055 3569 2125 qui
3604 2066 3826 2113 erantex

2273 2146 2586 2202 ordinibus.
2621 2147 2874 2216 Cumque
2905 2147 3188 2202 venissent
3219 2147 3286 2201 ad
3322 2155 3539 2217 portam
3567 2163 3683 2217 quae
3706 2148 3828 2204 dicta

2273 2247 2360 2293 est
2387 2238 2610 2305 Cbalce,
2635 2239 3006 2308 custodesque
3033 2239 3170 2294 falso
3191 2254 3255 2293 ac
3275 2239 3463 2293 subito
3495 2239 3827 2311 decepissent,

2274 2340 2674 2399 persuaserunt
2711 2331 2795 2386 eis
2822 2340 2882 2385 ut
2907 2331 3200 2386 crederent
3224 2331 3376 2401 quod
3410 2332 3479 2386 ab
3512 2332 3624 2402 ipsa
3657 2333 3829 2388 fuerint

2274 2423 2559 2488 destinati,
2613 2433 2892 2493 quatenus
2949 2424 3341 2493 imperatorem
3399 2424 3650 2480 eumdem
3696 2426 3832 2481 Nice-

2275 2517 2512 2586 phorum
2545 2517 2913 2586 appellarent,
2944 2533 3012 2571 eo
3042 2515 3192 2586 quod
3235 2515 3432 2571 Aetius
3465 2516 3719 2586 patricius
3743 2516 3828 2571 sibi

2275 2609 2391 2662 vim
2437 2609 2670 2664 inferret
2715 2611 2783 2664 ad
2838 2610 3281 2665 annuntiandum
3339 2611 3584 2666 Leonem
3635 2610 3828 2667 fratrem

2276 2715 2439 2756 suum
2465 2701 2878 2771 imperatorem.
2909 2701 3013 2768 Qui
3046 2701 3335 2757 mendacio
3367 2710 3525 2758 tanto
3553 2704 3827 2768 credentes,

2277 2794 2666 2864 imperatorem
2698 2794 2910 2864 pariter
2931 2795 3441 2865 pronuntiaverunt
3468 2812 3592 2851 eum
3625 2796 3712 2867 qui
3735 2805 3831 2852 erat

2278 2894 2564 2956 tyrannus.
2597 2885 2808 2941 Taliter
2840 2903 2974 2957 ergo
3001 2887 3069 2940 ad
3107 2903 3365 2959 magnum
3403 2889 3658 2958 palatiqu
3685 2889 3826 2942 iidem

2276 2978 2497 3049 patricii
2525 2979 2814 3034 venientes
2853 2980 3084 3050 ingressi
3119 2989 3252 3035 sunt
3291 2981 3456 3047 illud,
3506 2981 3728 3052 indeque
3753 2998 3833 3053 per

2281 3076 2450 3123 totam
2473 3069 2667 3125 urbem
2715 3071 2991 3143 ignobiles
3017 3079 3076 3126 et
3125 3086 3317 3126 servos
3345 3072 3652 3143 dirigentes
3685 3073 3832 3128 accla-

583 3178 752 3225 esset.
781 3168 994 3237 Quibus
1048 3170 1140 3224 ille
1173 3171 1396 3225 innixus
1442 3171 1772 3227 seditionem
1800 3173 1856 3227 in
1891 3172 2178 3243 Cappado-
2205 3197 2251 3259 ε
2283 3166 2582 3221 "talionem
2615 3166 2870 3221 fecerunt
2898 3178 3025 3221 ame
3055 3167 3295 3222 mediam
3325 3178 3571 3235 ηοειθωο
3601 3178 3654 3224 Cl
3678 3176 3835 3223 θυεῑο-

586 3258 690 3312 ciis
734 3258 1047 3313 construxit
1085 3259 1353 3315 adversus
1407 3260 1624 3314 Aetium
1657 3259 1796 3327 fieri,
1851 3277 2016 3332 quam
2067 3277 2180 3318 non

588 3350 794 3405 meruit
849 3350 1042 3405 vivens
1095 3350 1287 3405 audire
1326 3368 1339 3404 :
1378 3362 1504 3422 post
1574 3352 1716 3408 duos
1767 3368 2007 3424 namque
2061 3354 2182 3409 dies

591 3443 789 3502 mortis
838 3444 960 3514 ejus
1014 3458 1183 3513 super
1222 3443 1328 3497 hoc
1368 3444 1601 3500 nuntius
1636 3445 1810 3511 venit,
1841 3453 1898 3500 et
1928 3445 2180 3502 seditiosi

585 3531 977 3601 comprehensi
1041 3533 1258 3589 exsiliis
1321 3542 1454 3590 sunt
1501 3546 1559 3590 et
1603 3535 2182 3593 animadversionibus

587 3623 819 3680 subditi.

659 3719 822 3773 Anno
858 3717 1076 3789 imperii
1117 3721 1354 3779 Heireue
1406 3732 1627 3795 quarto,
1677 3733 1876 3780 octavo
1911 3724 2182 3780 Kalendas

587 3808 902 3876 Ianuarias,
949 3813 1271 3869 indictiouis
1321 3832 1502 3880 nonat,
1542 3816 1773 3871 Carolus
1806 3833 1898 3872 rex
1948 3817 2186 3873 Francoe

593 3916 718 3955 rum
741 3913 1040 3959 coronatus
1081 3915 1165 3961 est
1191 3923 1221 3961 a
1253 3907 1437 3964 Leone
1467 3923 1628 3978 papa,
1659 3916 1716 3963 et
1757 3924 1883 3962 cum
1918 3909 2183 3964 voluisset

589 4001 784 4046 contra
815 3992 1060 4050 Siciliam
1091 3997 1364 4053 classibus
1388 4000 1648 4070 prmliari,
1674 4016 1732 4054 se
1746 4001 2028 4070 pmnituit,
2051 4017 2183 4055 con-

584 4082 743 4154 jungi
785 4086 972 4156 potius
1002 4103 1128 4143 cum
1167 4090 1404 4146 Heirene
1441 4092 1652 4156 volens,
1700 4091 1898 4162 legatis
1954 4094 2020 4147 ad
2079 4093 2184 4148 hoc

589 4179 822 4236 directis
868 4183 1122 4250 sequenti
1171 4199 1336 4248 anno,
1376 4185 1680 4240 indictione
1715 4185 1952 4241 decima.
1986 4187 2182 4241 Martio

590 4285 726 4325 vero
749 4286 940 4328 mense
977 4288 1135 4329 nonae
1154 4274 1726 4333 indictionisHeirene
1756 4278 1844 4349 pia
1863 4279 2184 4349 imperatrix

592 4361 871 4432 Byzantiis
901 4363 1087 4419 civilia
1117 4365 1347 4420 donavit
1376 4367 1607 4432 tributa,
1642 4369 1932 4440 Abydique
1969 4387 2035 4425 ac
2058 4372 2183 4426 Hie-

592 4452 661 4508 rii
693 4470 757 4508 ca
801 4470 923 4524 qua:
956 4455 1219 4512 dicuntur
1257 4459 1589 4515 commercia
1641 4461 1931 4527 relevavit,
1968 4465 2182 4534 magnis

2283 3259 2382 3314 des
2428 3259 2484 3314 in
2543 3260 2782 3317 circuitu
2842 3261 3071 3331 palatii,
3123 3260 3270 3331 quod
3331 3259 3517 3316 Tentu
3564 3259 3832 3316 Eleutherii

2282 3361 2659 3422 nuncupatur,
2690 3363 3019 3422 posuerunt,
3052 3352 3145 3407 ubi
3176 3369 3294 3409 eam
3332 3352 3565 3424 contigit
3601 3368 3729 3408 esse.
3761 3351 3835 3406 Di-

2282 3441 2470 3496 luculo
2507 3457 2638 3497 sane
2673 3443 3042 3498 accersientes
3083 3459 3202 3498 eam
3233 3445 3628 3500 concluserunt
3661 3444 3711 3498 in
3738 3458 3835 3497 ma-

2277 3534 2385 3604 jori
2417 3535 2639 3602 palatio,
2667 3543 2721 3590 et
2755 3534 2831 3589 ita
2871 3546 3265 3605 processerunt
3304 3536 3372 3590 ad
3411 3536 3653 3608 Magnam
3682 3535 3837 3591 cede-

2282 3624 2420 3678 siam
2461 3624 2528 3678 ad
2571 3624 2953 3678 coronandum
2982 3625 3301 3680 scelestum.
3353 3623 3624 3681 Convenit
3657 3625 3834 3679 interea

2284 3715 2542 3770 universa
2575 3717 2876 3772 multitudo
2914 3716 3090 3777 urbis,
3117 3729 3175 3772 et
3210 3733 3407 3772 omnes
3431 3733 3597 3790 super
3623 3717 3706 3772 his
3736 3730 3837 3786 quas

2283 3806 2586 3876 agebantur
2609 3807 2837 3862 moleste
2859 3807 3132 3876 ferebant,
3164 3808 3560 3864 maledicentes
3578 3805 3834 3864 coronanti

2282 3907 2338 3954 et
2357 3900 2674 3955 coronando
2693 3901 3017 3970 cunctisque
3040 3902 3552 3973 congratulantibus
3567 3898 3838 3969 eis.thui-

2285 3992 2410 4047 dem
2443 4008 2568 4048 cum
2594 3993 2862 4063 religione
2884 4009 2949 4048 ac
2979 3995 3192 4049 ratione
3223 3995 3474 4050 viventes
3493 3993 3727 4049 divinum
3750 3989 3835 4044 mi-

2285 4084 2549 4139 rabantur
2570 4084 3112 4156 judicium,qualiter
3136 4101 3257 4142 eam
3282 4086 3738 4157 permiserit,qu:e
3756 4096 3835 4153 pro

2285 4187 2436 4231 recta
2465 4175 2572 4232 tide
2592 4192 2746 4232 more
2791 4187 3096 4250 martyrum
3145 4179 3600 4249 agonizaverat,a
3637 4175 3835 4232 subulco

2284 4269 2510 4338 expelli,
2549 4270 2856 4340 praesertim
2893 4285 3020 4325 cum
3055 4270 3108 4326 ei
3149 4271 3492 4326 devotissimi
3523 4271 3640 4342 ejus
3677 4265 3836 4338 praeci-

2285 4377 2394 4432 pue
2428 4361 2716 4418 adharere
2749 4371 2974 4432 propter
2999 4363 3287 4417 avaritiam
3322 4362 3721 4433 proposuerint,
3743 4358 3835 4413 Leo

2287 4455 2503 4510 scilicet
2544 4455 2858 4519 eunuchus,
2883 4455 3151 4525 patricius
3179 4466 3237 4510 et
3256 4456 3576 4511 sacellarius
3601 4453 3834 4523 Sinopeus

591 4561 760 4616 super
790 4547 878 4602 his
906 4558 962 4603 et
983 4549 1106 4605 aliis
1137 4551 1325 4607 multis
1351 4551 1640 4608 beneficiis
1669 4555 1970 4625 gratiarum
1992 4557 2180 4612 'actio-

2288 4557 2344 4601 et
2366 4548 2478 4603 Deo
2504 4548 2687 4618 perosi
2729 4549 3001 4621 Triphylii
3027 4535 3194 4619 atque
3221 4549 3464 4620 patricii,
3490 4550 3582 4621 qui
3613 4547 3834 4619 superius

594 4637 762 4692 nibus
781 4637 946 4695 freta.

663 4728 823 4782 Anno
874 4728 1090 4799 imperii
1147 4731 1383 4788 licirene
1430 4735 1627 4805 quinto
1680 4735 1872 4794 Aetius
1918 4738 2184 4809 patricius

592 4819 738 4875 liber
764 4837 793 4875 a
825 4820 1112 4879 Stauracio
1144 4825 1346 4892 factus,
1378 4835 1434 4882 et
1465 4829 1591 4884 ideo
1615 4830 1914 4886 securitate
1950 4833 2180 4902 potitus,

596 4914 895 4984 imperium
953 4917 1019 4972 ad
1068 4917 1294 4973 fratrem
1348 4922 1636 4991 preprium
1693 4923 1994 4979 transferre
2038 4931 2183 4978 sata-

595 5007 777 5075 gebat,
809 5023 976 5078 quem
1007 5017 1065 5065 et
1109 5020 1578 5084 monostrategum
1611 5014 1744 5069 fecit
1779 5015 1833 5070 in
1863 5015 2078 5071 Thrace
2107 5015 2183 5071 si-

595 5099 710 5153 mul
735 5107 792 5152 et
833 5099 1174 5165 Macedonia,
1219 5100 1335 5170 ipse
1366 5103 1633 5159 ulteriora
1685 5105 1929 5161 themata
1966 5115 2181 5173 tenens,

595 5189 910 5247 Orientales
957 5193 1172 5248 scilicet
1207 5203 1265 5248 et
1301 5193 1548 5264 Opsicin.
1581 5195 1721 5251 Cum
1774 5213 1906 5269 ergo
1946 5199 2184 5254 elatione

595 5284 837 5340 refertus
868 5294 1036 5353 esset,
1059 5301 1157 5342 eos
1180 5287 1477 5358 principes,
1500 5290 1595 5358 qui
1627 5290 1976 5346 sublimiores
2004 5299 2182 5358 erant,

597 5376 972 5434 dehonestans
1018 5395 1119 5450 pro
1172 5381 1350 5435 nihilo
1412 5381 1726 5451 reputabat,
1770 5383 1863 5452 qui
1913 5392 1969 5438 et
2027 5385 2185 5440 valde

597 5471 782 5526 mmsti
819 5471 1084 5528 adversus
1114 5489 1210 5529 eos
1244 5474 1452 5539 ell‘ecti,
1490 5474 1824 5529 simultatem
1855 5487 2046 5533 contra
2084 5477 2187 5531 im-
2244 5480 2250 5488 '

599 5562 931 5630 pcratricem
982 5564 1336 5630 meditantes,
1398 5565 1543 5620 hanc
1579 5564 1637 5619 in
1695 5579 1836 5634 opus
1884 5565 2182 5622 duxerunt.

600 5653 983 5709 Pervenerunt
1020 5665 1204 5711 autem
1235 5657 1582 5726 apocrisiarii
1610 5672 1640 5711 a
1669 5656 1868 5712 Carolo
1899 5666 1955 5712 et
2000 5657 2185 5714 Leone

599 5758 739 5813 papa
775 5745 972 5800 rlircct-i
1025 5749 1090 5802 ad
1142 5748 1434 5804 lleirenem
1471 5749 1796 5819 piissimam,
1841 5750 2185 5820 postulantes

599 5835 1012 5908 ut'jungeretur
1043 5840 1120 5894 illi
1180 5841 1245 5895 ad
1279 5842 1499 5911 nuptias
1533 5852 1588 5898 et
1619 5841 1805 5898 unirct
1850 5859 1950 5899 eoa
1984 5852 2038 5900 et
2083 5844 2181 5899 he-

2288 4639 2422 4695 dicti
2453 4651 2603 4706 sunt,
2637 4642 2730 4711 qui
2755 4641 2916 4697 donis
2944 4642 3200 4712 plurimis
3219 4641 3288 4697 ab
3320 4642 3411 4697 illa
3441 4642 3596 4697 dilati
3634 4649 3766 4702 sunt,
3790 4646 3834 4692 et

2286 4747 2413 4788 cum
2437 4748 2501 4788 ea
2550 4749 2693 4799 saepe
2735 4743 3150 4801 convescentes,
3191 4743 3248 4790 et
3295 4733 3694 4790 adulationibus
3728 4743 3829 4786 cum

2281 4826 2616 4897 iuramentis
2643 4827 3012 4883 horribilibus
3036 4837 3243 4883 certam
3273 4828 3587 4891 reddentes,
3613 4824 3831 4882 omnibus

2287 4921 2478 4976 mundi
2538 4921 2707 4976 rebus
2770 4937 2829 4976 se
2879 4921 3312 4976 necessariorem
3363 4931 3651 4992 reputare,
3693 4930 3828 4987 quam

2286 5012 2560 5067 haberent
2605 5029 2735 5083 erga
2783 5013 2933 5067 illam
2960 5054 2975 5078 ,
3020 5012 3458 5068 benevolentiam
3501 5009 3824 5067 afﬁrmabant.

2286 5104 2392 5159 Alii
2426 5114 2611 5158 autem
2648 5112 2710 5157 ut
2754 5103 2809 5157 in
2857 5102 3053 5158 ecstasi
3108 5101 3259 5165 facti,
3309 5110 3582 5172 gestorum
3628 5096 3824 5152 certitu—

2287 5196 2475 5251 dinem
2511 5197 2708 5252 horum
2742 5197 2971 5250 minime
3013 5196 3335 5258 sentientes,
3370 5193 3636 5248 somnium
3677 5203 3730 5242 se
3763 5185 3826 5238 vi-

2286 5290 2417 5345 dere
2439 5290 2727 5360 putabant.
2756 5287 2863 5344 Alii
2889 5298 3096 5351 autem,
3120 5288 3214 5356 qui
3232 5287 3495 5341 duntaxat
3524 5280 3827 5354 perpendere

2286 5383 2428 5438 bene
2458 5383 2729 5449 sciebant,
2758 5382 3093 5454 praeteritam
3130 5381 3446 5436 felicitatem
3480 5371 3830 5432 beatificabant

2285 5483 2343 5529 et
2371 5474 2613 5531 futuram
2645 5491 2744 5546 per
2782 5475 3127 5548 tyrannidem
3164 5472 3538 5527 infelicitatem
3580 5464 3825 5537 lugebant.

2287 5567 2523 5623 maxime
2579 5568 2637 5622 hi
2667 5569 2765 5639 qui
2813 5567 3040 5639 maligni
3070 5566 3186 5621 voti
3216 5564 3428 5636 tyranni
3470 5553 3826 5631 experientiam

2285 5660 2582 5729 quamdam
2617 5667 2744 5714 ante
2779 5665 3157 5730 perceperant.
3203 5657 3376 5711 Porro
3404 5652 3678 5708 universos
3702 5657 3826 5699 com-

2289 5753 2533 5807 muniter
2586 5751 2907 5821 possidebat
2973 5751 3149 5821 caligo
3193 5758 3250 5804 et
3309 5747 3428 5802 sine
3489 5737 3825 5799 consolatione

2288 5843 2490 5900 mentis
2522 5844 2785 5911 defectio,
2838 5860 2904 5899 ne.
2954 5860 3052 5914 per
3090 5843 3302 5914 singula
3347 5835 3655 5897 miseranda:
3698 5827 3822 5886 illius
