4100 6414
334 393 480 458 1409
631 391 645 404 ”
1161 391 1533 455 HISTORIA
1566 389 2149 454 ECCLESIASTICA
2192 394 2296 456 EX
2333 395 2821 461 TIIEOPIIANE.
3467 398 3604 464 tuo

330 513 443 568 diei
478 508 748 566 deformia
786 508 954 565 verba
990 509 1239 566 scribens
1272 509 1544 580 protelem
1579 521 1912 564 sermonem.
1944 509 1991 568 Α
2019 511 2153 578 quid
2184 512 2360 568 valuit
2415 513 2696 584 hypocrisi
2748 521 2934 585 legere
2974 512 3205 568 inditam
3242 515 3508 570 malitiam
3550 521 3608 572 et

330 604 580 673 Denique
611 603 864 672 sequenti
893 601 983 658 die
1029 603 1270 673 sumptis
1292 601 1626 671 quibusdam
1660 615 1728 654 ex
1754 598 1924 668 patri-
2025 604 2311 657 avaritiam
2365 621 2543 668 suam,
2570 605 2665 659 sed
2717 606 2873 674 quasi
2931 606 3214 660 recisurus
3257 606 3606 678 injustitiam,

329 697 437 751 cits
485 694 737 750 ascendit
788 695 857 749 ad
911 695 1321 764 imperatricem
1380 693 1647 749 custodire
1709 691 1923 746 manci-

331 797 539 858 patam,
570 787 861 852 simulans,
894 795 954 841 ut
988 787 1039 842 ei
1076 787 1248 841 moris
1273 796 1414 850 erat,
1444 787 1634 841 falsam
1674 784 1924 854 benigni-

331 887 526 943 tatem,
564 893 664 947 per
688 893 856 948 quam
887 885 946 931 et
986 876 1177 946 plures
1211 876 1449 946 decepit,
1477 884 1533 930 et
1561 889 1832 930 excusans
1865 888 1924 927 se

329 969 480 1040 quod
512 971 718 1024 invitus
742 969 808 1023 ad
837 970 1212 1042 principatum
1244 967 1630 1024 conscenderit
1651 982 1753 1020 nec
1777 967 1926 1019 hunc

331 1077 576 1132 unquam
605 1062 1009 1118 desideraverit
1041 1080 1055 1116 :
1103 1061 1468 1117 maledicebat
1502 1069 1684 1115 autem
1716 1059 1804 1113 his
1825 1057 1921 1128 qui

329 1171 394 1210 se
439 1164 808 1224 provexerant
856 1163 915 1210 et
961 1156 1108 1210 illam
1148 1155 1368 1210 insidiis
1413 1154 1811 1224 appetiverant,
1866 1158 1927 1203 ut

331 1247 586 1316 proditor
610 1247 925 1311 Dominum,
955 1257 1242 1318 postquam
1279 1263 1404 1301 cum
1440 1247 1560 1317 ipso
1591 1245 1922 1311 «enaverit;

332 1356 475 1411 quos
495 1350 551 1396 et
571 1341 878 1395 imitatores
906 1340 1055 1396 illius
1083 1341 1349 1396 exsistere
1377 1340 1700 1395 testabatur.
1729 1337 1928 1394 Osten-

335 1434 417 1490 sis
455 1433 622 1489 etiam
653 1433 830 1504 nigris
860 1433 1271 1497 calceamentis,
1305 1447 1492 1487 amare
1519 1448 1578 1488 se
1617 1432 1819 1486 talibus
1849 1430 1926 1485 uti

335 1534 542 1595 pra-ter
568 1524 717 1596 leges
761 1525 1150 1595 imperatorias
1178 1524 1521 1590 afﬁrmabat;
1559 1525 1925 1594 fiduciamque

331 1617 541 1672 habere
571 1616 762 1672 dolose
791 1617 1048 1672 monebat
1077 1632 1221 1682 eam,
1243 1625 1299 1671 et
1323 1632 1449 1671 cum
1476 1615 1829 1688 juramentis,
1857 1615 1926 1668 de

334 1710 489 1766 omni
512 1710 788 1780 corporali
818 1709 1030 1781 requie,
1071 1725 1237 1780 quam
1278 1709 1543 1780 consequi
1580 1709 1863 1764 dominam
1895 1723 1925 1762 a

327 1817 496 1858 servo
519 1802 785 1867 deceret;
812 1804 1133 1873 nullamque
1161 1803 1420 1858 arbitrari
1444 1819 1745 1858 aerumnam
1763 1817 1924 1858 casus

330 1895 487 1950 illius
508 1894 922 1950 exhortabatur.
936 1895 1335 1951 Commonebat
1361 1903 1640 1966 postremo
1664 1895 1740 1949 nil
1756 1911 1923 1950 oecu-

330 1989 451 2042 lere
480 2003 511 2041 a
557 2003 616 2042 se
663 1988 1038 2058 imperialium
1073 1989 1484 2052 thesaurorum,
1525 1996 1586 2042 et
1625 1986 1924 2042 damnabat

331 2079 585 2135 avaritia:
634 2080 854 2143 vitium,
915 2081 1023 2134 hoc
1063 2081 1212 2135 illam
1253 2080 1461 2135 habere
1525 2094 1640 2133 non
1696 2079 1920 2134 ferens:

328 2171 632 2244 languebat
676 2175 826 2230 enim
871 2190 939 2230 eo
985 2175 1348 2230 vehementer
1394 2176 1578 2229 omnia
1627 2174 1921 2238 devorans,

329 2279 671 2334 omnemque
715 2265 770 2319 in
813 2280 950 2319 auro
997 2281 1148 2336 spem
1192 2273 1251 2319 et
1293 2265 1550 2320 fiduciam
1585 2281 1815 2336 ponens.
1854 2265 1926 2320 At

329 2370 472 2410 vero
500 2357 723 2426 sapiens
752 2366 809 2412 et
839 2357 956 2412 Deo
985 2357 1187 2412 dilecta
1211 2357 1467 2423 lleirene,
1496 2359 1753 2428 quamvis
1785 2373 1922 2412 con-

327 2456 561 2519 grueret
593 2457 655 2502 ut
697 2441 953 2516 passione
987 2457 1094 2502 tam
1133 2447 1440 2518 repentina:
1471 2447 1922 2504 commutationis

331 2546 530 2609 utpote
561 2539 764 2594 mulier
789 2547 1094 2604 teneretur,
1121 2537 1250 2594 forti
1281 2547 1339 2600 et
1364 2538 1599 2608 sapienti
1627 2538 1922 2608 prudentia

329 2627 478 2685 dixit
525 2631 594 2685 ad
643 2644 795 2696 eum,
828 2630 925 2701 qui
974 2629 1097 2684 beri
1147 2629 1374 2700 quidem
1419 2644 1616 2684 servus
1667 2631 1924 2700 perjurus

329 2719 545 2784 fuerat,
573 2719 740 2776 hodie
799 2736 928 2775 vero
975 2719 1152 2776 solers
1183 2728 1238 2774 et
1287 2719 1585 2775 seditiosus
1634 2735 1699 2773 ac
1745 2719 1926 2789 impu-

329 2809 476 2864 dens
509 2808 860 2864 habebatur:
914 2807 1030 2880 Ego
1067 2809 1300 2880 quidem,
1348 2826 1378 2862 ο
1405 2809 1579 2874 homo,
1620 2809 1787 2863 Deum
1829 2813 1923 2864 de-

330 2907 464 2970 puto
497 2900 724 2971 pridem,
764 2917 882 2954 cum
939 2916 1103 2954 essem
1133 2902 1398 2971 orphana,
1443 2900 1708 2956 exultasse
1736 2918 1836 2969 me,
1875 2911 1925 2956 et

331 2991 527 3044 deinde
556 3008 717 3062 super
767 2991 961 3046 solium
1004 2993 1234 3063 imperii,
1287 2991 1403 3046 licet
1465 3009 1627 3046 essem
1679 2986 1922 3065 indigna,

329 3082 633 3153 processisse
677 3098 776 3136 me.
810 3081 1040 3139 Causam
1094 3099 1217 3137 vero
1265 3083 1601 3154 depositionis
1635 3100 1774 3138 .meoe
1821 3087 1924 3139 mi-

2026 708 2263 764 nequam
2310 695 2364 749 in
2411 695 2708 766 Magnaura
2738 706 2794 750 et
2838 697 3109 768 injustum
3156 699 3450 754 constituit
3493 699 3610 754 fore

2021 787 2316 859 judicium.
2354 788 2597 843 Intentio
2648 805 2888 859 namque
2925 798 3156 860 tyranno
3201 798 3344 856 erat,
3378 799 3439 846 ut
3478 791 3613 861 ipsa:

2027 895 2119 934 res
2169 881 2562 942 ostenderunt.
2600 897 2711 936 non
2758 868 3095 952 pauperibus
3143 883 3269 953 jura
3305 883 3608 942 tribuendi.

2027 973 2120 1026 sed
2187 989 2286 1043 per
2343 973 2449 1028 hoc
2515 989 2712 1029 omnes
2761 975 2855 1042 qui
2921 976 3104 1045 magni
3162 983 3322 1030 erant
3373 965 3611 1030 inhono-

2028 1065 2185 1118 randi
2229 1064 2339 1136 (89)
2377 1075 2434 1120 et
2469 1066 2809 1136 captivandi,
2841 1076 2897 1122 et
2927 1067 2993 1121 ad
3025 1083 3085 1122 se
3129 1083 3252 1136 quae
3281 1078 3610 1122 cunctorum

2027 1164 2188 1211 erant
2236 1155 2404 1226 impie
2457 1157 2864 1223 transferendi;
2899 1157 3045 1227 quod
3101 1168 3157 1212 et
3203 1157 3354 1213 fecit.
3403 1158 3612 1213 Videns

2028 1257 2214 1304 autem
2248 1264 2444 1304 omnes
2477 1248 2746 1303 adversus
2781 1265 2838 1304 se
2885 1249 3263 1314 contristatos,
3298 1258 3356 1303 et
3405 1264 3612 1318 pavens

2028 1358 2099 1397 ne
2167 1341 2312 1397 forte
2390 1357 2668 1396 memores
2729 1343 2980 1396 Heirenae
3038 1342 3142 1412 pia:
3209 1342 3609 1397 beneficiorum

2027 1434 2372 1489 asciscerent
2416 1449 2538 1489 eam
2595 1433 2797 1488 iterum
2824 1433 2891 1489 ad
2935 1433 3250 1504 imperium,
3277 1434 3614 1488 Novembrio

2029 1542 2241 1591 mense,
2285 1527 2468 1582 hieme
2496 1527 2747 1582 nimium
2807 1527 3132 1582 imminente
3163 1527 3335 1598 gravi,
3383 1543 3492 1582 non
3527 1538 3616 1582 est

2029 1619 2204 1690 ipsius
2233 1621 2501 1674 misertus
2546 1619 2949 1675 immisericors
2989 1621 3104 1684 ille,
3137 1621 3231 1676 sed
3281 1620 3479 1675 exsilio
3511 1621 3613 1673 de-

2028 1709 2234 1779 portari
2270 1709 2532 1779 praecepit
2567 1709 2620 1763 in
2663 1710 2899 1764 insulam
2933 1708 3172 1764 Lesbum
3205 1716 3262 1763 et
3291 1708 3614 1763 cantissimc

2030 1801 2321 1866 custodiri,
2348 1801 2484 1872 quin
2509 1809 2565 1856 et
2586 1816 2616 1855 a
2642 1801 2864 1856 nemine
2891 1802 3110 1870 penitus
3139 1800 3413 1875 contueri.
3439 1801 3614 1854 Porro

2029 1895 2206 1967 pridie
2263 1896 2538 1951 Kalendas
2590 1895 2760 1950 Maias
2813 1903 3070 1948 mortuus
3119 1902 3205 1947 est
3249 1892 3442 1948 Niceta
3485 1892 3610 1946 Tri-

2025 1987 2268 2058 phylius,
2302 1997 2364 2041 ut
2397 1987 2574 2051 aiunt,
2618 2001 2649 2038 a
2679 1985 2990 2055 Nicephoro
3029 2000 3246 2040 veneno
3271 1984 3608 2040 exstinctus.

2024 2079 2094 2134 Et
2132 2079 2304 2136 Nonis
2351 2080 2528 2145 Maiis,
2573 2079 2710 2133 feria
2739 2079 2952 2148 quinta.
2997 2093 3122 2132 cum
3165 2077 3510 2147 Nicephorus
3541 2076 3610 2131 ad

2026 2171 2346 2226 suburbana
2402 2171 2771 2227 Chalcedonis
2812 2171 3038 2226 exiisset
3080 2186 3400 2240 equumque
3457 2185 3612 2224 man.

2025 2273 2246 2321 suetum
2271 2273 2328 2320 et
2356 2265 2713 2321 mitissimum
2737 2264 3067 2329 asendisset,
3097 2264 3247 2318 hunc
3277 2280 3345 2319 ex
3364 2265 3460 2319 Dei
3486 2279 3614 2335 pro-

2026 2359 2270 2414 videntia
2300 2358 2570 2429 dejiciens
2605 2357 2859 2412 dextrum
2886 2355 3081 2426 pedem
3117 2356 3290 2426 ipsius
3328 2355 3613 2411 contrivit.

2025 2452 2096 2508 At
2128 2467 2261 2506 vero
2296 2450 2514 2506 decimo
2547 2459 2747 2519 quarto
2793 2449 3065 2504 Kalendas
3118 2447 3419 2516 Augustas,
3477 2447 3613 2502 feria

2025 2550 2245 2612 quarta,
2276 2540 2412 2594 bora
2437 2540 2636 2609 prima,
2686 2537 2965 2592 Bardanes
3009 2535 3274 2605 patricius
3326 2543 3384 2589 et
3412 2543 3617 2604 praeter

2026 2631 2419 2697 Orientalium,
2447 2632 2543 2702 qui
2575 2629 3000 2700 cognominatus
3027 2637 3111 2683 est
3151 2628 3387 2692 Tureus,
3415 2628 3610 2697 appel~

2027 2727 2170 2782 latus
2191 2734 2277 2781 est
2326 2725 2626 2795 imperator
2657 2723 2728 2778 ab
2760 2721 3020 2776 omnibus
3041 2720 3184 2774 ultra
3233 2718 3357 2774 sitis
3399 2719 3612 2773 thema-

2028 2817 2195 2870 tibus.
2216 2813 2321 2881 Qui
2347 2813 2583 2868 multum
2614 2812 2834 2866 renisus
2858 2819 2924 2864 ut
2949 2809 3210 2865 evaderet
3235 2809 3359 2863 illos
3385 2808 3614 2862 minime

2026 2905 2220 2975 valuit,
2257 2913 2314 2959 et
2351 2903 2694 2959 descendens
2722 2918 2895 2972 usque
2939 2901 3004 2956 ad
3045 2901 3450 2972 Chrysopolim,
3484 2917 3614 2956 cum

2026 2999 2318 3054 circuisset
2344 2997 2546 3053 diebus
2579 3005 2705 3050 octo
2738 3003 2795 3050 et
2836 2994 3062 3049 minime
3107 2993 3302 3048 fuisset
3331 2999 3614 3062 receptus,

2029 3089 2198 3145 rediit
2233 3104 2408 3158 usque
2461 3088 2528 3144 ad
2574 3089 2859 3158 Malagma.
2896 3087 3001 3154 Qui
3045 3095 3300 3142 metuens
3329 3087 3528 3152 Deum,
3557 3095 3616 3140 et

331 3172 498 3226 [timet
535 3172 742 3244 applico
787 3181 836 3226 et
885 3175 1110 3244 peccatis
1163 3174 1292 3227 meis
1348 3175 1574 3228 ascribo.
1618 3174 1682 3228 In
1722 3177 1923 3230 cunctis
1951 3192 1993 3250 ε
2031 3181 2342 3252 rec0gilans
2373 3197 2444 3236 ne
2477 3180 2619 3236 forte
2649 3196 2750 3250 per
2777 3194 2836 3234 se
2875 3179 3138 3234 mactatio
3169 3179 3613 3234 Christianorum

332 3273 519 3318 autem
548 3283 611 3319 ac
660 3266 828 3320 modis
865 3266 1105 3320 omnibus
1146 3268 1215 3320 sit
1270 3283 1460 3321 nomen
1515 3267 1726 3322 Domini
1767 3269 1925 3324 bene-

330 3355 559 3419 dictum,
602 3355 767 3411 solius
814 3356 971 3428 Regis
1012 3374 1194 3428 regum
1223 3368 1272 3412 et
1313 3358 1527 3412 Domini
1566 3359 1924 3417 dominorum.

330 3444 508 3500 Porro
533 3449 744 3513 modum
767 3450 1109 3519 promotionis
1136 3457 1241 3503 tua:
1263 3447 1367 3503 Deo
1392 3451 1571 3516 reddo,
1591 3468 1692 3521 quo
1713 3461 1925 3523 excepto

332 3537 417 3591 nil
445 3537 566 3606 ﬁeri
597 3540 815 3593 credidi.
863 3537 1231 3594 Verumtamen
1261 3541 1468 3594 delatas
1501 3543 1632 3596 milii
1660 3552 1844 3598 contra
1877 3553 1926 3597 te

329 3643 498 3697 super
550 3629 828 3700 dignitate,
884 3646 990 3700 qua
1034 3647 1173 3684 nunc
1207 3632 1577 3696 circumdaris,
1629 3635 1924 3690 auditiones

333 3733 446 3771 non
480 3718 728 3790 ignoras;
757 3736 892 3790 quas
922 3737 1074 3774 veras
1113 3721 1272 3792 fuisse
1300 3739 1481 3776 rerum
1517 3724 1637 3793 finis
1673 3726 1920 3792 ostendit,

333 3824 574 3880 quasque
602 3812 650 3865 si
686 3813 898 3866 moleste
918 3812 1189 3881 tulissem,
1221 3813 1378 3885 facile
1419 3816 1546 3868 mihi
1589 3825 1705 3870 erat
1758 3817 1925 3870 inter-

329 3900 550 3971 ﬁciendi
582 3911 650 3958 te.
682 3903 787 3959 Sed
823 3906 975 3959 modo
997 3907 1323 3976 juramentis
1367 3909 1467 3962 tuis
1502 3907 1733 3976 ﬁdendo,
1770 3911 1924 3964 modo

334 3993 435 4048 tibi
463 3997 750 4066 parcendo,
795 3997 988 4051 multos
1033 4000 1161 4053 mihi
1193 3999 1400 4058 devotos
1436 4003 1766 4072 parvipendi,
1816 4002 1924 4064 Deo

333 4102 459 4158 quia
487 4104 603 4142 mea
633 4097 756 4142 sunt
784 4089 937 4155 dans,
968 4107 1060 4160 per
1099 4107 1254 4162 quem
1294 4110 1440 4164 reges
1479 4104 1706 4165 regnant
1737 4104 1785 4148 et
1832 4113 1927 4167 po-

335 4187 504 4233 tentes
541 4180 775 4235 obtinent
803 4191 1026 4238 terram.
1065 4183 1174 4239 Sed
1198 4194 1247 4238 et
1283 4201 1444 4250 nunc,
1478 4203 1597 4240 cum
1635 4188 1707 4241 sis
1731 4188 1847 4259 pius
1875 4197 1924 4243 et

335 4269 404 4324 ab
435 4273 547 4342 ipso
591 4283 884 4345 provectus,
919 4284 968 4328 te
1006 4284 1064 4330 ut
1105 4276 1478 4347 imperatorem
1508 4278 1692 4342 adoro,
1727 4287 1776 4333 et
1805 4289 1925 4350 peto

333 4381 470 4419 mra:
494 4383 711 4436 parcere
741 4367 1068 4437 inﬁrmitati.
1106 4369 1178 4424 Et
1213 4370 1435 4424 concede
1464 4373 1592 4426 mihi
1621 4391 1653 4427 a
1689 4373 1770 4427 me
1803 4391 1926 4428 con-

331 4468 594 4512 structam
636 4459 930 4514 Eleutherii
975 4459 1186 4515 domum
1223 4462 1280 4515 in
1311 4462 1791 4519 reconciliationem
1837 4467 1924 4520 in-

2029 3273 2362 3339 elliceretur,
2395 3273 2550 3329 misit
2574 3272 2639 3328 ad
2669 3272 3072 3344 Nicephorum.
3096 3283 3154 3328 et
3187 3281 3414 3341 accepto
3443 3271 3616 3326 verbo

2029 3367 2085 3422 in
2112 3367 2334 3436 scriptis
2365 3366 2604 3435 propriae
2625 3381 2825 3420 manus
2860 3366 3003 3436 ejus,
3036 3365 3091 3419 in
3120 3380 3231 3434 quo
3257 3375 3316 3419 et
3349 3363 3614 3418 Tarasius

2027 3459 2414 3514 sanctissimus
2444 3465 2501 3512 et
2540 3457 2855 3526 patriarcha
2887 3466 2944 3511 et
2983 3471 3177 3511 omnes
3223 3455 3444 3525 patricii
3475 3455 3612 3509 sub-

2027 3550 2390 3619 scripserunt,
2417 3549 2565 3618 quod
2593 3549 2793 3603 illaesus
2823 3555 2880 3602 et
2901 3547 3178 3602 indemnis
3196 3561 3321 3599 cum
3351 3545 3613 3600 omnibus

2026 3643 2121 3712 qui
2167 3657 2355 3695 secum
2412 3649 2574 3696 erant
2604 3639 2748 3694 foret
2797 3637 3128 3701 servandus,
3161 3643 3319 3692 sexto
3348 3635 3480 3690 ldus
3515 3635 3618 3690 Se-

2027 3733 2334 3804 ptembrias
2365 3732 2548 3788 media
2576 3740 2740 3786 nocte
2763 3731 2903 3787 clam
2949 3729 3170 3800 fugiens
3207 3727 3497 3784 descendit
3541 3728 3612 3783 ad

2026 3825 2186 3883 Cium
2214 3825 2487 3897 Bithyniae
2513 3825 2568 3879 in
2601 3823 2999 3878 monasterium
3025 3819 3283 3896 Ileraclii,
3301 3830 3358 3874 et
3385 3819 3614 3874 invento

2027 3919 2346 3984 chelandio,
2384 3917 2532 3988 quod
2584 3917 2654 3971 ab
2692 3917 3029 3986 imperatore
3055 3918 3244 3984 'super
3278 3912 3385 3968 hoc
3431 3911 3614 3966 fuerat

2027 4013 2282 4077 missum,
2336 4019 2530 4066 tonsus
2565 4017 2652 4064 est
2702 4017 2759 4063 et
2809 4007 3040 4062 indutus
3075 4005 3216 4060 stola
3253 4003 3610 4069 monachica;

2026 4115 2084 4170 et
2118 4105 2400 4176 ingressus
2433 4104 2568 4159 illud
2608 4103 2748 4158 abiit
2775 4103 2833 4158 in
2877 4101 3134 4164 insulam,
3163 4115 3285 4170 quae
3322 4098 3614 4153 dicebatur

2027 4199 2229 4269 prima,
2254 4197 2453 4267 in.qua
2495 4194 2867 4250 aedificarent
2906 4190 3324 4254 monasterium,
3352 4189 3612 4258 opinatus

2027 4289 2175 4360 quod
2209 4289 2423 4345 veritus
2466 4287 2612 4342 foret
2639 4286 2886 4340 terribile
2930 4281 3164 4350 verbum
3203 4280 3350 4352 quod
3382 4279 3614 4334 dederat

2028 4381 2132 4436 sibi
2187 4378 2629 4449 contemptibilis
2666 4376 3035 4447 Nicephorus,
3075 4381 3131 4429 et
3175 4372 3230 4426 i'n
3271 4371 3424 4426 nullo
3465 4379 3614 4426 esset

2027 4472 2332 4529 laedendus.
2355 4476 2423 4525 At
2456 4471 2546 4525 ille
2580 4469 2761 4540 primo
2785 4467 3012 4539 quidem
3035 4465 3281 4521 denudat
3302 4464 3454 4518 illum
3483 4463 3615 4517 sub-

336 4547 714 4617 comparabilis
753 4548 1074 4604 calamitatis
1102 4566 1250 4605 meas.
1285 4552 1355 4604 At
1389 4550 1480 4606 ille
1511 4552 1619 4606 ait:
1653 4537 1722 4607 Et
1750 4555 1797 4607 si
1831 4556 1924 4608 hoc
1955 4533 2001 4589 θ
2029 4561 2227 4618 stantia
2260 4563 2402 4632 ejus,
2434 4569 2491 4616 et
2517 4533 2819 4615 occasione
2836 4565 3063 4627 accepta
3091 4571 3286 4612 omnes
3306 4555 3611 4610 thematum

335 4639 416 4692 vis
441 4639 556 4707 fieri
580 4640 691 4702 tibi,
707 4641 840 4711 jura
873 4642 1001 4696 mihi
1032 4658 1126 4712 per
1158 4658 1369 4696 omnem
1407 4643 1643 4698 divinam
1672 4646 1923 4700 virtutem

337 4746 448 4783 non
475 4729 849 4785 absconsuram
877 4741 927 4786 te
971 4734 1259 4806 quidquam
1297 4751 1360 4788 ea:
1395 4736 1654 4790 thesauris
1692 4737 1920 4808 imperii,

335 4829 388 4875 et
416 4821 683 4893 adimpleo
713 4822 1121 4894 postulationem
1149 4833 1320 4890 tuam,
1352 4833 1400 4879 et
1431 4841 1639 4878 omnem
1669 4826 1762 4880 tibi
1801 4826 1922 4897 pla-

333 4915 601 4969 eationem
643 4923 691 4968 et
725 4917 957 4988 requiem
983 4916 1142 4986 facio.
1177 4917 1307 4982 Qua:
1342 4918 1551 4989 juravit
1595 4918 1645 4972 ei
1693 4918 1760 4972 ad
1797 4935 1924 4990 pre-

334 5007 480 5063 tiosa
508 5017 564 5065 et
593 5008 809 5065 vivillca
837 5009 1005 5082 ligna,
1038 5010 1167 5080 quia
1195 5011 1315 5066 Non
1350 5011 1542 5066 celabo
1569 5020 1622 5066 te
1647 5028 1822 5082 usque
1858 5011 1926 5068 ad

334 5100 564 5155 obolum
615 5117 819 5169 unum;
861 5103 1006 5173 quod
1063 5113 1121 5158 et
1162 5103 1312 5158 fecit.
1365 5104 1570 5158 Verum
1609 5105 1721 5171 ille,
1776 5105 1923 5176 quod

339 5193 699 5250 desiderabat
729 5195 984 5266 adeptus,
1006 5196 1261 5267 protinus
1284 5196 1480 5252 exsilio
1506 5199 1772 5269 relegavit
1799 5215 1920 5254 eam

337 5302 517 5356 penes
553 5287 788 5342 insulam
826 5287 1113 5358 principis,
1140 5287 1195 5342 in
1235 5289 1574 5343 monasterio
1623 5290 1770 5359 quod
1808 5292 1925 5362 ipsa

337 5379 730 5447 auliflcaverat,
765 5397 890 5436 cum
921 5381 1104 5436 adhuc
1137 5390 1324 5437 essent
1366 5383 1419 5436 in
1467 5385 1604 5439 urbe
1639 5383 1790 5439 missi
1823 5383 1927 5439 Ca-

337 5471 446 5528 roli
469 5485 525 5528 et
553 5488 673 5543 quae
699 5475 1001 5544 agebantur
1031 5475 1362 5544 aspicerent.
1391 5475 1573 5530 Vorax
1602 5476 1770 5546 igitur
1796 5477 1922 5543 iste,

336 5573 672 5621 cunctorum
724 5567 960 5637 imperio
1006 5576 1286 5638 percepto,
1347 5583 1451 5623 nec
1488 5570 1682 5624 saltem
1729 5585 1925 5640 parum

2029 4652 2310 4724 principes
2335 4661 2391 4707 et
2416 4651 2794 4716 habitatores;
2824 4648 3094 4720 quosdam
3116 4655 3301 4702 autem
3329 4655 3388 4700 et
3423 4643 3491 4699 de
3525 4660 3614 4698 re-

2029 4744 2117 4816 gia
2151 4745 2288 4799 urbe
2323 4743 2642 4814 captivavit,
2677 4742 2987 4798 exercitum
3035 4749 3225 4795 autem
3261 4754 3392 4808 roga
3427 4737 3614 4810 priva-

2034 4844 2150 4891 tum
2191 4835 2462 4892 deseruit.
2497 4835 2704 4889 Verum
2760 4832 2889 4904 quis
2933 4845 3116 4887 sermo
3161 4843 3423 4884 enarrare
3471 4842 3611 4882 con-

2031 4925 2194 4997 digne
2220 4925 2456 4981 sulliciet
2482 4939 2672 4994 opera,
2723 4939 2846 4993 qua:
2882 4921 3086 4978 diebus
3127 4920 3239 4974 illis
3275 4919 3346 4973 ab
3378 4932 3446 4971 eo
3477 4925 3610 4970 sunt

2029 5027 2177 5089 gesta
2239 5034 2338 5088 per
2401 5015 2801 5086 indulgentiam
2863 5014 2962 5070 Dei
3026 5021 3254 5085 propter
3315 5007 3611 5064 commissa

2030 5110 2257 5164 nostra?
2284 5109 2436 5164 Nona
2482 5108 2573 5163 die
2601 5106 2832 5178 Augusti
2879 5107 3084 5162 mensis
3113 5102 3415 5158 undecima:
3463 5100 3613 5154 indi-

2029 5200 2230 5256 ctionis
2254 5200 2516 5256 def-uncta
2549 5209 2635 5256 est
2676 5198 2998 5269 imperatrix
3040 5195 3277 5250 lleirene
3311 5193 3367 5247 in
3413 5191 3610 5246 exsilio

2026 5291 2222 5346 insulae
2272 5291 2460 5356 Lesbi,
2510 5301 2567 5347 et
2618 5291 2944 5346 translatum
3009 5295 3094 5342 est
3150 5299 3352 5356 corpus
3390 5283 3510 5353 ejus
3552 5281 3610 5336 in

2026 5381 2265 5436 insulam
2288 5381 2580 5454 principis,
2620 5381 2679 5436 ln
2708 5379 3108 5435 monasterium
3140 5374 3288 5448 quod
3321 5374 3437 5444 ipsa
3473 5388 3611 5428 con-

2027 5477 2252 5532 struxit.
2594 5468 2606 5479 ⁷

2097 5569 2284 5624 Mundi
2308 5583 2453 5623 anno
2475 5567 2637 5634 6246,
2663 5565 2862 5622 divina:
2891 5563 3288 5620 incarnationis
3310 5576 3456 5616 anno
3482 5561 3608 5626 716,

1855 5663 2068 5720 NOTAE
2081 5707 2097 5722 .

408 5725 522 5798 (89)
552 5727 931 5805 Inhonorandi,
961 5731 1246 5805 ἀτιμάᾳᾳι.
1279 5730 1653 5790 Tertullianus
1687 5734 1763 5789 De
1791 5735 1917 5805 fuga

333 5801 393 5855 in
415 5807 675 5870 persecat.
700 5840 714 5864 ,
739 5818 756 5850 ι
795 5799 1092 5860 inhonores
1149 5802 1341 5870 illum;
1382 5823 1400 5854 ι
1431 5813 1489 5858 et
1535 5799 1917 5862 inltonorabilis

335 5869 486 5940 apud
516 5869 793 5926 eumdem.
816 5870 852 5924 S
887 5871 1129 5942 lgnatius
1157 5888 1244 5943 ep.
1263 5873 1331 5928 ad
1362 5874 1602 5945 Philad.,
1621 5877 1927 5948 ἀτιμάσαν-

2025 5754 2118 5802 τες
2145 5735 2360 5798 αὐτούς.
2378 5734 2498 5788 Vet.
2517 5733 2649 5787 int.«
2673 5731 3148 5788 inhonoravcrunt
3172 5730 3320 5802 ipsos
3336 5747 3382 5798 ;t
3409 5727 3502 5783 alii
3521 5727 3612 5781 de-

2024 5811 2286 5863 honorare
2311 5815 2552 5862 vertunt.
2571 5803 2732 5861 Faan.
