4100 6444
557 415 688 480 1411
1680 411 2082 474 ANASTASII
2137 412 2212 472 BI
2225 410 2767 472 BLIOTHECARII
3672 418 3783 484 “13

554 547 703 589 anno
747 529 964 601 imperil
1016 529 1102 584 sui
1145 527 1395 584 secundo
1447 526 1796 597 Nicephorus
1848 523 2139 581 coronavit
2171 529 2212 585 Α
2243 523 2659 593 ptingentorum
2714 517 2978 574 videlicet
3035 515 3262 574 circiter
3312 519 3784 586 monachornmsub

553 624 911 683 Stauracium
946 621 1122 676 filium
1171 635 1337 676 suum
1381 635 1481 691 per
1524 619 1812 674 Tarasium
1863 615 2153 671 sanctissi-
2256 614 2538 670 Theodori
2574 611 2844 684 regimine
2869 609 3276 665 ordinatorum.

553 733 708 772 mum
743 715 1115 787 patriarcham
1170 715 1225 768 in
1256 715 1494 768 amhone
1540 711 1762 782 Maioris
1796 707 2046 764 ecclesia
2095 707 2151 762 in
2330 705 2536 760 Eodem
2573 717 2796 775 quoque
2850 715 2996 756 anno
3066 699 3240 754 movit
3297 703 3588 757 exercitum
3637 706 3788 766 Aaron

555 809 977 879 imperatorem,
1009 821 1136 861 cum
1179 813 1328 861 esset
1355 804 1570 859 inutilis
1605 802 1674 857 ad
1726 810 1934 856 tantam
1971 799 2153 854 modis
2255 795 2499 850 Arabum
2534 795 2647 849 dux
2685 794 2952 848 adversus
2979 790 3326 855 Romaniam,
3350 791 3404 844 in
3431 791 3622 850 virtute
3645 801 3788 868 gravi,

553 901 818 954 omnibus
863 899 1228 970 dignitatem,
1280 906 1393 951 tam
1443 895 1657 950 scilicet
1709 901 1936 964 aspectu
1987 907 2153 963 quam
2257 898 2634 946 trecentorum
2673 887 2937 943 videlicet
2963 887 3220 949 millium,
3253 887 3790 964 tamaMaurophoris,

556 992 760 1046 robore
791 991 958 1045 simul
1005 999 1063 1045 et
1115 1005 1306 1045 sensu.
1345 989 1620 1044 Caeterum
1658 988 2024 1058 Nicephorus,
2057 987 2153 1057 qui
2255 997 2420 1052 quam
2452 981 2608 1053 Syria
2653 989 2710 1034 et
2738 980 3028 1034 Palaestina
3082 987 3139 1034 et
3175 977 3344 1048 Libya
3392 992 3704 1038 coacervata.
3735 985 3790 1042 Et

554 1102 846 1156 nunquam
877 1101 1113 1156 usquam
1150 1086 1441 1141 veritatem
1465 1084 1728 1150 servavit,
1771 1084 2155 1156 Lycaonenses

2287 1088 2385 1127 :um
2408 1072 2651 1127 venisset
2669 1071 2876 1143 Tyana,
2900 1069 3192 1125 aedificavit
3216 1069 3436 1123 domum
3460 1069 3791 1145 blasphemia,

554 1179 856 1250 quosdam,
908 1179 1021 1233 imo
1065 1194 1200 1234 vero
1257 1178 1700 1250 Lycanlhmpos,
1749 1177 2056 1232 concordes
2100 1187 2156 1232 et

2287 1176 2316 1221 ιι
2349 1165 2611 1221 obsidens
2635 1164 2782 1236 cepit
2813 1171 2944 1219 tunc
2959 1163 3246 1219 Heraclios
3270 1169 3524 1230 castrum,
3540 1165 3672 1234 quod
3691 1181 3791 1225 erat

553 1281 966 1328 consentaneos
997 1271 1064 1326 ad
1091 1273 1295 1326 Proten
1321 1271 1559 1325 insulam
1591 1271 1840 1336 mittens,
1867 1269 2031 1342 iussit
2059 1283 2156 1324 eos
2259 1257 2416 1313 Valde
2449 1258 2745 1322 ωυηίῑιιω,
2774 1265 2831 1312 ει
2860 1255 3153 1310 Thebaa“!
3183 1265 3240 1310 ει
3268 1253 3602 1324 Μιιοθορεεη
3636 1266 3686 1312 ει
3721 1258 3793 1314 Si-

555 1376 726 1421 ῃοοιιι
779 1365 924 1420 hanc
982 1366 1288 1421 ascendere
1359 1376 1414 1420 ει
1476 1364 1838 1436 pmdiclum,
1879 1364 2036 1435 quasi
2097 1379 2156 1418 se
2260 1352 2583 1424 dcr0pelum
2635 1361 2691 1407 Cl.
2739 1351 3180 1406 Anandarasum.
3209 1349 3354 1404 Μίεἱι
3399 1360 3576 1403 autem
3605 1366 3793 1408 cursum

555 1459 873 1529 ignorante,
922 1458 1234 1514 luminibus
1272 1459 1492 1529 ρι-ίηηο
1547 1458 1890 1526 Bal-(ianum,
1927 1466 1984 1513 et
2031 1465 2158 1528 post
2260 1446 2541 1517 sexaginta
2595 1444 2832 1500 millium
2869 1444 3222 1508 bellatorum,
3250 1451 3307 1497 et
3349 1440 3624 1496 descendit
3650 1458 3796 1513 nsque

557 1551 778 1620 facinus
826 1550 894 1605 ad
944 1551 1240 1605 ecclesiam
1295 1550 1505 1620 fugere.
1543 1550 1664 1617 Quo
1711 1550 1856 1605 facto
1893 1558 2006 1604 tam
2058 1565 2156 1618 pa-
2260 1539 2557 1609 Ancyram.
2591 1549 2648 1594 εἴ
2683 1539 2786 1593 hac
2817 1538 2931 1593 Visa
2975 1552 3234 1592 rever-903
3265 1545 3372 1589 θεῖ·
3418 1535 3512 1587 Δεῖ
3541 1534 3799 1604 impera!“

558 1642 807 1695 triarclia
848 1651 904 1696 et
960 1651 1192 1696 senatus
1241 1657 1406 1711 quam
1442 1656 1637 1696 omnes
1668 1642 1843 1697 Deum
1897 1640 2158 1696 timentes
2261 1631 2609 1703 Nicephorus
2638 1640 2788 1686 metu
2813 1640 2869 1686 et
2894 1629 3342 1700 impossibilitate
3373 1628 3617 1682 detentus
3639 1629 3797 1694 exivit,

557 1736 764 1789 acriter
793 1735 1116 1789 doluerunt.
1146 1735 1247 1789 Ast
1292 1735 1603 1806 imperator
1647 1735 2026 1805 nequissimus
2058 1733 2156 1789 Ni-
2262 1733 2318 1781 et
2341 1727 2458 1796 ipse
2484 1726 2539 1780 in
2564 1725 2951 1796 desperatione
2976 1722 3138 1778 fortia
3177 1719 3466 1776 infortunii
3497 1720 3800 1775 demonstra-

556 1828 840 1896 cephorus
867 1844 994 1882 cum
1034 1828 1366 1898 iuramentis
1389 1842 1588 1884 omnes
1631 1827 1907 1898 primores
1945 1827 2154 1899 Lycao-
2197 1885 2237 1899 _
2265 1828 2452 1874 turus.
2488 1818 2558 1874 Et
2608 1817 2798 1873 multis
2833 1815 3095 1888 trophaeis
3143 1813 3302 1869 factis
3345 1812 3492 1867 misit
3541 1811 3604 1866 ad
3651 1812 3800 1866 Aaron

558 1885 762 1974 neiises
795 1885 1113 1985 simulatus,
1141 1920 1475 1990 exquirebat
1502 1920 1557 1974 in
1589 1885 1706 1983 eos,
1738 1927 1801 1973 ut
1837 1885 2157 1990 putabatur,
2197 1885 2240 1942 Β
2270 1913 2682 1982 metropolitam
2714 1909 3059 1982 Synadorum
3108 1917 3164 1964 et
3203 1908 3427 1962 Petrum
3475 1905 3800 1976 hegumenum

559 2013 816 2077 ulturus,
858 2014 1044 2068 omnia
1092 2013 1401 2068 secundum
1443 2012 1875 2068 ostentationem
1924 2021 1981 2067 ct
2022 2011 2161 2066 nihil
2263 2005 2437 2061 Gulzei
2477 2014 2532 2061 et
2562 2005 2889 2076 Gregorium
2926 2016 3276 2058 teconomum
3327 2000 3603 2063 Amastrze,
3641 2006 3801 2068 postu-

561 2103 870 2158 secundum
913 2104 1087 2157 Deum
1127 2103 1331 2174 iugiter
1352 2118 1544 2173 agens.
1578 2102 1710 2157 Erat
1736 2102 1883 2156 enim
1908 2101 1986 2156 illi
2018 2117 2163 2172 prze-
2260 2099 2406 2156 lans'
2445 2099 2566 2156 fieri
2617 2116 2829 2170 pacem.
2870 2097 2939 2153 Et
2995 2097 3230 2151 multum
3285 2088 3680 2163 disputantibus
3721 2089 3802 2153 eis,

559 2197 725 2266 cipue
770 2211 898 2250 cum
941 2197 1176 2266 reliquis
1212 2196 1768 2267 prazvaricationibus
1798 2205 1854 2251 et
1898 2196 2164 2267 huiusce-
2266 2193 2629 2251 ﬁrmaverunt
2657 2207 2870 2263 pacem,
2921 2200 2982 2245 ut
3015 2206 3114 2260 per
3148 2197 3595 2256 unumquemque
3633 2195 3804 2235 annum

565 2290 717 2344 modi
749 2303 974 2359 quoque
1004 2291 1210 2344 mentis
1244 2289 1472 2356 idioma,
1492 2306 1609 2359 -per
1639 2289 1787 2359 quod
1819 2289 2082 2345 videlicet
2109 2299 2167 2344 et
2267 2289 2542 2342 tribueret
2582 2285 2693 2340 illis
2724 2294 2973 2340 trecenta
3012 2281 3185 2336 millia
3212 2278 3625 2340 numismatum,
3648 2281 3699 2328 et
3722 2273 3808 2328 tria

559 2391 692 2436 ante
745 2383 1042 2450 imperium
1095 2381 1301 2437 multos
1350 2382 1615 2437 seduxit:
1663 2389 2047 2437 verumtamen
2108 2382 2164 2437 in
2265 2381 2600 2437 numismata
2627 2379 2682 2434 in
2716 2378 2987 2432 tributum
3032 2373 3229 2445 capitis
3259 2367 3624 2442 imperatoris,
3650 2375 3699 2421 et
3723 2365 3808 2420 tria

561 2473 863 2526 ridiculum
913 2473 1225 2527 habebatur
1267 2473 1376 2527 hoc
1426 2473 1548 2542 eius
1595 2472 1811 2542 liquido
1856 2471 2168 2526 scientibus
2267 2473 2371 2528 filii
2400 2469 2795 2545 eius;quibus
2827 2469 3068 2540 acceptis
3099 2463 3635 2536 Aaroniucundatus
3655 2467 3746 2524 est,
3766 2466 3811 2513 et

563 2567 839 2630 studium,
874 2567 948 2620 ita
983 2573 1046 2620 ut
1087 2564 1432 2635 impudentia
1467 2565 1640 2618 multa
1678 2578 1900 2633 semper
1928 2561 2166 2634 caligosa
2268 2568 2567 2623 exsultavit
2605 2567 2731 2637 plus
2759 2578 2922 2636 quam
2947 2566 2992 2619 si
3029 2562 3170 2617 dena
3199 2559 3378 2615 millia
3412 2554 3723 2627 suscepisset
3745 2563 3806 2607 ta-

561 2668 620 2715 et
653 2661 864 2730 polluta
905 2658 1076 2714 facies
1108 2661 1231 2731 eius
1268 2667 1401 2714 tunc
1432 2656 1838 2713 inacccssibilis
1881 2657 2040 2712 fieret
2068 2671 2168 2726 per
2267 2659 2440 2724 lenta,
2472 2667 2732 2728 tanquam
2773 2657 2867 2728 qui
2898 2654 3207 2725 subegisset
3255 2651 3625 2706 Romanorum
3667 2645 3812 2712 impe-

560 2754 683 2808 dies
719 2761 957 2822 septem,
993 2766 1061 2806 eo
1110 2751 1304 2806 dolose
1360 2751 1507 2804 intra
1558 2748 1879 2804 cubiculum
1931 2749 2171 2818 impera-
2271 2753 2440 2808 rium.
2499 2751 2674 2807 Porro
2709 2748 2967 2805 convenit
3021 2748 3166 2802 inter
3222 2759 3318 2800 eos
3362 2751 3557 2805 castra,
3591 2752 3701 2808 qua:
3737 2735 3814 2789 de-

561 2845 766 2900 t'orium
795 2844 1045 2914 eiulante
1077 2860 1092 2897 :
1135 2859 1264 2896 nam
1295 2850 1353 2897 et
1398 2839 1741 2897 naturaliter
1771 2839 1822 2894 ei
1866 2838 2172 2896 muliebres
2271 2854 2480 2902 structa
2509 2843 2752 2908 fuerant,
2785 2858 2896 2897 non
2927 2839 3328 2896 reaedificanda.
3369 2835 3611 2904 Cumque
3643 2830 3816 2886 Arabes

561 2936 800 2991 aderam-
856 2935 1138 3005 lacrymae.
1176 2948 1317 3002 quas
1360 2931 1552 2986 multis
1600 2927 1789 3000 PraViS
1841 2937 1898 2984 el
1929 2928 2171 2999 ρεθυᾱο-
2268 2935 2478 2991 reversi
2511 2934 2766 3000 fuissent,
2803 2931 3114 2988 construxit
3139 2929 3334 2985 eadem
3369 2925 3627 2982 continuo
3647 2928 3814 2980 castra,

561 3026 883 3084 christianis
903 3027 1084 3080 inesse
1113 3025 1311 3095 procul
1343 3023 1518 3078 dubio
1571 3030 1791 3078 constat
1812 3060 1826 3084 ,
1853 3034 2170 3091 quanquam

2287 3036 2328 3082 at
2365 3028 2744 3099 praemunivit.
2772 3025 2893 3094 Quo
2924 3033 3212 3096 comperto
3234 3025 3423 3078 Aaron
3453 3017 3597 3074 misit
3625 3016 3815 3075 iterum,

564 3121 840 3190 plurimos
879 3133 989 3172 non
1036 3116 1285 3171 latuerit.
1333 3115 1522 3170 Mense
1575 3128 1714 3169 vero
1755 3113 2006 3185 Augusto
2045 3126 2172 3168 cum
2271 3129 2328 3176 ct
2379 3121 2592 3191 recepit
2644 3119 2957 3186 Thebas“,
3010 3119 3294 3187 missoque
3343 3114 3490 3169 stolo
3524 3113 3576 3167 in
3611 3109 3818 3181 Cyprum

565 3215 842 3270 adversus
864 3213 1078 3268 Arabes
1097 3211 1349 3276 exiisset,
1373 3210 1619 3265 occurrit
1641 3209 1724 3264 eis
1747 3209 1893 3279 apud
1921 3207 2168 3264 Cbrason
2196 3231 2240 3293 ο
2274 3213 2539 3268 ecclesias
2590 3213 2884 3277 destruxit,
2933 3211 3168 3283 Cyprios
3220 3205 3534 3278 emigravit,
3587 3210 3640 3258 et
3674 3199 3821 3254 multo

566 3305 841 3378 Phrygiae,
865 3312 922 3359 et
945 3304 1086 3358 inito
1108 3303 1253 3358 bello
1275 3309 1592 3372 superatur,
1621 3300 1928 3370 multisque
1951 3299 2172 3354 amissis
2274 3306 2493 3362 excidio
2525 3305 2668 3360 facto
2695 3302 2886 3376 pacem
2912 3303 3183 3359 dissolvit,

567 3397 973 3470 propemodum
1021 3405 1080 3451 et
1129 3397 1248 3466 ipse
1298 3395 1463 3449 vivus
1505 3394 1651 3448 foret
1685 3392 2015 3464 capiendus,
2063 3391 2170 3448 nisi

2340 3401 2500 3453 Anno
2535 3398 2750 3468 imperii
2777 3397 2860 3453 sui
2886 3398 3082 3468 quinto
3111 3405 3293 3451 castra
3318 3393 3496 3449 movit
3517 3387 3824 3460 Nicephorus

567 3491 886 3562 principum
925 3488 1150 3560 quidam
1208 3485 1498 3542 fortissimi
1557 3484 1708 3541 hunc
1766 3501 1796 3540 a
1839 3485 2171 3542 necessitate
2271 3500 2464 3547 contra
2499 3491 2784 3562 Vulgares.
2814 3489 2881 3546 Et
2925 3506 3050 3545 cum
3093 3489 3339 3545 venisset
3387 3477 3821 3552 Hadrianopolim,

569 3586 659 3639 vix
679 3585 895 3640 salvare
927 3581 1377 3652 prrevaluissent.

2287 3593 2327 3639 at
2350 3585 2791 3662 sensissetquod
2827 3583 3166 3640 simultatem
3197 3591 3394 3638 contra
3419 3596 3478 3636 se
3513 3567 3824 3649 imperatorii

641 3675 802 3729 Anno
841 3673 1062 3744 imperii
1109 3671 1410 3742 Nicephori
1450 3669 1643 3736 tertio,
1695 3669 1978 3727 simultate
2027 3671 2169 3727 facta
2269 3672 2525 3731 homines
2555 3685 2611 3731 et
2634 3675 2854 3746 quidam
2879 3691 2947 3730 ex
2974 3675 3265 3731 ordinibus
3311 3673 3724 3732 meditarentur,
3755 3666 3826 3720 in-

569 3767 628 3822 in
677 3765 920 3830 Persica,
961 3764 1253 3820 descendit
1310 3763 1555 3818 Arabum
1605 3762 1721 3818 dux
1764 3763 2164 3833 pacificaturus
2267 3767 2462 3824 ellicax
2492 3767 2800 3845 repedavit,
2829 3767 2968 3823 nihil
2993 3767 3312 3836 proficiens,
3341 3766 3451 3822 nisi
3479 3763 3622 3836 quod
3640 3768 3826 3816 tantum

566 3876 688 3916 eos.
737 3859 1085 3929 Nicephorus
1127 3865 1315 3944 autem
1373 3856 1556 3926 spatio
1606 3864 1831 3926 reperto
1873 3855 2171 3911 aediﬁcavit
2269 3862 2538 3918 ultionem
2567 3861 2972 3917 contribulibus
2992 3862 3200 3925 intulit,
3227 3862 3430 3916 horum
3453 3859 3654 3914 multos
3681 3853 3825 3911 exedi-

571 3949 848 4020 Ancyram
877 3947 1105 4003 Galatiae
1128 3956 1184 4002 et
1212 3946 1505 4001 Thebasan
1530 3956 1588 4002 et
1635 3945 1972 4002 Andrasum.
2019 3945 2170 4002 Misit
2267 3952 2394 4019 bus,
2418 3953 2632 4010 exsiliis
2666 3961 2722 4009 et
2748 3953 3254 4024 proscriptionibus
3279 3968 3468 4008 rerum
3499 3950 3824 4006 submittens.

571 4044 740 4097 etiam
767 4051 824 4096 et
851 4057 1070 4106 cursus,
1105 4041 1200 4110 qui
1227 4047 1588 4096 revertuntur
1611 4041 1752 4095 nihil
1783 4041 2164 4112 proficientes,
2338 4052 2501 4103 Anno
2542 4047 2765 4118 imperii
2813 4047 3114 4119 Nicephori
3149 4055 3324 4113 sexto,
3373 4061 3565 4102 mense
3607 4044 3827 4113 Septem-

573 4133 672 4190 scd
697 4145 757 4189 et
783 4143 974 4189 contra
1005 4133 1194 4204 potius
1222 4133 1498 4203 plurimos
1529 4133 1909 4188 admittentes.
2267 4136 2415 4207 brio,
2439 4141 2623 4196 Aaron
2649 4139 2892 4196 Arabum
2915 4141 3028 4196 dux
3051 4157 3176 4197 cum
3202 4141 3365 4197 classi
3388 4149 3581 4196 contra
3602 4134 3828 4194 Rhodum

646 4229 808 4285 Anno
841 4228 1064 4299 imperii
1109 4227 1409 4298 Nicephori
1445 4238 1665 4300 quarto,
1693 4228 2168 4285 duodecimo—Ka-
2267 4233 2501 4289 Cumeid
2532 4231 2776 4300 direxit;
2806 4231 2900 4303 qui
2933 4249 3058 4288 cum
3079 4234 3267 4289 subito
3292 4239 3683 4288 transmeassct
3705 4227 3830 4283 Rho-

574 4322 770 4377 lendas
824 4320 1072 4386 Martias,
1105 4319 1371 4375 Tarasius
1415 4319 1802 4375 sanctissimus
1855 4319 2170 4391 patriarcha
2269 4323 2513 4394 dumque
2543 4322 2914 4394 pervenisset,
2946 4323 3184 4378 multum
3218 4324 3274 4378 in
3301 4339 3367 4379 ea
3398 4322 3671 4378 cxcidium
3701 4315 3828 4372 fecit.

575 4413 1231 4484 Constantinopolitanus
1282 4412 1524 4484 gloriose
1569 4413 1718 4468 diem
1754 4413 1956 4468 clausit
1984 4422 2170 4468 extre-
2268 4415 2665 4468 Verumtamen
2715 4412 3084 4484 municipium
3119 4413 3267 4488 quod
3324 4413 3379 4468 in
3413 4412 3532 4484 ipsa
3577 4419 3709 4474 erat,
3737 4421 3828 4460 non

577 4521 750 4572 mum,
791 4515 848 4561 et
875 4506 1082 4560 elatum
1115 4514 1204 4562 est
1263 4506 1538 4576 lipsannm
1584 4508 1706 4578 eius
1750 4507 1808 4560 in
1869 4516 2166 4577 angustum
2203 4557 2245 4578 λ
2276 4505 2660 4576 impugnatum
2695 4506 2981 4562 remansit.
3014 4504 3153 4562 Cum
3189 4515 3374 4562 autem
3415 4505 3535 4577 ipse
3568 4506 3830 4563 remearet,

578 4599 755 4672 ponti,
783 4607 841 4655 et
899 4599 1178 4670 sepultum
1225 4607 1313 4654 est
1362 4599 1418 4653 in
1471 4599 1809 4654 monasterio
1847 4597 1995 4668 quod
2054 4597 2173 4669 ipse
2206 4595 2247 4614 "
2274 4598 2568 4653 evidenter
2597 4597 2953 4670 impugnatus
2981 4606 3063 4653 est
3091 4614 3122 4652 a
3151 4609 3349 4654 sancto
3379 4607 3438 4652 et
3463 4595 3832 4652 miraculorum

583 4700 992 4758 construxerat,
1024 4700 1222 4763 quarta
1253 4690 1394 4746 feria
1447 4691 1644 4763 prima
1674 4691 2014 4764 ieiuniorum
2069 4691 2172 4746 he-
2279 4701 2564 4761 patratore
2596 4690 2846 4746 Nicolao.
2874 4690 3015 4746 Cum
3040 4691 3190 4746 enim
3231 4691 3380 4764 Myra
3411 4690 3656 4746 venisset
3681 4692 3733 4742 et
3758 4698 3831 4739 sa-

587 4783 897 4841 bdomadis.
931 4785 1000 4839 Et
1024 4799 1214 4839 mense
1269 4784 1470 4854 Aprili,
1503 4784 1594 4839 die
1647 4783 1937 4840 Dominico
1997 4780 2174 4839 sancti
2275 4799 2429 4838 cram
2455 4785 2576 4854 eius
2607 4799 2791 4838 arcam
2841 4793 3132 4838 conterere
3181 4783 3530 4846 tentavisset,
3557 4781 3712 4836 aliam
3752 4789 3833 4847 pro

582 4878 828 4943 Paschre,
871 4885 1232 4931 consecratus
1292 4885 1377 4930 est
1427 4875 1817 4931 sanctissimus
1853 4876 2171 4946 patriarcha
2281 4876 2373 4930 illa
2406 4874 2696 4931 contrivit.
2728 4873 2965 4944 Moxque
2996 4875 3216 4930 classim
3256 4876 3431 4930 multa
3474 4881 3755 4930 ventorum
3791 4876 3836 4922 et

581 4966 929 5039 Nicephorus
967 4979 999 5020 a
1039 4966 1295 5030 secretis,
1349 4967 1623 5022 electione
1664 4966 1835 5022 totius
1873 4957 2063 5038 pepuli
2113 4981 2179 5022 ac
2280 4971 2623 5026 marinorum
2651 4968 2940 5029 fluctuum,
2975 4971 3350 5025 tonitruorum
3382 4984 3608 5040 quoque
3651 4983 3711 5021 ac
3751 4963 3832 5020 ful-

584 5061 938 5117 sacerdotum
969 5059 1198 5130 insuper
1229 5066 1282 5113 ct
1309 5051 1733 5130 imperatorum.
1757 5059 1902 5116 Sane
1931 5061 2086 5116 Plato
2115 5075 2180 5116 ac
2279 5075 2478 5134 gurum
2513 5061 2859 5132 inaequalitas
2904 5063 3351 5134 comprehendit,
3389 5065 3469 5119 ita
3517 5071 3578 5118 ut
3618 5059 3838 5132 plurimae

584 5153 920 5210 Theodorus
971 5150 1272 5223 hegumeni
1314 5153 1638 5208 monasterii
1685 5151 1866 5209 Studii
1907 5167 2018 5208 non
2049 5167 2181 5208 con-
2281 5154 2499 5224 scaphae
2529 5167 3058 5225 conquassarentur,
3097 5157 3324 5227 ipseque
3375 5157 3724 5228 impugnator
3760 5147 3838 5204 Dei

587 5255 887 5304 senserunt
937 5245 1340 5302 consecrationi
1385 5243 1708 5316 Nicephori,
1741 5247 1834 5302 sed
1871 5254 1929 5302 et
1979 5245 2182 5315 oppido
2281 5247 2512 5302 Cumeid
2545 5249 2812 5303 virtutem
2857 5249 3032 5304 sancti
3063 5261 3422 5321 cognosceret
3458 5259 3515 5306 et
3561 5245 3840 5320 periculum

588 5341 940 5404 restiterunt,
976 5339 1218 5394 schisma
1242 5339 1597 5405 meditantes,
1631 5352 1856 5393 causam
1892 5339 2061 5392 veluti
2092 5353 2183 5392 ra-
2282 5350 2484 5409 praeter
2513 5354 2666 5410 spem
2697 5341 2981 5397 evaderet.
3017 5344 3192 5396 Porro
3224 5343 3440 5398 decimo
3462 5342 3632 5397 tertio
3668 5339 3841 5393 Kalen-

591 5429 918 5483 tionabilem
954 5427 1246 5493 habentes,
1277 5429 1426 5498 quod
1457 5443 1526 5484 ex
1576 5428 1735 5484 laicis
1767 5443 1878 5483 non
1930 5436 2186 5498 oporteat

595 5531 826 5594 repente
854 5523 921 5577 ad
947 5522 1326 5592 episcopatum
1356 5523 1687 5577 accelerare.
1707 5521 1855 5588 Quos
1884 5522 2186 5591 imperator

593 5614 940 5683 Nicephorus
971 5615 1108 5670 urbe
1139 5616 1347 5686 pellere
1382 5617 1574 5670 volens
1598 5623 1885 5671 correctus
1928 5623 2034 5676 est,
2058 5617 2185 5685 qui-

594 5705 828 5760 busdam
864 5707 1158 5762 consilium
1191 5707 1475 5774 dantibus,
1519 5707 1888 5762 asseverando
1924 5722 2035 5762 non
2069 5707 2187 5762 fore

598 5793 934 5849 laudabilem
964 5797 1294 5866 patriarchae
1331 5797 1694 5861 creationem,
1721 5796 1764 5852 si
1793 5796 2184 5866 prmdictorum

599 5885 827 5957 reiectio
861 5895 916 5940 et
960 5887 1098 5942 tanti
1157 5887 1460 5942 destructio
1507 5887 1662 5944 fieret
1706 5890 2065 5956 monasterii,
2099 5905 2182 5944 se—

2285 5432 2384 5486 das
2416 5430 2708 5488 Ianuarias
2754 5433 3098 5505 Nicephorus
3127 5444 3251 5506 post
3281 5436 3511 5490 multam
3543 5431 3842 5490 electionem

2287 5523 2587 5594 virginum,
2619 5540 2684 5579 ex
2715 5526 2866 5580 omni
2931 5535 3204 5596 potestate
3259 5526 3364 5582 sibi
3420 5524 3666 5587 subdita,
3703 5532 3847 5576 causa

2286 5616 2580 5685 copulandi
2610 5615 2961 5673 Stauracium
2997 5617 3168 5672 ﬁlium
3197 5635 3355 5675 suum
3383 5619 3607 5690 coniugi
3649 5616 3844 5674 factam.

2287 5705 2330 5762 Τ
2338 5709 2685 5778 heophanam
2737 5711 3153 5775 Atheniensem,
3193 5721 3446 5783 agnatam
3496 5712 3557 5766 Β.
3601 5709 3844 5766 Heirentc.

2289 5817 2411 5871 qua:
2438 5801 2560 5856 viro
2588 5802 2918 5871 desponsata
2949 5813 3069 5858 erat
3100 5815 3156 5858 et
3199 5820 3341 5874 saepe
3371 5820 3499 5860 cum
3561 5805 3678 5874 ipso
3703 5799 3847 5855 euha-

2289 5903 2466 5959 verat,
2498 5893 2776 5964 separavit
2821 5896 2891 5952 ab
2934 5898 3143 5956 eodem.
3170 5899 3306 5966 viro,
3340 5907 3393 5953 cl
3437 5898 3544 5968 ipsi
3588 5891 3846 5952 Stauracio
