4100 6500
352 412 491 477 1413

1189 410 1553 474 HISTORIA
1583 410 2169 473 ECCLESIASTICA
2203 413 2306 474 EX
2334 413 2824 477 ΤΗΕΟΡΗΑΝΕ.

3470 412 3609 479 illi

345 526 551 579 misero
608 521 889 592 copulavit
925 520 1296 591 impudenter,
1344 531 1403 577 ut
1444 522 1499 575 in
1554 522 1697 586 aliis,
1754 530 1811 576 et
1865 522 1920 575 in
1949 529 2000 589 Α
2027 533 2200 589 recta,
2241 525 2370 579 dolo
2402 525 2544 580 hanc
2572 528 2719 594 cepit
2747 524 2920 581 verbo
2943 563 2960 591 ,
2997 541 3065 581 ex
3091 524 3306 580 militiis
3335 526 3615 582 Romaicis

344 615 452 668 hoc
482 629 701 682 quoque
728 614 1115 682 praevaricator
1140 614 1392 669 etl‘ectus.
1428 614 1574 669 Alias
1605 629 1737 669 vero
1786 614 1924 669 duas

341 705 448 759 ista
483 704 853 775 pulchriores,
887 722 1025 775 quas
1046 723 1173 760 cum
1217 722 1285 761 ea
1328 707 1589 776 elegerat,
1634 705 1923 761 manifeste

342 798 590 866 corrupit
619 797 673 851 in
702 796 915 851 eisdem
947 798 1273 866 nuptiarum
1323 797 1542 863 diebus,
1567 797 1635 852 ab
1666 798 1925 853 omnibus

342 889 485 943 idem
514 889 786 943 obscenus
823 889 1042 943 irrisus.
1085 890 1334 958 Denique
1376 889 1678 944 Februario
1733 904 1923 945 mense

340 979 680 1034 simultatem
730 978 1109 1048 excogitantes
1158 979 1425 1035 adversus
1466 995 1593 1034 eum
1646 980 1809 1035 multi
1853 996 1922 1034 ex

339 1071 689 1140 proceribus,
713 1071 940 1125 Arsabir
968 1081 1296 1141 quaestorem
1325 1082 1381 1127 et
1403 1073 1719 1142 patricium.
1738 1074 1921 1133 virum

339 1160 493 1229 pium
527 1167 584 1213 et
626 1159 1199 1226 rationabilissimum,
1257 1161 1565 1230 elegerunt.
1598 1161 1753 1226 Quod
1794 1176 1921 1215 cum

341 1252 696 1305 multiformis
722 1252 1068 1321 Nicephorus
1097 1253 1429 1321 agnovisset,
1482 1253 1661 1321 ipsum
1694 1252 1921 1321 quidem

337 1358 538 1399 caesum
571 1351 628 1397 et
678 1350 897 1396 tonsum
924 1344 1255 1398 monachum
1293 1343 1427 1397 fecit
1450 1352 1510 1399 et
1544 1343 1741 1399 exsilio
1775 1344 1918 1397 rele-

335 1433 577 1504 gandum
610 1433 667 1486 in
692 1432 1003 1503 Bithyniam
1035 1434 1208 1497 misit,
1240 1434 1484 1502 reliquos
1536 1443 1722 1489 autem
1754 1435 1918 1489 credi—

337 1524 445 1579 bus
492 1532 547 1578 et
576 1524 824 1578 tonsuris
855 1534 911 1579 et
937 1525 1413 1594 publicationibus
1438 1526 1665 1594 insuper
1690 1535 1746 1580 et
1777 1527 1919 1580 exsi-

336 1617 430 1672 liis
456 1617 723 1683 subdidit,
753 1632 863 1670 non
897 1618 1077 1670 solum
1111 1617 1406 1670 mundialis
1440 1617 1565 1671 vita:
1615 1617 1916 1686 principes,

336 1704 435 1759 sed
477 1714 533 1759 et
576 1705 867 1775 episcopos
901 1714 1123 1760 sanctos
1154 1716 1213 1761 et
1255 1707 1576 1770 monachos,
1602 1722 1816 1762 necnon
1862 1716 1918 1761 et

333 1796 556 1867 Maioris
589 1796 837 1851 ecclesia:
870 1797 1173 1868 syncellum
1200 1806 1257 1852 et
1294 1798 1637 1852 sacellarium
1662 1806 1721 1853 et
1761 1799 1918 1853 char-

2030 616 2338 673 interfectis
2370 634 2469 673 sex
2504 619 2767 682 millibus,
2801 620 3007 688 absque
3041 619 3397 674 multitudine
3427 621 3614 688 priva-

2030 704 2365 781 torum’(9l).
2399 712 2742 780 Nicephorus
2770 719 2954 765 autem
2998 713 3151 780 quasi
3196 712 3460 766 adversus
3483 727 3610 765 eum

2029 801 2189 854 tertia
2216 799 2353 855 feria
2380 801 2738 855 hcbdomada:
2759 801 3017 855 salutaris
3040 803 3317 872 passionis
3344 818 3608 872 egressus

2025 890 2249 959 dignum
2283 894 2508 962 quidem
2550 909 2804 948 sermone
2832 894 2970 947 nihil
3001 896 3229 949 omnino
3268 896 3455 965 gessit.
3498 894 3613 949 Hos

2024 999 2207 1043 autem
2239 990 2518 1059 principes
2536 1032 2550 1055 ,
2578 991 2672 1060 qui
2701 991 2769 1044 de
2797 990 2946 1046 caede
2979 990 3171 1045 salvati
3196 1001 3345 1055 sunt,
3372 990 3609 1044 verbum

2026 1081 2217 1135 salutis
2256 1081 2583 1150 deposcunt,
2632 1099 2757 1136 cum
2836 1084 2967 1137 dare
3011 1083 3340 1153 dedignatus
3387 1082 3607 1146 fuisset,

2025 1171 2091 1224 ad
2142 1172 2328 1225 hostes
2379 1172 2674 1242 confugere
2714 1175 3001 1242 compulit,
3045 1174 3188 1229 inter
3229 1189 3368 1243 quos
3392 1183 3513 1227 erat
3554 1182 3613 1228 et

2024 1262 2352 1315 Eumathius
2378 1264 2710 1331 spatharius,
2735 1266 3071 1320 mechanica:
3096 1267 3232 1320 artis
3249 1280 3450 1334 expers
3471 1265 3610 1334 (92).

2022 1354 2120 1403 Ast
2139 1350 2485 1419 Nicephorus
2508 1368 2619 1420 prae
2641 1354 2815 1405 multo
2835 1354 3104 1407 dedecore
3129 1355 3415 1422 iura-toriis
3435 1355 3613 1408 sacris

2022 1440 2185 1510 regire
2219 1441 2339 1494 urbi
2366 1443 2710 1511 persuadere
2737 1444 3042 1513 satagebat,
3088 1456 3146 1498 ut
3184 1448 3434 1524 crederet
3461 1445 3611 1513 quod

2021 1533 2372 1588 festivitatem
2419 1536 2642 1590 Pascha:
2678 1537 2735 1590 in
2775 1539 2902 1592 aula
2952 1537 3181 1592 Crumni
3225 1538 3612 1593 celebraverit.

2020 1626 2293 1679 Praeterea
2326 1641 2452 1680 cum
2499 1629 2782 1683 civitatem
2836 1630 3142 1691 Sardicam,
3179 1646 3303 1698 quae
3332 1629 3616 1683 destructa

2020 1716 2457 1775 erat.:cditicare
2519 1718 2805 1782 voluisset,
2836 1719 3286 1773 multitudinibus
3345 1719 3610 1774 resisten-

2024 1807 2200 1871 tibus,
2233 1808 2451 1864 timens.
2485 1849 2499 1863 .
2540 1851 2554 1864 .
2589 1850 2606 1865 .
2636 1810 3083 1879 persuadendum
3124 1811 3302 1865 turbis
3373 1811 3612 1880 impera-

337 1888 702 1958 tophyiacem,
731 1890 881 1942 viros
902 1888 1261 1944 rationabiles
1286 1900 1339 1945 et
1366 1892 1675 1945 reverentia
1699 1890 1913 1961 dignos.
1952 1881 1993 1936 Β
2022 1909 2200 1954 mrem
2248 1902 2525 1969 postulare
2554 1918 2723 1972 super
2750 1903 3004 1957 aediﬁcio,
3036 1906 3106 1958 Αι
3148 1904 3227 1958 im
3269 1919 3430 1958 δεηεο
3459 1904 3611 1973 inge-

405 1982 565 2035 Anno
596 1981 815 2050 imperii
851 1981 1149 2051 Nicephori
1187 1983 1425 2050 septimo
1455 1982 1642 2036 Aaron
1668 1983 1917 2037 Arabum

331 2070 449 2125 dux
487 2080 738 2126 mortuus
761 2080 845 2126 est
882 2071 937 2125 in
964 2070 1228 2125 interiore
1263 2072 1505 2137 Perside,
1539 2088 1660 2141 qua:
1689 2082 1918 2127 vocatur

330 2162 658 2227 Chirsusan,
692 2172 749 2217 et
791 2162 1039 2232 suscepit
1064 2162 1430 2232 principatum
1475 2163 1726 2219 Maumed
1772 2164 1920 2220 filius

328 2257 456 2325 ejus
480 2254 844 2324 scrupulosus
870 2268 968 2322 per
999 2254 1205 2320 onmia,
1241 2265 1436 2310 contra
1463 2271 1628 2325 quem
1674 2256 1923 2311 Ahdelas‘

331 2349 507 2402 frater
534 2348 654 2418 ejus
679 2346 1012 2401 seditionem
1046 2348 1333 2402 concitans
1375 2348 1624 2402 intestini
1665 2350 1792 2403 belli
1839 2349 1919 2402 fa-

329 2449 460 2495 ctus
482 2448 566 2495 est
588 2448 802 2494 auctor.
832 2439 900 2492 Et
925 2438 1057 2493 hinc
1086 2440 1142 2492 hi
1178 2440 1273 2510 qui
1304 2440 1361 2493 in
1393 2440 1551 2512 Syria
1593 2450 1650 2495 et
1685 2441 1919 2513 [Egypto

328 2551 401 2590 ac
434 2534 604 2605 Libya
630 2541 815 2600 erant,
844 2534 902 2587 in
927 2534 1181 2587 diversos
1206 2533 1371 2587 incisi
1399 2534 1764 2603 principatus,
1807 2544 1916 2588 tam

328 2626 587 2697 publicas
614 2640 702 2679 res
729 2641 893 2694 quam
919 2626 1220 2680 alterutros
1265 2625 1678 2693 subverterunt,
1708 2637 1915 2681 macta—

331 2718 585 2773 tionibus
625 2726 683 2772 et
710 2718 919 2787 rapinis
957 2733 1021 2772 ac
1080 2716 1318 2771 diversis
1363 2717 1581 2788 flagitiis
1615 2728 1806 2773 contra
1858 2734 1918 2774 se

274 2868 285 2893 χ
329 2814 641 2875 contraque
669 2806 924 2860 subditos
945 2806 1289 2861 Christianos
1322 2808 1559 2862 confusi.
1582 2809 1661 2863 Ac
1687 2825 1784 2878 per
1813 2811 1919 2865 hoc

328 2899 602 2963 ecclesiae,
640 2914 763 2969 quae
820 2899 878 2953 in
916 2909 1103 2953 sancta
1138 2899 1344 2954 Christi
1385 2900 1485 2954 Dei
1532 2901 1709 2955 nostri
1759 2911 1918 2957 erant

330 2989 583 3057 civitate,
614 2990 847 3045 desertae
872 2989 1029 3045 factae
1053 3001 1204 3056 sunt,
1239 3000 1295 3045 et
1322 2992 1657 3049 monasteria
1683 2993 1917 3047 duarum

333 3098 659 3153 magnarum
688 3083 993 3137 Laurarum
1030 3081 1166 3153 (90),
1190 3093 1392 3138 sanctae
1422 3084 1680 3138 videlicet
1708 3100 1918 3139 memo-

333 3176 434 3232 ria:
464 3176 781 3231 Charitonis
813 3187 869 3231 et
897 3175 1114 3245 Cyriaci
1164 3185 1331 3245 atque
1362 3174 1419 3229 S.
1467 3175 1646 3240 Sabai,
1699 3191 1916 3230 necnon

332 3280 395 3325 et
448 3268 659 3338 reliqua
715 3268 968 3323 cmnobia
999 3267 1097 3322 SS.
1160 3266 1441 3338 Euthymii
1492 3276 1549 3322 et
1602 3267 1921 3324 Theodosii.

332 3360 665 3415 Theodorus
692 3368 878 3413 autem
908 3359 1252 3430 hegumenus
1280 3358 1460 3413 Studii
1495 3370 1552 3414 et
1578 3360 1782 3431 .Ioseph
1810 3359 1923 3414 fra-

333 3462 425 3508 ter
447 3453 586 3522 ejus,
619 3452 1073 3523 archiepisc0pus
1096 3450 1628 3517 Thessalonicensis,
1661 3468 1769 3507 una
1796 3466 1922 3506 cum

334 3544 570 3599 Platone
598 3545 846 3598 inclauso
874 3551 931 3600 et
975 3543 1191 3598 caeteris
1220 3542 1508 3597 monachis
1542 3542 1659 3597 suis
1702 3559 1735 3597 a
1767 3558 1922 3597 com-

335 3637 601 3692 munione
629 3643 979 3692 recesserunt
1002 3635 1300 3705 Nicephori
1329 3635 1665 3690 sanctissimi
1690 3635 1926 3705 patriar-

332 3727 459 3784 chae
489 3734 716 3797 propter
757 3726 958 3795 Joseph
990 3725 1421 3790 vicedominum,
1468 3726 1563 3794 qui
1597 3726 1926 3793 praevarica-

333 3818 482 3875 torie
503 3826 865 3873 coronaverat
882 3817 1301 3872 Constantinum
1316 3827 1375 3872 et
1397 3817 1926 3873 Theodotem.Tunc

334 3912 688 3981 Nicephorus
743 3912 1046 3980 imperator
1118 3910 1408 3965 occasione
1465 3918 1749 3980 percepta,
1796 3925 1924 3965 cum

332 4004 631 4075 episcopos
673 4003 880 4059 multos
909 4011 965 4056 et
996 4001 1338 4073 hegumenos
1378 4009 1788 4072 congregasset,
1832 4016 1923 4072 sy-

334 4098 549 4157 nodum
575 4097 843 4152 adversus
863 4096 990 4150 illos
1010 4094 1282 4151 celebrari
1317 4096 1602 4165 praecepit,
1635 4110 1735 4165 per
1757 4109 1925 4165 quam

335 4189 678 4247 monasterio
723 4196 781 4244 et
815 4188 954 4244 urbe
988 4187 1191 4258 deiecti
1223 4188 1424 4243 exsilio
1469 4196 1603 4244 sunt
1636 4188 1923 4255 destinati,

336 4296 530 4337 mense
554 4280 842 4346 Januario,
874 4279 1181 4335 indictione
1210 4279 1476 4336 secunda.

409 4373 621 4429 Eodem
642 4373 809 4428 etiam
838 4387 986 4427 anno
1011 4371 1145 4426 dum
1190 4385 1323 4442 roga
1358 4386 1530 4442 penes
1569 4370 1924 4427 Stromonem

335 4480 559 4521 amnem
590 4465 794 4535 populo
828 4463 1283 4528 distribueretur,
1331 4462 1613 4519 irruentes
1657 4464 1924 4534 Vulgares

2019 1991 2132 2053 nio,
2159 1999 2221 2044 ut
2252 2006 2320 2045 ex
2350 2007 2584 2061 nequam
2618 1994 2769 2047 illius
2800 1994 3371 2062 argumentationibus
3395 1994 3612 2048 submi-

2018 2081 2274 2148 nistrato,
2329 2083 2740 2137 tumultuantur
2788 2083 3053 2138 adversus
3080 2098 3207 2138 eum
3246 2092 3303 2137 et
3345 2084 3614 2139 adversus

2019 2175 2298 2245 principes
2324 2192 2458 2230 suos
2496 2192 2594 2245 per
2621 2177 2786 2231 horas
2814 2192 2934 2241 sex,
2966 2186 3023 2230 et
3049 2177 3325 2230 irruentes
3349 2186 3614 2245 rumpunt

2020 2268 2369 2323 tabernacula
2400 2269 2664 2337 ipsorum.
2686 2269 2822 2323 Cum
2846 2277 3027 2323 autem
3041 2270 3321 2323 venissent
3338 2284 3511 2338 usque
3541 2269 3613 2323 ad

2019 2359 2451 2429 imperatOrium,
2470 2360 2691 2429 injuriis
2710 2370 2765 2414 et
2792 2360 3099 2414 maledictis
3119 2360 3267 2414 hunc
3283 2360 3619 2413 multissub-

2019 2454 2265 2517 mittunt,
2284 2454 2520 2507 ulterius
2537 2468 2716 2507 senon
2735 2452 3307 2507 suilerreimmensam
3324 2451 3613 2505 avaritiam

2017 2557 2074 2601 et
2091 2564 2327 2618 nequam
2350 2548 2649 2604 moliminis
2671 2550 2792 2618 eius
2805 2549 3051 2602 animum
3072 2548 3402 2617 deierantes.
3433 2546 3611 2601 Atille

2018 2642 2311 2709 repentino
2347 2641 2645 2696 simultatis
2693 2655 2895 2709 pavore
2948 2639 3276 2709 perterritus
3318 2640 3610 2693 surrexita

2019 2747 2225 2786 mensa.
2255 2732 2320 2786 Et
2341 2733 2521 2801 primo
2542 2732 2762 2802 quidem
2787 2748 2885 2802 per
2904 2732 3273 2801 Nicephorum
3292 2748 3356 2785 ac
3385 2730 3612 2785 Petrum

2018 2824 2280 2892 patricios
2313 2824 2642 2895 iuramentis
2684 2832 2740 2878 et
2772 2824 3179 2893 persuadilibus
3204 2823 3392 2877 verbis
3416 2820 3612 2876 sedare

2017 2912 2320 2967 conabatur
2374 2915 2699 2969 exercitum.
2731 2914 2801 2967 At
2844 2913 2920 2967 illi
2949 2913 3161 2967 modica
3220 2913 3407 2982 quiete
3449 2911 3611 2981 potiti

2016 3002 2519 3069 quemdamcollem
2564 3012 2854 3071 ceperunt,
2878 3010 2935 3055 et
2987 3012 3143 3056 actus
3203 3016 3368 3071 quem
3423 3015 3618 3070 persc

2016 3092 2274 3147 manibus
2299 3093 2577 3147 habebant
2602 3094 2761 3147 obliti
2795 3101 2948 3158 sunt,
2980 3094 3144 3162 Kyrie
3176 3093 3403 3157 εἰθίσθη,
3429 3092 3613 3145 excla-

2028 3193 2287 3250 mantes,
2337 3200 2401 3239 ac
2445 3186 2490 3239 si
2536 3201 2704 3255 super
2760 3187 2998 3254 quodam
3063 3194 3225 3239 terra
3299 3192 3450 3238 motu
3499 3182 3605 3236 im»

2028 3276 2282 3332 briumve
2305 3277 2549 3332 defectu.
2568 3278 2663 3332 Ille
2680 3286 2865 3331 autem
2891 3284 3082 3346 utpote
3104 3291 3323 3347 semper
3352 3276 3416 3329 ad
3448 3290 3619 3330 omne

2027 3370 2231 3423 malum
2255 3379 2499 3439 paratus,
2529 3369 2887 3423 clandestinis
2921 3368 3246 3423 muneribus
3276 3376 3441 3423 noctu
3472 3368 3617 3422 mul-

2026 3459 2100 3515 tis
2132 3474 2199 3513 ex
2238 3460 2588 3528 principibus
2623 3459 2896 3528 pellectis,
2936 3459 2992 3512 in
3029 3458 3337 3513 crastinum
3373 3459 3490 3528 ipse
3512 3464 3613 3528 per

2026 3567 2087 3607 se
2127 3553 2307 3621 ipsum
2347 3550 2564 3605 medius
2617 3551 2846 3605 veniens
2887 3548 3164 3603 allocutus
3208 3558 3294 3603 est
3323 3550 3516 3604 turbas
3541 3550 3612 3604 de

2025 3643 2174 3696 omni
2226 3641 2661 3711 tranquillitate,
2710 3653 2777 3694 ac
2823 3654 2991 3707 super
3034 3639 3235 3708 πηραιί
3278 3654 3405 3709 erga
3448 3650 3612 3695 natos

2024 3744 2215 3784 eorum
2261 3728 2463 3784 affectu
2517 3728 2850 3799 iuramentis
2890 3728 3372 3785 horribilibuseos
3398 3731 3610 3784 certit‘t-

2026 3836 2178 3888 cans,
2198 3833 2256 3877 et
2279 3822 2543 3878 continuo
2573 3823 2780 3893 regiam
2806 3822 3147 3892 pervenitad
3179 3822 3399 3887 urbem,
3431 3822 3613 3877 Theo-

2026 3909 2186 3966 dosio
2212 3911 2448 3980 patricio
2472 3927 2537 3967 ac
2556 3913 2965 3982 primoscrinio,
3001 3923 3369 3983 cognomento
3398 3914 3616 3970 Satiba-

2026 4017 2147 4065 ran,
2187 4001 2408 4057 deserto
2428 4002 2498 4055 ad
2533 4002 2963 4073 perdiscendum
2990 4018 3059 4057 ex
3082 4003 3373 4058 alterutris
3392 4016 3491 4059 eos
3511 4004 3611 4073 qui

2027 4094 2357 4150 seditionem
2396 4101 2773 4164 patraverant.
2816 4094 3070 4165 Cumque
3108 4094 3495 4149 multitudines
3525 4111 3617 4149 re-

2025 4195 2563 4259 verterentur,rogas
2586 4187 2668 4243 eis
2691 4187 2835 4257 apud
2856 4186 3152 4241 S.Mamarn
3166 4201 3228 4241 se
3247 4186 3427 4240 tribue
3436 4203 3492 4241 re
3511 4188 3615 4240 tin-

2026 4293 2182 4348 gens,
2224 4278 2473 4334 caedibus
2506 4288 2559 4333 et
2593 4278 2834 4334 tonsoris
2858 4293 2922 4332 ac
2950 4278 3157 4333 exsiliis
3196 4277 3386 4333 multis
3426 4292 3493 4331 ex
3529 4278 3620 4332 eis

2025 4372 2258 4442 punitis,
2310 4370 2692 4447 Chrysopolim
2726 4371 2970 4441 reliquos
3012 4371 3344 4436 transduxit,
3394 4371 3616 4426 calcans

2028 4472 2183 4519 tanta
2215 4473 2275 4519 et
2300 4474 2406 4519 tam
2429 4462 2721 4519 horribilia
2750 4463 3083 4533 iuramenta.
3109 4460 3190 4514 Uli
3218 4476 3357 4514 vero
3384 4469 3619 4530 propter

338 4561 486 4615 hanc
508 4558 856 4624 ademerunt,
883 4558 1007 4612 auri
1038 4558 1210 4613 libras
1240 4566 1464 4613 centum
1488 4567 1548 4612 et
1577 4558 1751 4621 mille,
1784 4558 1929 4613 mul—
1957 4568 2004 4625 ι)
2032 4570 2335 4612 arumnam
2372 4554 2595 4626 igneum
2626 4554 2858 4609 ﬂuvium
2891 4567 3135 4609 meatum
3168 4555 3612 4625 appellaverunt.

339 4665 571 4724 tumque
631 4653 895 4723 populum
924 4651 1251 4707 occiderunt
1302 4666 1431 4705 cum
1462 4660 1700 4719 praetore
1759 4661 1928 4722 atque

339 4746 707 4819 principibus.
748 4745 922 4799 Erant
970 4744 1117 4799 enim
1148 4752 1204 4803 et
1248 4753 1577 4798 caeterorum
1617 4744 1925 4800 thematum

339 4838 552 4894 ibidem
596 4837 764 4892 taxati
803 4835 1081 4906 principes
1110 4850 1223 4890 non
1254 4836 1439 4905 pauci,
1471 4835 1567 4904 qui
1592 4850 1786 4892 omnes
1814 4837 1929 4892 illic

338 4932 576 5002 periere.
614 4930 896 4999 Ceperunt
919 4936 1105 4985 autem
1143 4937 1202 4984 et
1229 4934 1401 4984 totam
1432 4928 1729 4993 sarcinam,
1760 4936 1818 4983 et
1849 4929 1926 4984 ita

340 5022 554 5079 reversi
579 5033 730 5077 sunt.

414 5118 734 5186 Eodemque
755 5123 1038 5170 annoante
1064 5114 1472 5170 solemnitatem
1501 5113 1677 5170 sancti
1707 5114 1930 5170 Pascha

338 5203 619 5269 Grunnius
648 5209 946 5279 Vulgarum
977 5206 1111 5273 dux,
1144 5206 1264 5261 acie
1291 5216 1485 5261 contra
1515 5205 1801 5263 Sardieam
1840 5206 1929 5260 di-

2097 4650 2260 4705 Anno
2286 4648 2508 4717 imperii
2545 4648 2631 4703 sui
2661 4657 2860 4703 octavo
2891 4647 3240 4716 Nicephorus
3261 4656 3390 4717 post
3416 4647 3617 4716 impias

2028 4741 2549 4799 animadversiones
2567 4741 2797 4796 militias
2812 4755 3041 4811 prorsus
3058 4740 3352 4795 humiliare
3371 4749 3620 4796 tractans

2006 4820 2373 4902 Christianos
2397 4825 2617 4888 exsules
2653 4849 2722 4888 ex
2745 4833 2895 4887 omni
2929 4832 3171 4887 themate
3202 4831 3260 4885 in
3281 4830 3619 4886 Sclaviniam

2031 4926 2152 4983 ﬁeri
2191 4926 2380 4997 iussit,
2414 4926 2611 4980 horum
2648 4936 2833 4979 autem
2867 4924 3209 4980 substantias
3259 4922 3617 4979 venumdari.

2032 5019 2102 5074 Et
2124 5026 2244 5073 erat
2285 5018 2404 5072 haec
2430 5033 2521 5072 res
2547 5016 2867 5086 captivitate
2897 5030 3010 5070 non
3042 5015 3247 5079 minor,
3309 5014 3500 5067 multis
3548 5027 3618 5067 ex

2035 5110 2282 5167 amentia
2334 5108 2856 5176 blasphemantibus
2884 5117 2941 5162 et
2978 5106 3331 5160 inimicorum
3359 5105 3622 5158 incursus

2048 5203 2433 5275 poscentibus,
2457 5204 2585 5257 aliis
2613 5200 2978 5256 nihilominus
3008 5198 3157 5254 circa
3203 5196 3506 5266 parentalia
3533 5210 3621 5250 se-

1872 5295 2108 5354 NOTAE.

370 5413 380 5422 '
416 5398 531 5469 (90)
555 5398 733 5469 Laura
762 5395 1183 5469 monasterium.
1214 5394 1474 5469 Synodus
1497 5396 1718 5469 Nicaeus
1740 5401 1850 5469 aet.
1868 5395 1930 5469 Α.

337 5465 592 5526 8χίἱῦτο
615 5469 671 5524 S.
707 5467 863 5523 Saba:
894 5487 906 5522 :
963 5467 1028 5520 δι’
1082 5465 1437 5520 Ἀναπασίου
1472 5465 1566 5520 τοῦ
1606 5466 1796 5529 δουκὸς
1832 5466 1932 5536 τῆς

339 5541 477 5602 νέας
514 5539 720 5607 λαύρας
744 5538 941 5600 αὐτοὺς
968 5536 1190 5602 ἐξέωσε.
1228 5536 1632 5605 Metaphrastes
1678 5536 1833 5607 Sept.
1872 5535 1926 5589 in

337 5609 557 5665 Cbarit.
618 5606 719 5679 τὴν
754 5678 757 5679 ν
794 5608 904 5679 κήδη
974 5607 1441 5679 μνημονευθεῖςαν
1508 5608 1664 5679 ἱερὰν
1723 5606 1930 5675 λαύραν

337 5681 635 5748 οἰκοδομεῖ.
678 5676 841 5733 ’Δίιᾶὸ
866 5676 1290 5748 Constantinum
1324 5676 1424 5748 De
1454 5676 1661 5731 adrnin.
1705 5679 1837 5747 imp.
1873 5692 1927 5744 p.

342 5752 417 5805 55
440 5746 766 5819 ed.'primae,
797 5748 1169 5819 Nicephorum
1200 5746 1484 5819 Gallistunt
1507 5757 1548 5819 t.
1578 5748 1633 5811 2,
1666 5763 1721 5816 p.
1749 5748 1855 5801 555
1870 5755 1928 5819 et

341 5820 472 5882 56i,
516 5817 599 5874 .Ιό.
645 5819 927 5873 Moschum
983 5818 1283 5871 Limonarii
1325 5835 1385 5888 ie.
1424 5818 1475 5888 4.
1518 5817 1842 5888 Anonymus
1868 5818 1921 5872 in

339 5890 707 5946 Constantino
761 5888 962 5944 Leonis
1010 5889 1081 5959 Γ.
1134 5890 1161 5941 ὁ
1214 5888 1269 5941 δὲ
1315 5887 1568 5957 βασιλεὺς
1639 5887 1922 5958 Ῥωμανὺς

2031 5392 2358 5456 ἀποστείλας
2411 5392 2494 5457 εις
2529 5392 2710 5446 πάντα
2750 5388 2819 5443 τὰ
2850 5388 3190 5460 novae-nimia
3221 5385 3319 5439 καὶ
3353 5382 3453 5444 τὰς
3481 5379 3616 5434 latio

2037 5464 2463 5606 ραῗέιξλιξῗίνᾳιί
2487 5539 2846 5606 opponuntur
2865 5528 3150 5583 militibus.
3167 5525 3392 5606 _G_loss;e
3420 5521 3620 5606 :.l5ttb-

2107 5548 2220 5606 (ut)
2256 5548 2463 5588 Privati
2487 5548 2520 5587 ο
2562 5548 2846 5603 ponuntur
2865 5548 3150 5583 nummus.
3188 5548 3433 5606 messae;
3471 5548 3572 5575 ww

2035 5607 2213 5680 mque
2269 5548 2774 5680 y._ow6;.‘£rivatus
2809 5613 3081 5680 paganus,
3129 5592 3525 5680 plebeius.‘_ln.
3560 5662 3572 5680 Β

2108 5674 2223 5745 (92)
2262 5672 2509 5751 Expers]
2567 5674 2803 5743 peritus.
2884 5669 3618 5751 Dositheusumagister'in

2034 5732 2304 5800 (ἱιόδδὰνὶο
2335 5732 2602 5814 {exponi
2634 5757 2859 5813 gnarus,
2893 5740 3102 5814 sciens.
3146 5732 3479 5814 Glossaifium
3514 5732 3621 5786 La-

2030 5806 2513 5939 ;iuo-Cra’cuni:
2589 5806 2811 5884 cfpers,
2872 5813 3096 5881 ἄπειρος
3164 5809 3257 5861 καὶ
3334 5806 3620 5876 ἔμπειρος.

2052 5903 2083 5938 o

2052 5903 2083 5938 D
