4100 6454
571 393 711 460 1113

1666 384 2073 451 ANASTASII
2130 380 2770 445 BIBLIOTHECARII

3676 392 3789 459 liii)

567 513 760 583 pulcra
785 505 1214 564 tamentantibus
1237 514 1294 560 ct
1324 503 1618 558 defunctos
1639 501 1834 556 beatos
1852 513 2174 556 asscveran-
2201 501 2245 557 Α
2277 493 2506 565 quidam
2545 505 2666 550 erat
2702 493 2757 548 in
2792 492 2914 548 foro
2941 507 3008 548 ex
3041 491 3327 547 laboribus
3372 493 3482 549 suis
3511 495 3725 570 locuples
3747 519 3792 562 ει

577 593 1020 658 tibus.Fueruut
1049 606 1231 653 autem
1261 609 1319 651 et
1341 595 1434 666 qui
1475 593 1792 665 suspendiis
1810 593 1896 647 usi
1919 601 2070 657 sunt,
2102 597 2163 644 ut

579 711 610 748 a
645 691 804 746 malis
849 689 1222 758 eriperentur.
1267 684 1488 740 Etenim
1541 681 1866 746 immobilia,
1897 696 2020 750 quae
2075 679 2163 739 in—

571 791 756 848 erant,
797 779 903 836 sibi
929 793 1116 834 secum
1151 777 1295 832 ferre
1333 791 1448 830 non
1490 782 1766 844 poterant,
1821 779 1876 825 et
1904 769 2164 826 substan-

583 876 746 940 tiam,
771 889 938 942 quam
968 887 1037 926 ex
1070 867 1458 940 parentalibns
1487 865 1774 921 doloribus
1805 863 2168 934 possederant

569 965 846 1036 perditam
869 960 1410 1030 contemplabantur,
1439 967 1495 1012 et
1519 955 1935 1027 impossibilitas
1975 952 2164 1008 omnis

569 1071 763 1112 omnes
781 1054 1041 1110 habebat.
1061 1053 1186 1107 Haec
1205 1051 1424 1120 quidem
1450 1049 1702 1104 inchoata
1725 1055 1852 1102 sunt
1865 1062 1896 1100 a
1914 1045 2164 1114 Septem-

568 1149 694 1204 brio
729 1162 942 1210 mense,
969 1159 1134 1215 porro
1178 1143 1327 1198 circa
1357 1141 1565 1196 Pascha
1606 1139 1756 1192 finita
1783 1147 1932 1192 sunt.
1955 1136 2163 1191 Secun-

571 1241 698 1294 dam
730 1252 865 1292 vero
885 1250 1012 1290 cum
1039 1234 1144 1288 hac
1181 1232 1530 1287 aﬂlictionem
1567 1229 1890 1293 admovens,
1920 1226 2162 1281 militare

567 1332 834 1405 praecepit
873 1343 1076 1402 egenos
1119 1336 1178 1382 et
1214 1326 1416 1381 armari
1449 1324 1714 1379 adversus
1751 1320 2164 1390 compatriotas,

569 1429 826 1482 conlerre
848 1421 1215 1477 nihilominus
1239 1420 1408 1474 etiam
1438 1417 1630 1472 decem
1661 1423 1717 1469 et
1751 1422 1877 1469 octo
1901 1427 1966 1467 ac
1989 1412 2158 1467 dimi-

569 1519 730 1575 dium
756 1515 1034 1572 nomisma
1069 1529 1168 1584 per
1192 1512 1440 1582 singulos
1488 1509 1641 1573 ﬁsco,
1687 1523 1797 1562 una
1841 1521 1968 1561 cum
2011 1505 2165 1560 omni

574 1609 936 1680 proximitate
961 1607 1168 1661 tributa
1206 1603 1449 1674 publica.
1487 1601 1732 1654 Tertiam
1761 1597 2163 1668 malignitatem

572 1701 827 1756 inferens
851 1697 1016 1768 jussit
1053 1694 1399 1766 perpendere
1417 1700 1474 1746 et
1497 1691 1688 1761 augeri
1715 1690 1911 1744 horum
1932 1689 2161 1752 tributa,

571 1803 627 1847 et
661 1797 923 1862 praestare
976 1785 1432 1842 cbartiaticorum
1477 1796 1644 1838 causa
1699 1781 1930 1852 siliquas
1979 1781 2163 1836 binas.

2267 588 2404 642 nihil
2440 603 2632 657 egens.
2666 585 2788 652 Quo
2815 584 3083 640 accersito
3111 583 3360 637 omnium
3413 599 3566 641 vorax
3595 592 3795 662 impera.

2268 687 2354 734 tor
2386 679 2464 732 ait
2495 695 2512 732 :
2539 677 2686 731 Pone
2712 692 2934 731 manum
2965 683 3111 729 tuam
3138 676 3193 728 in
3243 676 3434 729 vertice
3477 694 3603 744 meo,
3626 693 3670 734 et
3687 687 3797 754 jura

2265 779 2525 842 quantum
2555 770 2650 824 tibi
2677 771 2744 823 sit
2775 782 2990 823 aurum.
3017 766 3122 834 Qui
3167 783 3359 838 parum
3388 776 3630 839 tanquam
3674 777 3800 832 indi-

2264 877 2404 933 gnus
2434 876 2722 927 recusans,
2754 869 2982 916 coactus
3026 868 3112 914 est
3146 859 3216 913 ab
3253 873 3320 913 eo
3376 860 3549 914 facere
3594 863 3706 925 hoc.
3755 877 3803 923 et

2267 963 2491 1010 centum
2537 954 2710 1008 libras
2746 969 2805 1007 se
2834 952 2974 1008 dixit
3007 951 3249 1017 habere,
3299 967 3436 1021 quas
3463 954 3643 1010 eadem
3689 958 3804 1016 hora

2264 1046 2529 1116 praecepit
2552 1044 2762 1110 afferri,
2799 1044 2993 1098 dicens
3022 1060 3035 1096 :
3069 1042 3150 1097 Tu
3183 1044 3309 1114 quid
3357 1060 3482 1112 opus
3509 1045 3652 1102 habes
3681 1051 3804 1107 80m;

2265 1137 2468 1192 citari?
2501 1137 2706 1208 prande
2739 1152 2963 1202 mecum,
2985 1145 3035 1190 et
3067 1134 3193 1190 tolle
3235 1135 3396 1190 libras
3425 1136 3611 1204 decem,
3657 1151 3701 1194 ct
3740 1143 3803 1199 his

2264 1230 2398 1283 uade
2429 1236 2728 1283 contentus.

2336 1321 2497 1376 Anno
2538 1320 2756 1391 imperii
2787 1320 2874 1376 sui
2900 1334 3050 1374 nono
3071 1318 3419 1389 Nicephorus
3455 1332 3635 1379 contra
3669 1324 3806 1383 Chri.

2267 1414 2480 1468 stianos
2513 1413 2940 1469 adinventiones
2970 1412 3242 1477 extendit,
3296 1411 3657 1483 inspectiones
3709 1420 3807 1476 sine

2267 1507 2459 1561 Deoin
2493 1507 2869 1576 emptionibus
2916 1505 3304 1564 animantium.
3357 1505 3682 1562 diversorum
3733 1527 3810 1580 pa-

2268 1599 2529 1654 bulorum
2557 1615 2622 1653 ac
2654 1598 2934 1653 fructuum
2967 1598 3223 1668 injustas,
3277 1596 3611 1654 titulationes
3656 1608 3706 1654 et
3744 1602 3812 1672 ja-

2269 1699 2456 1746 cturas
2476 1691 2814 1762 principum,
2845 1690 3226 1756 fenerationes
3252 1690 3308 1744 in
3343 1689 3592 1755 navibus,
3613 1693 3696 1761 qui
3717 1709 3814 1747 om-

2269 1783 2434 1839 nibus
2496 1782 2676 1852 legem
2740 1782 2983 1854 ponebat
3033 1798 3102 1837 ne
3148 1782 3216 1837 ad
3271 1797 3496 1837 usuram
3551 1783 3812 1854 quidquam

574 1885 646 1939 Et
693 1882 762 1936 ad
818 1889 1074 1951 quartam
1139 1877 1442 1947 nequitiam
1500 1891 1654 1931 suam
1711 1874 1922 1929 reditus
1975 1869 2243 1929 omnesB
2275 1876 2640 1938 tribueretur,
2668 1883 2726 1929 et
2748 1875 2853 1929 alia
2875 1873 3017 1930 dena
3039 1873 3498 1929 milliamalorum
3519 1887 3814 1944 commenta,

575 1977 766 2047 augeri
795 1974 1080 2046 praecepit.
1109 1971 1316 2038 Quinta
1349 1985 1484 2024 vero
1510 1969 1806 2023 afﬂictione
1837 1968 1984 2022 illata
2015 1982 2046 2021 a
2075 1981 2169 2020 ve-

580 2068 918 2125 nerabilium
977 2065 1280 2121 domorum
1340 2061 1651 2132 inquilinis.
1709 2061 2168 2132 orphanotrophii

577 2163 801 2218 scilicet
825 2169 884 2217 et
914 2159 1297 2230 hospitalium,
1346 2156 1789 2226 gerocomiorum
1841 2169 2064 2225 quoque
2105 2169 2170 2209 ac

580 2255 954 2312 ecclesiarum
980 2261 1037 2308 et
1075 2251 1543 2308 monasteriorum
1574 2249 1864 2321 regalium.
1894 2265 1996 2320 per
2051 2249 2168 2304 sin-

581 2344 742 2413 gulos
770 2341 924 2396 focos
966 2355 1168 2395 census
1213 2339 1359 2409 exigi
1387 2353 1418 2392 a
1456 2339 1636 2409 primo
1688 2339 2000 2410 tyrannidis
2050 2340 2171 2409 ejus

577 2449 727 2488 anno
755 2433 1037 2504 prrecepit.
1069 2433 1342 2487 Caeterum
1379 2447 1628 2500 quaequa:
1661 2431 1890 2488 meliora
1921 2443 2084 2487 erant
2108 2432 2164 2485 in

579 2524 770 2590 rebus,
814 2523 868 2578 in
898 2522 1106 2594 regiam
1141 2522 1479 2577 curatoriam
1523 2521 1726 2578 deferri
1748 2523 1996 2594 jubebat.
2031 2522 2169 2578 Sex-

581 2627 696 2671 tam
731 2630 1087 2670 commovens
1118 2613 1497 2676 alllictionem,
1537 2613 1736 2684 inspici
1766 2630 1797 2668 a
1841 2616 2168 2684 praetoribus

583 2707 748 2778 jubet
780 2722 879 2762 eos
908 2706 1003 2776 qui
1031 2722 1100 2761 ex
1138 2712 1461 2775 paupertate
1491 2713 1720 2775 repente
1755 2705 1927 2760 creati
1956 2713 2165 2771 essent,

579 2809 640 2854 et
667 2798 738 2852 ab
768 2797 856 2852 his
893 2798 1158 2868 pecunias
1185 2796 1329 2866 exigi
1351 2795 1506 2866 quasi
1534 2796 1603 2850 ab
1630 2796 2017 2852 inventoribus
2045 2797 2168 2851 the-

580 2905 899 2947 saurorum.
954 2888 1262 2959 Septimam
1286 2903 1508 2958 quoque
1547 2887 1912 2943 adinveniens
1937 2903 2037 2943 eos
2067 2887 2165 2959 qui

582 2989 717 3036 ante
744 2981 813 3036 20
835 2978 1009 3037 ann'os
1039 2980 1389 3045 invenerant,
1419 2988 1478 3034 et
1511 2995 1686 3049 usque
1720 2980 1906 3037 adhuc
1957 2981 2166 3036 dolium

581 3079 681 3126 aut
710 3087 805 3126 vas
823 3070 1217 3140 quodcunque,
1247 3071 1510 3126 omnibus
1563 3071 1802 3142 propriis
1835 3070 2039 3141 privari
2069 3087 2166 3140 pe-

583 3162 788 3216 cuniis.
821 3161 1109 3226 Octavam,
1127 3175 1225 3215 eos
1252 3161 1349 3230 qui
1379 3177 1447 3216 ex
1474 3161 1590 3216 avis
1622 3161 1708 3216 vel
1756 3160 2009 3232 patribus
2050 3161 2166 3216 lue-

2283 1980 2520 2036 quorum
2559 1967 2915 2036 particularis
2949 1966 3182 2022 historia
3216 1981 3453 2021 onerosa
3504 1975 3586 2021 est
3633 1967 3710 2022 his
3739 1970 3816 2038 qui

2270 2057 2693 2128 compendiosas
2726 2057 2942 2114 discere
2974 2073 3168 2112 causas
3207 2057 3538 2127 'exquirunt.
3591 2058 3699 2112 Kal.
3740 2075 3818 2113 au-

2277 2161 2387 2206 lem
2415 2149 2771 2215 Octobribus,
2806 2151 2970 2205 tertia
3004 2150 3164 2216 feria,
3188 2150 3480 2221 evaginato
3499 2150 3708 2220 quidam
3729 2150 3820 2205 dis-

2271 2231 2484 2316 sipatus
2508 2244 2564 2299 in
2593 2243 2788 2299 habitu
2818 2243 3074 2298 monachi
3106 2243 3289 2315 gladio
3310 2242 3593 2314 cujusdam
3613 2241 3818 2297 militan-

2277 2342 2412 2396 tium
2447 2337 2696 2395 cucurrit
2735 2338 2792 2392 in
2820 2338 3109 2408 palatium,
3143 2337 3518 2408 Nicephorum
3547 2334 3821 2390 interﬁcere

2277 2445 2554 2501 quaerens.
2589 2430 2708 2484 Duo
2735 2444 2869 2483 vero
2901 2445 2968 2484 ex
3003 2428 3091 2482 his
3120 2428 3216 2498 qui
3269 2425 3716 2488 circumstabant,
3763 2425 3824 2479 ir-

2272 2532 2500 2577 ruentes
2535 2520 2593 2574 in
2628 2536 2781 2584 eum,
2817 2521 3084 2575 atrociter
3135 2519 3418 2574 vulnerati
3468 2528 3594 2574 sunt
3621 2509 3821 2572 ab‘illo.

2270 2614 2721 2684 Comprehensus
2759 2621 2946 2668 autem
2977 2618 3034 2667 et
3065 2611 3256 2666 multis
3299 2611 3480 2682 poenis
3507 2609 3722 2664 aﬂ'ectus
3745 2624 3824 2663 evo

2271 2707 2486 2763 cusavit
2517 2722 2596 2771 se,
2653 2705 2990 2761 daemonium
3045 2705 3254 2760 habere
3307 2703 3677 2775 praetendens,
3726 2702 3826 2756 nul-

2271 2801 2500 2869 lumque
2527 2813 2759 2869 prorsus
2802 2812 3090 2852 accusans.
3119 2795 3190 2851 At
3241 2795 3335 2851 ille
3395 2795 3546 2849 hunc
3595 2793 3648 2847 in
3703 2792 3825 2863 ligno

2272 2889 2519 2946 munivit
2547 2905 2673 2944 cum
2705 2887 3074 2960 patientibus.
3128 2887 3284 2942 Multi
3315 2902 3454 2958 ergo
3478 2885 3728 2955 deinceps
3752 2900 3831 2939 au-

2271 2982 2450 3054 gurali
2480 2989 2634 3047 sunt,
2661 2980 2909 3037 enormis
2938 2979 3058 3036 fore
3088 2980 3218 3034 mali
3252 2980 3362 3034 hoc
3389 2978 3606 3050 signum
3640 2991 3830 3032 asseve-

2273 3082 2463 3128 rantes
2494 3080 2606 3129 tam
2641 3071 3050 3142 imperantibus
3075 3085 3242 3142 quam
3277 3071 3564 3144 subjectis,
3597 3066 3832 3140 quemad-

2273 3166 2499 3222 modum
2524 3165 2658 3222 etin
2685 3163 2856 3235 impio
2888 3163 3143 3219 Nestorio
3170 3159 3376 3218 factum
3404 3170 3510 3218 est.
3542 3161 3835 3216 Manichaee.

585 3252 969 3309 reditaverant
1019 3261 1078 3308 et
1125 3251 1304 3307 divisa
1349 3253 1657 3308 substantia
1721 3268 1992 3324 pauperes
2043 3253 2170 3308 facti
2199 3257 2242 3317 ο
2275 3274 2400 3313 rum
2449 3273 2626 3324 vero,
2686 3257 2784 3328 qui
2863 3272 3017 3312 nunc
3083 3255 3392 3311 Paulieiani
3461 3263 3518 3310 et
3573 3251 3837 3324 Athingani

584 3345 829 3412 fuerant,
857 3360 924 3400 ex
952 3343 1161 3399 eisdem
1188 3344 1351 3418 annis
1377 3344 1449 3399 20
1489 3344 1921 3400 redhibitionem
1949 3345 2174 3416 publico

587 3437 841 3509 praebere
866 3436 1120 3508 jubebat.
1171 3436 1242 3491 Et
1270 3451 1366 3490 eos
1408 3436 1505 3507 qui
1549 3446 1805 3492 emerant
1837 3431 1994 3492 extra
2028 3439 2177 3510 Aby-

583 3529 719 3584 dum
743 3544 976 3599 corpora
1005 3528 1249 3593 servilia,
1277 3528 1406 3584 bina
1439 3529 1774 3584 numismata
1805 3529 1862 3584 in
1907 3531 2175 3586 tributum

584 3621 722 3678 dare
770 3621 1054 3692 praecepit,
1115 3621 1353 3677 maxime
1406 3621 1530 3676 illos
1580 3623 1677 3693 qui
1730 3623 1786 3677 in
1834 3618 2177 3679 Dedecaniso

583 3722 764 3770 erant.
798 3712 1033 3777 Nonam,
1066 3725 1376 3772 nauccros.
1408 3713 1502 3781 qui
1529 3711 1856 3768 habitabant
1877 3705 2174 3779 maritima,

585 3815 645 3862 et
701 3803 936 3859 maxime
1027 3804 1258 3859 minoris
1327 3805 1508 3871 Asia,
1587 3822 1870 3877 nunquam
1954 3816 2177 3864 terreno

586 3897 780 3954 labore
812 3896 1088 3960 viventes,
1133 3911 1322 3952 emere
1375 3897 1446 3952 de
1486 3897 1657 3953 rebus
1688 3913 1812 3969 quae
1831 3898 1902 3954 ab
1942 3900 2038 3955 illo
2090 3916 2180 3956 ra-

587 3989 888 4060 piebantur
939 3988 1172 4059 cogebat
1211 4027 1226 4052 ,
1263 3998 1548 4060 utcunque
1608 3993 2058 4061 appretiarentur
2108 3994 2178 4050 ab

556 4081 558 4084 ’
591 4080 734 4151 ipso.
765 4078 1069 4145 Decimam,
1096 4079 1411 4151 insignibus
1451 4080 2013 4153 Constantinopoleos
2041 4093 2193 4140 nau-‘

590 4171 784 4229 cleriis
806 4171 1060 4228 collectis
1099 4171 1255 4226 dedit
1288 4171 1355 4227 ad
1389 4188 1615 4228 usuram
1665 4183 1909 4245 quatuor
1939 4177 2169 4247 siliqua-

589 4279 715 4319 rum
747 4263 1045 4328 numisma,
1071 4279 1201 4318 cum
1241 4265 1365 4319 auri
1407 4265 1672 4320 librarum
1705 4267 1998 4324 duodecim
2047 4285 2179 4340 per-

591 4354 898 4419 solverent,
946 4353 1110 4408 simul
1151 4362 1208 4408 et
1245 4364 1514 4410 consueta
1556 4359 1912 4414 commercia.
1942 4360 2069 4416 llaec
2109 4375 2180 4416 ex

593 4445 782 4500 multis
821 4446 956 4500 mihi
996 4448 1316 4502 summatim
1366 4464 1543 4518 pauca
1573 4449 1855 4522 descripta
1901 4461 2052 4518 sunt,
2105 4455 2182 4508 si-

593 4535 878 4607 gnificanti
912 4537 1302 4592 multimodum
1359 4539 1480 4610 ejus
1532 4538 1603 4593 ad
1654 4554 1879 4596 omnem
1935 4542 2178 4612 speciem

594 4605 846 4682 avaritia:
877 4629 1162 4684 molimen.
1195 4628 1328 4696 Quae
1355 4605 1505 4684 enim
1531 4630 1586 4685 in
1617 4631 1770 4702 regia
1801 4631 1939 4686 urbe
1965 4605 2182 4703 primo-
2217 4605 2258 4659 ί)

595 4719 754 4774 ribus
785 4720 1162 4777 mediocribus
1203 4731 1262 4778 et
1311 4722 1530 4794 exiguis
1581 4731 1806 4780 ostensa
1849 4734 1982 4781 sunt
2017 4727 2182 4794 mala,

596 4820 885 4882 nequeunt
927 4814 1120 4879 scribi,
1155 4815 1294 4876 alios
1316 4816 1540 4886 quidem
1561 4831 1629 4872 eo
1656 4817 2023 4889 investigante
2051 4833 2188 4890 qua-

593 4904 724 4960 liter
751 4903 904 4958 domi
955 4905 1226 4975 viverent,
1279 4922 1346 4962 ae
1396 4909 1760 4964 submittente
1816 4910 2184 4981 malignorum

595 4995 871 5064 quosdam
921 5009 1214 5050 servorum
1265 4997 1567 5069 derogandi
1599 4998 1865 5061 dominis,
1897 5009 1954 5055 et
1984 5000 2041 5054 in
2069 5001 2188 5072 pri-

595 5087 833 5143 mordiis
859 5088 1019 5159 quasi
1051 5088 1342 5144 dubitante
1365 5107 1534 5162 super
1555 5093 1643 5148 his
1666 5109 1790 5164 qua:
1830 5093 2186 5160 dicebantur,

595 5181 802 5237 deinde
842 5197 978 5238 vero
1015 5181 1326 5238 afﬁrmante
1378 5185 1732 5240 calumniam.
1765 5187 1825 5241 ld
1875 5187 2057 5258 ipsum
2090 5204 2188 5243 au-

598 5283 710 5328 tem
737 5283 794 5329 et
823 5290 992 5345 super
1023 5275 1363 5346 ignobilibus
1380 5277 1628 5346 gerebat,
1655 5279 1852 5350 dignos
1877 5281 2188 5337 honoribus

593 5366 851 5437 judicans
893 5367 1273 5424 detrahentes.
1313 5370 1587 5426 Praeterea
1639 5371 1931 5427 domorum
1980 5373 2189 5431 multos

601 5460 977 5516 habitatorum
1007 5477 1035 5516 a
1062 5461 1236 5532 prima
1261 5463 1316 5517 in
1343 5463 1564 5518 tertiam
1607 5465 2016 5535 generationem
2051 5467 2190 5521 sub-

599 5551 878 5616 vertebat,
914 5569 1010 5623 spe
1036 5553 1216 5610 fretus
1244 5556 1390 5626 quod
1420 5565 1630 5626 quanto
1661 5557 1902 5612 celerius
1935 5568 2186 5626 ruerent,

604 5651 761 5696 tanto
798 5643 898 5699 has
933 5646 1052 5715 ipse
1084 5645 1230 5702 foret
1259 5648 1585 5704 haereditate
1605 5649 1772 5705 citius
1801 5664 2188 5720 possessurus.

605 5733 843 5801 Dignum
875 5749 1061 5792 autem
1096 5747 1267 5794 estut
1294 5748 1353 5795 et
1385 5740 1494 5796 hoc
1526 5755 1695 5797 causa
1745 5741 2045 5812 voluptatis
2093 5757 2193 5798 seu

602 5825 1001 5898 paradigmatis
1041 5833 1322 5890 memoriae
1346 5833 1822 5892 commendemus.
1871 5833 2194 5893 Cerularius

2277 3351 2563 3416 dicuntur,
2590 3350 2799 3421 quique
2827 3349 2884 3404 in
2916 3348 3152 3421 Phrygia
3181 3356 3241 3404 et
3261 3347 3542 3420 Lycaonia
3586 3343 3838 3401 constituti

2277 3441 2526 3499 confines
2565 3449 2622 3497 et
2649 3440 2818 3496 vicini
2847 3442 2968 3511 ejus
2991 3438 3366 3503 habebantur,
3402 3437 3617 3492 amicus
3647 3433 3839 3491 ferven-

2278 3535 2536 3592 tissimus
2558 3541 2699 3600 erat,
2741 3531 3028 3604 responsis
3060 3547 3256 3587 eorum
3311 3545 3537 3595 semper
3565 3536 3622 3584 et
3667 3528 3838 3581 immo-

2277 3628 2582 3683 lationihns
2612 3626 3048 3698 congratulatus,
3108 3625 3167 3679 in
3230 3623 3463 3696 quibus,
3529 3631 3586 3678 et
3650 3617 3842 3691 quando

2279 3717 2566 3772 Bardanus
2595 3716 2867 3787 patricius
2895 3724 3087 3771 contra
3113 3730 3171 3770 se
3203 3713 3537 3780 insurrexit,
3574 3711 3660 3766 his
3697 3709 3842 3764 advo-

2281 3811 2421 3866 eatis
2453 3809 2605 3864 hunc
2637 3808 3022 3864 molitionibus
3053 3807 3302 3878 ipsorum
3355 3806 3599 3877 subegit.
3629 3803 3846 3858 Taurum

2282 3903 2491 3974 quippe
2527 3901 2584 3956 in
2631 3891 2873 3970 quodam
2917 3899 3041 3954 lacu
3075 3899 3258 3955 ferreo
3295 3899 3426 3970 palo
3457 3897 3715 3954 cornibus
3746 3894 3845 3949 alli-

2283 4008 2419 4066 gans
2455 3993 2520 4048 ad
2556 4001 2762 4047 terram
2791 3991 3177 4056 incurvatum,
3215 3991 3296 4046 sic
3350 3990 3489 4045 dum
3541 3988 3769 4060 mugiret
3805 3992 3850 4040 et

2281 4086 2634 4139 volntaretur
2663 4081 2846 4137 occidi
2886 4081 3045 4147 fecit,
3090 4081 3371 4154 hujusqne
3401 4091 3616 4137 vestem
3644 4081 3697 4134 in
3729 4076 3848 4132 mola

2283 4193 2446 4232 versa
2463 4178 2585 4232 vice
2618 4176 2832 4231 molens
2856 4182 2914 4230 et
2933 4175 3412 4230 incantationibus
3435 4189 3575 4230 usus
3593 4171 3852 4228 victoriam

2285 4271 2431 4336 tulit,
2462 4270 2818 4342 permittente
2849 4269 2961 4324 Deo
2977 4277 3205 4339 propter
3231 4268 3652 4323 multitudinem
3689 4279 3854 4336 pecca-

2285 4374 2467 4420 torum
2490 4362 2828 4418 nostrorum.
2847 4360 2944 4416 lsti
2969 4363 3151 4416 locum
3177 4360 3281 4416 sub
3300 4362 3542 4434 imperio
3565 4363 3684 4434 ejus
3697 4355 3854 4427 adepti

2285 4467 2417 4512 sunt
2469 4455 2745 4526 intrepide
2772 4454 3175 4522 conversandi;
3211 4455 3360 4512 unde
3393 4455 3562 4511 multi
3617 4453 3855 4509 leviorum

2290 4547 2535 4603 infandis
2587 4562 2785 4602 eorum
2813 4547 3067 4618 corrupti
3093 4558 3223 4603 sunt
3254 4548 3446 4604 sectis.
3475 4548 3538 4603 In
3588 4541 3858 4604 Exacionio

2290 4653 2425 4693 vero
2477 4636 2702 4708 quidam
2766 4636 2938 4692 falsus
2988 4637 3229 4693 eremita
3254 4637 3521 4694 Nicolaus
3567 4635 3780 4692 nomine
3814 4639 3860 4686 et

2293 4727 2520 4799 quidam
2547 4742 2675 4783 cum
2701 4742 2770 4783 eo
2793 4726 3100 4798 blasphemi
3131 4727 3262 4783 facti
3297 4727 3528 4783 fuerant
3556 4727 3720 4782 etiam
3745 4718 3858 4776 recti

2294 4820 2570 4876 sermonis
2619 4819 3138 4890 venerabiliumque
3198 4821 3512 4892 imaginum
3567 4811 3859 4875 adversarii.

2293 4928 2435 4984 quos
2469 4913 2818 4984 Nicephorus
2852 4912 3224 4980 defendebat,
3259 4923 3319 4970 et
3371 4927 3664 4969 summum
3709 4921 3862 4965 sacer.

2287 5005 2474 5060 dotem
2525 5020 2832 5076 omnesque
2860 5005 3166 5061 secundum
3198 5006 3372 5062 Deum
3403 5006 3666 5061 viventes
3706 5001 3863 5057 tristes

2285 5099 2390 5153 hac
2418 5113 2519 5168 pro
2544 5112 2711 5154 causa
2743 5098 3032 5154 reddebat.
3053 5099 3208 5170 Saepe
3228 5115 3479 5170 namque
3503 5098 3765 5154 adversus
3787 5107 3864 5147 eos

2285 5189 2698 5260 queritantibus
2721 5190 3042 5261 indignatus
3059 5200 3164 5255 est,
3189 5189 3520 5245 inimicitias
3539 5189 3766 5244 invicem
3789 5199 3866 5238 co-

2283 5281 2622 5352 agitantibus
2673 5282 2834 5338 valde
2884 5285 3304 5354 congratulans,
3343 5282 3618 5339 deridens
3676 5288 3867 5334 omnem

2293 5373 2668 5430 Christianum
2688 5375 3001 5446 proximum
3034 5376 3354 5447 diligentem
3375 5377 3557 5433 veluti
3583 5375 3868 5430 divinorum

2297 5467 2682 5522 mandatorum
2706 5483 2936 5524 eversor
2960 5485 2974 5535 ;
2995 5469 3086 5524 cui
3105 5471 3350 5525 studium
3380 5479 3513 5524 erat
3529 5467 3736 5541 judicia
3760 5462 3872 5518 irra-

2296 5562 2584 5617 tionabilia
2615 5563 3037 5619 etrationabilia
3066 5572 3259 5619 contra
3283 5578 3510 5619 onmem
3543 5562 3812 5618 hominem
3829 5555 3873 5609 in

2302 5655 2614 5725 Magnam-ae
2640 5657 2887 5727 poenalia
2935 5657 3342 5722 commovendi,
3375 5672 3509 5727 qua:
3538 5668 3703 5712 nemo
3736 5663 3874 5707 vaca-

2301 5755 2386 5801 ret
2411 5762 2576 5817 agere
2609 5749 2875 5804 adversus
2928 5748 3242 5820 impietates
3268 5749 3409 5820 ejus.
3449 5748 3708 5819 Denique
3755 5740 3877 5797 mili-

2303 5847 2453 5894 tares
2475 5839 2760 5912 principes
2800 5856 2954 5899 more
2988 5857 3276 5898 servorum
3307 5841 3384 5898 uti
3418 5839 3706 5913 episcopis
3734 5844 3782 5892 ct
3808 5834 3875 5888 in-
