4100 6492
414 438 554 515 itl'l

1234 448 1603 510 HISTORIA
1642 447 2220 510 ECCIESIASTICA
2249 449 2348 509 EX
2376 449 2864 511 'I’IIEGPIIANE.

3551 454 3688 522 1418

411 559 634 617 ferioris
672 558 886 615 ordinis
915 558 1135 616 clericis
1159 561 1343 632 jussit,
1400 560 1688 614 audituros
1722 561 2002 630 episcopis
2035 572 2076 618 Α
2106 561 2288 623 cabat.
2319 569 2372 616 et
2403 562 2769 633 principibus,
2814 561 2910 632 qui
2957 563 3249 619 introitum
3310 565 3692 636 inhibuerant,

406 657 464 709 et
495 655 849 717 monasteria,
881 664 937 708 et
968 653 1055 708 his
1086 670 1208 724 qua:
1233 669 1428 708 eorum
1462 664 1651 708 essent
1686 653 2002 707 aucturabi-

409 745 535 798 liter
555 743 865 808 abusurcs;
919 759 1128 814 eosque
1152 744 1247 813 qui
1275 760 1305 798 a
1339 745 1542 798 saeculo
1569 744 1776 798 divinis
1799 754 1998 798 contu-

406 837 587 889 lerant
610 835 895 905 obsequiis
909 850 1078 890 aurea
1097 836 1185 890 vel
1207 843 1465 906 argentea
1484 850 1612 890 vasa
1631 835 1998 906 vituperabat,

405 936 462 982 ct
491 927 856 982 ecclesiarum
885 942 1119 997 quaeque
1171 937 1385 983 sacrata
1443 944 1543 999 pro
1602 928 2002 984 communibus

409 1021 602 1075 haberi
640 1020 868 1090 dignum
899 1020 1022 1074 fore
1045 1019 1470 1091 dogmatizabat,
1514 1022 1686 1076 instar
1709 1021 1866 1076 ludat
1897 1021 2002 1075 tale

305 1099 324 1110 ’
404 1113 546 1182 quid
599 1127 768 1183 super
805 1112 1094 1168 Dominico
1127 1113 1480 1169 decernentis
1521 1123 1826 1185 unguento.
1887 1115 1998 1168 Au-

410 1214 715 1262 tecessores
745 1221 882 1260 vero
927 1221 1060 1261 suos
1102 1205 1467 1276 imperatores
1516 1207 1806 1260 universos
1851 1206 2003 1259 velut

409 1297 752 1368 improvidos
776 1298 1095 1364 accusabat,
1123 1299 1459 1368 generaliter
1511 1299 1760 1353 omnium
1813 1297 2000 1368 provi-

409 1391 650 1446 dentiam
677 1391 955 1458 auferens,
981 1393 1231 1448 simulet
1269 1394 1461 1450 dicens
1505 1395 1782 1450 neminem
1839 1409 1999 1465 posse

410 1483 772 1554 imperantem
805 1485 1233 1551 circumveniri,
1269 1486 1314 1540 si
1343 1487 1654 1541 volueritis
1688 1487 1781 1557 qui
1827 1487 2002 1556 impe-

408 1583 494 1630 rat
523 1585 754 1630 strenue
789 1577 1166 1647 principatum
1198 1586 1410 1635 tenere.
1433 1579 1547 1635 Sed
1595 1595 1770 1635 vanus
1820 1578 1999 1634 factus

406 1675 493 1723 est
535 1669 590 1726 in
653 1669 1090 1740 cogitationibus
1140 1671 1258 1728 suis
1313 1672 1581 1727 divinitus
1635 1672 1990 1727 occidendus.

407 1763 622 1818 Interea
651 1778 838 1818 mense
879 1763 1187 1819 Februario
1217 1765 1468 1835 ejusdem
1521 1764 1750 1821 decimae
1783 1775 1997 1836 quarL'e

406 1855 751 1922 indictionis,
783 1857 962 1926 primo
995 1858 1224 1913 sabbato
1253 1859 1616 1930 jejuniorum,
1672 1859 1820 1914 obvii
1865 1859 1993 1917 facti

407 1949 669 2005 Saraceni
698 1966 871 2020 penes
895 1951 1225 2006 Euchaitam
1247 1951 1420 2007 Leoni
1455 1952 1674 2023 praetori
1707 1953 1995 2009 Armenia-

412 2058 632 2108 corum,
667 2042 939 2099 deferenti
967 2044 1228 2100 thematis
1247 2060 1456 2116 rogam,
1489 2045 1632 2101 hanc
1653 2046 1998 2102 abstulerunt

404 2150 531 2190 cum
551 2135 912 2191 multitudine
937 2136 1128 2207 populi
1159 2137 1402 2208 copiosa.
1430 2138 1664 2194 ‘Talenta
1688 2155 1820 2195 vero
1835 2149 1996 2194 erant

402 2228 704 2296 sexdecim,
729 2245 850 2298 quze
880 2238 1011 2284 sunt
1044 2229 1200 2285 librae
1221 2230 1370 2285 mille
1405 2240 1461 2286 et
1493 2238 1776 2287 trecentae.
1799 2233 1868 2287 Et
1893 2248 1996 2287 nec

401 2322 485 2376 sic
507 2321 839 2393 redargutus
867 2321 1218 2392 Nicephorus
1252 2323 1320 2379 ab
1349 2323 1583 2379 avaritia
1607 2339 1706 2379 sua
1735 2326 1992 2380 cessavit.

399 2415 460 2472 III
484 2414 571 2470 his
599 2430 731 2486 ergo
764 2415 938 2486 signis
973 2431 1153 2471 novus
1205 2415 1398 2472 Achab
1439 2432 1550 2472 non
1584 2417 1870 2484 crudi-tus;
1899 2418 1992 2489 qui

399 2515 614 2571 contra,
631 2506 926 2563 Phalaride
951 2523 1017 2563 ac
1040 2507 1183 2563 Mida
1202 2508 1561 2565 ambitiosior
1581 2509 1783 2574 lac-tus,
1801 2521 1992 2565 contra

401 2600 666 2671 Vulgares
716 2599 967 2671 prtelium
1026 2611 1306 2673 praeparat
1361 2618 1474 2657 una
1523 2618 1650 2658 cum
1705 2602 1994 2659 Stauraeio

399 2692 514 2746 ﬁlio
549 2708 670 2746 suo.
711 2692 782 2748 Et
824 2693 973 2749 Julio
1005 2710 1196 2751 mense
1227 2711 1258 2750 a
1303 2695 1453 2766 regia
1498 2696 1635 2751 urbe
1683 2696 1989 2767 digressus,

392 2785 557 2854 jussit
577 2785 781 2841 Niceten
806 2787 1040 2856 patricio
1069 2795 1125 2843 et
1153 2788 1395 2858 generali
1422 2789 1716 2857 logothette
1740 2789 1992 2859 publicos

395 2878 757 2934 ecclesiarum
801 2886 858 2934 et
905 2882 1370 2936 monasteriorum.
1430 2897 1630 2937 census
1681 2882 1987 2952 impenerc,

395 2980 453 3025 et
505 2979 634 3026 octo
691 2987 962 3030 armorum
1029 2974 1436 3044 praeteritorum
1503 2975 1907 3030 redhibitiones
1959 2990 1991 3030 a

397 3064 716 3134 principum
786 3065 1049 3121 domibus
1115 3067 1355 3137 erigere,
1412 3076 1473 3123 et
1526 3077 1646 3124 erat
1689 3069 1988 3123 lamentum

397 3171 676 3226 magnum.
706 3155 843 3212 Cum
880 3165 1065 3213 autem
1093 3159 1502 3228 querimoniam
1528 3160 1754 3216 audiret
1799 3175 1828 3214 a
1854 3176 1991 3232 quo-

2108 652 2445 707 minabatur.
2509 653 2914 709 lrrationabilia
2969 669 3203 726 qumque
3247 657 3571 724 animantia,
3609 660 3696 714 in,

2105 745 2284 800 fantes
2322 754 2379 800 et
2417 761 2636 801 omnem
2687 755 2905 801 aetatem
2956 747 3472 804 immisericorditer
3509 751 3694 807 occidi

2106 836 2387 907 praecepit,
2416 845 2473 892 et
2497 845 2717 892 mortua
2743 837 3298 906 comprovincialium
3331 854 3572 911 corpora
3608 842 3694 896 in-

2105 928 2319 996 sepulta
2347 927 2582 994 dimisit,
2618 929 2790 983 solius
2830 929 3136 999 spoliorum
3181 931 3531 986 eollectionis
3566 933 3693 987 dili-

2104 1022 2343 1090 gentiam
2385 1021 2617 1076 faciens.
2654 1021 2850 1078 Claves
2884 1031 3067 1078 autem
3101 1034 3158 1079 et
3203 1024 3489 1096 signacula
3522 1042 3694 1096 pcne-

2104 1112 2339 1166 tra-libus
2394 1112 2623 1168 Crumni
2675 1117 3185 1186 superimponebal,
3219 1133 3286 1172 ea
3347 1127 3409 1172 ut
3466 1119 3693 1190 propria

2103 1201 2171 1256 de
2201 1211 2403 1260 caetero
2444 1205 2722 1269 muniens.
2782 1206 2960 1269 Aures
3015 1208 3184 1262 etiam
3245 1217 3302 1262 et
3362 1219 3692 1265 cancrorum

2101 1295 2553 1352 Christianorum
2616 1297 2909 1364 membra,
2970 1299 3066 1369 qui
3129 1301 3324 1355 saltem
3377 1301 3696 1372 tetigissent

2101 1391 2406 1463 quidquam
2439 1407 2507 1447 ex
2537 1393 2754 1463 spoliis.
2780 1393 3121 1457 abscidebat,
3147 1403 3204 1450 et
3225 1395 3404 1450 aulam
3445 1396 3694 1452 incendit

2102 1503 2226 1557 quae
2250 1486 2544 1542 dicebatur
2569 1487 2741 1542 cortis
2765 1486 3026 1551 Crumni,
3059 1503 3186 1542 cum
3224 1487 3342 1558 ipse
3387 1489 3692 1545 vehemen-

2101 1589 2186 1634 ter
2213 1587 2362 1634 esset
2395 1579 2743 1644 humiliatus,
2773 1589 2830 1637 et
2863 1579 3232 1651 signiﬁcasset
3275 1580 3469 1636 dicens
3505 1599 3519 1635 :
3560 1581 3694 1636 Ecce

2099 1673 2288 1726 vicisti.
2324 1670 2470 1725 Tolle
2497 1688 2622 1743 ergo
2668 1673 2926 1744 quidquid
2972 1674 3065 1728 tibi
3113 1672 3377 1743 placabile
3413 1675 3592 1744 fuerit,
3643 1685 3694 1728 et

2099 1766 2344 1838 egredere
2372 1767 2429 1820 in
2454 1783 2602 1837 paee.
2640 1767 2710 1822 At
2734 1767 2848 1830 ille,
2880 1783 3006 1821 cum
3038 1767 3194 1836 pacis
3218 1776 3367 1823 esset
3398 1767 3686 1832 inimicus,

2105 1860 2248 1914 hanc
2283 1859 2579 1915 admittere
2615 1859 2815 1915 noluit.
2854 1861 2914 1915 ln
2962 1861 3166 1932 quibus
3201 1859 3435 1916 saeviens
3490 1861 3582 1916 ille
3633 1860 3692 1916 in

2104 1953 2347 2024 regionis
2381 1953 2646 2008 introitus
2692 1963 2748 2007 et
2778 1953 2960 2008 exitus
3009 1953 3189 2024 lignea
3227 1954 3533 2010 munimina
3567 1954 3695 2009 mit-

2104 2056 2225 2102 tens
2250 2047 2490 2102 maceria
2521 2048 2903 2103 circumdabat
2933 2057 3099 2118 atque
3140 2049 3360 2103 tutavit.
3410 2048 3692 2119 Nicephoo

2103 2153 2198 2192 rus
2227 2146 2410 2193 autem
2443 2138 2549 2193 hoc
2575 2151 2864 2209 comperto
2895 2153 3025 2193 mox
3077 2139 3370 2204 attonitus,
3425 2139 3692 2208 quidnam

2098 2238 2288 2300 ageret
2315 2231 2652 2286 circumiens
2674 2230 2985 2302 ignorabat,
3013 2239 3069 2286 et
3093 2231 3178 2286 his
3212 2232 3306 2301 qui
3341 2231 3508 2284 simul
3557 2229 3694 2284 ade-

2100 2333 2224 2378 rant
2248 2323 2490 2378 futuram
2520 2324 2889 2395 perditionem
2918 2323 3277 2393 prtedicebat,
3312 2337 3648 2376 asseverans
3676 2339 3690 2374 :

2098 2413 2280 2467 Etiam
2306 2415 2350 2468 si
2371 2416 2588 2484 pennati
2615 2413 2744 2483 facti
2766 2413 3045 2483 fuerimus,
3068 2428 3124 2466 se
3162 2427 3316 2467 nemo
3367 2419 3540 2481 speret
3585 2411 3696 2464 exi-

2099 2508 2232 2560 tium
2255 2523 2556 2561 evasurum.
2614 2507 2743 2562 Haec
2802 2516 2986 2561 autem
3040 2504 3322 2569 molimina
3376 2512 3536 2558 erant
3596 2518 3696 2573 per

2097 2597 2218 2653 dies
2257 2599 2419 2664 duos,
2451 2601 2700 2670 quintam
2731 2599 2992 2654 videlicet
3043 2607 3098 2653 et
3129 2607 3342 2654 sextam
3373 2595 3605 2661 feriam;
3637 2601 3696 2652 et

2095 2699 2259 2746 nocte
2285 2691 2508 2746 sabbati
2547 2690 2894 2746 turbationes
2927 2698 2982 2745 et
3013 2689 3302 2744 turbarum
3355 2696 3696 2744 armatarum

2096 2779 2244 2834 circa
2278 2779 2653 2851 Nicephorum
2679 2791 2735 2836 et
2757 2796 2854 2836 eos
2887 2780 2985 2850 qui
3021 2794 3147 2835 cum
3199 2778 3322 2849 ipso
3378 2786 3540 2833 erant
3589 2793 3693 2833 au-

2096 2872 2224 2927 ditae
2273 2873 2422 2928 acies
2475 2889 2669 2929 omnes
2711 2881 3140 2928 enervaverunt.
3195 2871 3338 2928 Ante
3395 2871 3505 2926 diei
3559 2885 3694 2941 ergo

2095 2965 2430 3038 principium
2456 2969 2915 3037 supervenientes
2943 2953 3175 3023 Barbari
3198 2974 3397 3022 contra
3429 2963 3696 3020 taberna-

2095 3058 2284 3114 culum
2317 3060 2611 3129 Nicephori
2643 3069 2700 3116 et
2731 3069 3016 3132 magnetes
3043 3059 3137 3131 qui
3169 3074 3295 3114 cum
3339 3058 3462 3127 ipso
3507 3063 3692 3122 erant,

2095 3151 2248 3206 hunc
2329 3152 2732 3207 miserabiliter
2823 3152 3250 3217 interﬁciunt;
3331 3151 3478 3206 inter
3556 3163 3698 3218 quos

396 3247 526 3302 dam
554 3249 782 3320 preprio
822 3249 1060 3315 famulo,
1083 3251 1408 3307 Theodosio
1439 3251 1702 3307 videlicet
1747 3251 1994 3308 Sali-bara
2025 3261 2068 3319 ο
2101 3252 2262 3298 erant
2335 3243 2528 3299 Aelius
2597 3245 2798 3300 Petrus
2823 3287 2838 3306 .
2903 3255 2960 3301 Cl
3031 3243 3320 3301 Sisinnius
3403 3241 3700 3313 Triphyles

395 3341 634 3413 patricio
664 3342 883 3397 dicente
909 3342 1016 3397 sibi
1050 3360 1063 3396 :
1097 3341 1317 3407 Omnes,
1347 3358 1377 3396 ο
1408 3343 1640 3406 domine,
1670 3351 1857 3397 contra
1888 3361 1984 3398 nos

396 3416 662 3497 clamant;
704 3441 756 3485 et
803 3433 858 3485 in
892 3441 1128 3503 tempore
1155 3434 1467 3486 tentationis
1498 3448 1677 3488 mune:
1713 3435 1863 3488 casui
1890 3451 1988 3488 no-

395 3533 510 3578 stra
546 3523 1086 3595 congratulabuntur,
1132 3523 1210 3578 ait
1233 3524 1300 3579 ad
1336 3539 1464 3579 eum
1504 3541 1518 3579 :
1550 3523 1608 3579 Si
1637 3525 1778 3579 Deus
1825 3526 1989 3580 obdu-

397 3634 529 3671 rans
565 3617 841 3671 obduravit
885 3633 974 3670 cor
1001 3633 1174 3671 meum
1201 3626 1256 3670 ut
1297 3615 1534 3682 Pharao,
1571 3617 1698 3687 quid
1721 3618 1844 3672 boni
1889 3619 1990 3672 erit

397 3711 482 3763 his
511 3711 601 3780 qui
625 3711 718 3764 sub
749 3726 913 3764 manu
949 3726 1064 3763 mea
1090 3719 1214 3762 sunt
1237 3709 1266 3762 -?
1294 3727 1326 3762 a
1350 3710 1667 3782 Nicephoro,
1717 3711 1988 3776 Theodosi,

399 3800 514 3855 noli
545 3811 852 3872 exspectare
887 3811 1082 3872 preter
1109 3817 1230 3872 qua:
1260 3820 1290 3855 a
1317 3811 1364 3855 te
1392 3804 1804 3873 conspiciuntur.
1865 3805 1992 3860 Haec

399 3891 669 3947 Dominus
697 3893 871 3947 novit.
921 3893 1046 3962 ipse
1080 3908 1182 3963 ego
1231 3893 1578 3963 conscriptor
1627 3894 1823 3949 horum
1871 3896 1992 3951 viva

395 3998 536 4039 voce
573 3985 758 4040 audivi
799 4000 830 4039 a
859 3985 1210 4041 Theodosio.
1231 3985 1500 4042 Collectis
1545 3988 1729 4057 itaque
1753 3989 1989 4051 militiis.

397 4090 515 4130 non
537 4079 714 4131 solum
745 4091 812 4131 ex
840 4076 1080 4141 Thrace,
1107 4092 1299 4132 verum
1326 4077 1492 4134 etiam
1523 4093 1589 4134 ex
1610 4080 1989 4146 ulterioribus,

394 4185 526 4225 cum
555 4169 643 4224 bis
667 4170 831 4224 etiam
863 4185 1073 4239 egenos
1103 4170 1320 4240 pedites
1351 4188 1478 4226 eum
1510 4173 1751 4243 propri-is
1780 4175 1992 4243 stipen-

397 4261 510 4320 diis
545 4269 738 4317 contra
771 4261 1054 4331 Vulgares,
1102 4262 1288 4317 fundis
1324 4271 1382 4318 et
1435 4263 1607 4334 virgis
1649 4274 1893 4320 armatos
1936 4275 1992 4320 et

398 4354 850 4425 blasphemantes
888 4353 1139 4408 minavit.
1188 4354 1469 4411 Crumnus
1513 4363 1698 4410 autem
1737 4357 1994 4412 multitu-

399 4447 562 4503 dines
588 4448 808 4515 timens,
838 4463 966 4502 cum
995 4456 1143 4503 esset
1171 4447 1465 4512 Marcellis.
1517 4451 1742 4520 petebat
1773 4467 1988 4522 pacem.

398 4540 596 4596 Atille
629 4555 868 4610 nequam
912 4541 1164 4597 consiliis
1219 4552 1275 4598 et
1316 4544 1470 4614 paria
1521 4544 1990 4600 consentientium

2095 3335 2372 3406 patricii,
2447 3343 2616 3408 atque
2699 3335 3051 3391 Theodosius
3140 3335 3431 3391 lialibaras
3519 3332 3698 3404 patri-

2091 3430 2255 3495 cius,
2307 3429 2408 3500 qui
2489 3427 2846 3484 contristavit
2913 3436 2971 3482 ct
3053 3428 3228 3482 multa
3301 3426 3477 3481 beatae
3547 3425 3694 3479 mala

2087 3520 2332 3576 ostendit
2365 3520 2616 3575 Heirenaz
2651 3537 2666 3585 ;
2714 3535 2931 3574 necnon
2969 3527 3023 3573 et
3067 3517 3355 3588 Eparchus
3393 3516 3693 3587 patricius.

2089 3619 2146 3668 et
2169 3612 2450 3667 Romanus
2468 3612 2738 3682 patricius
2758 3626 2824 3666 ac
2853 3620 3057 3682 prtetor
3083 3610 3474 3676 Orientalium,
3503 3608 3696 3668 multi,

2087 3717 2198 3774 que
2236 3703 2329 3758 alii
2366 3703 2799 3774 protospatharii
2845 3710 2900 3758 et
2935 3702 3244 3772 spatharii;
3282 3703 3417 3771 quin
3447 3710 3506 3758 et
3535 3700 3693 3756 ordi-

2092 3812 2223 3850 num
2257 3795 2558 3867 principes,
2601 3803 2658 3850 et
2685 3794 2981 3850 exeubitus
3011 3793 3358 3850 domesticus
3381 3809 3486 3850 seu
3516 3793 3692 3848 drun-

2090 3889 2277 3961 garius
2308 3888 2613 3960 imperiaiis
2640 3889 2863 3961 vigiliae,
2909 3889 3074 3944 simul
3105 3897 3162 3943 et
3197 3888 3427 3944 Thracae
3465 3893 3692 3957 prator,

2089 3991 2147 4037 et
2176 3982 2335 4038 multi
2371 3983 2654 4052 principes
2671 3982 2979 4038 thematum
3015 3997 3140 4036 cum
3177 3981 3414 4038 infinitis
3441 3981 3688 4051 populis.

2095 4073 2854 4144 OmnisqueChristianorum
2879 4083 3138 4142 corrupta
3156 4083 3240 4129 est
3260 4074 3508 4144 species;
3537 4089 3696 4128 arma

2092 4181 2318 4238 quoque
2363 4168 2550 4223 omnia
2607 4169 2896 4238 perierunt
2950 4176 3008 4222 et
3061 4167 3282 4236 imperii
3329 4182 3478 4220 vasa.
3518 4166 3692 4220 Porro

2091 4258 2218 4313 talis
2250 4259 2365 4314 diei
2411 4259 2682 4315 deformia
2709 4261 2877 4315 verba
2925 4261 3071 4317 absit
3106 4259 3407 4317 Christiani
3451 4260 3691 4315 ulterius

2088 4351 2333 4417 videant,
2368 4359 2560 4422 utpote
2609 4369 2773 4409 omne
2809 4354 3111 4410 lamentum
3150 4354 3492 4410 excedentia.
3523 4353 3688 4412 Facta

2090 4459 2225 4500 vero
2251 4453 2381 4499 sunt
2399 4445 2515 4501 hac
2534 4447 2770 4516 septimo
2782 4448 3055 4504 Kalendas
3071 4449 3345 4519 Augustas
3367 4447 3689 4503 iudieiionis

2091 4543 2322 4604 quartae.
2370 4536 2548 4606 Caput
2579 4547 2763 4593 autem
2805 4538 3106 4609 Nicephnri
3133 4539 3414 4597 Crumnus
3443 4539 3687 4594 recisum

398 4633 767 4688 consiliorum
805 4648 1031 4688 suorum
1057 4635 1414 4692 suasionibus
1450 4636 1769 4706 prohibitus
1801 4645 1904 4703 est,
1928 4647 1984 4692 ει
2022 4619 2062 4673 Ι)
2092 4629 2380 4695 suspendit
2413 4628 2613 4684 diebus
2655 4630 2846 4684 multis
2887 4631 2943 4683 in
2979 4631 3130 4701 ligno
3159 4630 3214 4685 in
3253 4630 3686 4686 ostentationem

399 4731 526 4792 post
555 4723 762 4777 multos
789 4722 1075 4778 anfractus
1099 4739 1199 4793 per
1244 4725 1364 4779 avia
1395 4724 1512 4780 loca
1559 4727 1985 4797 prtecipitanter,

403 4816 738 4872 temerarius
767 4816 934 4870 simul
959 4824 1018 4870 et
1046 4816 1302 4887 pavidus,
1332 4817 1644 4888 ingreditur
1671 4819 1988 4890 Vulgariam

400 4905 621 4961 decimo
643 4907 813 4961 tertio
834 4907 1111 4964 Kalendas
1138 4909 1438 4981 Augustas.
1488 4925 1614 4965 eum
1661 4909 1842 4967 Sirius
1896 4925 1992 4980 ap—

398 5006 625 5070 pareret
645 5008 846 5054 cuncta
871 5013 1228 5067 consumens,
1264 5001 1584 5072 frequenter
1605 5000 1826 5065 atl‘atus,
1861 4998 1991 5066 Quis

403 5088 526 5154 ibit,
562 5087 846 5159 inquiens,
877 5097 927 5142 et
952 5090 1175 5161 decipiet
1203 5090 1403 5148 Achab.
1435 5092 1560 5160 quia
1585 5092 1692 5145 sine
1707 5089 1853 5146 Deus
1885 5090 1992 5144 sive

399 5181 743 5236 adversarius
771 5182 939 5236 trahit
987 5197 1070 5236 me
1112 5182 1374 5237 nolentem
1395 5183 1421 5236 2
1453 5183 1627 5238 Porro
1669 5182 1991 5254 priusquam

399 5272 689 5343 ingressus
715 5272 911 5329 fuisset
936 5273 1274 5345 Vulgariam,
1328 5274 1629 5345 Byzantius
1663 5275 1826 5346 hujus
1853 5273 1992 5329 dile-

400 5375 532 5421 ctus
574 5365 817 5423 famulus
859 5367 926 5422 ad
954 5366 1264 5424 Crumnum
1313 5383 1346 5422 a
1388 5367 1664 5424 Marcellis
1719 5367 1989 5438 confugit.

400 5474 595 5515 secum
630 5459 891 5530 subrepta
925 5470 1078 5516 veste
1111 5460 1381 5531 imperiali
1411 5469 1469 5516 et
1497 5461 1619 5516 auri
1649 5460 1810 5517 libris
1864 5476 1996 5516 cen-

399 5555 547 5603 tum.
580 5548 735 5604 Multi
764 5561 947 5604 autem
975 5550 1142 5623 hujus
1166 5552 1350 5624 fugam
1383 5552 1438 5606 in
1462 5554 1669 5608 malum
1692 5551 1990 5623 Nicephori

399 5637 676 5707 suspicati
713 5651 863 5697 sunt.
893 5641 1099 5698 Tribus
1143 5641 1350 5713 quippe
1377 5642 1594 5720 diebus
1625 5651 1754 5714 post
1784 5642 1993 5713 primos

397 5730 700 5788 conﬂictus
729 5749 790 5789 se
819 5734 1137 5806 prosperari
1164 5735 1425 5806 opinatus
1459 5750 1569 5790 non
1607 5751 1872 5808 prospera
1906 5735 1989 5792 fa-

400 5817 577 5874 cienti
607 5821 722 5877 Deo
755 5823 1045 5880 victoriam
1079 5824 1416 5891 ascribebat,
1456 5825 1554 5881 sed
1583 5824 1858 5882 Stauracii
1903 5840 1992 5882 so-

401 5911 520 5970 lius
544 5912 748 5971 bonam
779 5913 1060 5974 fortunam
1092 5917 1413 5990 bonumque
1444 5919 1736 5976 consilium
1773 5917 1991 5992 praedi-

768 6028 1040 6091 PA'I‘IIOL.
1083 6031 1203 6095 Gn.
1248 6034 1462 6098 CVIII.

2091 4718 2157 4773 ad
2189 4735 2248 4774 se
2285 4719 2702 4777 adventantium
2734 4723 3023 4777 nationum
3055 4733 3112 4779 et
3150 4723 3534 4780 confusionem
3570 4740 3692 4779 om.

2091 4811 2244 4865 nium
2271 4818 2615 4867 nostrorum.
2659 4812 2786 4868 Post
2831 4815 2950 4869 haec
2983 4829 3117 4872 sane
3147 4816 3432 4887 accipiens
3466 4815 3597 4879 hoc,
3633 4825 3692 4870 et

2091 4917 2155 4958 os
2181 4904 2469 4961 denudans
2491 4916 2830 4978 argentoque
2861 4907 3174 4964 forinsecus
3193 4908 3456 4974 induens,
3493 4908 3691 4964 bibere

2094 4994 2149 5049 in
2175 5009 2242 5050 eo
2271 4995 2654 5052 Sclavinorum
2690 5000 2970 5072 principes
3006 5001 3138 5058 fecit
3171 5002 3458 5074 gloriatus.
3486 5001 3690 5056 Verum

2092 5084 2224 5142 licet
2255 5089 2446 5145 multa
2484 5091 2666 5148 viduae
2692 5108 2760 5149 ac
2788 5094 3025 5166 orphani
3059 5109 3172 5150 uno
3196 5094 3289 5150 die
3325 5094 3533 5149 fuerint
3561 5093 3690 5150 facti

2093 5189 2150 5235 et
2173 5179 2498 5238 lamentatio
2540 5183 2908 5240 intolerabilis
2940 5187 3260 5250 haberetur,
3303 5187 3470 5257 hujus
3506 5195 3693 5243 tamen

2094 5271 2302 5328 occisio
2328 5261 2631 5331 multorum
2665 5277 2805 5334 facta
2835 5289 2921 5333 est
2950 5278 3279 5336 consolatio.
3311 5271 3534 5334 Moddm
3561 5295 3694 5334 vero

2093 5361 2261 5433 bujus
2281 5363 2580 5422 occisionis
2601 5369 2787 5424 nullus
2802 5384 2995 5424 eorum
3018 5369 3114 5439 qui
3147 5369 3341 5426 salvati
3363 5380 3494 5425 sunt
3525 5371 3694 5440 liqui-

2094 5455 2220 5512 diua
2251 5459 2554 5516 enarravit.
2600 5461 2813 5516 Ferunt
2852 5461 3078 5533 quidam
3109 5462 3257 5533 quod
3285 5473 3345 5519 et
3385 5463 3691 5520 Christiani

2093 5548 2244 5605 hunc
2275 5552 2563 5608 cadentem
2596 5553 2876 5624 lapidibus
2908 5554 3277 5625 impetierint,
3309 5566 3368 5612 et
3403 5556 3695 5613 elfeminav

2095 5649 2280 5696 torum
2298 5643 2566 5708 virorum,
2588 5659 2877 5700 servorum
2913 5646 3128 5702 scilicet
3153 5648 3300 5718 ejus,
3328 5664 3455 5705 eum
3489 5649 3693 5720 quibus

2093 5745 2150 5790 et
2195 5737 2621 5802 concumbebat,
2671 5738 2765 5793 alii
2795 5739 3020 5810 quidem
3063 5740 3191 5813 igne
3229 5740 3385 5809 valli,
3421 5741 3516 5796 alii
3557 5757 3694 5798 vero

2093 5830 2292 5901 gladiis
2311 5832 2529 5902 periere
2549 5849 2676 5890 cum
2702 5834 2842 5907 ipso.
2863 5833 3038 5908 Hujus
3055 5837 3367 5909 principatu
3389 5837 3695 5895 Christiani

2094 5921 2405 5993 graviorem
2451 5925 2606 5981 nullo
2651 5934 2899 5998 tempore
2949 5931 3236 5986 consecuti
3291 5941 3436 5985 sunt.
3491 5931 3697 5997 Omnes

3167 6048 3241 6114 45
