  <div class='ocr_page' id='page_1' title='image "/cluster/home/n/w/nwhite01/storage/ocr_20150623/108/coo.31924054870120/715.png"; bbox 0 0 4100 6472; ppageno 0'>
   <div class='ocr_carea' id='block_1_1' title="bbox 479 430 616 494">
    <p class='ocr_par' dir='ltr' id='par_1_1' title="bbox 479 430 616 494">
     <span class='ocr_line' id='line_1_1' title="bbox 479 430 616 494; baseline 0.022 -2"><span class='ocrx_word' id='word_1_1' title='bbox 479 430 616 494; x_wconf 72' lang='grc'><strong>1419</strong></span> 
     </span>
    </p>
   </div>
   <div class='ocr_carea' id='block_1_2' title="bbox 1602 417 2677 484">
    <p class='ocr_par' dir='ltr' id='par_1_2' title="bbox 1602 417 2677 484">
     <span class='ocr_line' id='line_1_2' title="bbox 1602 417 2677 484; baseline -0.007 0"><span class='ocrx_word' id='word_1_2' title='bbox 1602 420 2001 484; x_wconf 73' lang='lat' dir='ltr'><strong>ANASTASII</strong></span> <span class='ocrx_word' id='word_1_3' title='bbox 2041 417 2677 484; x_wconf 77' lang='lat' dir='ltr'><strong>BIBLlOTIIECARII</strong></span> 
     </span>
    </p>
   </div>
   <div class='ocr_carea' id='block_1_3' title="bbox 3619 423 3735 493">
    <p class='ocr_par' dir='ltr' id='par_1_3' title="bbox 3619 423 3735 493">
     <span class='ocr_line' id='line_1_3' title="bbox 3619 423 3735 493; baseline 0.069 -8"><span class='ocrx_word' id='word_1_4' title='bbox 3619 423 3735 493; x_wconf 61' lang='lat'><strong>“20</strong></span> 
     </span>
    </p>
   </div>
   <div class='ocr_carea' id='block_1_4' title="bbox 478 523 3735 613">
    <p class='ocr_par' dir='ltr' id='par_1_4' title="bbox 478 523 3735 613">
     <span class='ocr_line' id='line_1_4' title="bbox 478 523 3735 613; baseline -0.003 -13"><span class='ocrx_word' id='word_1_5' title='bbox 478 543 623 601; x_wconf 81' lang='lat' dir='ltr'><strong>cnim</strong></span> <span class='ocrx_word' id='word_1_6' title='bbox 651 541 747 613; x_wconf 86' lang='lat' dir='ltr'><strong>qui</strong></span> <span class='ocrx_word' id='word_1_7' title='bbox 766 548 906 596; x_wconf 86' lang='lat' dir='ltr'><strong>ante</strong></span> <span class='ocrx_word' id='word_1_8' title='bbox 935 537 1366 608; x_wconf 82' lang='lat' dir='ltr'><strong>se-imperarunt</strong></span> <span class='ocrx_word' id='word_1_9' title='bbox 1392 532 1792 588; x_wconf 76' lang='lat' dir='ltr'><strong>ambitionibus</strong></span> <span class='ocrx_word' id='word_1_10' title='bbox 1827 537 1886 585; x_wconf 89' lang='lat' dir='ltr'><strong>et</strong></span> <span class='ocrx_word' id='word_1_11' title='bbox 1913 529 2077 584; x_wconf 70' lang='lat' dir='ltr'><strong>luxu-</strong></span> <span class='ocrx_word' id='word_1_12' title='bbox 2107 534 2150 590; x_wconf 82' lang='grc' dir='ltr'><strong>Α</strong></span> <span class='ocrx_word' id='word_1_13' title='bbox 2183 525 2544 585; x_wconf 72' lang='lat' dir='ltr'><strong>indicabitur.</strong></span> <span class='ocrx_word' id='word_1_14' title='bbox 2573 524 2750 582; x_wconf 87' lang='lat' dir='ltr'><strong>Porro</strong></span> <span class='ocrx_word' id='word_1_15' title='bbox 2792 523 3144 596; x_wconf 80' lang='lat' dir='ltr'><strong>Nicephorus</strong></span> <span class='ocrx_word' id='word_1_16' title='bbox 3171 524 3473 597; x_wconf 75' lang='lat' dir='ltr'><strong>patriarcha</strong></span> <span class='ocrx_word' id='word_1_17' title='bbox 3497 531 3735 606; x_wconf 78' lang='lat' dir='ltr'><strong>scriptum</strong></span> 
     </span>
    </p>
   </div>
   <div class='ocr_carea' id='block_1_5' title="bbox 481 621 2075 707">
    <p class='ocr_par' dir='ltr' id='par_1_5' title="bbox 481 621 2075 707">
     <span class='ocr_line' id='line_1_5' title="bbox 481 621 2075 707; baseline -0.012 -12"><span class='ocrx_word' id='word_1_18' title='bbox 481 640 580 695; x_wconf 90' lang='lat' dir='ltr'><strong>riis</strong></span> <span class='ocrx_word' id='word_1_19' title='bbox 614 644 782 707; x_wconf 84' lang='lat' dir='ltr'><strong>atque</strong></span> <span class='ocrx_word' id='word_1_20' title='bbox 815 631 1124 691; x_wconf 83' lang='lat' dir='ltr'><strong>barbaricis</strong></span> <span class='ocrx_word' id='word_1_21' title='bbox 1155 627 1585 686; x_wconf 89' lang='lat' dir='ltr'><strong>crudelitatibus</strong></span> <span class='ocrx_word' id='word_1_22' title='bbox 1623 623 1909 694; x_wconf 74' lang='lat' dir='ltr'><strong>superavit</strong></span> <span class='ocrx_word' id='word_1_23' title='bbox 1940 639 1955 687; x_wconf 90' lang='lat'><strong>;</strong></span> <span class='ocrx_word' id='word_1_24' title='bbox 2005 621 2075 677; x_wconf 90' lang='lat' dir='ltr'><strong>de</strong></span> 
     </span>
    </p>
   </div>
   <div class='ocr_carea' id='block_1_6' title="bbox 480 714 2076 803">
    <p class='ocr_par' dir='ltr' id='par_1_6' title="bbox 480 714 2076 803">
     <span class='ocr_line' id='line_1_6' title="bbox 480 714 2076 803; baseline -0.011 -16"><span class='ocrx_word' id='word_1_25' title='bbox 480 732 684 803; x_wconf 80' lang='lat' dir='ltr'><strong>quibus</strong></span> <span class='ocrx_word' id='word_1_26' title='bbox 717 745 819 800; x_wconf 91' lang='lat' dir='ltr'><strong>per</strong></span> <span class='ocrx_word' id='word_1_27' title='bbox 843 725 1058 798; x_wconf 81' lang='lat' dir='ltr'><strong>singula</strong></span> <span class='ocrx_word' id='word_1_28' title='bbox 1087 722 1350 795; x_wconf 87' lang='lat' dir='ltr'><strong>prosequi</strong></span> <span class='ocrx_word' id='word_1_29' title='bbox 1377 731 1435 779; x_wconf 89' lang='lat' dir='ltr'><strong>et</strong></span> <span class='ocrx_word' id='word_1_30' title='bbox 1475 719 1715 790; x_wconf 79' lang='lat' dir='ltr'><strong>posteris</strong></span> <span class='ocrx_word' id='word_1_31' title='bbox 1747 714 2076 774; x_wconf 85' lang='lat' dir='ltr'><strong>incredibile</strong></span> 
     </span>
    </p>
   </div>
   <div class='ocr_carea' id='block_1_7' title="bbox 481 808 2075 881">
    <p class='ocr_par' dir='ltr' id='par_1_7' title="bbox 481 808 2075 881">
     <span class='ocr_line' id='line_1_7' title="bbox 481 808 2075 881; baseline -0.011 -1"><span class='ocrx_word' id='word_1_32' title='bbox 481 835 539 881; x_wconf 91' lang='lat' dir='ltr'><strong>et</strong></span> <span class='ocrx_word' id='word_1_33' title='bbox 565 825 729 880; x_wconf 86' lang='lat' dir='ltr'><strong>nobis</strong></span> <span class='ocrx_word' id='word_1_34' title='bbox 766 822 875 878; x_wconf 88' lang='lat' dir='ltr'><strong>erit</strong></span> <span class='ocrx_word' id='word_1_35' title='bbox 911 819 1274 876; x_wconf 87' lang='lat' dir='ltr'><strong>laboriosum.</strong></span> <span class='ocrx_word' id='word_1_36' title='bbox 1311 817 1709 872; x_wconf 75' lang='lat' dir='ltr'><strong>Verumtamen</strong></span> <span class='ocrx_word' id='word_1_37' title='bbox 1740 828 1808 868; x_wconf 89' lang='lat' dir='ltr'><strong>ex</strong></span> <span class='ocrx_word' id='word_1_38' title='bbox 1859 808 2075 865; x_wconf 81' lang='lat' dir='ltr'><strong>limbria</strong></span> 
     </span>
    </p>
   </div>
   <div class='ocr_carea' id='block_1_8' title="bbox 499 904 2079 984">
    <p class='ocr_par' dir='ltr' id='par_1_8' title="bbox 499 904 2079 984">
     <span class='ocr_line' id='line_1_8' title="bbox 499 904 2079 984; baseline -0.012 -10"><span class='ocrx_word' id='word_1_39' title='bbox 499 929 701 975; x_wconf 81' lang='lat' dir='ltr'><strong>extura</strong></span> <span class='ocrx_word' id='word_1_40' title='bbox 751 914 1064 977; x_wconf 89' lang='lat' dir='ltr'><strong>manifesta,</strong></span> <span class='ocrx_word' id='word_1_41' title='bbox 1108 912 1262 984; x_wconf 80' lang='lat' dir='ltr'><strong>juxta</strong></span> <span class='ocrx_word' id='word_1_42' title='bbox 1313 907 1690 981; x_wconf 80' lang='lat' dir='ltr'><strong>proverbium.</strong></span> <span class='ocrx_word' id='word_1_43' title='bbox 1739 904 2079 960; x_wconf 81' lang='lat' dir='ltr'><strong>Vulneratur</strong></span> 
     </span>
    </p>
   </div>
   <div class='ocr_carea' id='block_1_9' title="bbox 483 996 2079 1075">
    <p class='ocr_par' dir='ltr' id='par_1_9' title="bbox 483 996 2079 1075">
     <span class='ocr_line' id='line_1_9' title="bbox 483 996 2079 1075; baseline -0.013 -8"><span class='ocrx_word' id='word_1_44' title='bbox 483 1022 666 1068; x_wconf 90' lang='lat' dir='ltr'><strong>autem</strong></span> <span class='ocrx_word' id='word_1_45' title='bbox 685 1019 742 1065; x_wconf 92' lang='lat' dir='ltr'><strong>et</strong></span> <span class='ocrx_word' id='word_1_46' title='bbox 766 1006 1090 1064; x_wconf 85' lang='lat' dir='ltr'><strong>Stauracius</strong></span> <span class='ocrx_word' id='word_1_47' title='bbox 1113 1004 1260 1060; x_wconf 85' lang='lat' dir='ltr'><strong>lilius</strong></span> <span class='ocrx_word' id='word_1_48' title='bbox 1282 1004 1404 1075; x_wconf 84' lang='lat' dir='ltr'><strong>ejus</strong></span> <span class='ocrx_word' id='word_1_49' title='bbox 1431 999 1746 1072; x_wconf 88' lang='lat' dir='ltr'><strong>periculose</strong></span> <span class='ocrx_word' id='word_1_50' title='bbox 1769 998 1824 1052; x_wconf 89' lang='lat' dir='ltr'><strong>in</strong></span> <span class='ocrx_word' id='word_1_51' title='bbox 1853 996 2079 1052; x_wconf 80' lang='lat' dir='ltr'><strong>dextera</strong></span> 
     </span>
    </p>
   </div>
   <div class='ocr_carea' id='block_1_10' title="bbox 481 1086 2081 1174">
    <p class='ocr_par' dir='ltr' id='par_1_10' title="bbox 481 1086 2081 1174">
     <span class='ocr_line' id='line_1_10' title="bbox 481 1086 2081 1174; baseline -0.013 -14"><span class='ocrx_word' id='word_1_52' title='bbox 481 1103 610 1161; x_wconf 76' lang='lat' dir='ltr'><strong>colli</strong></span> <span class='ocrx_word' id='word_1_53' title='bbox 649 1110 828 1174; x_wconf 87' lang='lat' dir='ltr'><strong>parte,</strong></span> <span class='ocrx_word' id='word_1_54' title='bbox 863 1109 920 1155; x_wconf 90' lang='lat' dir='ltr'><strong>et</strong></span> <span class='ocrx_word' id='word_1_55' title='bbox 956 1100 1050 1153; x_wconf 88' lang='lat' dir='ltr'><strong>vix</strong></span> <span class='ocrx_word' id='word_1_56' title='bbox 1082 1113 1114 1152; x_wconf 90' lang='lat' dir='ltr'><strong>a</strong></span> <span class='ocrx_word' id='word_1_57' title='bbox 1158 1111 1341 1168; x_wconf 84' lang='lat' dir='ltr'><strong>pugna</strong></span> <span class='ocrx_word' id='word_1_58' title='bbox 1377 1095 1546 1150; x_wconf 66' lang='lat' dir='ltr'><strong>vivus</strong></span> <span class='ocrx_word' id='word_1_59' title='bbox 1585 1091 1778 1155; x_wconf 78' lang='lat' dir='ltr'><strong>exivit,</strong></span> <span class='ocrx_word' id='word_1_60' title='bbox 1821 1099 1878 1145; x_wconf 90' lang='lat' dir='ltr'><strong>et</strong></span> <span class='ocrx_word' id='word_1_61' title='bbox 1927 1086 2081 1144; x_wconf 89' lang='lat' dir='ltr'><strong>venit</strong></span> 
     </span>
    </p>
   </div>
   <div class='ocr_carea' id='block_1_11' title="bbox 452 1182 2082 1266">
    <p class='ocr_par' dir='ltr' id='par_1_11' title="bbox 452 1182 2082 1266">
     <span class='ocr_line' id='line_1_11' title="bbox 452 1182 2082 1266; baseline -0.011 -11"><span class='ocrx_word' id='word_1_62' title='bbox 452 1195 938 1266; x_wconf 71' lang='lat' dir='ltr'><strong>Hadrianopolim</strong></span> <span class='ocrx_word' id='word_1_63' title='bbox 988 1193 1308 1248; x_wconf 84' lang='lat' dir='ltr'><strong>atrocitera</strong></span> <span class='ocrx_word' id='word_1_64' title='bbox 1353 1190 1512 1262; x_wconf 80' lang='lat' dir='ltr'><strong>plaga</strong></span> <span class='ocrx_word' id='word_1_65' title='bbox 1559 1185 1962 1258; x_wconf 81' lang='lat' dir='ltr'><strong>colaphizatus.</strong></span> <span class='ocrx_word' id='word_1_66' title='bbox 2013 1182 2082 1237; x_wconf 80' lang='lat' dir='ltr'><strong>At</strong></span> 
     </span>
    </p>
   </div>
   <div class='ocr_carea' id='block_1_12' title="bbox 483 1277 2081 1358">
    <p class='ocr_par' dir='ltr' id='par_1_12' title="bbox 483 1277 2081 1358">
     <span class='ocr_line' id='line_1_12' title="bbox 483 1277 2081 1358; baseline -0.009 -13"><span class='ocrx_word' id='word_1_67' title='bbox 483 1306 618 1348; x_wconf 87' lang='lat' dir='ltr'><strong>vero</strong></span> <span class='ocrx_word' id='word_1_68' title='bbox 651 1287 969 1358; x_wconf 81' lang='lat' dir='ltr'><strong>Stephanus</strong></span> <span class='ocrx_word' id='word_1_69' title='bbox 990 1284 1260 1356; x_wconf 89' lang='lat' dir='ltr'><strong>patricius</strong></span> <span class='ocrx_word' id='word_1_70' title='bbox 1283 1293 1340 1339; x_wconf 90' lang='lat' dir='ltr'><strong>et</strong></span> <span class='ocrx_word' id='word_1_71' title='bbox 1366 1282 1686 1338; x_wconf 90' lang='lat' dir='ltr'><strong>scholarum</strong></span> <span class='ocrx_word' id='word_1_72' title='bbox 1717 1277 2081 1343; x_wconf 86' lang='lat' dir='ltr'><strong>domesticus,</strong></span> 
     </span>
    </p>
   </div>
   <div class='ocr_carea' id='block_1_13' title="bbox 481 1371 2084 1449">
    <p class='ocr_par' dir='ltr' id='par_1_13' title="bbox 481 1371 2084 1449">
     <span class='ocr_line' id='line_1_13' title="bbox 481 1371 2084 1449; baseline -0.012 -10"><span class='ocrx_word' id='word_1_73' title='bbox 481 1397 609 1439; x_wconf 91' lang='lat' dir='ltr'><strong>cum</strong></span> <span class='ocrx_word' id='word_1_74' title='bbox 651 1380 872 1436; x_wconf 87' lang='lat' dir='ltr'><strong>adesset</strong></span> <span class='ocrx_word' id='word_1_75' title='bbox 895 1392 1117 1449; x_wconf 90' lang='lat' dir='ltr'><strong>quoque</strong></span> <span class='ocrx_word' id='word_1_76' title='bbox 1137 1375 1496 1431; x_wconf 88' lang='lat' dir='ltr'><strong>Theoctistus</strong></span> <span class='ocrx_word' id='word_1_77' title='bbox 1525 1371 1803 1444; x_wconf 81' lang='lat' dir='ltr'><strong>magister,</strong></span> <span class='ocrx_word' id='word_1_78' title='bbox 1837 1381 2084 1440; x_wconf 83' lang='lat' dir='ltr'><strong>pronun-</strong></span> 
     </span>
    </p>
   </div>
   <div class='ocr_carea' id='block_1_14' title="bbox 484 1461 2083 1541">
    <p class='ocr_par' dir='ltr' id='par_1_14' title="bbox 484 1461 2083 1541">
     <span class='ocr_line' id='line_1_14' title="bbox 484 1461 2083 1541; baseline -0.011 -10"><span class='ocrx_word' id='word_1_79' title='bbox 484 1475 643 1532; x_wconf 84' lang='lat' dir='ltr'><strong>tiavit</strong></span> <span class='ocrx_word' id='word_1_80' title='bbox 675 1471 1025 1528; x_wconf 88' lang='lat' dir='ltr'><strong>Stauracium</strong></span> <span class='ocrx_word' id='word_1_81' title='bbox 1045 1470 1456 1541; x_wconf 79' lang='lat' dir='ltr'><strong>imperatorem</strong></span> <span class='ocrx_word' id='word_1_82' title='bbox 1488 1484 1503 1534; x_wconf 87' lang='lat'><strong>;</strong></span> <span class='ocrx_word' id='word_1_83' title='bbox 1557 1473 1614 1521; x_wconf 90' lang='lat' dir='ltr'><strong>et</strong></span> <span class='ocrx_word' id='word_1_84' title='bbox 1649 1461 1956 1534; x_wconf 86' lang='lat' dir='ltr'><strong>disputavit</strong></span> <span class='ocrx_word' id='word_1_85' title='bbox 1982 1476 2083 1531; x_wconf 87' lang='lat' dir='ltr'><strong>po-</strong></span> 
     </span>
    </p>
   </div>
   <div class='ocr_carea' id='block_1_15' title="bbox 483 1557 2083 1642">
    <p class='ocr_par' dir='ltr' id='par_1_15' title="bbox 483 1557 2083 1642">
     <span class='ocr_line' id='line_1_15' title="bbox 483 1557 2083 1642; baseline -0.012 -18"><span class='ocrx_word' id='word_1_86' title='bbox 483 1569 640 1642; x_wconf 90' lang='lat' dir='ltr'><strong>pulo,</strong></span> <span class='ocrx_word' id='word_1_87' title='bbox 675 1567 771 1639; x_wconf 89' lang='lat' dir='ltr'><strong>qui</strong></span> <span class='ocrx_word' id='word_1_88' title='bbox 809 1567 1053 1622; x_wconf 82' lang='lat' dir='ltr'><strong>salvatus</strong></span> <span class='ocrx_word' id='word_1_89' title='bbox 1084 1563 1512 1630; x_wconf 41' lang='lat' dir='ltr'><strong>fuerat,,contra</strong></span> <span class='ocrx_word' id='word_1_90' title='bbox 1547 1557 1834 1629; x_wconf 89' lang='lat' dir='ltr'><strong>proprium</strong></span> <span class='ocrx_word' id='word_1_91' title='bbox 1869 1563 2083 1625; x_wconf 84' lang='lat' dir='ltr'><strong>patrem</strong></span> 
     </span>
    </p>
   </div>
   <div class='ocr_carea' id='block_1_16' title="bbox 485 1650 2086 1732">
    <p class='ocr_par' dir='ltr' id='par_1_16' title="bbox 485 1650 2086 1732">
     <span class='ocr_line' id='line_1_16' title="bbox 485 1650 2086 1732; baseline -0.012 -12"><span class='ocrx_word' id='word_1_92' title='bbox 485 1678 647 1720; x_wconf 88' lang='lat' dir='ltr'><strong>suum</strong></span> <span class='ocrx_word' id='word_1_93' title='bbox 683 1679 698 1729; x_wconf 91' lang='lat'><strong>;</strong></span> <span class='ocrx_word' id='word_1_94' title='bbox 735 1660 831 1732; x_wconf 88' lang='lat' dir='ltr'><strong>qui</strong></span> <span class='ocrx_word' id='word_1_95' title='bbox 859 1658 1064 1730; x_wconf 92' lang='lat' dir='ltr'><strong>oppido</strong></span> <span class='ocrx_word' id='word_1_96' title='bbox 1095 1656 1350 1712; x_wconf 87' lang='lat' dir='ltr'><strong>delectati</strong></span> <span class='ocrx_word' id='word_1_97' title='bbox 1374 1662 1526 1711; x_wconf 90' lang='lat' dir='ltr'><strong>sunt.</strong></span> <span class='ocrx_word' id='word_1_98' title='bbox 1558 1650 1790 1707; x_wconf 74' lang='lat' dir='ltr'><strong>Michael</strong></span> <span class='ocrx_word' id='word_1_99' title='bbox 1819 1661 1951 1704; x_wconf 87' lang='lat' dir='ltr'><strong>sane</strong></span> <span class='ocrx_word' id='word_1_100' title='bbox 1978 1661 2086 1702; x_wconf 86' lang='lat' dir='ltr'><strong>cu-</strong></span> 
     </span>
    </p>
   </div>
   <div class='ocr_carea' id='block_1_17' title="bbox 484 1739 2088 1826">
    <p class='ocr_par' dir='ltr' id='par_1_17' title="bbox 484 1739 2088 1826">
     <span class='ocr_line' id='line_1_17' title="bbox 484 1739 2088 1826; baseline -0.011 -16"><span class='ocrx_word' id='word_1_101' title='bbox 484 1754 808 1826; x_wconf 89' lang='lat' dir='ltr'><strong>ropalatius,</strong></span> <span class='ocrx_word' id='word_1_102' title='bbox 847 1752 1051 1807; x_wconf 82' lang='lat' dir='ltr'><strong>illaesus</strong></span> <span class='ocrx_word' id='word_1_103' title='bbox 1077 1762 1443 1819; x_wconf 79' lang='lat' dir='ltr'><strong>exsuperans,</strong></span> <span class='ocrx_word' id='word_1_104' title='bbox 1462 1743 1761 1800; x_wconf 88' lang='lat' dir='ltr'><strong>admodum</strong></span> <span class='ocrx_word' id='word_1_105' title='bbox 1789 1741 1859 1797; x_wconf 87' lang='lat' dir='ltr'><strong>ab</strong></span> <span class='ocrx_word' id='word_1_106' title='bbox 1883 1739 2088 1796; x_wconf 82' lang='lat' dir='ltr'><strong>amicis</strong></span> 
     </span>
    </p>
   </div>
   <div class='ocr_carea' id='block_1_18' title="bbox 484 1836 2086 1919">
    <p class='ocr_par' dir='ltr' id='par_1_18' title="bbox 484 1836 2086 1919">
     <span class='ocr_line' id='line_1_18' title="bbox 484 1836 2086 1919; baseline -0.008 -17"><span class='ocrx_word' id='word_1_107' title='bbox 484 1853 711 1919; x_wconf 84' lang='lat' dir='ltr'><strong>rogatus</strong></span> <span class='ocrx_word' id='word_1_108' title='bbox 730 1853 816 1901; x_wconf 81' lang='lat' dir='ltr'><strong>est</strong></span> <span class='ocrx_word' id='word_1_109' title='bbox 834 1844 1218 1914; x_wconf 84' lang='lat' dir='ltr'><strong>utimperator</strong></span> <span class='ocrx_word' id='word_1_110' title='bbox 1236 1841 1632 1912; x_wconf 85' lang='lat' dir='ltr'><strong>appellaretur,</strong></span> <span class='ocrx_word' id='word_1_111' title='bbox 1649 1845 1708 1894; x_wconf 86' lang='lat' dir='ltr'><strong>et</strong></span> <span class='ocrx_word' id='word_1_112' title='bbox 1724 1844 1836 1893; x_wconf 80' lang='lat' dir='ltr'><strong>non</strong></span> <span class='ocrx_word' id='word_1_113' title='bbox 1860 1836 2086 1892; x_wconf 89' lang='lat' dir='ltr'><strong>admisit</strong></span> 
     </span>
    </p>
   </div>
   <div class='ocr_carea' id='block_1_19' title="bbox 483 1929 2081 2011">
    <p class='ocr_par' dir='ltr' id='par_1_19' title="bbox 483 1929 2081 2011">
     <span class='ocr_line' id='line_1_19' title="bbox 483 1929 2081 2011; baseline -0.008 -16"><span class='ocrx_word' id='word_1_114' title='bbox 483 1940 557 1995; x_wconf 90' lang='lat' dir='ltr'><strong>ob</strong></span> <span class='ocrx_word' id='word_1_115' title='bbox 590 1941 908 2011; x_wconf 89' lang='lat' dir='ltr'><strong>juramenta</strong></span> <span class='ocrx_word' id='word_1_116' title='bbox 942 1935 1187 2007; x_wconf 73' lang='lat' dir='ltr'><strong>praestita</strong></span> <span class='ocrx_word' id='word_1_117' title='bbox 1217 1933 1533 2005; x_wconf 89' lang='lat' dir='ltr'><strong>Nicephoro</strong></span> <span class='ocrx_word' id='word_1_118' title='bbox 1557 1941 1727 2002; x_wconf 85' lang='lat' dir='ltr'><strong>atque</strong></span> <span class='ocrx_word' id='word_1_119' title='bbox 1769 1929 2081 1986; x_wconf 89' lang='lat' dir='ltr'><strong>Stauracio.</strong></span> 
     </span>
    </p>
   </div>
   <div class='ocr_carea' id='block_1_20' title="bbox 484 2024 2086 2102">
    <p class='ocr_par' dir='ltr' id='par_1_20' title="bbox 484 2024 2086 2102">
     <span class='ocr_line' id='line_1_20' title="bbox 484 2024 2086 2102; baseline -0.004 -16"><span class='ocrx_word' id='word_1_120' title='bbox 484 2031 628 2088; x_wconf 90' lang='lat' dir='ltr'><strong>lluic</strong></span> <span class='ocrx_word' id='word_1_121' title='bbox 687 2031 1005 2102; x_wconf 88' lang='lat' dir='ltr'><strong>Stephanus</strong></span> <span class='ocrx_word' id='word_1_122' title='bbox 1060 2028 1402 2085; x_wconf 87' lang='lat' dir='ltr'><strong>domesticus</strong></span> <span class='ocrx_word' id='word_1_123' title='bbox 1451 2026 1757 2083; x_wconf 86' lang='lat' dir='ltr'><strong>resultabat</strong></span> <span class='ocrx_word' id='word_1_124' title='bbox 1809 2040 1908 2095; x_wconf 86' lang='lat' dir='ltr'><strong>spe</strong></span> <span class='ocrx_word' id='word_1_125' title='bbox 1958 2024 2086 2079; x_wconf 83' lang='lat' dir='ltr'><strong>vitae</strong></span> 
     </span>
    </p>
   </div>
   <div class='ocr_carea' id='block_1_21' title="bbox 486 2117 2084 2192">
    <p class='ocr_par' dir='ltr' id='par_1_21' title="bbox 486 2117 2084 2192">
     <span class='ocr_line' id='line_1_21' title="bbox 486 2117 2084 2192; baseline -0.008 -10"><span class='ocrx_word' id='word_1_126' title='bbox 486 2125 784 2184; x_wconf 84' lang='lat' dir='ltr'><strong>Stauracii.</strong></span> <span class='ocrx_word' id='word_1_127' title='bbox 824 2123 1180 2180; x_wconf 88' lang='lat' dir='ltr'><strong>Theoctistus</strong></span> <span class='ocrx_word' id='word_1_128' title='bbox 1213 2135 1348 2177; x_wconf 90' lang='lat' dir='ltr'><strong>vero</strong></span> <span class='ocrx_word' id='word_1_129' title='bbox 1377 2119 1639 2192; x_wconf 79' lang='lat' dir='ltr'><strong>magister</strong></span> <span class='ocrx_word' id='word_1_130' title='bbox 1668 2117 1953 2188; x_wconf 78' lang='lat' dir='ltr'><strong>satagebat</strong></span> <span class='ocrx_word' id='word_1_131' title='bbox 1983 2131 2084 2187; x_wconf 91' lang='lat' dir='ltr'><strong>pro</strong></span> 
     </span>
    </p>
   </div>
   <div class='ocr_carea' id='block_1_22' title="bbox 486 2210 2083 2292">
    <p class='ocr_par' dir='ltr' id='par_1_22' title="bbox 486 2210 2083 2292">
     <span class='ocr_line' id='line_1_22' title="bbox 486 2210 2083 2292; baseline -0.006 -16"><span class='ocrx_word' id='word_1_132' title='bbox 486 2220 721 2292; x_wconf 88' lang='lat' dir='ltr'><strong>imperio</strong></span> <span class='ocrx_word' id='word_1_133' title='bbox 762 2217 1070 2274; x_wconf 81' lang='lat' dir='ltr'><strong>Michaelis.</strong></span> <span class='ocrx_word' id='word_1_134' title='bbox 1120 2217 1296 2273; x_wconf 91' lang='lat' dir='ltr'><strong>Porro</strong></span> <span class='ocrx_word' id='word_1_135' title='bbox 1341 2213 1664 2269; x_wconf 87' lang='lat' dir='ltr'><strong>Stauracius</strong></span> <span class='ocrx_word' id='word_1_136' title='bbox 1713 2227 1815 2283; x_wconf 90' lang='lat' dir='ltr'><strong>per</strong></span> <span class='ocrx_word' id='word_1_137' title='bbox 1864 2210 2083 2266; x_wconf 87' lang='lat' dir='ltr'><strong>urinam</strong></span> 
     </span>
    </p>
   </div>
   <div class='ocr_carea' id='block_1_23' title="bbox 485 2303 2086 2386">
    <p class='ocr_par' dir='ltr' id='par_1_23' title="bbox 485 2303 2086 2386">
     <span class='ocr_line' id='line_1_23' title="bbox 485 2303 2086 2386; baseline -0.009 -15"><span class='ocrx_word' id='word_1_138' title='bbox 485 2314 757 2386; x_wconf 78' lang='lat' dir='ltr'><strong>sanguine</strong></span> <span class='ocrx_word' id='word_1_139' title='bbox 802 2313 1204 2368; x_wconf 88' lang='lat' dir='ltr'><strong>immensurate</strong></span> <span class='ocrx_word' id='word_1_140' title='bbox 1244 2314 1641 2379; x_wconf 84' lang='lat' dir='ltr'><strong>prorumpente</strong></span> <span class='ocrx_word' id='word_1_141' title='bbox 1685 2303 1966 2360; x_wconf 83' lang='lat' dir='ltr'><strong>arefactus</strong></span> <span class='ocrx_word' id='word_1_142' title='bbox 1999 2309 2086 2358; x_wconf 89' lang='lat' dir='ltr'><strong>est</strong></span> 
     </span>
    </p>
   </div>
   <div class='ocr_carea' id='block_1_24' title="bbox 485 2395 2086 2468">
    <p class='ocr_par' dir='ltr' id='par_1_24' title="bbox 485 2395 2086 2468">
     <span class='ocr_line' id='line_1_24' title="bbox 485 2395 2086 2468; baseline -0.009 -5"><span class='ocrx_word' id='word_1_143' title='bbox 485 2395 795 2463; x_wconf 86' lang='lat' dir='ltr'><strong>femoribus</strong></span> <span class='ocrx_word' id='word_1_144' title='bbox 829 2403 995 2459; x_wconf 90' lang='lat' dir='ltr'><strong>simul</strong></span> <span class='ocrx_word' id='word_1_145' title='bbox 1033 2410 1090 2456; x_wconf 89' lang='lat' dir='ltr'><strong>et</strong></span> <span class='ocrx_word' id='word_1_146' title='bbox 1133 2401 1308 2468; x_wconf 89' lang='lat' dir='ltr'><strong>tibiis,</strong></span> <span class='ocrx_word' id='word_1_147' title='bbox 1351 2399 1492 2456; x_wconf 86' lang='lat' dir='ltr'><strong>adeo</strong></span> <span class='ocrx_word' id='word_1_148' title='bbox 1529 2409 1591 2454; x_wconf 91' lang='lat' dir='ltr'><strong>ut</strong></span> <span class='ocrx_word' id='word_1_149' title='bbox 1629 2397 1830 2468; x_wconf 90' lang='lat' dir='ltr'><strong>phorio</strong></span> <span class='ocrx_word' id='word_1_150' title='bbox 1869 2397 2086 2452; x_wconf 83' lang='lat' dir='ltr'><strong>veniret</strong></span> 
     </span>
    </p>
   </div>
   <div class='ocr_carea' id='block_1_25' title="bbox 484 2479 2084 2572">
    <p class='ocr_par' dir='ltr' id='par_1_25' title="bbox 484 2479 2084 2572">
     <span class='ocr_line' id='line_1_25' title="bbox 484 2479 2084 2572; baseline -0.006 -18"><span class='ocrx_word' id='word_1_151' title='bbox 484 2497 836 2572; x_wconf 68' lang='lat' dir='ltr'><strong>Byzantium.</strong></span> <span class='ocrx_word' id='word_1_152' title='bbox 891 2495 1050 2551; x_wconf 88' lang='lat' dir='ltr'><strong>Hunc</strong></span> <span class='ocrx_word' id='word_1_153' title='bbox 1106 2492 1456 2564; x_wconf 86' lang='lat' dir='ltr'><strong>Nicephorus</strong></span> <span class='ocrx_word' id='word_1_154' title='bbox 1517 2479 1831 2562; x_wconf 80' lang='lat' dir='ltr'><strong>patriarcha</strong></span> <span class='ocrx_word' id='word_1_155' title='bbox 1900 2489 2084 2546; x_wconf 86' lang='lat' dir='ltr'><strong>valido</strong></span> 
     </span>
    </p>
   </div>
   <div class='ocr_carea' id='block_1_26' title="bbox 471 2583 2080 2654">
    <p class='ocr_par' dir='ltr' id='par_1_26' title="bbox 471 2583 2080 2654">
     <span class='ocr_line' id='line_1_26' title="bbox 471 2583 2080 2654; baseline -0.007 -6"><span class='ocrx_word' id='word_1_156' title='bbox 471 2606 678 2650; x_wconf 87' lang='lat' dir='ltr'><strong>.amans</strong></span> <span class='ocrx_word' id='word_1_157' title='bbox 694 2591 924 2653; x_wconf 82' lang='lat' dir='ltr'><strong>aﬂ‘ectu,</strong></span> <span class='ocrx_word' id='word_1_158' title='bbox 951 2587 1248 2645; x_wconf 90' lang='lat' dir='ltr'><strong>consilium</strong></span> <span class='ocrx_word' id='word_1_159' title='bbox 1273 2586 1440 2642; x_wconf 89' lang='lat' dir='ltr'><strong>dabat</strong></span> <span class='ocrx_word' id='word_1_160' title='bbox 1464 2585 1516 2641; x_wconf 91' lang='lat' dir='ltr'><strong>ei</strong></span> <span class='ocrx_word' id='word_1_161' title='bbox 1537 2597 1597 2641; x_wconf 90' lang='lat' dir='ltr'><strong>ut</strong></span> <span class='ocrx_word' id='word_1_162' title='bbox 1618 2585 1792 2640; x_wconf 88' lang='lat' dir='ltr'><strong>Deum</strong></span> <span class='ocrx_word' id='word_1_163' title='bbox 1817 2583 2080 2654; x_wconf 83' lang='lat' dir='ltr'><strong>placaret,</strong></span> 
     </span>
    </p>
   </div>
   <div class='ocr_carea' id='block_1_27' title="bbox 483 2679 2079 2752">
    <p class='ocr_par' dir='ltr' id='par_1_27' title="bbox 483 2679 2079 2752">
     <span class='ocr_line' id='line_1_27' title="bbox 483 2679 2079 2752; baseline -0.006 -12"><span class='ocrx_word' id='word_1_164' title='bbox 483 2691 542 2740; x_wconf 90' lang='lat' dir='ltr'><strong>et</strong></span> <span class='ocrx_word' id='word_1_165' title='bbox 575 2697 671 2739; x_wconf 85' lang='lat' dir='ltr'><strong>eos</strong></span> <span class='ocrx_word' id='word_1_166' title='bbox 697 2681 792 2752; x_wconf 91' lang='lat' dir='ltr'><strong>qui</strong></span> <span class='ocrx_word' id='word_1_167' title='bbox 824 2679 1058 2735; x_wconf 81' lang='lat' dir='ltr'><strong>avaritia</strong></span> <span class='ocrx_word' id='word_1_168' title='bbox 1103 2679 1428 2750; x_wconf 76' lang='lat' dir='ltr'><strong>praegravati</strong></span> <span class='ocrx_word' id='word_1_169' title='bbox 1465 2685 1656 2733; x_wconf 86' lang='lat' dir='ltr'><strong>essent</strong></span> <span class='ocrx_word' id='word_1_170' title='bbox 1696 2691 1728 2731; x_wconf 91' lang='lat' dir='ltr'><strong>a</strong></span> <span class='ocrx_word' id='word_1_171' title='bbox 1771 2683 1929 2748; x_wconf 87' lang='lat' dir='ltr'><strong>patre</strong></span> <span class='ocrx_word' id='word_1_172' title='bbox 1975 2691 2079 2730; x_wconf 90' lang='lat' dir='ltr'><strong>suo</strong></span> 
     </span>
    </p>
   </div>
   <div class='ocr_carea' id='block_1_28' title="bbox 485 2771 2086 2842">
    <p class='ocr_par' dir='ltr' id='par_1_28' title="bbox 485 2771 2086 2842">
     <span class='ocr_line' id='line_1_28' title="bbox 485 2771 2086 2842; baseline -0.006 -10"><span class='ocrx_word' id='word_1_173' title='bbox 485 2775 888 2832; x_wconf 79' lang='lat' dir='ltr'><strong>consolaretur.</strong></span> <span class='ocrx_word' id='word_1_174' title='bbox 931 2771 1014 2828; x_wconf 82' lang='lat' dir='ltr'><strong>Ad</strong></span> <span class='ocrx_word' id='word_1_175' title='bbox 1069 2786 1234 2842; x_wconf 88' lang='lat' dir='ltr'><strong>quem</strong></span> <span class='ocrx_word' id='word_1_176' title='bbox 1273 2771 1495 2841; x_wconf 90' lang='lat' dir='ltr'><strong>paterni</strong></span> <span class='ocrx_word' id='word_1_177' title='bbox 1543 2784 1743 2826; x_wconf 88' lang='lat' dir='ltr'><strong>sensus</strong></span> <span class='ocrx_word' id='word_1_178' title='bbox 1786 2784 2086 2841; x_wconf 84' lang='lat' dir='ltr'><strong>germanus</strong></span> 
     </span>
    </p>
   </div>
   <div class='ocr_carea' id='block_1_29' title="bbox 484 2860 2085 2933">
    <p class='ocr_par' dir='ltr' id='par_1_29' title="bbox 484 2860 2085 2933">
     <span class='ocr_line' id='line_1_29' title="bbox 484 2860 2085 2933; baseline -0.004 -11"><span class='ocrx_word' id='word_1_179' title='bbox 484 2867 665 2924; x_wconf 80' lang='lat' dir='ltr'><strong>haeres</strong></span> <span class='ocrx_word' id='word_1_180' title='bbox 715 2864 939 2921; x_wconf 83' lang='lat' dir='ltr'><strong>dicebat</strong></span> <span class='ocrx_word' id='word_1_181' title='bbox 969 2879 1083 2918; x_wconf 92' lang='lat' dir='ltr'><strong>non</strong></span> <span class='ocrx_word' id='word_1_182' title='bbox 1121 2878 1192 2918; x_wconf 82' lang='lat' dir='ltr'><strong>se</strong></span> <span class='ocrx_word' id='word_1_183' title='bbox 1247 2878 1411 2933; x_wconf 91' lang='lat' dir='ltr'><strong>posse</strong></span> <span class='ocrx_word' id='word_1_184' title='bbox 1452 2863 1578 2933; x_wconf 86' lang='lat' dir='ltr'><strong>plus</strong></span> <span class='ocrx_word' id='word_1_185' title='bbox 1624 2861 1807 2919; x_wconf 87' lang='lat' dir='ltr'><strong>tribus</strong></span> <span class='ocrx_word' id='word_1_186' title='bbox 1848 2860 2085 2917; x_wconf 85' lang='lat' dir='ltr'><strong>reddere</strong></span> 
     </span>
    </p>
   </div>
   <div class='ocr_carea' id='block_1_30' title="bbox 487 2954 2084 3027">
    <p class='ocr_par' dir='ltr' id='par_1_30' title="bbox 487 2954 2084 3027">
     <span class='ocr_line' id='line_1_30' title="bbox 487 2954 2084 3027; baseline -0.004 -13"><span class='ocrx_word' id='word_1_187' title='bbox 487 2958 736 3014; x_wconf 83' lang='lat' dir='ltr'><strong>talentis.</strong></span> <span class='ocrx_word' id='word_1_188' title='bbox 774 2957 902 3013; x_wconf 69' lang='lat' dir='ltr'><strong>Haec</strong></span> <span class='ocrx_word' id='word_1_189' title='bbox 954 2965 1143 3012; x_wconf 87' lang='lat' dir='ltr'><strong>autem</strong></span> <span class='ocrx_word' id='word_1_190' title='bbox 1178 2963 1300 3011; x_wconf 88' lang='lat' dir='ltr'><strong>erat</strong></span> <span class='ocrx_word' id='word_1_191' title='bbox 1331 2954 1492 3011; x_wconf 83' lang='lat' dir='ltr'><strong>exilis</strong></span> <span class='ocrx_word' id='word_1_192' title='bbox 1527 2971 1657 3026; x_wconf 88' lang='lat' dir='ltr'><strong>pars</strong></span> <span class='ocrx_word' id='word_1_193' title='bbox 1686 2955 2084 3027; x_wconf 90' lang='lat' dir='ltr'><strong>injustitiarum</strong></span> 
     </span>
    </p>
   </div>
   <div class='ocr_carea' id='block_1_31' title="bbox 487 3047 2084 3119">
    <p class='ocr_par' dir='ltr' id='par_1_31' title="bbox 487 3047 2084 3119">
     <span class='ocr_line' id='line_1_31' title="bbox 487 3047 2084 3119; baseline -0.004 -11"><span class='ocrx_word' id='word_1_194' title='bbox 487 3051 638 3109; x_wconf 83' lang='lat' dir='ltr'><strong>illius</strong></span> <span class='ocrx_word' id='word_1_195' title='bbox 669 3069 683 3106; x_wconf 89' lang='lat'><strong>:</strong></span> <span class='ocrx_word' id='word_1_196' title='bbox 738 3057 1124 3105; x_wconf 85' lang='lat' dir='ltr'><strong>verumtamen</strong></span> <span class='ocrx_word' id='word_1_197' title='bbox 1156 3057 1212 3103; x_wconf 87' lang='lat' dir='ltr'><strong>et</strong></span> <span class='ocrx_word' id='word_1_198' title='bbox 1245 3047 1394 3104; x_wconf 90' lang='lat' dir='ltr'><strong>circa</strong></span> <span class='ocrx_word' id='word_1_199' title='bbox 1426 3048 1544 3104; x_wconf 66' lang='lat' dir='ltr'><strong>haec</strong></span> <span class='ocrx_word' id='word_1_200' title='bbox 1578 3047 1972 3119; x_wconf 83' lang='lat' dir='ltr'><strong>pigritabatur,</strong></span> <span class='ocrx_word' id='word_1_201' title='bbox 1993 3048 2084 3102; x_wconf 79' lang='lat' dir='ltr'><strong>.vi-</strong></span> 
     </span>
    </p>
   </div>
   <div class='ocr_carea' id='block_1_32' title="bbox 484 3139 2084 3211">
    <p class='ocr_par' dir='ltr' id='par_1_32' title="bbox 484 3139 2084 3211">
     <span class='ocr_line' id='line_1_32' title="bbox 484 3139 2084 3211; baseline -0.003 -11"><span class='ocrx_word' id='word_1_202' title='bbox 484 3160 618 3202; x_wconf 86' lang='lat' dir='ltr'><strong>vere</strong></span> <span class='ocrx_word' id='word_1_203' title='bbox 636 3143 840 3200; x_wconf 77' lang='lat' dir='ltr'><strong>ﬁdens.</strong></span> <span class='ocrx_word' id='word_1_204' title='bbox 866 3141 1013 3199; x_wconf 78' lang='lat' dir='ltr'><strong>Cum</strong></span> <span class='ocrx_word' id='word_1_205' title='bbox 1051 3149 1243 3196; x_wconf 80' lang='lat' dir='ltr'><strong>autem</strong></span> <span class='ocrx_word' id='word_1_206' title='bbox 1290 3139 1472 3196; x_wconf 73' lang='lat' dir='ltr'><strong>fmdus</strong></span> <span class='ocrx_word' id='word_1_207' title='bbox 1498 3139 1772 3196; x_wconf 90' lang='lat' dir='ltr'><strong>illibatum</strong></span> <span class='ocrx_word' id='word_1_208' title='bbox 1802 3155 1956 3194; x_wconf 90' lang='lat' dir='ltr'><strong>more</strong></span> <span class='ocrx_word' id='word_1_209' title='bbox 1986 3156 2084 3211; x_wconf 84' lang='lat' dir='ltr'><strong>pa-</strong></span> 
     </span>
    </p>
   </div>
   <div class='ocr_carea' id='block_1_33' title="bbox 2177 617 3740 691">
    <p class='ocr_par' dir='ltr' id='par_1_33' title="bbox 2177 617 3740 691">
     <span class='ocr_line' id='line_1_33' title="bbox 2177 617 3740 691; baseline 0.008 -15"><span class='ocrx_word' id='word_1_210' title='bbox 2177 635 2208 676; x_wconf 88' lang='lat' dir='ltr'><strong>a</strong></span> <span class='ocrx_word' id='word_1_211' title='bbox 2236 618 2503 676; x_wconf 85' lang='lat' dir='ltr'><strong>Michaele</strong></span> <span class='ocrx_word' id='word_1_212' title='bbox 2535 617 2777 691; x_wconf 70' lang='lat' dir='ltr'><strong>propria:</strong></span> <span class='ocrx_word' id='word_1_213' title='bbox 2807 632 3005 675; x_wconf 88' lang='lat' dir='ltr'><strong>manus</strong></span> <span class='ocrx_word' id='word_1_214' title='bbox 3041 619 3225 690; x_wconf 78' lang='lat' dir='ltr'><strong>exegit</strong></span> <span class='ocrx_word' id='word_1_215' title='bbox 3262 618 3330 675; x_wconf 89' lang='lat' dir='ltr'><strong>de</strong></span> <span class='ocrx_word' id='word_1_216' title='bbox 3359 631 3502 678; x_wconf 87' lang='lat' dir='ltr'><strong>recta</strong></span> <span class='ocrx_word' id='word_1_217' title='bbox 3538 625 3656 691; x_wconf 83' lang='lat' dir='ltr'><strong>ﬁde,</strong></span> <span class='ocrx_word' id='word_1_218' title='bbox 3689 643 3740 688; x_wconf 86' lang='lat' dir='ltr'><strong>et</strong></span> 
     </span>
    </p>
   </div>
   <div class='ocr_carea' id='block_1_34' title="bbox 2178 713 3739 788">
    <p class='ocr_par' dir='ltr' id='par_1_34' title="bbox 2178 713 3739 788">
     <span class='ocr_line' id='line_1_34' title="bbox 2178 713 3739 788; baseline 0.007 -18"><span class='ocrx_word' id='word_1_219' title='bbox 2178 723 2242 770; x_wconf 92' lang='lat' dir='ltr'><strong>ut</strong></span> <span class='ocrx_word' id='word_1_220' title='bbox 2268 713 2388 772; x_wconf 91' lang='lat' dir='ltr'><strong>sine</strong></span> <span class='ocrx_word' id='word_1_221' title='bbox 2416 715 2687 787; x_wconf 76' lang='lat' dir='ltr'><strong>sanguine</strong></span> <span class='ocrx_word' id='word_1_222' title='bbox 2712 731 2965 773; x_wconf 80' lang='lat' dir='ltr'><strong>manusa</strong></span> <span class='ocrx_word' id='word_1_223' title='bbox 2977 714 3313 772; x_wconf 84' lang='lat' dir='ltr'><strong>Christianis</strong></span> <span class='ocrx_word' id='word_1_224' title='bbox 3332 725 3590 788; x_wconf 81' lang='lat' dir='ltr'><strong>servaret,</strong></span> <span class='ocrx_word' id='word_1_225' title='bbox 3611 729 3739 785; x_wconf 87' lang='lat' dir='ltr'><strong>aede</strong></span> 
     </span>
    </p>
   </div>
   <div class='ocr_carea' id='block_1_35' title="bbox 2179 795 3771 878">
    <p class='ocr_par' dir='ltr' id='par_1_35' title="bbox 2179 795 3771 878">
     <span class='ocr_line' id='line_1_35' title="bbox 2179 795 3771 878; baseline 0.008 -14"><span class='ocrx_word' id='word_1_226' title='bbox 2179 807 2353 864; x_wconf 87' lang='lat' dir='ltr'><strong>sacris</strong></span> <span class='ocrx_word' id='word_1_227' title='bbox 2383 807 2708 864; x_wconf 88' lang='lat' dir='ltr'><strong>hominibus</strong></span> <span class='ocrx_word' id='word_1_228' title='bbox 2738 823 2836 864; x_wconf 90' lang='lat' dir='ltr'><strong>seu</strong></span> <span class='ocrx_word' id='word_1_229' title='bbox 2869 808 3158 866; x_wconf 88' lang='lat' dir='ltr'><strong>monachis</strong></span> <span class='ocrx_word' id='word_1_230' title='bbox 3183 820 3241 865; x_wconf 88' lang='lat' dir='ltr'><strong>et</strong></span> <span class='ocrx_word' id='word_1_231' title='bbox 3264 817 3377 866; x_wconf 78' lang='lat' dir='ltr'><strong>toto</strong></span> <span class='ocrx_word' id='word_1_232' title='bbox 3397 795 3771 878; x_wconf 47' lang='lat' dir='ltr'><strong>ecclesiastico:</strong></span> 
     </span>
    </p>
   </div>
   <div class='ocr_carea' id='block_1_36' title="bbox 2180 901 3273 973">
    <p class='ocr_par' dir='ltr' id='par_1_36' title="bbox 2180 901 3273 973">
     <span class='ocr_line' id='line_1_36' title="bbox 2180 901 3273 973; baseline -0.001 -14"><span class='ocrx_word' id='word_1_233' title='bbox 2180 901 2456 973; x_wconf 84' lang='lat' dir='ltr'><strong>catologo,</strong></span> <span class='ocrx_word' id='word_1_234' title='bbox 2496 917 2567 957; x_wconf 90' lang='lat' dir='ltr'><strong>ne</strong></span> <span class='ocrx_word' id='word_1_235' title='bbox 2601 911 3033 973; x_wconf 89' lang='lat' dir='ltr'><strong>pereuterentur</strong></span> <span class='ocrx_word' id='word_1_236' title='bbox 3061 902 3130 957; x_wconf 90' lang='lat' dir='ltr'><strong>ab</strong></span> <span class='ocrx_word' id='word_1_237' title='bbox 3158 902 3273 959; x_wconf 90' lang='lat' dir='ltr'><strong>illo.</strong></span> 
     </span>
    </p>
   </div>
   <div class='ocr_carea' id='block_1_37' title="bbox 2251 992 3748 1066">
    <p class='ocr_par' dir='ltr' id='par_1_37' title="bbox 2251 992 3748 1066">
     <span class='ocr_line' id='line_1_37' title="bbox 2251 992 3748 1066; baseline 0.008 -16"><span class='ocrx_word' id='word_1_238' title='bbox 2251 994 2410 1050; x_wconf 77' lang='lat' dir='ltr'><strong>Anno</strong></span> <span class='ocrx_word' id='word_1_239' title='bbox 2465 993 2655 1064; x_wconf 89' lang='lat' dir='ltr'><strong>itaque</strong></span> <span class='ocrx_word' id='word_1_240' title='bbox 2720 994 2915 1050; x_wconf 88' lang='lat' dir='ltr'><strong>mundi</strong></span> <span class='ocrx_word' id='word_1_241' title='bbox 2967 992 3306 1052; x_wconf 90' lang='lat' dir='ltr'><strong>conditionis</strong></span> <span class='ocrx_word' id='word_1_242' title='bbox 3363 995 3520 1066; x_wconf 65' lang='lat'><strong>65.04,</strong></span> <span class='ocrx_word' id='word_1_243' title='bbox 3569 1001 3748 1064; x_wconf 77' lang='lat' dir='ltr'><strong>divina:</strong></span> 
     </span>
    </p>
   </div>
   <div class='ocr_carea' id='block_1_38' title="bbox 2181 1085 3746 1167">
    <p class='ocr_par' dir='ltr' id='par_1_38' title="bbox 2181 1085 3746 1167">
     <span class='ocr_line' id='line_1_38' title="bbox 2181 1085 3746 1167; baseline 0.007 -26"><span class='ocrx_word' id='word_1_244' title='bbox 2181 1085 2588 1142; x_wconf 81' lang='lat' dir='ltr'><strong>incarnationis</strong></span> <span class='ocrx_word' id='word_1_245' title='bbox 2618 1102 2764 1142; x_wconf 89' lang='lat' dir='ltr'><strong>anno</strong></span> <span class='ocrx_word' id='word_1_246' title='bbox 2799 1086 2924 1149; x_wconf 69' lang='grc'><strong>804,</strong></span> <span class='ocrx_word' id='word_1_247' title='bbox 2953 1088 3239 1146; x_wconf 85' lang='lat' dir='ltr'><strong>mensibus</strong></span> <span class='ocrx_word' id='word_1_248' title='bbox 3266 1097 3413 1156; x_wconf 86' lang='lat' dir='ltr'><strong>octo,</strong></span> <span class='ocrx_word' id='word_1_249' title='bbox 3444 1091 3532 1167; x_wconf 85' lang='lat' dir='ltr'><strong>die</strong></span> <span class='ocrx_word' id='word_1_250' title='bbox 3551 1095 3746 1167; x_wconf 83' lang='lat' dir='ltr'><strong>quinta,</strong></span> 
     </span>
    </p>
   </div>
   <div class='ocr_carea' id='block_1_39' title="bbox 2183 1165 3751 1259">
    <p class='ocr_par' dir='ltr' id='par_1_39' title="bbox 2183 1165 3751 1259">
     <span class='ocr_line' id='line_1_39' title="bbox 2183 1165 3751 1259; baseline 0.008 -25"><span class='ocrx_word' id='word_1_251' title='bbox 2183 1178 2318 1259; x_wconf 84' lang='lat' dir='ltr'><strong>hora</strong></span> <span class='ocrx_word' id='word_1_252' title='bbox 2359 1179 2558 1251; x_wconf 88' lang='lat' dir='ltr'><strong>prima,</strong></span> <span class='ocrx_word' id='word_1_253' title='bbox 2607 1178 2914 1235; x_wconf 88' lang='lat' dir='ltr'><strong>indictione</strong></span> <span class='ocrx_word' id='word_1_254' title='bbox 2960 1180 3180 1250; x_wconf 85' lang='lat' dir='ltr'><strong>quinta,</strong></span> <span class='ocrx_word' id='word_1_255' title='bbox 3229 1181 3458 1239; x_wconf 78' lang='lat' dir='ltr'><strong>Michael</strong></span> <span class='ocrx_word' id='word_1_256' title='bbox 3493 1165 3751 1256; x_wconf 82' lang='lat' dir='ltr'><strong>piissimus</strong></span> 
     </span>
    </p>
   </div>
   <div class='ocr_carea' id='block_1_40' title="bbox 2183 1276 3749 1348">
    <p class='ocr_par' dir='ltr' id='par_1_40' title="bbox 2183 1276 3749 1348">
     <span class='ocr_line' id='line_1_40' title="bbox 2183 1276 3749 1348; baseline 0.008 -19"><span class='ocrx_word' id='word_1_257' title='bbox 2183 1276 2534 1346; x_wconf 82' lang='lat' dir='ltr'><strong>cur‘opalates</strong></span> <span class='ocrx_word' id='word_1_258' title='bbox 2573 1278 2885 1347; x_wconf 84' lang='lat' dir='ltr'><strong>appellatus</strong></span> <span class='ocrx_word' id='word_1_259' title='bbox 2931 1284 3016 1333; x_wconf 86' lang='lat' dir='ltr'><strong>est</strong></span> <span class='ocrx_word' id='word_1_260' title='bbox 3059 1279 3365 1348; x_wconf 89' lang='lat' dir='ltr'><strong>imperator</strong></span> <span class='ocrx_word' id='word_1_261' title='bbox 3403 1280 3749 1345; x_wconf 72' lang='lat' dir='ltr'><strong>Romanorum</strong></span> 
     </span>
    </p>
   </div>
   <div class='ocr_carea' id='block_1_41' title="bbox 2188 1362 3752 1448">
    <p class='ocr_par' dir='ltr' id='par_1_41' title="bbox 2188 1362 3752 1448">
     <span class='ocr_line' id='line_1_41' title="bbox 2188 1362 3752 1448; baseline 0.009 -27"><span class='ocrx_word' id='word_1_262' title='bbox 2188 1367 2244 1422; x_wconf 91' lang='lat' dir='ltr'><strong>in</strong></span> <span class='ocrx_word' id='word_1_263' title='bbox 2269 1367 2671 1440; x_wconf 79' lang='lat' dir='ltr'><strong>Hippodromio</strong></span> <span class='ocrx_word' id='word_1_264' title='bbox 2691 1386 2725 1425; x_wconf 83' lang='lat' dir='ltr'><strong>a</strong></span> <span class='ocrx_word' id='word_1_265' title='bbox 2762 1378 2875 1426; x_wconf 90' lang='lat' dir='ltr'><strong>toto</strong></span> <span class='ocrx_word' id='word_1_266' title='bbox 2905 1362 3100 1427; x_wconf 79' lang='lat' dir='ltr'><strong>senatu</strong></span> <span class='ocrx_word' id='word_1_267' title='bbox 3141 1384 3307 1442; x_wconf 87' lang='lat' dir='ltr'><strong>atque</strong></span> <span class='ocrx_word' id='word_1_268' title='bbox 3334 1372 3637 1440; x_wconf 87' lang='lat' dir='ltr'><strong>ordinibus,</strong></span> <span class='ocrx_word' id='word_1_269' title='bbox 3669 1380 3752 1448; x_wconf 89' lang='lat' dir='ltr'><strong>qui</strong></span> 
     </span>
    </p>
   </div>
   <div class='ocr_carea' id='block_1_42' title="bbox 2187 1458 3756 1544">
    <p class='ocr_par' dir='ltr' id='par_1_42' title="bbox 2187 1458 3756 1544">
     <span class='ocr_line' id='line_1_42' title="bbox 2187 1458 3756 1544; baseline 0.008 -30"><span class='ocrx_word' id='word_1_270' title='bbox 2187 1458 2486 1530; x_wconf 84' lang='lat' dir='ltr'><strong>imperavit</strong></span> <span class='ocrx_word' id='word_1_271' title='bbox 2528 1462 2690 1518; x_wconf 89' lang='lat' dir='ltr'><strong>annis</strong></span> <span class='ocrx_word' id='word_1_272' title='bbox 2731 1462 2972 1518; x_wconf 89' lang='lat' dir='ltr'><strong>duobus.</strong></span> <span class='ocrx_word' id='word_1_273' title='bbox 3014 1462 3348 1520; x_wconf 80' lang='lat' dir='ltr'><strong>Stauracius</strong></span> <span class='ocrx_word' id='word_1_274' title='bbox 3389 1474 3568 1523; x_wconf 84' lang='lat' dir='ltr'><strong>autem</strong></span> <span class='ocrx_word' id='word_1_275' title='bbox 3609 1469 3756 1544; x_wconf 87' lang='lat' dir='ltr'><strong>hujus</strong></span> 
     </span>
    </p>
   </div>
   <div class='ocr_carea' id='block_1_43' title="bbox 2186 1554 3759 1626">
    <p class='ocr_par' dir='ltr' id='par_1_43' title="bbox 2186 1554 3759 1626">
     <span class='ocr_line' id='line_1_43' title="bbox 2186 1554 3759 1626; baseline 0.007 -17"><span class='ocrx_word' id='word_1_276' title='bbox 2186 1554 2584 1611; x_wconf 78' lang='lat' dir='ltr'><strong>acclamatione</strong></span> <span class='ocrx_word' id='word_1_277' title='bbox 2609 1555 2798 1614; x_wconf 88' lang='lat' dir='ltr'><strong>audita</strong></span> <span class='ocrx_word' id='word_1_278' title='bbox 2833 1556 3016 1614; x_wconf 87' lang='lat' dir='ltr'><strong>statim</strong></span> <span class='ocrx_word' id='word_1_279' title='bbox 3050 1573 3266 1612; x_wconf 85' lang='lat' dir='ltr'><strong>comam</strong></span> <span class='ocrx_word' id='word_1_280' title='bbox 3295 1560 3550 1626; x_wconf 83' lang='lat' dir='ltr'><strong>totondit,</strong></span> <span class='ocrx_word' id='word_1_281' title='bbox 3575 1571 3628 1618; x_wconf 87' lang='lat' dir='ltr'><strong>et</strong></span> <span class='ocrx_word' id='word_1_282' title='bbox 3653 1579 3759 1620; x_wconf 88' lang='lat' dir='ltr'><strong>mo-</strong></span> 
     </span>
    </p>
   </div>
   <div class='ocr_carea' id='block_1_44' title="bbox 2188 1644 3758 1721">
    <p class='ocr_par' dir='ltr' id='par_1_44' title="bbox 2188 1644 3758 1721">
     <span class='ocr_line' id='line_1_44' title="bbox 2188 1644 3758 1721; baseline 0.008 -23"><span class='ocrx_word' id='word_1_283' title='bbox 2188 1644 2438 1702; x_wconf 84' lang='lat' dir='ltr'><strong>nachicis</strong></span> <span class='ocrx_word' id='word_1_284' title='bbox 2464 1645 2838 1703; x_wconf 88' lang='lat' dir='ltr'><strong>circumdatus</strong></span> <span class='ocrx_word' id='word_1_285' title='bbox 2861 1659 2947 1704; x_wconf 86' lang='lat' dir='ltr'><strong>est</strong></span> <span class='ocrx_word' id='word_1_286' title='bbox 2969 1649 3312 1706; x_wconf 81' lang='lat' dir='ltr'><strong>vestimentis</strong></span> <span class='ocrx_word' id='word_1_287' title='bbox 3342 1666 3440 1721; x_wconf 89' lang='lat' dir='ltr'><strong>per</strong></span> <span class='ocrx_word' id='word_1_288' title='bbox 3466 1649 3758 1711; x_wconf 87' lang='lat' dir='ltr'><strong>Simeonem</strong></span> 
     </span>
    </p>
   </div>
   <div class='ocr_carea' id='block_1_45' title="bbox 2188 1739 3759 1814">
    <p class='ocr_par' dir='ltr' id='par_1_45' title="bbox 2188 1739 3759 1814">
     <span class='ocr_line' id='line_1_45' title="bbox 2188 1739 3759 1814; baseline 0.006 -21"><span class='ocrx_word' id='word_1_289' title='bbox 2188 1739 2547 1804; x_wconf 77' lang='lat' dir='ltr'><strong>monachum,</strong></span> <span class='ocrx_word' id='word_1_290' title='bbox 2603 1749 2900 1812; x_wconf 84' lang='lat' dir='ltr'><strong>cognatum</strong></span> <span class='ocrx_word' id='word_1_291' title='bbox 2957 1757 3142 1804; x_wconf 90' lang='lat' dir='ltr'><strong>suum.</strong></span> <span class='ocrx_word' id='word_1_292' title='bbox 3188 1743 3359 1799; x_wconf 77' lang='lat' dir='ltr'><strong>valde</strong></span> <span class='ocrx_word' id='word_1_293' title='bbox 3408 1745 3759 1814; x_wconf 86' lang='lat' dir='ltr'><strong>patriarcham</strong></span> 
     </span>
    </p>
   </div>
   <div class='ocr_carea' id='block_1_46' title="bbox 2191 1830 3762 1906">
    <p class='ocr_par' dir='ltr' id='par_1_46' title="bbox 2191 1830 3762 1906">
     <span class='ocr_line' id='line_1_46' title="bbox 2191 1830 3762 1906; baseline 0.006 -21"><span class='ocrx_word' id='word_1_294' title='bbox 2191 1830 2516 1902; x_wconf 84' lang='lat' dir='ltr'><strong>implorans.</strong></span> <span class='ocrx_word' id='word_1_295' title='bbox 2547 1831 2652 1900; x_wconf 84' lang='lat' dir='ltr'><strong>Qui</strong></span> <span class='ocrx_word' id='word_1_296' title='bbox 2683 1834 2917 1891; x_wconf 85' lang='lat' dir='ltr'><strong>veniens</strong></span> <span class='ocrx_word' id='word_1_297' title='bbox 2959 1835 3012 1890; x_wconf 93' lang='lat' dir='ltr'><strong>in</strong></span> <span class='ocrx_word' id='word_1_298' title='bbox 3043 1836 3308 1906; x_wconf 88' lang='lat' dir='ltr'><strong>palatium</strong></span> <span class='ocrx_word' id='word_1_299' title='bbox 3340 1838 3575 1892; x_wconf 84' lang='lat' dir='ltr'><strong>multum</strong></span> <span class='ocrx_word' id='word_1_300' title='bbox 3612 1839 3762 1895; x_wconf 88' lang='lat' dir='ltr'><strong>Stau-</strong></span> 
     </span>
    </p>
   </div>
   <div class='ocr_carea' id='block_1_47' title="bbox 2189 1918 3766 2004">
    <p class='ocr_par' dir='ltr' id='par_1_47' title="bbox 2189 1918 3766 2004">
     <span class='ocr_line' id='line_1_47' title="bbox 2189 1918 3766 2004; baseline 0.01 -26"><span class='ocrx_word' id='word_1_301' title='bbox 2189 1926 2404 1980; x_wconf 89' lang='lat' dir='ltr'><strong>racium</strong></span> <span class='ocrx_word' id='word_1_302' title='bbox 2439 1941 2548 1982; x_wconf 91' lang='lat' dir='ltr'><strong>una</strong></span> <span class='ocrx_word' id='word_1_303' title='bbox 2592 1942 2719 1982; x_wconf 90' lang='lat' dir='ltr'><strong>eum</strong></span> <span class='ocrx_word' id='word_1_304' title='bbox 2759 1927 3094 1999; x_wconf 70' lang='lat' dir='ltr'><strong>imperatore</strong></span> <span class='ocrx_word' id='word_1_305' title='bbox 3127 1918 3394 1987; x_wconf 86' lang='lat' dir='ltr'><strong>Michaele</strong></span> <span class='ocrx_word' id='word_1_306' title='bbox 3418 1933 3660 2004; x_wconf 87' lang='lat' dir='ltr'><strong>rogabaI,</strong></span> <span class='ocrx_word' id='word_1_307' title='bbox 3704 1950 3766 1993; x_wconf 88' lang='lat' dir='ltr'><strong>ne</strong></span> 
     </span>
    </p>
   </div>
   <div class='ocr_carea' id='block_1_48' title="bbox 2190 2017 3764 2093">
    <p class='ocr_par' dir='ltr' id='par_1_48' title="bbox 2190 2017 3764 2093">
     <span class='ocr_line' id='line_1_48' title="bbox 2190 2017 3764 2093; baseline 0.004 -21"><span class='ocrx_word' id='word_1_308' title='bbox 2190 2017 2510 2074; x_wconf 84' lang='lat' dir='ltr'><strong>trislaretur</strong></span> <span class='ocrx_word' id='word_1_309' title='bbox 2545 2035 2716 2091; x_wconf 83' lang='lat' dir='ltr'><strong>super</strong></span> <span class='ocrx_word' id='word_1_310' title='bbox 2742 2037 2810 2077; x_wconf 92' lang='lat' dir='ltr'><strong>eo</strong></span> <span class='ocrx_word' id='word_1_311' title='bbox 2838 2021 2990 2093; x_wconf 91' lang='lat' dir='ltr'><strong>quod</strong></span> <span class='ocrx_word' id='word_1_312' title='bbox 3037 2021 3242 2079; x_wconf 82' lang='lat' dir='ltr'><strong>factum</strong></span> <span class='ocrx_word' id='word_1_313' title='bbox 3292 2032 3380 2080; x_wconf 88' lang='lat' dir='ltr'><strong>est</strong></span> <span class='ocrx_word' id='word_1_314' title='bbox 3412 2043 3425 2079; x_wconf 90' lang='lat'><strong>:</strong></span> <span class='ocrx_word' id='word_1_315' title='bbox 3482 2040 3592 2082; x_wconf 89' lang='lat' dir='ltr'><strong>non</strong></span> <span class='ocrx_word' id='word_1_316' title='bbox 3631 2029 3764 2083; x_wconf 86' lang='lat' dir='ltr'><strong>enim</strong></span> 
     </span>
    </p>
   </div>
   <div class='ocr_carea' id='block_1_49' title="bbox 2186 2111 3769 2190">
    <p class='ocr_par' dir='ltr' id='par_1_49' title="bbox 2186 2111 3769 2190">
     <span class='ocr_line' id='line_1_49' title="bbox 2186 2111 3769 2190; baseline 0.008 -25"><span class='ocrx_word' id='word_1_317' title='bbox 2186 2125 2288 2182; x_wconf 89' lang='lat' dir='ltr'><strong>per</strong></span> <span class='ocrx_word' id='word_1_318' title='bbox 2319 2111 2571 2179; x_wconf 86' lang='lat' dir='ltr'><strong>insidias,</strong></span> <span class='ocrx_word' id='word_1_319' title='bbox 2601 2113 2700 2169; x_wconf 91' lang='lat' dir='ltr'><strong>sed</strong></span> <span class='ocrx_word' id='word_1_320' title='bbox 2733 2129 2833 2185; x_wconf 91' lang='lat' dir='ltr'><strong>per</strong></span> <span class='ocrx_word' id='word_1_321' title='bbox 2872 2115 3316 2186; x_wconf 86' lang='lat' dir='ltr'><strong>desperationem</strong></span> <span class='ocrx_word' id='word_1_322' title='bbox 3349 2119 3478 2175; x_wconf 63' lang='lat' dir='ltr'><strong>vitae</strong></span> <span class='ocrx_word' id='word_1_323' title='bbox 3517 2120 3683 2190; x_wconf 86' lang='lat' dir='ltr'><strong>ipsius</strong></span> <span class='ocrx_word' id='word_1_324' title='bbox 3718 2121 3769 2178; x_wconf 90' lang='lat' dir='ltr'><strong>id</strong></span> 
     </span>
    </p>
   </div>
   <div class='ocr_carea' id='block_1_50' title="bbox 2186 2208 3770 2283">
    <p class='ocr_par' dir='ltr' id='par_1_50' title="bbox 2186 2208 3770 2283">
     <span class='ocr_line' id='line_1_50' title="bbox 2186 2208 3770 2283; baseline 0.008 -24"><span class='ocrx_word' id='word_1_325' title='bbox 2186 2213 2402 2276; x_wconf 86' lang='lat' dir='ltr'><strong>gestum</strong></span> <span class='ocrx_word' id='word_1_326' title='bbox 2434 2208 2810 2283; x_wconf 81' lang='lat' dir='ltr'><strong>asseverabat.</strong></span> <span class='ocrx_word' id='word_1_327' title='bbox 2840 2208 2910 2268; x_wconf 86' lang='lat' dir='ltr'><strong>At</strong></span> <span class='ocrx_word' id='word_1_328' title='bbox 2949 2209 3042 2264; x_wconf 91' lang='lat' dir='ltr'><strong>ille</strong></span> <span class='ocrx_word' id='word_1_329' title='bbox 3074 2211 3336 2281; x_wconf 71' lang='lat' dir='ltr'><strong>nequitiae</strong></span> <span class='ocrx_word' id='word_1_330' title='bbox 3361 2221 3608 2283; x_wconf 72' lang='lat' dir='ltr'><strong>paternae</strong></span> <span class='ocrx_word' id='word_1_331' title='bbox 3631 2214 3770 2279; x_wconf 80' lang='lat' dir='ltr'><strong>rabie</strong></span> 
     </span>
    </p>
   </div>
   <div class='ocr_carea' id='block_1_51' title="bbox 2186 2296 3770 2371">
    <p class='ocr_par' dir='ltr' id='par_1_51' title="bbox 2186 2296 3770 2371">
     <span class='ocr_line' id='line_1_51' title="bbox 2186 2296 3770 2371; baseline 0.008 -20"><span class='ocrx_word' id='word_1_332' title='bbox 2186 2296 2378 2354; x_wconf 85' lang='lat' dir='ltr'><strong>furens</strong></span> <span class='ocrx_word' id='word_1_333' title='bbox 2404 2315 2515 2355; x_wconf 91' lang='lat' dir='ltr'><strong>non</strong></span> <span class='ocrx_word' id='word_1_334' title='bbox 2549 2301 2857 2371; x_wconf 83' lang='lat' dir='ltr'><strong>acquievit,</strong></span> <span class='ocrx_word' id='word_1_335' title='bbox 2877 2301 3070 2358; x_wconf 89' lang='lat' dir='ltr'><strong>dicens</strong></span> <span class='ocrx_word' id='word_1_336' title='bbox 3101 2304 3167 2361; x_wconf 90' lang='lat' dir='ltr'><strong>ad</strong></span> <span class='ocrx_word' id='word_1_337' title='bbox 3191 2319 3317 2359; x_wconf 90' lang='lat' dir='ltr'><strong>eum</strong></span> <span class='ocrx_word' id='word_1_338' title='bbox 3346 2321 3360 2359; x_wconf 90' lang='lat'><strong>:</strong></span> <span class='ocrx_word' id='word_1_339' title='bbox 3385 2305 3625 2362; x_wconf 83' lang='lat' dir='ltr'><strong>Amicum</strong></span> <span class='ocrx_word' id='word_1_340' title='bbox 3666 2324 3770 2362; x_wconf 83' lang='lat' dir='ltr'><strong>me-</strong></span> 
     </span>
    </p>
   </div>
   <div class='ocr_carea' id='block_1_52' title="bbox 2189 2390 3770 2469">
    <p class='ocr_par' dir='ltr' id='par_1_52' title="bbox 2189 2390 3770 2469">
     <span class='ocr_line' id='line_1_52' title="bbox 2189 2390 3770 2469; baseline 0.009 -26"><span class='ocrx_word' id='word_1_341' title='bbox 2189 2390 2375 2446; x_wconf 74' lang='lat' dir='ltr'><strong>tiarem</strong></span> <span class='ocrx_word' id='word_1_342' title='bbox 2395 2408 2482 2446; x_wconf 87' lang='lat' dir='ltr'><strong>me</strong></span> <span class='ocrx_word' id='word_1_343' title='bbox 2509 2410 2614 2448; x_wconf 88' lang='lat' dir='ltr'><strong>non</strong></span> <span class='ocrx_word' id='word_1_344' title='bbox 2645 2394 2881 2450; x_wconf 72' lang='lat' dir='ltr'><strong>habebis.</strong></span> <span class='ocrx_word' id='word_1_345' title='bbox 2900 2393 3057 2451; x_wconf 81' lang='lat' dir='ltr'><strong>Hora</strong></span> <span class='ocrx_word' id='word_1_346' title='bbox 3087 2412 3220 2452; x_wconf 81' lang='lat' dir='ltr'><strong>vero</strong></span> <span class='ocrx_word' id='word_1_347' title='bbox 3259 2396 3371 2456; x_wconf 85' lang='lat' dir='ltr'><strong>diei</strong></span> <span class='ocrx_word' id='word_1_348' title='bbox 3403 2409 3599 2469; x_wconf 88' lang='lat' dir='ltr'><strong>quarta</strong></span> <span class='ocrx_word' id='word_1_349' title='bbox 3624 2414 3770 2458; x_wconf 89' lang='lat' dir='ltr'><strong>coro-</strong></span> 
     </span>
    </p>
   </div>
   <div class='ocr_carea' id='block_1_53' title="bbox 2187 2486 3772 2561">
    <p class='ocr_par' dir='ltr' id='par_1_53' title="bbox 2187 2486 3772 2561">
     <span class='ocr_line' id='line_1_53' title="bbox 2187 2486 3772 2561; baseline 0.007 -23"><span class='ocrx_word' id='word_1_350' title='bbox 2187 2493 2352 2541; x_wconf 88' lang='lat' dir='ltr'><strong>natus</strong></span> <span class='ocrx_word' id='word_1_351' title='bbox 2377 2495 2466 2542; x_wconf 91' lang='lat' dir='ltr'><strong>est</strong></span> <span class='ocrx_word' id='word_1_352' title='bbox 2492 2486 2724 2544; x_wconf 85' lang='lat' dir='ltr'><strong>Michael</strong></span> <span class='ocrx_word' id='word_1_353' title='bbox 2742 2504 2773 2543; x_wconf 91' lang='lat' dir='ltr'><strong>a</strong></span> <span class='ocrx_word' id='word_1_354' title='bbox 2791 2488 3105 2560; x_wconf 80' lang='lat' dir='ltr'><strong>Nicephoro</strong></span> <span class='ocrx_word' id='word_1_355' title='bbox 3129 2491 3450 2561; x_wconf 86' lang='lat' dir='ltr'><strong>patriarcha</strong></span> <span class='ocrx_word' id='word_1_356' title='bbox 3473 2492 3529 2548; x_wconf 91' lang='lat' dir='ltr'><strong>in</strong></span> <span class='ocrx_word' id='word_1_357' title='bbox 3554 2492 3772 2551; x_wconf 85' lang='lat' dir='ltr'><strong>amboue</strong></span> 
     </span>
    </p>
   </div>
   <div class='ocr_carea' id='block_1_54' title="bbox 2186 2574 3770 2652">
    <p class='ocr_par' dir='ltr' id='par_1_54' title="bbox 2186 2574 3770 2652">
     <span class='ocr_line' id='line_1_54' title="bbox 2186 2574 3770 2652; baseline 0.006 -24"><span class='ocrx_word' id='word_1_358' title='bbox 2186 2574 2402 2646; x_wconf 70' lang='lat' dir='ltr'><strong>Magnae</strong></span> <span class='ocrx_word' id='word_1_359' title='bbox 2423 2577 2694 2643; x_wconf 68' lang='lat' dir='ltr'><strong>ecclesite,</strong></span> <span class='ocrx_word' id='word_1_360' title='bbox 2727 2578 2782 2634; x_wconf 90' lang='lat' dir='ltr'><strong>in</strong></span> <span class='ocrx_word' id='word_1_361' title='bbox 2814 2595 2926 2650; x_wconf 91' lang='lat' dir='ltr'><strong>quo</strong></span> <span class='ocrx_word' id='word_1_362' title='bbox 2959 2596 3156 2652; x_wconf 85' lang='lat' dir='ltr'><strong>magna</strong></span> <span class='ocrx_word' id='word_1_363' title='bbox 3190 2583 3492 2639; x_wconf 85' lang='lat' dir='ltr'><strong>exsultatio</strong></span> <span class='ocrx_word' id='word_1_364' title='bbox 3522 2583 3662 2639; x_wconf 82' lang='lat' dir='ltr'><strong>facta</strong></span> <span class='ocrx_word' id='word_1_365' title='bbox 3677 2593 3770 2648; x_wconf 89' lang='lat' dir='ltr'><strong>cst,</strong></span> 
     </span>
    </p>
   </div>
   <div class='ocr_carea' id='block_1_55' title="bbox 2186 2669 3776 2748">
    <p class='ocr_par' dir='ltr' id='par_1_55' title="bbox 2186 2669 3776 2748">
     <span class='ocr_line' id='line_1_55' title="bbox 2186 2669 3776 2748; baseline 0.006 -24"><span class='ocrx_word' id='word_1_366' title='bbox 2186 2678 2243 2725; x_wconf 91' lang='lat' dir='ltr'><strong>et</strong></span> <span class='ocrx_word' id='word_1_367' title='bbox 2287 2669 2516 2727; x_wconf 87' lang='lat' dir='ltr'><strong>donavit</strong></span> <span class='ocrx_word' id='word_1_368' title='bbox 2555 2671 2888 2743; x_wconf 81' lang='lat' dir='ltr'><strong>patriarchae</strong></span> <span class='ocrx_word' id='word_1_369' title='bbox 2923 2674 3044 2731; x_wconf 89' lang='lat' dir='ltr'><strong>auri</strong></span> <span class='ocrx_word' id='word_1_370' title='bbox 3087 2675 3260 2732; x_wconf 87' lang='lat' dir='ltr'><strong>libras</strong></span> <span class='ocrx_word' id='word_1_371' title='bbox 3296 2677 3699 2748; x_wconf 84' lang='lat' dir='ltr'><strong>quinquaginta</strong></span> <span class='ocrx_word' id='word_1_372' title='bbox 3725 2685 3776 2734; x_wconf 90' lang='lat' dir='ltr'><strong>et</strong></span> 
     </span>
    </p>
   </div>
   <div class='ocr_carea' id='block_1_56' title="bbox 2187 2762 3777 2841">
    <p class='ocr_par' dir='ltr' id='par_1_56' title="bbox 2187 2762 3777 2841">
     <span class='ocr_line' id='line_1_56' title="bbox 2187 2762 3777 2841; baseline 0.004 -22"><span class='ocrx_word' id='word_1_373' title='bbox 2187 2762 2337 2819; x_wconf 88' lang='lat' dir='ltr'><strong>clero</strong></span> <span class='ocrx_word' id='word_1_374' title='bbox 2359 2762 2584 2820; x_wconf 88' lang='lat' dir='ltr'><strong>vicenas</strong></span> <span class='ocrx_word' id='word_1_375' title='bbox 2603 2764 2874 2836; x_wconf 90' lang='lat' dir='ltr'><strong>quinque.</strong></span> <span class='ocrx_word' id='word_1_376' title='bbox 2898 2765 3038 2822; x_wconf 86' lang='lat' dir='ltr'><strong>Cum</strong></span> <span class='ocrx_word' id='word_1_377' title='bbox 3064 2767 3212 2823; x_wconf 88' lang='lat' dir='ltr'><strong>enim</strong></span> <span class='ocrx_word' id='word_1_378' title='bbox 3238 2777 3390 2827; x_wconf 85' lang='lat' dir='ltr'><strong>esset</strong></span> <span class='ocrx_word' id='word_1_379' title='bbox 3408 2771 3777 2841; x_wconf 88' lang='lat' dir='ltr'><strong>magnanimus</strong></span> 
     </span>
    </p>
   </div>
   <div class='ocr_carea' id='block_1_57' title="bbox 2186 2859 3776 2933">
    <p class='ocr_par' dir='ltr' id='par_1_57' title="bbox 2186 2859 3776 2933">
     <span class='ocr_line' id='line_1_57' title="bbox 2186 2859 3776 2933; baseline 0.008 -27"><span class='ocrx_word' id='word_1_380' title='bbox 2186 2859 2378 2908; x_wconf 90' lang='lat' dir='ltr'><strong>etnon</strong></span> <span class='ocrx_word' id='word_1_381' title='bbox 2403 2869 2628 2921; x_wconf 88' lang='lat' dir='ltr'><strong>avarus,</strong></span> <span class='ocrx_word' id='word_1_382' title='bbox 2663 2871 2857 2913; x_wconf 88' lang='lat' dir='ltr'><strong>omnes</strong></span> <span class='ocrx_word' id='word_1_383' title='bbox 2895 2859 3214 2916; x_wconf 88' lang='lat' dir='ltr'><strong>consolatus</strong></span> <span class='ocrx_word' id='word_1_384' title='bbox 3245 2869 3332 2916; x_wconf 91' lang='lat' dir='ltr'><strong>est</strong></span> <span class='ocrx_word' id='word_1_385' title='bbox 3367 2861 3466 2931; x_wconf 91' lang='lat' dir='ltr'><strong>qni</strong></span> <span class='ocrx_word' id='word_1_386' title='bbox 3497 2862 3776 2933; x_wconf 83' lang='lat' dir='ltr'><strong>Nicephori</strong></span> 
     </span>
    </p>
   </div>
   <div class='ocr_carea' id='block_1_58' title="bbox 2187 2945 3778 3026">
    <p class='ocr_par' dir='ltr' id='par_1_58' title="bbox 2187 2945 3778 3026">
     <span class='ocr_line' id='line_1_58' title="bbox 2187 2945 3778 3026; baseline 0.006 -27"><span class='ocrx_word' id='word_1_387' title='bbox 2187 2946 2417 3002; x_wconf 83' lang='lat' dir='ltr'><strong>avaritia</strong></span> <span class='ocrx_word' id='word_1_388' title='bbox 2429 2945 3072 3022; x_wconf 73' lang='lat' dir='ltr'><strong>fuerantlaesi,donisque</strong></span> <span class='ocrx_word' id='word_1_389' title='bbox 3087 2962 3338 3012; x_wconf 78' lang='lat' dir='ltr'><strong>senatum</strong></span> <span class='ocrx_word' id='word_1_390' title='bbox 3353 2962 3525 3026; x_wconf 81' lang='lat' dir='ltr'><strong>atque</strong></span> <span class='ocrx_word' id='word_1_391' title='bbox 3541 2956 3778 3013; x_wconf 79' lang='lat' dir='ltr'><strong>militiam</strong></span> 
     </span>
    </p>
   </div>
   <div class='ocr_carea' id='block_1_59' title="bbox 2187 3040 3781 3114">
    <p class='ocr_par' dir='ltr' id='par_1_59' title="bbox 2187 3040 3781 3114">
     <span class='ocr_line' id='line_1_59' title="bbox 2187 3040 3781 3114; baseline 0.006 -20"><span class='ocrx_word' id='word_1_392' title='bbox 2187 3040 2483 3098; x_wconf 88' lang='lat' dir='ltr'><strong>recreavit.</strong></span> <span class='ocrx_word' id='word_1_393' title='bbox 2516 3041 2691 3097; x_wconf 87' lang='lat' dir='ltr'><strong>Porro</strong></span> <span class='ocrx_word' id='word_1_394' title='bbox 2722 3052 2919 3114; x_wconf 89' lang='lat' dir='ltr'><strong>quarto</strong></span> <span class='ocrx_word' id='word_1_395' title='bbox 2949 3045 3076 3101; x_wconf 85' lang='lat' dir='ltr'><strong>idus</strong></span> <span class='ocrx_word' id='word_1_396' title='bbox 3107 3045 3400 3105; x_wconf 88' lang='lat' dir='ltr'><strong>Octobrias</strong></span> <span class='ocrx_word' id='word_1_397' title='bbox 3423 3056 3684 3104; x_wconf 88' lang='lat' dir='ltr'><strong>coronata</strong></span> <span class='ocrx_word' id='word_1_398' title='bbox 3705 3057 3781 3105; x_wconf 87' lang='lat' dir='ltr'><strong>est</strong></span> 
     </span>
    </p>
   </div>
   <div class='ocr_carea' id='block_1_60' title="bbox 2185 3129 3782 3211">
    <p class='ocr_par' dir='ltr' id='par_1_60' title="bbox 2185 3129 3782 3211">
     <span class='ocr_line' id='line_1_60' title="bbox 2185 3129 3782 3211; baseline 0.006 -24"><span class='ocrx_word' id='word_1_399' title='bbox 2185 3129 2456 3202; x_wconf 90' lang='lat' dir='ltr'><strong>Procopia</strong></span> <span class='ocrx_word' id='word_1_400' title='bbox 2481 3129 2730 3202; x_wconf 85' lang='lat' dir='ltr'><strong>Augusta</strong></span> <span class='ocrx_word' id='word_1_401' title='bbox 2758 3132 2812 3188; x_wconf 90' lang='lat' dir='ltr'><strong>in</strong></span> <span class='ocrx_word' id='word_1_402' title='bbox 2845 3134 3089 3192; x_wconf 91' lang='lat' dir='ltr'><strong>triclinio</strong></span> <span class='ocrx_word' id='word_1_403' title='bbox 3123 3138 3464 3210; x_wconf 84' lang='lat' dir='ltr'><strong>Augusteos,</strong></span> <span class='ocrx_word' id='word_1_404' title='bbox 3497 3139 3782 3211; x_wconf 88' lang='lat' dir='ltr'><strong>multisque</strong></span> 
     </span>
    </p>
   </div>
   <div class='ocr_carea' id='block_1_61' title="bbox 487 3217 3783 3318">
    <p class='ocr_par' dir='ltr' id='par_1_61' title="bbox 487 3217 3783 3318">
     <span class='ocr_line' id='line_1_61' title="bbox 487 3217 3783 3318; baseline 0.002 -41"><span class='ocrx_word' id='word_1_405' title='bbox 487 3243 660 3292; x_wconf 59' lang='grc' dir='ltr'><strong>ιρι-ηε</strong></span> <span class='ocrx_word' id='word_1_406' title='bbox 691 3235 894 3290; x_wconf 61' lang='lat' dir='ltr'><strong>mentis</strong></span> <span class='ocrx_word' id='word_1_407' title='bbox 924 3233 1071 3288; x_wconf 76' lang='lat' dir='ltr'><strong>circa</strong></span> <span class='ocrx_word' id='word_1_408' title='bbox 1107 3232 1384 3287; x_wconf 79' lang='lat' dir='ltr'><strong>neminem</strong></span> <span class='ocrx_word' id='word_1_409' title='bbox 1413 3240 1793 3297; x_wconf 63' lang='lat' dir='ltr'><strong>conservaret,</strong></span> <span class='ocrx_word' id='word_1_410' title='bbox 1827 3231 2088 3303; x_wconf 69' lang='lat' dir='ltr'><strong>frequen-</strong></span> <span class='ocrx_word' id='word_1_411' title='bbox 2115 3255 2162 3318; x_wconf 82' lang='lat' dir='ltr'><strong>C</strong></span> <span class='ocrx_word' id='word_1_412' title='bbox 2191 3217 2354 3276; x_wconf 89' lang='lat' dir='ltr'><strong>donis</strong></span> <span class='ocrx_word' id='word_1_413' title='bbox 2409 3231 2664 3278; x_wconf 86' lang='lat' dir='ltr'><strong>senatum</strong></span> <span class='ocrx_word' id='word_1_414' title='bbox 2715 3222 3028 3281; x_wconf 77' lang='lat' dir='ltr'><strong>liberaliter</strong></span> <span class='ocrx_word' id='word_1_415' title='bbox 3068 3226 3242 3283; x_wconf 87' lang='lat' dir='ltr'><strong>auxit.</strong></span> <span class='ocrx_word' id='word_1_416' title='bbox 3291 3226 3626 3285; x_wconf 83' lang='lat' dir='ltr'><strong>Mulieribus</strong></span> <span class='ocrx_word' id='word_1_417' title='bbox 3663 3244 3783 3284; x_wconf 84' lang='lat' dir='ltr'><strong>vero</strong></span> 
     </span>
    </p>
   </div>
   <div class='ocr_carea' id='block_1_62' title="bbox 489 3312 3786 3393">
    <p class='ocr_par' dir='ltr' id='par_1_62' title="bbox 489 3312 3786 3393">
     <span class='ocr_line' id='line_1_62' title="bbox 489 3312 3786 3393; baseline 0.003 -11"><span class='ocrx_word' id='word_1_418' title='bbox 489 3327 602 3383; x_wconf 85' lang='lat' dir='ltr'><strong>tius</strong></span> <span class='ocrx_word' id='word_1_419' title='bbox 665 3323 1222 3381; x_wconf 86' lang='lat' dir='ltr'><strong>dehonestationibus</strong></span> <span class='ocrx_word' id='word_1_420' title='bbox 1291 3323 1652 3380; x_wconf 72' lang='lat' dir='ltr'><strong>submittebat</strong></span> <span class='ocrx_word' id='word_1_421' title='bbox 1701 3325 2088 3382; x_wconf 82' lang='lat' dir='ltr'><strong>Theoctistum</strong></span> <span class='ocrx_word' id='word_1_422' title='bbox 2125 3312 2617 3368; x_wconf 13' lang='lat' dir='ltr'><strong>&#39;rthematicorum</strong></span> <span class='ocrx_word' id='word_1_423' title='bbox 2677 3315 2964 3382; x_wconf 70' lang='lat' dir='ltr'><strong>militum.</strong></span> <span class='ocrx_word' id='word_1_424' title='bbox 2999 3318 3381 3388; x_wconf 70' lang='lat' dir='ltr'><strong>aui&#39;fuerant</strong></span> <span class='ocrx_word' id='word_1_425' title='bbox 3432 3322 3489 3376; x_wconf 81' lang='lat' dir='ltr'><strong>in</strong></span> <span class='ocrx_word' id='word_1_426' title='bbox 3544 3322 3786 3393; x_wconf 57' lang='lat' dir='ltr'><strong>Vulgari:</strong></span> 
     </span>
    </p>
   </div>
   <div class='ocr_carea' id='block_1_63' title="bbox 487 3416 2092 3491">
    <p class='ocr_par' dir='ltr' id='par_1_63' title="bbox 487 3416 2092 3491">
     <span class='ocr_line' id='line_1_63' title="bbox 487 3416 2092 3491; baseline 0.001 -18"><span class='ocrx_word' id='word_1_427' title='bbox 487 3418 876 3491; x_wconf 83' lang='lat' dir='ltr'><strong>magistratum</strong></span> <span class='ocrx_word' id='word_1_428' title='bbox 905 3425 961 3472; x_wconf 90' lang='lat' dir='ltr'><strong>et</strong></span> <span class='ocrx_word' id='word_1_429' title='bbox 985 3416 1351 3473; x_wconf 86' lang='lat' dir='ltr'><strong>domesticum</strong></span> <span class='ocrx_word' id='word_1_430' title='bbox 1381 3416 1724 3488; x_wconf 83' lang='lat' dir='ltr'><strong>Stephanum</strong></span> <span class='ocrx_word' id='word_1_431' title='bbox 1758 3434 1824 3475; x_wconf 90' lang='lat' dir='ltr'><strong>ac</strong></span> <span class='ocrx_word' id='word_1_432' title='bbox 1847 3419 2092 3476; x_wconf 80' lang='lat' dir='ltr'><strong>Michae-</strong></span> 
     </span>
    </p>
   </div>
   <div class='ocr_carea' id='block_1_64' title="bbox 489 3509 2089 3583">
    <p class='ocr_par' dir='ltr' id='par_1_64' title="bbox 489 3509 2089 3583">
     <span class='ocr_line' id='line_1_64' title="bbox 489 3509 2089 3583; baseline 0 -15"><span class='ocrx_word' id='word_1_433' title='bbox 489 3513 598 3568; x_wconf 90' lang='lat' dir='ltr'><strong>lem</strong></span> <span class='ocrx_word' id='word_1_434' title='bbox 626 3510 1032 3582; x_wconf 72' lang='lat' dir='ltr'><strong>..curopalatcn,</strong></span> <span class='ocrx_word' id='word_1_435' title='bbox 1083 3521 1342 3566; x_wconf 85' lang='lat' dir='ltr'><strong>avertens</strong></span> <span class='ocrx_word' id='word_1_436' title='bbox 1379 3509 1611 3566; x_wconf 90' lang='lat' dir='ltr'><strong>omnino</strong></span> <span class='ocrx_word' id='word_1_437' title='bbox 1663 3521 1720 3568; x_wconf 87' lang='lat' dir='ltr'><strong>et</strong></span> <span class='ocrx_word' id='word_1_438' title='bbox 1761 3512 2089 3583; x_wconf 85' lang='lat' dir='ltr'><strong>Procopiam</strong></span> 
     </span>
    </p>
   </div>
   <div class='ocr_carea' id='block_1_65' title="bbox 455 3603 2090 3677">
    <p class='ocr_par' dir='ltr' id='par_1_65' title="bbox 455 3603 2090 3677">
     <span class='ocr_line' id='line_1_65' title="bbox 455 3603 2090 3677; baseline 0 -15"><span class='ocrx_word' id='word_1_439' title='bbox 455 3620 736 3662; x_wconf 75' lang='lat' dir='ltr'><strong>sororem</strong></span> <span class='ocrx_word' id='word_1_440' title='bbox 805 3619 972 3659; x_wconf 88' lang='lat' dir='ltr'><strong>suam</strong></span> <span class='ocrx_word' id='word_1_441' title='bbox 1037 3612 1100 3658; x_wconf 92' lang='lat' dir='ltr'><strong>ut</strong></span> <span class='ocrx_word' id='word_1_442' title='bbox 1162 3603 1518 3660; x_wconf 85' lang='lat' dir='ltr'><strong>insidiantem</strong></span> <span class='ocrx_word' id='word_1_443' title='bbox 1581 3603 1689 3662; x_wconf 83' lang='lat' dir='ltr'><strong>sibi</strong></span> <span class='ocrx_word' id='word_1_444' title='bbox 1760 3605 2090 3677; x_wconf 85' lang='lat' dir='ltr'><strong>Theophani</strong></span> 
     </span>
    </p>
   </div>
   <div class='ocr_carea' id='block_1_66' title="bbox 492 3697 2108 3772">
    <p class='ocr_par' dir='ltr' id='par_1_66' title="bbox 492 3697 2108 3772">
     <span class='ocr_line' id='line_1_66' title="bbox 492 3697 2108 3772; baseline 0.001 -18"><span class='ocrx_word' id='word_1_445' title='bbox 492 3700 757 3771; x_wconf 64' lang='lat' dir='ltr'><strong>Augustae</strong></span> <span class='ocrx_word' id='word_1_446' title='bbox 787 3697 1280 3754; x_wconf 89' lang='lat' dir='ltr'><strong>submissionibus.</strong></span> <span class='ocrx_word' id='word_1_447' title='bbox 1323 3697 1446 3754; x_wconf 81' lang='lat' dir='ltr'><strong>Mox</strong></span> <span class='ocrx_word' id='word_1_448' title='bbox 1494 3714 1718 3770; x_wconf 88' lang='lat' dir='ltr'><strong>quoque</strong></span> <span class='ocrx_word' id='word_1_449' title='bbox 1756 3700 1959 3756; x_wconf 89' lang='lat' dir='ltr'><strong>misera</strong></span> <span class='ocrx_word' id='word_1_450' title='bbox 1991 3711 2108 3772; x_wconf 84' lang='lat' dir='ltr'><strong>per‘</strong></span> 
     </span>
    </p>
   </div>
   <div class='ocr_carea' id='block_1_67' title="bbox 491 3787 2093 3863">
    <p class='ocr_par' dir='ltr' id='par_1_67' title="bbox 491 3787 2093 3863">
     <span class='ocr_line' id='line_1_67' title="bbox 491 3787 2093 3863; baseline 0 -15"><span class='ocrx_word' id='word_1_451' title='bbox 491 3790 1063 3848; x_wconf 61' lang='lat' dir='ltr'><strong>heatarimitationem</strong></span> <span class='ocrx_word' id='word_1_452' title='bbox 1104 3787 1364 3846; x_wconf 67' lang='lat' dir='ltr'><strong>Heirena:</strong></span> <span class='ocrx_word' id='word_1_453' title='bbox 1407 3789 1664 3847; x_wconf 89' lang='lat' dir='ltr'><strong>obtinere</strong></span> <span class='ocrx_word' id='word_1_454' title='bbox 1702 3793 1960 3863; x_wconf 87' lang='lat' dir='ltr'><strong>sperabat</strong></span> <span class='ocrx_word' id='word_1_455' title='bbox 1987 3793 2093 3848; x_wconf 90' lang='lat' dir='ltr'><strong>im-</strong></span> 
     </span>
    </p>
   </div>
   <div class='ocr_carea' id='block_1_68' title="bbox 489 3880 2092 3953">
    <p class='ocr_par' dir='ltr' id='par_1_68' title="bbox 489 3880 2092 3953">
     <span class='ocr_line' id='line_1_68' title="bbox 489 3880 2092 3953; baseline 0.003 -17"><span class='ocrx_word' id='word_1_456' title='bbox 489 3881 732 3953; x_wconf 88' lang='lat' dir='ltr'><strong>perium,</strong></span> <span class='ocrx_word' id='word_1_457' title='bbox 761 3880 1033 3936; x_wconf 82' lang='lat' dir='ltr'><strong>cum-sine</strong></span> <span class='ocrx_word' id='word_1_458' title='bbox 1065 3880 1262 3939; x_wconf 87' lang='lat' dir='ltr'><strong>liberis</strong></span> <span class='ocrx_word' id='word_1_459' title='bbox 1287 3889 1457 3938; x_wconf 87' lang='lat' dir='ltr'><strong>esset.</strong></span> <span class='ocrx_word' id='word_1_460' title='bbox 1497 3880 1568 3938; x_wconf 82' lang='lat' dir='ltr'><strong>At</strong></span> <span class='ocrx_word' id='word_1_461' title='bbox 1591 3897 1726 3937; x_wconf 87' lang='lat' dir='ltr'><strong>vero</strong></span> <span class='ocrx_word' id='word_1_462' title='bbox 1766 3880 2092 3941; x_wconf 83' lang='lat' dir='ltr'><strong>Stauracius</strong></span> 
     </span>
    </p>
   </div>
   <div class='ocr_carea' id='block_1_69' title="bbox 491 3973 2093 4046">
    <p class='ocr_par' dir='ltr' id='par_1_69' title="bbox 491 3973 2093 4046">
     <span class='ocr_line' id='line_1_69' title="bbox 491 3973 2093 4046; baseline 0.001 -15"><span class='ocrx_word' id='word_1_463' title='bbox 491 3990 553 4031; x_wconf 88' lang='lat' dir='ltr'><strong>se</strong></span> <span class='ocrx_word' id='word_1_464' title='bbox 597 3973 796 4030; x_wconf 88' lang='lat' dir='ltr'><strong>videns</strong></span> <span class='ocrx_word' id='word_1_465' title='bbox 835 3973 1223 4029; x_wconf 86' lang='lat' dir='ltr'><strong>insanabiliter</strong></span> <span class='ocrx_word' id='word_1_466' title='bbox 1265 3973 1543 4040; x_wconf 88' lang='lat' dir='ltr'><strong>habitum,</strong></span> <span class='ocrx_word' id='word_1_467' title='bbox 1585 3975 1889 4046; x_wconf 82' lang='lat' dir='ltr'><strong>imperium</strong></span> <span class='ocrx_word' id='word_1_468' title='bbox 1931 3977 2093 4032; x_wconf 83' lang='lat' dir='ltr'><strong>uxori</strong></span> 
     </span>
    </p>
   </div>
   <div class='ocr_carea' id='block_1_70' title="bbox 490 4060 2094 4136">
    <p class='ocr_par' dir='ltr' id='par_1_70' title="bbox 490 4060 2094 4136">
     <span class='ocr_line' id='line_1_70' title="bbox 490 4060 2094 4136; baseline 0 -16"><span class='ocrx_word' id='word_1_469' title='bbox 490 4063 786 4136; x_wconf 84' lang='lat' dir='ltr'><strong>acquirere</strong></span> <span class='ocrx_word' id='word_1_470' title='bbox 803 4063 1103 4120; x_wconf 79' lang='lat' dir='ltr'><strong>festinabat</strong></span> <span class='ocrx_word' id='word_1_471' title='bbox 1123 4071 1221 4118; x_wconf 88' lang='lat' dir='ltr'><strong>aut</strong></span> <span class='ocrx_word' id='word_1_472' title='bbox 1245 4060 1487 4134; x_wconf 49' lang='lat' dir='ltr'><strong>Vulgare</strong></span> <span class='ocrx_word' id='word_1_473' title='bbox 1521 4062 1820 4134; x_wconf 88' lang='lat' dir='ltr'><strong>imperium</strong></span> <span class='ocrx_word' id='word_1_474' title='bbox 1848 4065 2094 4120; x_wconf 87' lang='lat' dir='ltr'><strong>excitare</strong></span> 
     </span>
    </p>
   </div>
   <div class='ocr_carea' id='block_1_71' title="bbox 494 4151 2093 4225">
    <p class='ocr_par' dir='ltr' id='par_1_71' title="bbox 494 4151 2093 4225">
     <span class='ocr_line' id='line_1_71' title="bbox 494 4151 2093 4225; baseline 0 -15"><span class='ocrx_word' id='word_1_475' title='bbox 494 4156 551 4211; x_wconf 91' lang='lat' dir='ltr'><strong>in</strong></span> <span class='ocrx_word' id='word_1_476' title='bbox 579 4153 929 4210; x_wconf 88' lang='lat' dir='ltr'><strong>Christianos</strong></span> <span class='ocrx_word' id='word_1_477' title='bbox 959 4167 1130 4224; x_wconf 84' lang='lat' dir='ltr'><strong>supra</strong></span> <span class='ocrx_word' id='word_1_478' title='bbox 1174 4151 1544 4222; x_wconf 62' lang='lat' dir='ltr'><strong>pracedentia</strong></span> <span class='ocrx_word' id='word_1_479' title='bbox 1577 4154 1742 4209; x_wconf 88' lang='lat' dir='ltr'><strong>mala.</strong></span> <span class='ocrx_word' id='word_1_480' title='bbox 1778 4151 1958 4224; x_wconf 89' lang='lat' dir='ltr'><strong>Super</strong></span> <span class='ocrx_word' id='word_1_481' title='bbox 1980 4171 2093 4225; x_wconf 82' lang='lat' dir='ltr'><strong>quo</strong></span> 
     </span>
    </p>
   </div>
   <div class='ocr_carea' id='block_1_72' title="bbox 494 4242 2094 4314">
    <p class='ocr_par' dir='ltr' id='par_1_72' title="bbox 494 4242 2094 4314">
     <span class='ocr_line' id='line_1_72' title="bbox 494 4242 2094 4314; baseline 0.002 -15"><span class='ocrx_word' id='word_1_482' title='bbox 494 4251 758 4314; x_wconf 87' lang='lat' dir='ltr'><strong>paventes</strong></span> <span class='ocrx_word' id='word_1_483' title='bbox 785 4242 1146 4314; x_wconf 84' lang='lat' dir='ltr'><strong>Nicephorus</strong></span> <span class='ocrx_word' id='word_1_484' title='bbox 1162 4242 1477 4313; x_wconf 87' lang='lat' dir='ltr'><strong>patriarcha</strong></span> <span class='ocrx_word' id='word_1_485' title='bbox 1509 4255 1566 4300; x_wconf 89' lang='lat' dir='ltr'><strong>et</strong></span> <span class='ocrx_word' id='word_1_486' title='bbox 1592 4245 2094 4312; x_wconf 84' lang='lat' dir='ltr'><strong>.Theoctistusma-</strong></span> 
     </span>
    </p>
   </div>
   <div class='ocr_carea' id='block_1_73' title="bbox 481 4333 2093 4408">
    <p class='ocr_par' dir='ltr' id='par_1_73' title="bbox 481 4333 2093 4408">
     <span class='ocr_line' id='line_1_73' title="bbox 481 4333 2093 4408; baseline 0.002 -18"><span class='ocrx_word' id='word_1_487' title='bbox 481 4336 758 4408; x_wconf 75' lang='lat' dir='ltr'><strong>gistratus</strong></span> <span class='ocrx_word' id='word_1_488' title='bbox 794 4344 852 4391; x_wconf 92' lang='lat' dir='ltr'><strong>et</strong></span> <span class='ocrx_word' id='word_1_489' title='bbox 884 4333 1201 4406; x_wconf 86' lang='lat' dir='ltr'><strong>Stephanus</strong></span> <span class='ocrx_word' id='word_1_490' title='bbox 1229 4334 1568 4392; x_wconf 88' lang='lat' dir='ltr'><strong>domesticus</strong></span> <span class='ocrx_word' id='word_1_491' title='bbox 1600 4352 1670 4393; x_wconf 78' lang='lat' dir='ltr'><strong>ex</strong></span> <span class='ocrx_word' id='word_1_492' title='bbox 1706 4338 1878 4393; x_wconf 89' lang='lat' dir='ltr'><strong>multa</strong></span> <span class='ocrx_word' id='word_1_493' title='bbox 1906 4338 2093 4393; x_wconf 88' lang='lat' dir='ltr'><strong>inimi-</strong></span> 
     </span>
    </p>
   </div>
   <div class='ocr_carea' id='block_1_74' title="bbox 492 4427 2093 4502">
    <p class='ocr_par' dir='ltr' id='par_1_74' title="bbox 492 4427 2093 4502">
     <span class='ocr_line' id='line_1_74' title="bbox 492 4427 2093 4502; baseline 0.001 -17"><span class='ocrx_word' id='word_1_494' title='bbox 492 4428 623 4485; x_wconf 89' lang='lat' dir='ltr'><strong>citia</strong></span> <span class='ocrx_word' id='word_1_495' title='bbox 641 4429 698 4483; x_wconf 92' lang='lat' dir='ltr'><strong>in</strong></span> <span class='ocrx_word' id='word_1_496' title='bbox 715 4428 989 4484; x_wconf 84' lang='lat' dir='ltr'><strong>alternam</strong></span> <span class='ocrx_word' id='word_1_497' title='bbox 1005 4427 1307 4484; x_wconf 87' lang='lat' dir='ltr'><strong>amicitiam</strong></span> <span class='ocrx_word' id='word_1_498' title='bbox 1327 4444 1453 4484; x_wconf 88' lang='lat' dir='ltr'><strong>cum</strong></span> <span class='ocrx_word' id='word_1_499' title='bbox 1477 4428 2093 4502; x_wconf 81' lang='lat' dir='ltr'><strong>Michaelecuropalate</strong></span> 
     </span>
    </p>
   </div>
   <div class='ocr_carea' id='block_1_75' title="bbox 483 4519 2092 4595">
    <p class='ocr_par' dir='ltr' id='par_1_75' title="bbox 483 4519 2092 4595">
     <span class='ocr_line' id='line_1_75' title="bbox 483 4519 2092 4595; baseline 0.001 -17"><span class='ocrx_word' id='word_1_500' title='bbox 483 4536 697 4578; x_wconf 76' lang='lat' dir='ltr'><strong>venere</strong></span> <span class='ocrx_word' id='word_1_501' title='bbox 723 4519 872 4577; x_wconf 85' lang='lat' dir='ltr'><strong>circa</strong></span> <span class='ocrx_word' id='word_1_502' title='bbox 897 4520 1062 4576; x_wconf 83' lang='lat' dir='ltr'><strong>linem</strong></span> <span class='ocrx_word' id='word_1_503' title='bbox 1093 4521 1300 4578; x_wconf 90' lang='lat' dir='ltr'><strong>mensis</strong></span> <span class='ocrx_word' id='word_1_504' title='bbox 1326 4519 1670 4594; x_wconf 84' lang='lat' dir='ltr'><strong>Septembris</strong></span> <span class='ocrx_word' id='word_1_505' title='bbox 1695 4525 1906 4595; x_wconf 64' lang='lat' dir='ltr'><strong>quinta:</strong></span> <span class='ocrx_word' id='word_1_506' title='bbox 1942 4524 2092 4580; x_wconf 87' lang='lat' dir='ltr'><strong>indi-</strong></span> 
     </span>
    </p>
   </div>
   <div class='ocr_carea' id='block_1_76' title="bbox 2182 3409 3785 3488">
    <p class='ocr_par' dir='ltr' id='par_1_76' title="bbox 2182 3409 3785 3488">
     <span class='ocr_line' id='line_1_76' title="bbox 2182 3409 3785 3488; baseline 0.006 -26"><span class='ocrx_word' id='word_1_507' title='bbox 2182 3409 2487 3479; x_wconf 87' lang='lat' dir='ltr'><strong>-perempti,</strong></span> <span class='ocrx_word' id='word_1_508' title='bbox 2504 3410 2753 3481; x_wconf 91' lang='lat' dir='ltr'><strong>quinque</strong></span> <span class='ocrx_word' id='word_1_509' title='bbox 2775 3411 2896 3467; x_wconf 91' lang='lat' dir='ltr'><strong>auri</strong></span> <span class='ocrx_word' id='word_1_510' title='bbox 2917 3412 3120 3468; x_wconf 89' lang='lat' dir='ltr'><strong>talenta</strong></span> <span class='ocrx_word' id='word_1_511' title='bbox 3130 3413 3382 3471; x_wconf 88' lang='lat' dir='ltr'><strong>donavit.</strong></span> <span class='ocrx_word' id='word_1_512' title='bbox 3401 3411 3785 3488; x_wconf 71' lang='lat' dir='ltr'><strong>Thedpbanam</strong></span> 
     </span>
    </p>
   </div>
   <div class='ocr_carea' id='block_1_77' title="bbox 2191 3501 3788 3579">
    <p class='ocr_par' dir='ltr' id='par_1_77' title="bbox 2191 3501 3788 3579">
     <span class='ocr_line' id='line_1_77' title="bbox 2191 3501 3788 3579; baseline 0.006 -24"><span class='ocrx_word' id='word_1_513' title='bbox 2191 3509 2379 3556; x_wconf 88' lang='lat' dir='ltr'><strong>autem</strong></span> <span class='ocrx_word' id='word_1_514' title='bbox 2402 3516 2633 3558; x_wconf 88' lang='lat' dir='ltr'><strong>uxorem</strong></span> <span class='ocrx_word' id='word_1_515' title='bbox 2667 3501 2965 3571; x_wconf 83' lang='lat' dir='ltr'><strong>Stauracii,</strong></span> <span class='ocrx_word' id='word_1_516' title='bbox 3001 3504 3342 3578; x_wconf 81' lang='lat' dir='ltr'><strong>singularem</strong></span> <span class='ocrx_word' id='word_1_517' title='bbox 3370 3508 3549 3563; x_wconf 90' lang='lat' dir='ltr'><strong>vitam</strong></span> <span class='ocrx_word' id='word_1_518' title='bbox 3587 3509 3788 3579; x_wconf 88' lang='lat' dir='ltr'><strong>ample-</strong></span> 
     </span>
    </p>
   </div>
   <div class='ocr_carea' id='block_1_78' title="bbox 2190 3595 3790 3666">
    <p class='ocr_par' dir='ltr' id='par_1_78' title="bbox 2190 3595 3790 3666">
     <span class='ocr_line' id='line_1_78' title="bbox 2190 3595 3790 3666; baseline 0.007 -20"><span class='ocrx_word' id='word_1_519' title='bbox 2190 3607 2338 3659; x_wconf 82' lang='lat' dir='ltr'><strong>xam,</strong></span> <span class='ocrx_word' id='word_1_520' title='bbox 2366 3599 2424 3654; x_wconf 87' lang='lat' dir='ltr'><strong>et</strong></span> <span class='ocrx_word' id='word_1_521' title='bbox 2455 3601 2720 3664; x_wconf 88' lang='lat' dir='ltr'><strong>cognatos</strong></span> <span class='ocrx_word' id='word_1_522' title='bbox 2749 3595 2918 3663; x_wconf 84' lang='lat' dir='ltr'><strong>illius,</strong></span> <span class='ocrx_word' id='word_1_523' title='bbox 2944 3595 3040 3666; x_wconf 87' lang='lat' dir='ltr'><strong>qui</strong></span> <span class='ocrx_word' id='word_1_524' title='bbox 3073 3595 3478 3656; x_wconf 86' lang='lat' dir='ltr'><strong>miserabiliter</strong></span> <span class='ocrx_word' id='word_1_525' title='bbox 3495 3599 3614 3656; x_wconf 85' lang='lat' dir='ltr'><strong>sub</strong></span> <span class='ocrx_word' id='word_1_526' title='bbox 3637 3599 3790 3657; x_wconf 76' lang='lat' dir='ltr'><strong>Nice~</strong></span> 
     </span>
    </p>
   </div>
   <div class='ocr_carea' id='block_1_79' title="bbox 2191 3684 3791 3764">
    <p class='ocr_par' dir='ltr' id='par_1_79' title="bbox 2191 3684 3791 3764">
     <span class='ocr_line' id='line_1_79' title="bbox 2191 3684 3791 3764; baseline 0.005 -24"><span class='ocrx_word' id='word_1_527' title='bbox 2191 3684 2369 3755; x_wconf 87' lang='lat' dir='ltr'><strong>phoro</strong></span> <span class='ocrx_word' id='word_1_528' title='bbox 2395 3685 2671 3751; x_wconf 78' lang='lat' dir='ltr'><strong>vixerant,</strong></span> <span class='ocrx_word' id='word_1_529' title='bbox 2688 3685 2925 3754; x_wconf 88' lang='lat' dir='ltr'><strong>ditavit;</strong></span> <span class='ocrx_word' id='word_1_530' title='bbox 2953 3687 3099 3744; x_wconf 91' lang='lat' dir='ltr'><strong>inter</strong></span> <span class='ocrx_word' id='word_1_531' title='bbox 3119 3704 3243 3759; x_wconf 62' lang='lat' dir='ltr'><strong>quae</strong></span> <span class='ocrx_word' id='word_1_532' title='bbox 3268 3689 3554 3764; x_wconf 82' lang='lat' dir='ltr'><strong>insignem</strong></span> <span class='ocrx_word' id='word_1_533' title='bbox 3583 3707 3791 3763; x_wconf 88' lang='lat' dir='ltr'><strong>quoque</strong></span> 
     </span>
    </p>
   </div>
   <div class='ocr_carea' id='block_1_80' title="bbox 2192 3777 3791 3850">
    <p class='ocr_par' dir='ltr' id='par_1_80' title="bbox 2192 3777 3791 3850">
     <span class='ocr_line' id='line_1_80' title="bbox 2192 3777 3791 3850; baseline 0.004 -17"><span class='ocrx_word' id='word_1_534' title='bbox 2192 3777 2420 3834; x_wconf 91' lang='lat' dir='ltr'><strong>domum</strong></span> <span class='ocrx_word' id='word_1_535' title='bbox 2484 3780 2887 3836; x_wconf 87' lang='lat' dir='ltr'><strong>monasterium</strong></span> <span class='ocrx_word' id='word_1_536' title='bbox 2951 3780 3293 3839; x_wconf 80' lang='lat' dir='ltr'><strong>Tahebraica</strong></span> <span class='ocrx_word' id='word_1_537' title='bbox 3357 3783 3583 3843; x_wconf 82' lang='lat' dir='ltr'><strong>dictum</strong></span> <span class='ocrx_word' id='word_1_538' title='bbox 3610 3825 3626 3850; x_wconf 92' lang='lat'><strong>,</strong></span> <span class='ocrx_word' id='word_1_539' title='bbox 3701 3785 3791 3840; x_wconf 88' lang='lat' dir='ltr'><strong>ubi</strong></span> 
     </span>
    </p>
   </div>
   <div class='ocr_carea' id='block_1_81' title="bbox 2195 3870 3792 3945">
    <p class='ocr_par' dir='ltr' id='par_1_81' title="bbox 2195 3870 3792 3945">
     <span class='ocr_line' id='line_1_81' title="bbox 2195 3870 3792 3945; baseline 0.003 -17"><span class='ocrx_word' id='word_1_540' title='bbox 2195 3870 2518 3928; x_wconf 84' lang='lat' dir='ltr'><strong>Stauracius</strong></span> <span class='ocrx_word' id='word_1_541' title='bbox 2552 3873 2930 3945; x_wconf 82' lang='lat' dir='ltr'><strong>estsepultus,</strong></span> <span class='ocrx_word' id='word_1_542' title='bbox 2965 3872 3043 3929; x_wconf 90' lang='lat' dir='ltr'><strong>illi</strong></span> <span class='ocrx_word' id='word_1_543' title='bbox 3069 3875 3364 3935; x_wconf 87' lang='lat' dir='ltr'><strong>concessit.</strong></span> <span class='ocrx_word' id='word_1_544' title='bbox 3404 3880 3616 3936; x_wconf 90' lang='lat' dir='ltr'><strong>Omnes</strong></span> <span class='ocrx_word' id='word_1_545' title='bbox 3635 3878 3792 3934; x_wconf 87' lang='lat' dir='ltr'><strong>etiam</strong></span> 
     </span>
    </p>
   </div>
   <div class='ocr_carea' id='block_1_82' title="bbox 2192 3965 3792 4036">
    <p class='ocr_par' dir='ltr' id='par_1_82' title="bbox 2192 3965 3792 4036">
     <span class='ocr_line' id='line_1_82' title="bbox 2192 3965 3792 4036; baseline 0.002 -15"><span class='ocrx_word' id='word_1_546' title='bbox 2192 3965 2454 4036; x_wconf 89' lang='lat' dir='ltr'><strong>patricios</strong></span> <span class='ocrx_word' id='word_1_547' title='bbox 2479 3975 2537 4022; x_wconf 90' lang='lat' dir='ltr'><strong>et</strong></span> <span class='ocrx_word' id='word_1_548' title='bbox 2553 3975 2870 4033; x_wconf 86' lang='lat' dir='ltr'><strong>senatores,</strong></span> <span class='ocrx_word' id='word_1_549' title='bbox 2893 3967 3210 4025; x_wconf 84' lang='lat' dir='ltr'><strong>sacerdotes</strong></span> <span class='ocrx_word' id='word_1_550' title='bbox 3233 3984 3298 4024; x_wconf 91' lang='lat' dir='ltr'><strong>ac</strong></span> <span class='ocrx_word' id='word_1_551' title='bbox 3329 3985 3592 4029; x_wconf 85' lang='lat' dir='ltr'><strong>summos</strong></span> <span class='ocrx_word' id='word_1_552' title='bbox 3615 3986 3792 4027; x_wconf 84' lang='lat' dir='ltr'><strong>sacer-</strong></span> 
     </span>
    </p>
   </div>
   <div class='ocr_carea' id='block_1_83' title="bbox 2193 4055 3794 4138">
    <p class='ocr_par' dir='ltr' id='par_1_83' title="bbox 2193 4055 3794 4138">
     <span class='ocr_line' id='line_1_83' title="bbox 2193 4055 3794 4138; baseline 0.007 -28"><span class='ocrx_word' id='word_1_553' title='bbox 2193 4055 2352 4112; x_wconf 88' lang='lat' dir='ltr'><strong>dotes</strong></span> <span class='ocrx_word' id='word_1_554' title='bbox 2395 4065 2452 4112; x_wconf 89' lang='lat' dir='ltr'><strong>et</strong></span> <span class='ocrx_word' id='word_1_555' title='bbox 2480 4057 2804 4127; x_wconf 82' lang='lat' dir='ltr'><strong>monachos,</strong></span> <span class='ocrx_word' id='word_1_556' title='bbox 2831 4059 3135 4138; x_wconf 80' lang='lat' dir='ltr'><strong>militantes</strong></span> <span class='ocrx_word' id='word_1_557' title='bbox 3161 4069 3218 4116; x_wconf 90' lang='lat' dir='ltr'><strong>et</strong></span> <span class='ocrx_word' id='word_1_558' title='bbox 3247 4075 3535 4132; x_wconf 84' lang='lat' dir='ltr'><strong>pauperes</strong></span> <span class='ocrx_word' id='word_1_559' title='bbox 3555 4102 3572 4128; x_wconf 92' lang='lat'><strong>,</strong></span> <span class='ocrx_word' id='word_1_560' title='bbox 3611 4070 3716 4119; x_wconf 89' lang='lat' dir='ltr'><strong>tam</strong></span> <span class='ocrx_word' id='word_1_561' title='bbox 3743 4062 3794 4121; x_wconf 83' lang='lat' dir='ltr'><strong>iu</strong></span> 
     </span>
    </p>
   </div>
   <div class='ocr_carea' id='block_1_84' title="bbox 2193 4148 3793 4226">
    <p class='ocr_par' dir='ltr' id='par_1_84' title="bbox 2193 4148 3793 4226">
     <span class='ocr_line' id='line_1_84' title="bbox 2193 4148 3793 4226; baseline 0.003 -22"><span class='ocrx_word' id='word_1_562' title='bbox 2193 4148 2344 4220; x_wconf 88' lang='lat' dir='ltr'><strong>regia</strong></span> <span class='ocrx_word' id='word_1_563' title='bbox 2384 4149 2522 4208; x_wconf 90' lang='lat' dir='ltr'><strong>urbe</strong></span> <span class='ocrx_word' id='word_1_564' title='bbox 2549 4165 2718 4222; x_wconf 78' lang='lat' dir='ltr'><strong>quam</strong></span> <span class='ocrx_word' id='word_1_565' title='bbox 2761 4151 2820 4206; x_wconf 87' lang='lat' dir='ltr'><strong>in</strong></span> <span class='ocrx_word' id='word_1_566' title='bbox 2851 4150 3192 4208; x_wconf 84' lang='lat' dir='ltr'><strong>thematibus</strong></span> <span class='ocrx_word' id='word_1_567' title='bbox 3221 4151 3520 4224; x_wconf 80' lang='lat' dir='ltr'><strong>degentes,</strong></span> <span class='ocrx_word' id='word_1_568' title='bbox 3553 4154 3793 4226; x_wconf 87' lang='lat' dir='ltr'><strong>locuple-</strong></span> 
     </span>
    </p>
   </div>
   <div class='ocr_carea' id='block_1_85' title="bbox 2196 4242 3794 4319">
    <p class='ocr_par' dir='ltr' id='par_1_85' title="bbox 2196 4242 3794 4319">
     <span class='ocr_line' id='line_1_85' title="bbox 2196 4242 3794 4319; baseline 0.006 -26"><span class='ocrx_word' id='word_1_569' title='bbox 2196 4242 2532 4307; x_wconf 86' lang='lat' dir='ltr'><strong>tavit,.adeo</strong></span> <span class='ocrx_word' id='word_1_570' title='bbox 2575 4253 2644 4298; x_wconf 81' lang='lat' dir='ltr'><strong>ut</strong></span> <span class='ocrx_word' id='word_1_571' title='bbox 2688 4243 3165 4302; x_wconf 87' lang='lat' dir='ltr'><strong>immensurabilis</strong></span> <span class='ocrx_word' id='word_1_572' title='bbox 3200 4245 3438 4304; x_wconf 84' lang='lat' dir='ltr'><strong>avaritia</strong></span> <span class='ocrx_word' id='word_1_573' title='bbox 3481 4247 3794 4319; x_wconf 83' lang='lat' dir='ltr'><strong>Nicephori,</strong></span> 
     </span>
    </p>
   </div>
   <div class='ocr_carea' id='block_1_86' title="bbox 2185 4338 3793 4413">
    <p class='ocr_par' dir='ltr' id='par_1_86' title="bbox 2185 4338 3793 4413">
     <span class='ocr_line' id='line_1_86' title="bbox 2185 4338 3793 4413; baseline 0.004 -25"><span class='ocrx_word' id='word_1_574' title='bbox 2185 4343 2419 4406; x_wconf 86' lang='lat' dir='ltr'><strong>propter</strong></span> <span class='ocrx_word' id='word_1_575' title='bbox 2450 4351 2618 4407; x_wconf 90' lang='lat' dir='ltr'><strong>quam</strong></span> <span class='ocrx_word' id='word_1_576' title='bbox 2642 4345 2698 4392; x_wconf 90' lang='lat' dir='ltr'><strong>et</strong></span> <span class='ocrx_word' id='word_1_577' title='bbox 2727 4338 2870 4394; x_wconf 89' lang='lat' dir='ltr'><strong>male</strong></span> <span class='ocrx_word' id='word_1_578' title='bbox 2903 4339 3092 4408; x_wconf 89' lang='lat' dir='ltr'><strong>periit,</strong></span> <span class='ocrx_word' id='word_1_579' title='bbox 3131 4340 3187 4396; x_wconf 91' lang='lat' dir='ltr'><strong>in</strong></span> <span class='ocrx_word' id='word_1_580' title='bbox 3219 4339 3416 4413; x_wconf 87' lang='lat' dir='ltr'><strong>paucis</strong></span> <span class='ocrx_word' id='word_1_581' title='bbox 3452 4340 3659 4397; x_wconf 87' lang='lat' dir='ltr'><strong>diebus</strong></span> <span class='ocrx_word' id='word_1_582' title='bbox 3690 4339 3793 4394; x_wconf 81' lang='lat' dir='ltr'><strong>dis-</strong></span> 
     </span>
    </p>
   </div>
   <div class='ocr_carea' id='block_1_87' title="bbox 2195 4427 3795 4505">
    <p class='ocr_par' dir='ltr' id='par_1_87' title="bbox 2195 4427 3795 4505">
     <span class='ocr_line' id='line_1_87' title="bbox 2195 4427 3795 4505; baseline 0.004 -24"><span class='ocrx_word' id='word_1_583' title='bbox 2195 4427 2447 4497; x_wconf 87' lang='lat' dir='ltr'><strong>paruisse</strong></span> <span class='ocrx_word' id='word_1_584' title='bbox 2477 4428 2836 4499; x_wconf 87' lang='lat' dir='ltr'><strong>probaretur.</strong></span> <span class='ocrx_word' id='word_1_585' title='bbox 2868 4429 3049 4503; x_wconf 83' lang='lat' dir='ltr'><strong>Super</strong></span> <span class='ocrx_word' id='word_1_586' title='bbox 3090 4433 3297 4490; x_wconf 85' lang='lat' dir='ltr'><strong>multos</strong></span> <span class='ocrx_word' id='word_1_587' title='bbox 3334 4443 3624 4504; x_wconf 84' lang='lat' dir='ltr'><strong>praeterea</strong></span> <span class='ocrx_word' id='word_1_588' title='bbox 3657 4433 3795 4505; x_wconf 90' lang='lat' dir='ltr'><strong>opti-</strong></span> 
     </span>
    </p>
   </div>
   <div class='ocr_carea' id='block_1_88' title="bbox 2196 4524 3792 4595">
    <p class='ocr_par' dir='ltr' id='par_1_88' title="bbox 2196 4524 3792 4595">
     <span class='ocr_line' id='line_1_88' title="bbox 2196 4524 3792 4595; baseline 0.003 -19"><span class='ocrx_word' id='word_1_589' title='bbox 2196 4535 2316 4576; x_wconf 84' lang='lat' dir='ltr'><strong>mos</strong></span> <span class='ocrx_word' id='word_1_590' title='bbox 2338 4536 2521 4578; x_wconf 84' lang='lat' dir='ltr'><strong>mores</strong></span> <span class='ocrx_word' id='word_1_591' title='bbox 2541 4537 2692 4587; x_wconf 90' lang='lat' dir='ltr'><strong>suos,</strong></span> <span class='ocrx_word' id='word_1_592' title='bbox 2721 4537 2848 4580; x_wconf 82' lang='lat' dir='ltr'><strong>cum</strong></span> <span class='ocrx_word' id='word_1_593' title='bbox 2873 4524 2998 4595; x_wconf 91' lang='lat' dir='ltr'><strong>pius</strong></span> <span class='ocrx_word' id='word_1_594' title='bbox 3019 4534 3075 4581; x_wconf 90' lang='lat' dir='ltr'><strong>et</strong></span> <span class='ocrx_word' id='word_1_595' title='bbox 3096 4525 3617 4584; x_wconf 88' lang='lat' dir='ltr'><strong>orthodoxissimus</strong></span> <span class='ocrx_word' id='word_1_596' title='bbox 3638 4534 3792 4589; x_wconf 86' lang='lat' dir='ltr'><strong>esset,</strong></span> 
     </span>
    </p>
   </div>
   <div class='ocr_carea' id='block_1_89' title="bbox 477 4612 3796 4688">
    <p class='ocr_par' dir='ltr' id='par_1_89' title="bbox 477 4612 3796 4688">
     <span class='ocr_line' id='line_1_89' title="bbox 477 4612 3796 4688; baseline 0.002 -21"><span class='ocrx_word' id='word_1_597' title='bbox 477 4613 717 4670; x_wconf 82' lang='lat' dir='ltr'><strong>.ctionis.</strong></span> <span class='ocrx_word' id='word_1_598' title='bbox 744 4612 1004 4672; x_wconf 77' lang='lat' dir='ltr'><strong>Kalendis</strong></span> <span class='ocrx_word' id='word_1_599' title='bbox 1038 4621 1224 4670; x_wconf 90' lang='lat' dir='ltr'><strong>autem</strong></span> <span class='ocrx_word' id='word_1_600' title='bbox 1248 4614 1588 4671; x_wconf 87' lang='lat' dir='ltr'><strong>Octobribus</strong></span> <span class='ocrx_word' id='word_1_601' title='bbox 1610 4617 1830 4688; x_wconf 90' lang='lat' dir='ltr'><strong>vesperi</strong></span> <span class='ocrx_word' id='word_1_602' title='bbox 1859 4616 2092 4672; x_wconf 87' lang='lat' dir='ltr'><strong>Staura-</strong></span> <span class='ocrx_word' id='word_1_603' title='bbox 2125 4620 2170 4676; x_wconf 86' lang='lat' dir='ltr'><strong>D</strong></span> <span class='ocrx_word' id='word_1_604' title='bbox 2197 4615 2524 4672; x_wconf 88' lang='lat' dir='ltr'><strong>trislabatur</strong></span> <span class='ocrx_word' id='word_1_605' title='bbox 2581 4630 2749 4682; x_wconf 88' lang='lat' dir='ltr'><strong>super</strong></span> <span class='ocrx_word' id='word_1_606' title='bbox 2806 4617 2896 4672; x_wconf 89' lang='lat' dir='ltr'><strong>his</strong></span> <span class='ocrx_word' id='word_1_607' title='bbox 2939 4617 3038 4688; x_wconf 92' lang='lat' dir='ltr'><strong>qui</strong></span> <span class='ocrx_word' id='word_1_608' title='bbox 3080 4634 3113 4674; x_wconf 90' lang='lat' dir='ltr'><strong>a</strong></span> <span class='ocrx_word' id='word_1_609' title='bbox 3154 4627 3346 4680; x_wconf 84' lang='lat' dir='ltr'><strong>sancta</strong></span> <span class='ocrx_word' id='word_1_610' title='bbox 3389 4620 3796 4678; x_wconf 88' lang='lat' dir='ltr'><strong>scindebantur</strong></span> 
     </span>
    </p>
   </div>
   <div class='ocr_carea' id='block_1_90' title="bbox 490 4705 2093 4779">
    <p class='ocr_par' dir='ltr' id='par_1_90' title="bbox 490 4705 2093 4779">
     <span class='ocr_line' id='line_1_90' title="bbox 490 4705 2093 4779; baseline 0.001 -16"><span class='ocrx_word' id='word_1_611' title='bbox 490 4707 616 4763; x_wconf 86' lang='lat' dir='ltr'><strong>cius</strong></span> <span class='ocrx_word' id='word_1_612' title='bbox 639 4705 968 4762; x_wconf 87' lang='lat' dir='ltr'><strong>advocatum</strong></span> <span class='ocrx_word' id='word_1_613' title='bbox 1000 4705 1344 4777; x_wconf 87' lang='lat' dir='ltr'><strong>Stephanum</strong></span> <span class='ocrx_word' id='word_1_614' title='bbox 1365 4707 1731 4765; x_wconf 89' lang='lat' dir='ltr'><strong>domesticum</strong></span> <span class='ocrx_word' id='word_1_615' title='bbox 1766 4717 2093 4779; x_wconf 86' lang='lat' dir='ltr'><strong>percuncta-</strong></span> 
     </span>
    </p>
   </div>
   <div class='ocr_carea' id='block_1_91' title="bbox 501 4799 2094 4870">
    <p class='ocr_par' dir='ltr' id='par_1_91' title="bbox 501 4799 2094 4870">
     <span class='ocr_line' id='line_1_91' title="bbox 501 4799 2094 4870; baseline 0.001 -14"><span class='ocrx_word' id='word_1_616' title='bbox 501 4800 708 4866; x_wconf 87' lang='lat' dir='ltr'><strong>batur,</strong></span> <span class='ocrx_word' id='word_1_617' title='bbox 764 4814 1005 4870; x_wconf 88' lang='lat' dir='ltr'><strong>quonam</strong></span> <span class='ocrx_word' id='word_1_618' title='bbox 1066 4809 1230 4870; x_wconf 87' lang='lat' dir='ltr'><strong>pacto</strong></span> <span class='ocrx_word' id='word_1_619' title='bbox 1301 4799 1627 4859; x_wconf 76' lang='lat' dir='ltr'><strong>Michaelem</strong></span> <span class='ocrx_word' id='word_1_620' title='bbox 1691 4803 1904 4858; x_wconf 85' lang='lat' dir='ltr'><strong>sororis</strong></span> <span class='ocrx_word' id='word_1_621' title='bbox 1975 4817 2094 4858; x_wconf 87' lang='lat' dir='ltr'><strong>suae</strong></span> 
     </span>
    </p>
   </div>
   <div class='ocr_carea' id='block_1_92' title="bbox 492 4879 2094 4966">
    <p class='ocr_par' dir='ltr' id='par_1_92' title="bbox 492 4879 2094 4966">
     <span class='ocr_line' id='line_1_92' title="bbox 492 4879 2094 4966; baseline 0.001 -16"><span class='ocrx_word' id='word_1_622' title='bbox 492 4893 758 4950; x_wconf 87' lang='lat' dir='ltr'><strong>maritum</strong></span> <span class='ocrx_word' id='word_1_623' title='bbox 788 4907 854 4947; x_wconf 89' lang='lat' dir='ltr'><strong>ex</strong></span> <span class='ocrx_word' id='word_1_624' title='bbox 897 4879 1123 4962; x_wconf 87' lang='lat' dir='ltr'><strong>propria</strong></span> <span class='ocrx_word' id='word_1_625' title='bbox 1170 4892 1378 4950; x_wconf 88' lang='lat' dir='ltr'><strong>ducere</strong></span> <span class='ocrx_word' id='word_1_626' title='bbox 1423 4903 1610 4965; x_wconf 88' lang='lat' dir='ltr'><strong>posset</strong></span> <span class='ocrx_word' id='word_1_627' title='bbox 1648 4894 1815 4958; x_wconf 83' lang='lat' dir='ltr'><strong>domo</strong></span> <span class='ocrx_word' id='word_1_628' title='bbox 1851 4896 1921 4951; x_wconf 86' lang='lat' dir='ltr'><strong>ad</strong></span> <span class='ocrx_word' id='word_1_629' title='bbox 1969 4896 2094 4966; x_wconf 83' lang='lat' dir='ltr'><strong>ejus</strong></span> 
     </span>
    </p>
   </div>
   <div class='ocr_carea' id='block_1_93' title="bbox 491 4984 2095 5060">
    <p class='ocr_par' dir='ltr' id='par_1_93' title="bbox 491 4984 2095 5060">
     <span class='ocr_line' id='line_1_93' title="bbox 491 4984 2095 5060; baseline -0.001 -13"><span class='ocrx_word' id='word_1_630' title='bbox 491 4987 687 5047; x_wconf 87' lang='lat' dir='ltr'><strong>oculos</strong></span> <span class='ocrx_word' id='word_1_631' title='bbox 719 4984 1017 5042; x_wconf 86' lang='lat' dir='ltr'><strong>eruendos.</strong></span> <span class='ocrx_word' id='word_1_632' title='bbox 1051 4985 1172 5052; x_wconf 82' lang='lat' dir='ltr'><strong>Quo</strong></span> <span class='ocrx_word' id='word_1_633' title='bbox 1219 4987 1549 5057; x_wconf 88' lang='lat' dir='ltr'><strong>perhibentc</strong></span> <span class='ocrx_word' id='word_1_634' title='bbox 1583 4988 1938 5060; x_wconf 88' lang='lat' dir='ltr'><strong>.impossibile</strong></span> <span class='ocrx_word' id='word_1_635' title='bbox 1985 4990 2095 5045; x_wconf 87' lang='lat' dir='ltr'><strong>hoc</strong></span> 
     </span>
    </p>
   </div>
   <div class='ocr_carea' id='block_1_94' title="bbox 493 5064 2092 5151">
    <p class='ocr_par' dir='ltr' id='par_1_94' title="bbox 493 5064 2092 5151">
     <span class='ocr_line' id='line_1_94' title="bbox 493 5064 2092 5151; baseline -0.001 -14"><span class='ocrx_word' id='word_1_636' title='bbox 493 5081 615 5137; x_wconf 87' lang='lat' dir='ltr'><strong>fore</strong></span> <span class='ocrx_word' id='word_1_637' title='bbox 658 5079 765 5138; x_wconf 85' lang='lat' dir='ltr'><strong>hac</strong></span> <span class='ocrx_word' id='word_1_638' title='bbox 797 5064 936 5135; x_wconf 79' lang='lat' dir='ltr'><strong>hora</strong></span> <span class='ocrx_word' id='word_1_639' title='bbox 985 5085 1215 5148; x_wconf 86' lang='lat' dir='ltr'><strong>propter</strong></span> <span class='ocrx_word' id='word_1_640' title='bbox 1247 5077 1520 5134; x_wconf 83' lang='lat' dir='ltr'><strong>virtutem</strong></span> <span class='ocrx_word' id='word_1_641' title='bbox 1571 5081 1886 5151; x_wconf 48' lang='lat' dir='ltr'><strong>quarcirca</strong></span> <span class='ocrx_word' id='word_1_642' title='bbox 1934 5081 2092 5138; x_wconf 86' lang='lat' dir='ltr'><strong>illum</strong></span> 
     </span>
    </p>
   </div>
   <div class='ocr_carea' id='block_1_95' title="bbox 492 5170 2095 5245">
    <p class='ocr_par' dir='ltr' id='par_1_95' title="bbox 492 5170 2095 5245">
     <span class='ocr_line' id='line_1_95' title="bbox 492 5170 2095 5245; baseline 0.001 -15"><span class='ocrx_word' id='word_1_643' title='bbox 492 5173 734 5237; x_wconf 81' lang='lat' dir='ltr'><strong>adesset,</strong></span> <span class='ocrx_word' id='word_1_644' title='bbox 777 5180 835 5227; x_wconf 88' lang='lat' dir='ltr'><strong>et</strong></span> <span class='ocrx_word' id='word_1_645' title='bbox 867 5171 940 5226; x_wconf 90' lang='lat' dir='ltr'><strong>ob</strong></span> <span class='ocrx_word' id='word_1_646' title='bbox 979 5170 1345 5230; x_wconf 81' lang='lat' dir='ltr'><strong>munitionem</strong></span> <span class='ocrx_word' id='word_1_647' title='bbox 1386 5172 1493 5228; x_wconf 92' lang='lat' dir='ltr'><strong>loci</strong></span> <span class='ocrx_word' id='word_1_648' title='bbox 1525 5173 1725 5230; x_wconf 88' lang='lat' dir='ltr'><strong>domus</strong></span> <span class='ocrx_word' id='word_1_649' title='bbox 1753 5174 1949 5245; x_wconf 86' lang='lat' dir='ltr'><strong>ipsius,</strong></span> <span class='ocrx_word' id='word_1_650' title='bbox 2003 5191 2095 5231; x_wconf 79' lang='lat' dir='ltr'><strong>ro-</strong></span> 
     </span>
    </p>
   </div>
   <div class='ocr_carea' id='block_1_96' title="bbox 492 5262 2092 5338">
    <p class='ocr_par' dir='ltr' id='par_1_96' title="bbox 492 5262 2092 5338">
     <span class='ocr_line' id='line_1_96' title="bbox 492 5262 2092 5338; baseline 0.002 -17"><span class='ocrx_word' id='word_1_651' title='bbox 492 5275 586 5338; x_wconf 83' lang='lat' dir='ltr'><strong>gat</strong></span> <span class='ocrx_word' id='word_1_652' title='bbox 624 5264 838 5320; x_wconf 88' lang='lat' dir='ltr'><strong>nemini</strong></span> <span class='ocrx_word' id='word_1_653' title='bbox 885 5262 1005 5319; x_wconf 82' lang='lat' dir='ltr'><strong>ﬁeri</strong></span> <span class='ocrx_word' id='word_1_654' title='bbox 1038 5271 1166 5320; x_wconf 85' lang='lat' dir='ltr'><strong>nota</strong></span> <span class='ocrx_word' id='word_1_655' title='bbox 1212 5279 1337 5334; x_wconf 72' lang='lat' dir='ltr'><strong>quae</strong></span> <span class='ocrx_word' id='word_1_656' title='bbox 1365 5264 1510 5320; x_wconf 86' lang='lat' dir='ltr'><strong>dicta</strong></span> <span class='ocrx_word' id='word_1_657' title='bbox 1547 5274 1698 5321; x_wconf 88' lang='lat' dir='ltr'><strong>sunt.</strong></span> <span class='ocrx_word' id='word_1_658' title='bbox 1734 5268 1804 5322; x_wconf 77' lang='lat' dir='ltr'><strong>At</strong></span> <span class='ocrx_word' id='word_1_659' title='bbox 1842 5267 1935 5323; x_wconf 92' lang='lat' dir='ltr'><strong>ille</strong></span> <span class='ocrx_word' id='word_1_660' title='bbox 1963 5284 2092 5324; x_wconf 88' lang='lat' dir='ltr'><strong>cum</strong></span> 
     </span>
    </p>
   </div>
   <div class='ocr_carea' id='block_1_97' title="bbox 493 5355 2094 5428">
    <p class='ocr_par' dir='ltr' id='par_1_97' title="bbox 493 5355 2094 5428">
     <span class='ocr_line' id='line_1_97' title="bbox 493 5355 2094 5428; baseline 0.001 -14"><span class='ocrx_word' id='word_1_661' title='bbox 493 5358 682 5415; x_wconf 89' lang='lat' dir='ltr'><strong>verbis</strong></span> <span class='ocrx_word' id='word_1_662' title='bbox 715 5357 1178 5428; x_wconf 84' lang='lat' dir='ltr'><strong>persuasibilibus</strong></span> <span class='ocrx_word' id='word_1_663' title='bbox 1217 5355 1516 5415; x_wconf 78' lang='lat' dir='ltr'><strong>inﬂexisset</strong></span> <span class='ocrx_word' id='word_1_664' title='bbox 1552 5373 1681 5413; x_wconf 91' lang='lat' dir='ltr'><strong>eum</strong></span> <span class='ocrx_word' id='word_1_665' title='bbox 1715 5373 1789 5425; x_wconf 79' lang='lat' dir='ltr'><strong>ne</strong></span> <span class='ocrx_word' id='word_1_666' title='bbox 1817 5359 2094 5416; x_wconf 85' lang='lat' dir='ltr'><strong>sollicitus</strong></span> 
     </span>
    </p>
   </div>
   <div class='ocr_carea' id='block_1_98' title="bbox 494 5450 2095 5525">
    <p class='ocr_par' dir='ltr' id='par_1_98' title="bbox 494 5450 2095 5525">
     <span class='ocr_line' id='line_1_98' title="bbox 494 5450 2095 5525; baseline 0.002 -17"><span class='ocrx_word' id='word_1_667' title='bbox 494 5459 664 5517; x_wconf 89' lang='lat' dir='ltr'><strong>esset,</strong></span> <span class='ocrx_word' id='word_1_668' title='bbox 721 5465 821 5521; x_wconf 87' lang='lat' dir='ltr'><strong>per</strong></span> <span class='ocrx_word' id='word_1_669' title='bbox 876 5458 1052 5506; x_wconf 89' lang='lat' dir='ltr'><strong>totam</strong></span> <span class='ocrx_word' id='word_1_670' title='bbox 1106 5460 1327 5508; x_wconf 88' lang='lat' dir='ltr'><strong>noctem</strong></span> <span class='ocrx_word' id='word_1_671' title='bbox 1376 5451 1602 5508; x_wconf 87' lang='lat' dir='ltr'><strong>militias</strong></span> <span class='ocrx_word' id='word_1_672' title='bbox 1651 5450 1934 5519; x_wconf 88' lang='lat' dir='ltr'><strong>ordinum,</strong></span> <span class='ocrx_word' id='word_1_673' title='bbox 1971 5469 2095 5525; x_wconf 82' lang='lat' dir='ltr'><strong>quae</strong></span> 
     </span>
    </p>
   </div>
   <div class='ocr_carea' id='block_1_99' title="bbox 496 5542 2091 5615">
    <p class='ocr_par' dir='ltr' id='par_1_99' title="bbox 496 5542 2091 5615">
     <span class='ocr_line' id='line_1_99' title="bbox 496 5542 2091 5615; baseline 0.002 -15"><span class='ocrx_word' id='word_1_674' title='bbox 496 5549 900 5608; x_wconf 87' lang='lat' dir='ltr'><strong>remanserant,</strong></span> <span class='ocrx_word' id='word_1_675' title='bbox 941 5542 1174 5614; x_wconf 85' lang='lat' dir='ltr'><strong>collegit</strong></span> <span class='ocrx_word' id='word_1_676' title='bbox 1211 5543 1278 5599; x_wconf 80' lang='lat' dir='ltr'><strong>in</strong></span> <span class='ocrx_word' id='word_1_677' title='bbox 1328 5543 1756 5615; x_wconf 85' lang='lat' dir='ltr'><strong>llippodromio,</strong></span> <span class='ocrx_word' id='word_1_678' title='bbox 1807 5559 1915 5600; x_wconf 89' lang='lat' dir='ltr'><strong>una</strong></span> <span class='ocrx_word' id='word_1_679' title='bbox 1964 5561 2091 5603; x_wconf 90' lang='lat' dir='ltr'><strong>cum</strong></span> 
     </span>
    </p>
   </div>
   <div class='ocr_carea' id='block_1_100' title="bbox 497 5631 2093 5705">
    <p class='ocr_par' dir='ltr' id='par_1_100' title="bbox 497 5631 2093 5705">
     <span class='ocr_line' id='line_1_100' title="bbox 497 5631 2093 5705; baseline 0.003 -16"><span class='ocrx_word' id='word_1_680' title='bbox 497 5631 844 5705; x_wconf 87' lang='lat' dir='ltr'><strong>principibus</strong></span> <span class='ocrx_word' id='word_1_681' title='bbox 889 5633 1132 5705; x_wconf 87' lang='lat' dir='ltr'><strong>propriis</strong></span> <span class='ocrx_word' id='word_1_682' title='bbox 1176 5633 1246 5690; x_wconf 89' lang='lat' dir='ltr'><strong>ad</strong></span> <span class='ocrx_word' id='word_1_683' title='bbox 1301 5634 1776 5705; x_wconf 87' lang='lat' dir='ltr'><strong>pronuntiandum</strong></span> <span class='ocrx_word' id='word_1_684' title='bbox 1831 5635 2093 5693; x_wconf 87' lang='lat' dir='ltr'><strong>eumdem</strong></span> 
     </span>
    </p>
   </div>
   <div class='ocr_carea' id='block_1_101' title="bbox 497 5726 2094 5799">
    <p class='ocr_par' dir='ltr' id='par_1_101' title="bbox 497 5726 2094 5799">
     <span class='ocr_line' id='line_1_101' title="bbox 497 5726 2094 5799; baseline 0.003 -16"><span class='ocrx_word' id='word_1_685' title='bbox 497 5726 820 5786; x_wconf 78' lang='lat' dir='ltr'><strong>hlichaelem</strong></span> <span class='ocrx_word' id='word_1_686' title='bbox 850 5726 1268 5797; x_wconf 83' lang='lat' dir='ltr'><strong>imperatorem.</strong></span> <span class='ocrx_word' id='word_1_687' title='bbox 1292 5727 1546 5799; x_wconf 79' lang='lat' dir='ltr'><strong>Curaque</strong></span> <span class='ocrx_word' id='word_1_688' title='bbox 1592 5737 1742 5784; x_wconf 86' lang='lat' dir='ltr'><strong>totus</strong></span> <span class='ocrx_word' id='word_1_689' title='bbox 1763 5737 1998 5785; x_wconf 87' lang='lat' dir='ltr'><strong>senatus</strong></span> <span class='ocrx_word' id='word_1_690' title='bbox 2024 5733 2094 5788; x_wconf 83' lang='lat' dir='ltr'><strong>ad</strong></span> 
     </span>
    </p>
   </div>
   <div class='ocr_carea' id='block_1_102' title="bbox 497 5815 2096 5890">
    <p class='ocr_par' dir='ltr' id='par_1_102' title="bbox 497 5815 2096 5890">
     <span class='ocr_line' id='line_1_102' title="bbox 497 5815 2096 5890; baseline 0.003 -18"><span class='ocrx_word' id='word_1_691' title='bbox 497 5815 768 5890; x_wconf 86' lang='lat' dir='ltr'><strong>palatium</strong></span> <span class='ocrx_word' id='word_1_692' title='bbox 798 5815 868 5869; x_wconf 89' lang='lat' dir='ltr'><strong>de</strong></span> <span class='ocrx_word' id='word_1_693' title='bbox 909 5816 1034 5872; x_wconf 82' lang='lat' dir='ltr'><strong>luce</strong></span> <span class='ocrx_word' id='word_1_694' title='bbox 1083 5817 1349 5882; x_wconf 82' lang='lat' dir='ltr'><strong>venisset,</strong></span> <span class='ocrx_word' id='word_1_695' title='bbox 1395 5817 1550 5874; x_wconf 83' lang='lat' dir='ltr'><strong>hunc</strong></span> <span class='ocrx_word' id='word_1_696' title='bbox 1593 5818 2096 5890; x_wconf 81' lang='lat' dir='ltr'><strong>pronuntiaverunt</strong></span> 
     </span>
    </p>
   </div>
   <div class='ocr_carea' id='block_1_103' title="bbox 499 5908 2152 6003">
    <p class='ocr_par' dir='ltr' id='par_1_103' title="bbox 499 5908 2152 6003">
     <span class='ocr_line' id='line_1_103' title="bbox 499 5908 2152 6003; baseline 0.005 -39"><span class='ocrx_word' id='word_1_697' title='bbox 499 5910 930 5991; x_wconf 73' lang='lat' dir='ltr'><strong>imperatorem,</strong></span> <span class='ocrx_word' id='word_1_698' title='bbox 988 5908 1458 5999; x_wconf 75' lang='lat' dir='ltr'><strong>quemadmodum</strong></span> <span class='ocrx_word' id='word_1_699' title='bbox 1479 5911 1572 6003; x_wconf 35' lang='lat' dir='ltr'><strong>“in</strong></span> <span class='ocrx_word' id='word_1_700' title='bbox 1625 5911 2152 5999; x_wconf 36' lang='lat' dir='ltr'><strong>subsequentibus‘</strong></span> 
     </span>
    </p>
   </div>
   <div class='ocr_carea' id='block_1_104' title="bbox 2185 4709 3793 4784">
    <p class='ocr_par' dir='ltr' id='par_1_104' title="bbox 2185 4709 3793 4784">
     <span class='ocr_line' id='line_1_104' title="bbox 2185 4709 3793 4784; baseline 0.001 -17"><span class='ocrx_word' id='word_1_701' title='bbox 2185 4709 2449 4767; x_wconf 68' lang='lat' dir='ltr'><strong>Ecclesia</strong></span> <span class='ocrx_word' id='word_1_702' title='bbox 2480 4726 2816 4784; x_wconf 82' lang='lat' dir='ltr'><strong>quacunque</strong></span> <span class='ocrx_word' id='word_1_703' title='bbox 2842 4713 3138 4770; x_wconf 86' lang='lat' dir='ltr'><strong>occasione</strong></span> <span class='ocrx_word' id='word_1_704' title='bbox 3165 4713 3287 4770; x_wconf 87' lang='lat' dir='ltr'><strong>sive</strong></span> <span class='ocrx_word' id='word_1_705' title='bbox 3314 4716 3650 4772; x_wconf 82' lang='lat' dir='ltr'><strong>rationabili</strong></span> <span class='ocrx_word' id='word_1_706' title='bbox 3689 4715 3793 4770; x_wconf 80' lang='lat' dir='ltr'><strong>sive</strong></span> 
     </span>
    </p>
   </div>
   <div class='ocr_carea' id='block_1_105' title="bbox 2191 4802 3796 4879">
    <p class='ocr_par' dir='ltr' id='par_1_105' title="bbox 2191 4802 3796 4879">
     <span class='ocr_line' id='line_1_105' title="bbox 2191 4802 3796 4879; baseline 0.002 -21"><span class='ocrx_word' id='word_1_707' title='bbox 2191 4802 2586 4871; x_wconf 85' lang='lat' dir='ltr'><strong>irrationabili;</strong></span> <span class='ocrx_word' id='word_1_708' title='bbox 2606 4805 2956 4877; x_wconf 86' lang='lat' dir='ltr'><strong>multumque</strong></span> <span class='ocrx_word' id='word_1_709' title='bbox 2969 4805 3382 4863; x_wconf 85' lang='lat' dir='ltr'><strong>sanctissimum</strong></span> <span class='ocrx_word' id='word_1_710' title='bbox 3396 4808 3796 4879; x_wconf 85' lang='lat' dir='ltr'><strong>patriarcham,</strong></span> 
     </span>
    </p>
   </div>
   <div class='ocr_carea' id='block_1_106' title="bbox 2191 4897 3795 4970">
    <p class='ocr_par' dir='ltr' id='par_1_106' title="bbox 2191 4897 3795 4970">
     <span class='ocr_line' id='line_1_106' title="bbox 2191 4897 3795 4970; baseline 0 -17"><span class='ocrx_word' id='word_1_711' title='bbox 2191 4907 2248 4953; x_wconf 91' lang='lat' dir='ltr'><strong>et</strong></span> <span class='ocrx_word' id='word_1_712' title='bbox 2269 4913 2368 4954; x_wconf 89' lang='lat' dir='ltr'><strong>eos</strong></span> <span class='ocrx_word' id='word_1_713' title='bbox 2390 4897 2487 4968; x_wconf 90' lang='lat' dir='ltr'><strong>qui</strong></span> <span class='ocrx_word' id='word_1_714' title='bbox 2519 4906 2777 4970; x_wconf 84' lang='lat' dir='ltr'><strong>poterant</strong></span> <span class='ocrx_word' id='word_1_715' title='bbox 2809 4913 2913 4970; x_wconf 85' lang='lat' dir='ltr'><strong>pro</strong></span> <span class='ocrx_word' id='word_1_716' title='bbox 2941 4899 3224 4956; x_wconf 89' lang='lat' dir='ltr'><strong>communi</strong></span> <span class='ocrx_word' id='word_1_717' title='bbox 3269 4915 3410 4970; x_wconf 88' lang='lat' dir='ltr'><strong>pace</strong></span> <span class='ocrx_word' id='word_1_718' title='bbox 3441 4915 3795 4961; x_wconf 88' lang='lat' dir='ltr'><strong>concurrere,</strong></span> 
     </span>
    </p>
   </div>
   <div class='ocr_carea' id='block_1_107' title="bbox 2193 4991 3799 5063">
    <p class='ocr_par' dir='ltr' id='par_1_107' title="bbox 2193 4991 3799 5063">
     <span class='ocr_line' id='line_1_107' title="bbox 2193 4991 3799 5063; baseline 0 -18"><span class='ocrx_word' id='word_1_719' title='bbox 2193 5004 2396 5062; x_wconf 82' lang='lat' dir='ltr'><strong>rogans</strong></span> <span class='ocrx_word' id='word_1_720' title='bbox 2443 5006 2556 5049; x_wconf 91' lang='lat' dir='ltr'><strong>non</strong></span> <span class='ocrx_word' id='word_1_721' title='bbox 2592 4991 2939 5062; x_wconf 84' lang='lat' dir='ltr'><strong>quiescebat,</strong></span> <span class='ocrx_word' id='word_1_722' title='bbox 2990 4991 3136 5048; x_wconf 90' lang='lat' dir='ltr'><strong>inter</strong></span> <span class='ocrx_word' id='word_1_723' title='bbox 3174 5006 3316 5063; x_wconf 86' lang='lat' dir='ltr'><strong>quos</strong></span> <span class='ocrx_word' id='word_1_724' title='bbox 3343 5000 3404 5048; x_wconf 86' lang='lat' dir='ltr'><strong>et</strong></span> <span class='ocrx_word' id='word_1_725' title='bbox 3441 4993 3799 5049; x_wconf 90' lang='lat' dir='ltr'><strong>Theodorum</strong></span> 
     </span>
    </p>
   </div>
   <div class='ocr_carea' id='block_1_108' title="bbox 2193 5081 3802 5154">
    <p class='ocr_par' dir='ltr' id='par_1_108' title="bbox 2193 5081 3802 5154">
     <span class='ocr_line' id='line_1_108' title="bbox 2193 5081 3802 5154; baseline -0.001 -18"><span class='ocrx_word' id='word_1_726' title='bbox 2193 5081 2568 5153; x_wconf 86' lang='lat' dir='ltr'><strong>hegumenum</strong></span> <span class='ocrx_word' id='word_1_727' title='bbox 2593 5082 2783 5138; x_wconf 82' lang='lat' dir='ltr'><strong>Studii</strong></span> <span class='ocrx_word' id='word_1_728' title='bbox 2834 5091 2893 5139; x_wconf 81' lang='lat' dir='ltr'><strong>et</strong></span> <span class='ocrx_word' id='word_1_729' title='bbox 2941 5083 3229 5139; x_wconf 87' lang='lat' dir='ltr'><strong>Platonem</strong></span> <span class='ocrx_word' id='word_1_730' title='bbox 3268 5090 3442 5152; x_wconf 88' lang='lat' dir='ltr'><strong>atque</strong></span> <span class='ocrx_word' id='word_1_731' title='bbox 3475 5083 3691 5154; x_wconf 84' lang='lat' dir='ltr'><strong>Joseph</strong></span> <span class='ocrx_word' id='word_1_732' title='bbox 3722 5097 3802 5136; x_wconf 81' lang='lat' dir='ltr'><strong>ar-</strong></span> 
     </span>
    </p>
   </div>
   <div class='ocr_carea' id='block_1_109' title="bbox 2181 5173 3799 5246">
    <p class='ocr_par' dir='ltr' id='par_1_109' title="bbox 2181 5173 3799 5246">
     <span class='ocr_line' id='line_1_109' title="bbox 2181 5173 3799 5246; baseline -0.001 -17"><span class='ocrx_word' id='word_1_733' title='bbox 2181 5174 2609 5246; x_wconf 75' lang='lat' dir='ltr'><strong>chiepiscOpu&#39;m</strong></span> <span class='ocrx_word' id='word_1_734' title='bbox 2627 5173 3206 5239; x_wconf 88' lang='lat' dir='ltr'><strong>Thessalonicensem,</strong></span> <span class='ocrx_word' id='word_1_735' title='bbox 3237 5173 3472 5230; x_wconf 81' lang='lat' dir='ltr'><strong>fratrem</strong></span> <span class='ocrx_word' id='word_1_736' title='bbox 3498 5173 3799 5237; x_wconf 87' lang='lat' dir='ltr'><strong>Theodori,</strong></span> 
     </span>
    </p>
   </div>
   <div class='ocr_carea' id='block_1_110' title="bbox 2183 5268 3802 5339">
    <p class='ocr_par' dir='ltr' id='par_1_110' title="bbox 2183 5268 3802 5339">
     <span class='ocr_line' id='line_1_110' title="bbox 2183 5268 3802 5339; baseline -0.003 -16"><span class='ocrx_word' id='word_1_737' title='bbox 2183 5269 2254 5324; x_wconf 13' lang='lat' dir='ltr'><strong>c-in</strong></span> <span class='ocrx_word' id='word_1_738' title='bbox 2287 5269 2560 5325; x_wconf 89' lang='lat' dir='ltr'><strong>custodiis</strong></span> <span class='ocrx_word' id='word_1_739' title='bbox 2600 5269 2860 5326; x_wconf 88' lang='lat' dir='ltr'><strong>detentos</strong></span> <span class='ocrx_word' id='word_1_740' title='bbox 2891 5268 3116 5335; x_wconf 81' lang='lat' dir='ltr'><strong>amaris,</strong></span> <span class='ocrx_word' id='word_1_741' title='bbox 3150 5284 3260 5324; x_wconf 87' lang='lat' dir='ltr'><strong>una</strong></span> <span class='ocrx_word' id='word_1_742' title='bbox 3282 5283 3417 5325; x_wconf 76' lang='lat' dir='ltr'><strong>cum</strong></span> <span class='ocrx_word' id='word_1_743' title='bbox 3467 5268 3802 5339; x_wconf 87' lang='lat' dir='ltr'><strong>primatibus</strong></span> 
     </span>
    </p>
   </div>
   <div class='ocr_carea' id='block_1_111' title="bbox 2194 5361 3806 5434">
    <p class='ocr_par' dir='ltr' id='par_1_111' title="bbox 2194 5361 3806 5434">
     <span class='ocr_line' id='line_1_111' title="bbox 2194 5361 3806 5434; baseline -0.002 -16"><span class='ocrx_word' id='word_1_744' title='bbox 2194 5377 2417 5434; x_wconf 84' lang='lat' dir='ltr'><strong>quoque</strong></span> <span class='ocrx_word' id='word_1_745' title='bbox 2450 5363 2775 5421; x_wconf 86' lang='lat' dir='ltr'><strong>monasterii</strong></span> <span class='ocrx_word' id='word_1_746' title='bbox 2805 5377 3000 5419; x_wconf 86' lang='lat' dir='ltr'><strong>eorum</strong></span> <span class='ocrx_word' id='word_1_747' title='bbox 3025 5362 3310 5433; x_wconf 86' lang='lat' dir='ltr'><strong>satagebat</strong></span> <span class='ocrx_word' id='word_1_748' title='bbox 3339 5361 3551 5429; x_wconf 88' lang='lat' dir='ltr'><strong>unire;</strong></span> <span class='ocrx_word' id='word_1_749' title='bbox 3579 5361 3731 5433; x_wconf 86' lang='lat' dir='ltr'><strong>quod</strong></span> <span class='ocrx_word' id='word_1_750' title='bbox 3755 5368 3806 5414; x_wconf 88' lang='lat' dir='ltr'><strong>et</strong></span> 
     </span>
    </p>
   </div>
   <div class='ocr_carea' id='block_1_112' title="bbox 2193 5454 3804 5526">
    <p class='ocr_par' dir='ltr' id='par_1_112' title="bbox 2193 5454 3804 5526">
     <span class='ocr_line' id='line_1_112' title="bbox 2193 5454 3804 5526; baseline -0.003 -15"><span class='ocrx_word' id='word_1_751' title='bbox 2193 5455 2346 5511; x_wconf 80' lang='lat' dir='ltr'><strong>fecit.</strong></span> <span class='ocrx_word' id='word_1_752' title='bbox 2377 5455 2656 5513; x_wconf 67' lang='lat' dir='ltr'><strong>Caeterum</strong></span> <span class='ocrx_word' id='word_1_753' title='bbox 2691 5456 2846 5513; x_wconf 80' lang='lat' dir='ltr'><strong>misit</strong></span> <span class='ocrx_word' id='word_1_754' title='bbox 2889 5463 2948 5512; x_wconf 89' lang='lat' dir='ltr'><strong>et</strong></span> <span class='ocrx_word' id='word_1_755' title='bbox 2986 5454 3057 5512; x_wconf 90' lang='lat' dir='ltr'><strong>ad</strong></span> <span class='ocrx_word' id='word_1_756' title='bbox 3082 5454 3352 5512; x_wconf 34' lang='lat' dir='ltr'><strong>&#39;Carolum</strong></span> <span class='ocrx_word' id='word_1_757' title='bbox 3400 5455 3804 5526; x_wconf 88' lang='lat' dir='ltr'><strong>imperatorem</strong></span> 
     </span>
    </p>
   </div>
   <div class='ocr_carea' id='block_1_113' title="bbox 2195 5544 3809 5622">
    <p class='ocr_par' dir='ltr' id='par_1_113' title="bbox 2195 5544 3809 5622">
     <span class='ocr_line' id='line_1_113' title="bbox 2195 5544 3809 5622; baseline -0.004 -17"><span class='ocrx_word' id='word_1_758' title='bbox 2195 5549 2536 5606; x_wconf 83' lang='lat' dir='ltr'><strong>Francorum</strong></span> <span class='ocrx_word' id='word_1_759' title='bbox 2567 5566 2668 5621; x_wconf 91' lang='lat' dir='ltr'><strong>pro</strong></span> <span class='ocrx_word' id='word_1_760' title='bbox 2699 5565 2835 5622; x_wconf 88' lang='lat' dir='ltr'><strong>pace</strong></span> <span class='ocrx_word' id='word_1_761' title='bbox 2860 5559 3027 5622; x_wconf 87' lang='lat' dir='ltr'><strong>atque</strong></span> <span class='ocrx_word' id='word_1_762' title='bbox 3063 5559 3352 5606; x_wconf 87' lang='lat' dir='ltr'><strong>contractu</strong></span> <span class='ocrx_word' id='word_1_763' title='bbox 3379 5549 3727 5620; x_wconf 86' lang='lat' dir='ltr'><strong>nuptiarum</strong></span> <span class='ocrx_word' id='word_1_764' title='bbox 3757 5544 3809 5599; x_wconf 89' lang='lat' dir='ltr'><strong>in</strong></span> 
     </span>
    </p>
   </div>
   <div class='ocr_carea' id='block_1_114' title="bbox 2196 5639 3809 5712">
    <p class='ocr_par' dir='ltr' id='par_1_114' title="bbox 2196 5639 3809 5712">
     <span class='ocr_line' id='line_1_114' title="bbox 2196 5639 3809 5712; baseline -0.005 -16"><span class='ocrx_word' id='word_1_765' title='bbox 2196 5639 2677 5711; x_wconf 74' lang='lat' dir='ltr'><strong>Theophylactunr</strong></span> <span class='ocrx_word' id='word_1_766' title='bbox 2724 5640 2897 5697; x_wconf 84' lang='lat' dir='ltr'><strong>ﬁlium</strong></span> <span class='ocrx_word' id='word_1_767' title='bbox 2941 5656 3128 5700; x_wconf 86' lang='lat' dir='ltr'><strong>suum.</strong></span> <span class='ocrx_word' id='word_1_768' title='bbox 3181 5640 3541 5712; x_wconf 83' lang='lat' dir='ltr'><strong>Nicephorus</strong></span> <span class='ocrx_word' id='word_1_769' title='bbox 3587 5650 3809 5710; x_wconf 80' lang='lat' dir='ltr'><strong>quoque</strong></span> 
     </span>
    </p>
   </div>
   <div class='ocr_carea' id='block_1_115' title="bbox 2196 5732 3814 5806">
    <p class='ocr_par' dir='ltr' id='par_1_115' title="bbox 2196 5732 3814 5806">
     <span class='ocr_line' id='line_1_115' title="bbox 2196 5732 3814 5806; baseline -0.003 -17"><span class='ocrx_word' id='word_1_770' title='bbox 2196 5733 2582 5790; x_wconf 84' lang='lat' dir='ltr'><strong>sanctissimus</strong></span> <span class='ocrx_word' id='word_1_771' title='bbox 2602 5734 2918 5804; x_wconf 87' lang='lat' dir='ltr'><strong>patriarcha</strong></span> <span class='ocrx_word' id='word_1_772' title='bbox 2936 5734 3243 5790; x_wconf 84' lang='lat' dir='ltr'><strong>transmisit</strong></span> <span class='ocrx_word' id='word_1_773' title='bbox 3261 5732 3577 5806; x_wconf 76' lang='lat' dir='ltr'><strong>synodicae</strong></span> <span class='ocrx_word' id='word_1_774' title='bbox 3597 5733 3814 5788; x_wconf 81' lang='lat' dir='ltr'><strong>litteras</strong></span> 
     </span>
    </p>
   </div>
   <div class='ocr_carea' id='block_1_116' title="bbox 2196 5821 3808 5895">
    <p class='ocr_par' dir='ltr' id='par_1_116' title="bbox 2196 5821 3808 5895">
     <span class='ocr_line' id='line_1_116' title="bbox 2196 5821 3808 5895; baseline -0.001 -17"><span class='ocrx_word' id='word_1_775' title='bbox 2196 5821 2265 5878; x_wconf 86' lang='lat' dir='ltr'><strong>ad</strong></span> <span class='ocrx_word' id='word_1_776' title='bbox 2281 5821 2530 5878; x_wconf 83' lang='lat' dir='ltr'><strong>Leonem</strong></span> <span class='ocrx_word' id='word_1_777' title='bbox 2555 5822 2968 5880; x_wconf 87' lang='lat' dir='ltr'><strong>sanctissimum</strong></span> <span class='ocrx_word' id='word_1_778' title='bbox 2995 5838 3192 5895; x_wconf 83' lang='lat' dir='ltr'><strong>papam</strong></span> <span class='ocrx_word' id='word_1_779' title='bbox 3232 5823 3564 5889; x_wconf 77' lang='lat' dir='ltr'><strong>Romanum</strong></span> <span class='ocrx_word' id='word_1_780' title='bbox 3597 5838 3616 5872; x_wconf 86' lang='lat'><strong>:</strong></span> <span class='ocrx_word' id='word_1_781' title='bbox 3651 5829 3808 5876; x_wconf 78' lang='lat' dir='ltr'><strong>antea</strong></span> 
     </span>
    </p>
   </div>
   <div class='ocr_carea' id='block_1_117' title="bbox 2199 5915 3811 5999">
    <p class='ocr_par' dir='ltr' id='par_1_117' title="bbox 2199 5915 3811 5999">
     <span class='ocr_line' id='line_1_117' title="bbox 2199 5915 3811 5999; baseline 0.005 -27"><span class='ocrx_word' id='word_1_782' title='bbox 2199 5917 2427 5999; x_wconf 72' lang='lat' dir='ltr'><strong>quippe__</strong></span> <span class='ocrx_word' id='word_1_783' title='bbox 2458 5917 2698 5999; x_wconf 69' lang='lat' dir='ltr'><strong>faciendi</strong></span> <span class='ocrx_word' id='word_1_784' title='bbox 2713 5995 2729 5997; x_wconf 10' lang='grc' dir='ltr'><em>Α</em></span> <span class='ocrx_word' id='word_1_785' title='bbox 2758 5918 2869 5978; x_wconf 82' lang='lat' dir='ltr'><strong>hoc</strong></span> <span class='ocrx_word' id='word_1_786' title='bbox 2915 5934 2949 5977; x_wconf 70' lang='grc' dir='ltr'>ι</span> <span class='ocrx_word' id='word_1_787' title='bbox 2996 5917 3314 5993; x_wconf 76' lang='lat' dir='ltr'><strong>Nieephoro</strong></span> <span class='ocrx_word' id='word_1_788' title='bbox 3362 5915 3811 5992; x_wconf 55' lang='lat' dir='ltr'><strong>prohibebitur;</strong></span> 
     </span>
    </p>
   </div>
  </div>
