4100 6492
451 487 581 565 tm

1262 500 1632 564 HISTORIA
1677 494 2253 561 ECCLESIASTICA
2292 495 2394 555 EX
2432 495 2896 557 ΤΠΕΟΡΗΑΝΕ

3565 492 3584 554 1
3597 491 3703 555 422

445 619 619 676 Porro
634 623 834 672 octavo
854 614 1126 672 Kalendas
1143 615 1434 671 ianuarias
1450 617 1658 687 quintae
1680 612 2022 674 indietionis,
2051 610 2102 668 Α
2127 609 2476 679 Nicaeam-que
2515 617 2681 678 atque
2705 607 2926 664 Probati
2961 599 3206 669 castrum
3235 614 3289 661 et
3316 605 3420 661 alia
3453 606 3700 677 quaedam

445 706 718 771 Michael,
781 705 1270 777 tranquillissimus
1337 708 1680 778 imperator,
1740 705 2025 763 coronavit

444 800 919 870 The-uphylactum
957 797 1128 854 filium
1151 815 1315 854 suum
1344 801 1396 854 in
1430 801 1816 870 imperatorem
1866 813 1897 853 a
1932 798 2026 856 Ni-

444 891 690 961 cephoro
739 890 1078 960 patriarcha.
1121 890 1179 944 in
1224 892 1457 946 ambone
1501 891 1723 962 Maioris
1755 890 2021 953 ecclesiae,

445 983 582 1039 feria
610 983 804 1052 quinta
839 999 858 1047 ;
895 988 954 1036 et
999 982 1204 1038 obtulit
1231 984 1695 1053 pretiosissimum
1727 998 2024 1054 ornamen-

447 1083 562 1142 tum
597 1085 789 1137 sancto
821 1075 1019 1129 altario
1045 1073 1158 1144 (93)
1191 1075 1246 1128 in
1277 1077 1420 1130 vasis
1453 1076 1639 1130 aureis
1668 1083 1722 1128 et
1745 1073 2024 1144 lapidibus

443 1167 750 1222 venustatis
777 1175 833 1221 et
853 1167 1250 1237 quadrangulis
1284 1168 1442 1232 velis,
1469 1166 1774 1236 antiquitus
1799 1181 1866 1220 ex
1888 1181 2025 1220 auro

441 1267 498 1314 et
540 1275 785 1329 purpura
838 1259 984 1313 clare
1033 1258 1344 1323 contextis,
1391 1268 1556 1329 atque
1602 1257 2024 1312 admirabilibus

438 1351 650 1414 sanctis
683 1350 1015 1421 imaginibus
1058 1351 1305 1405 variatis.
1345 1352 1578 1405 Donavit
1609 1360 1792 1405 autem
1832 1359 1888 1405 et
1926 1367 2023 1420 pa-

444 1443 704 1500 triarchae
732 1443 851 1497 auri
876 1442 1050 1498 libras
1077 1444 1323 1513 quinque
1344 1450 1400 1498 et
1425 1443 1668 1507 vicenas,
1697 1461 1759 1498 ac
1789 1459 2023 1498 venera—

443 1535 544 1592 bili
576 1535 726 1590 clero
757 1535 929 1594 libras
953 1543 1206 1598 centum,
1239 1535 1586 1605 splendidam
1621 1536 1856 1591 reddens
1895 1551 2024 1590 san-

439 1635 587 1684 .ctam
633 1626 988 1682 festivitatem
1027 1634 1083 1681 et
1126 1627 1223 1682 filii
1265 1629 1796 1698 pronuntiationem.
1851 1629 2022 1684 Multo

443 1731 576 1783 sane
600 1717 791 1772 divino
825 1719 945 1781 zelo
977 1719 1275 1789 imperator
1303 1719 1585 1790 piissimus
1615 1729 1796 1774 motus
1831 1728 2022 1775 contra

443 1807 792 1871 Manichaeos,
825 1809 919 1876 qui
955 1821 1102 1877 nunc
1136 1808 1438 1862 Pauliciani
1471 1808 1754 1872 dicuntur,
1784 1817 1840 1863 et
1869 1806 2026 1862 Athi-

441 1911 614 1971 gallos
636 1897 694 1951 in
737 1898 972 1969 Phrygia
996 1907 1055 1952 et
1097 1897 1373 1968 Lycaonia
1402 1899 1685 1969 degentes,
1731 1899 2020 1968 capitalem

436 1987 975 2057 animadversionem
1001 1990 1292 2059 Nicephori
1333 1987 1670 2057 sanctissimi
1699 1991 2022 2059 patriarchae

443 2082 770 2136 aealiorum
827 2082 1048 2150 piorum
1115 2081 1560 2151 [medicamentis
1626 2084 2009 2152 promulgatis,

439 2189 672 2243 aversus
712 2182 797 2228 est
834 2188 935 2244 per
973 2175 1109 2232 alios
1149 2189 1383 2242 nequam
1415 2190 1632 2228 morum
1677 2175 2023 2232 consiliarios

440 2264 674 2320 obtentu
727 2264 1102 2334 pmnitentize,
1142 2280 1267 2319 eum
1314 2274 1463 2320 esset
1511 2265 1853 2334 impossibile
1902 2266 2026 2321 illos

438 2353 826 2427 paenitentiam
857 2367 1052 2424 gerere
1085 2353 1180 2423 qui
1206 2368 1399 2410 eorum
1430 2355 1574 2422 capti
1603 2353 1840 2410 fuisse-nt
1862 2369 2024 2409 erro-

440 2460 528 2502 re.
569 2446 1022 2517 Dogmatizabant
1049 2455 1236 2513 autem
1286 2447 1528 2512 indocte,
1575 2461 1688 2502 non
1725 2447 1896 2502 licere
1934 2463 2023 2504 sa-

441 2533 763 2590 cerdotibus
793 2536 1142 2606 promulgare
1173 2545 1365 2591 contra
1401 2535 1599 2606 impios
1637 2548 1892 2600 mortem,
1927 2553 2026 2606 per

439 2624 630 2682 omnia
659 2623 865 2680 divinis
893 2635 1064 2694 super
1095 2624 1199 2679 hoc
1219 2623 1579 2680 adversantes
1610 2625 1929 2696 Scripturis.
1967 2625 2024 2678 Si

434 2715 593 2776 enim
615 2717 812 2772 Petrus
838 2724 1028 2778 vertex
1049 2717 1422 2786 apostolorum
1451 2717 1718 2775 Ananiam
1746 2726 1801 2771 et
1833 2715 2028 2786 Sapini—

445 2820 562 2860 ram
602 2805 674 2859 ob
719 2804 1068 2859 mendacium
1102 2813 1315 2859 tantum
1345 2806 1794 2868 mortificavit._et
1827 2806 2028 2862 Paulus

445 2909 678 2964 magnus
713 2894 916 2964 clamat
952 2912 966 2948 :
1007 2893 1109 2960 Qui
1143 2895 1299 2959 talia,
1334 2896 1614 2966 inquiens,
1658 2905 1846 2967 agunt,
1879 2898 2028 2968 digni

438 2993 570 3045 sunt
595 2993 781 3046 marte,
817 2985 933 3051 haec
961 2984 1028 3039 de
1051 2987 1166 3040 solo
1187 2987 1457 3057 carpet-ali
1478 3001 1722 3056 peccato,
1751 2988 2027 3057 quomodo

441 3092 558 3132 non
596 3076 797 3132 horum
823 3078 1088 3132 contrarii
1122 3087 1307 3142 erunt,
1357 3080 1454 3150 qui
1483 3079 1634 3133 omni
1673 3080 2030 3150 corporalia

442 3167 720 3238 spirituali
758 3169 1022 3240 spurcitia
1055 3170 1266 3238 plenos,
1303 3171 1510 3240 quique
1533 3171 1878 3226 daemonibus
1911 3186 2030 3226 ser-

2124 701 2399 771 praesidia,
2433 701 2684 769 similiter
2706 700 3202 772 etPhilippopolim
3229 711 3283 756 et
3303 701 3604 772 Philippos,
3648 710 3705 755 et

2123 794 2472 866 Strymonem
2517 793 2834 849 habitantes
2882 794 3082 850 accolae
3132 794 3425 849 occasione
3478 802 3702 862 accepta

2122 885 2395 958 fugientes
2433 887 2500 942 ad
2553 888 2776 958 propria
2817 886 3129 947 redierunt.
3181 885 3297 942 Hoc
3351 895 3534 940 autem
3585 895 3707 942 erat

2123 977 2310 1036 divina
2345 978 2646 1048 indignatio
2671 976 2968 1048 Nicephori
3003 977 3279 1031 vesaniam
3310 991 3567 1048 arguens,
3608 991 3707 1047 per

2124 1080 2286 1136 quem
2337 1067 2596 1137 putativas
2628 1067 2740 1137 (9i)
2787 1067 3167 1122 correctiones
3209 1068 3348 1137 ejus,
3393 1066 3448 1120 in
3503 1067 3706 1136 quibus

2123 1158 2484 1230 gloriabatur,
2528 1159 2787 1214 celeriter
2834 1171 3190 1228 corruerunt.
3236 1159 3549 1230 Pravasque
3593 1159 3708 1230 opi-

2129 1249 2321 1304 niones
2349 1250 2667 1315 multorum,
2700 1249 2794 1319 qui
2827 1243 2998 1304 Deut'n
3035 1250 3421 1320 impngnantes
3445 1253 3501 1304 et
3527 1250 3706 1304 abun-

2125 1342 2319 1397 dantes
2339 1341 2578 1397 bzereses
2595 1342 3059 1416 Paulicianorum,
3075 1343 3495 1412 Athiganorum,
3512 1342 3708 1397 leono-

2127 1435 2425 1488 clastar-um
2499 1443 2556 1489 et
2615 1433 3026 1489 Tetraditarum
3093 1435 3358 1488 deserunt
3421 1450 3702 1489 accusare.

2123 1523 2330 1580 Omitto
2380 1525 2531 1579 enim
2598 1523 2786 1578 dicere"
2842 1522 3114 1578 adulteria
3173 1532 3229 1578 et
3293 1521 3704 1590 fornicationes,

2124 1617 2386 1672 libidines
2415 1623 2579 1685 atque
2609 1615 2874 1687 perjuria,
2911 1613 3039 1672 odia
3069 1614 3308 1669 fraterna
3337 1623 3394 1669 et
3427 1613 3705 1680 avaritias,

2125 1725 2338 1765 necnon
2357 1719 2411 1764 et
2436 1707 2918 1779 praevaricationes
2938 1707 3200 1776 reliquas.
3221 1705 3428 1762 Contra
3451 1721 3632 1761 sacras
3651 1715 3708 1761 ct

2127 1802 2472 1858 venerabiles
2507 1801 2776 1872 imagines
2798 1808 3106 1870 contraque
3134 1799 3518 1855 monachicum
3550 1800 3709 1854 habi-

2128 1905 2240 1951 tum
2267 1895 2562 1952 movebant
2580 1895 2814 1964 linguas,
2841 1893 3063 1948 beatum
3086 1891 3334 1948 dicentes
3359 1893 3474 1948 Deo
3504 1891 3709 1947 abomi-

2125 1985 2360 2043 nabilem
2387 2003 2451 2042 ac
2472 1985 2873 2042 misserrimum
2899 1984 3346 2048 Constantinum,
3378 1983 3525 2054 quod
3554 1983 3710 2037 forti-

2123 2089 2211 2135 ter
2240 2080 2506 2134 adversus
2544 2077 2812 2148 Volgares
2857 2076 3089 2148 gesserit
3139 2084 3372 2145 propter
3422 2075 3706 2145 pietatem,

2125 2184 2308 2241 quam,
2338 2179 2400 2225 ut
2430 2169 2596 2240 impie
2639 2168 2892 2223 infelices
2925 2168 3003 2239 illi
3035 2167 3386 2233 fatebantur,
3427 2165 3705 2220 habuerit.

2128 2264 2194 2318 At
2223 2279 2352 2317 vero
2373 2262 2428 2317 hi
2459 2263 2552 2333 qui
2576 2262 2632 2317 in
2657 2261 2792 2316 urbe
2824 2260 2971 2329 regia
2997 2267 3176 2334 erant,
3198 2257 3555 2334 armabantur
3587 2267 3709 2328 post

2127 2348 2394 2426 synodum
2442 2332 2811 2407 universalem
2852 2351 2920 2406 ad
2954 2348 3115 2404 ﬁdem
3153 2332 3586 2417 subvertendam
3621 2363 3712 2404 or-

2125 2441 2444 2513 thodoxam,
2472 2457 2647 2497 caecos
2681 2441 2842 2496 caecis
2869 2439 3148 2495 mentibus
3177 2440 3423 2494 volentes
3452 2438 3570 2495 sine
3598 2440 3712 2496 Deo

2128 2534 2420 2605 imperare,
2469 2534 2608 2589 filios
2643 2532 2902 2597 videlicet
2927 2532 3276 2590 Constantini
3318 2534 3492 2588 Deum
3528 2533 3713 2603 impu-

2126 2625 2522 2696 gnantis,apud
2549 2625 2878 2680 Panormum
2901 2624 3134 2679 insulam
3155 2624 3420 2680 custodia:
3435 2625 3715 2693 mancipa-

2128 2724 2234 2781 tos,
2267 2731 2406 2786 quos
2435 2715 2606 2770 furari
2633 2731 2733 2786 per
2761 2725 2978 2771 noctem
3010 2707 3305 2770 voluerunt
3332 2715 3390 2770 et
3436 2714 3714 2770 adducere

2127 2810 2194 2863 ad
2229 2809 2554 2864 exercitum.
2588 2808 2694 2866 Sed
2730 2808 2995 2864 Dominus
3036 2807 3138 2862 hos
3169 2807 3442 2871 confudit,
3493 2807 3715 2878 erigens

2128 2902 2450 2960 Michaelem
2478 2902 2788 2972 piissimum
2819 2901 2872 2955 in
2899 2899 3274 2969 defensionem
3291 2899 3560 2976 veritatis.
3591 2899 3716 2971 Dis-

2128 2993 2335 3064 putatis
2374 2993 2520 3048 enim
2546 2992 3008 3048 convenientibus
3020 2991 3088 3045 de
3107 2991 3213 3046 ﬁde
3237 2990 3712 3071 plebibusregiam

2130 3085 2414 3154 repedavit
2450 3084 2518 3138 ad
2554 3083 2772 3148 urbem,
2805 3092 2859 3138 et
2899 3083 3183 3153 sapienter
3225 3081 3475 3152 cogitans
3511 3082 3716 3147 multos

2130 3177 2421 3232 rebellium
2441 3192 2540 3246 per
2567 3191 2768 3246 paucas
2799 3177 2986 3250 plagas
3015 3174 3306 3244 deterruit.
3341 3174 3551 3248 Exsilio
3572 3189 3716 3245 quo-

442 3260 625 3320 viunt,
646 3276 684 3332 pa
715 3259 896 3330 gladio
929 3260 1310 3327 redemerim?
1346 3261 1457 3320 Sed
1495 3263 1620 3333 pius
1655 3263 1888 3318 Michael
1919 3279 2028 3318 non
2054 3282 2099 3344 ρ
2132 3283 2240 3337 que
2268 3265 2579 3338 deportavit
2609 3266 2749 3322 ﬁlios
2776 3265 3149 3333 Constantini,
3182 3265 3277 3337 qui
3315 3266 3492 3340 oculis
3534 3255 3714 3320 orbati

441 3367 653 3423 paucos
679 3368 872 3420 eorum
909 3354 1127 3410 recidit.
1157 3353 1476 3410 Stauracius
1498 3371 1630 3410 vero
1657 3356 1842 3412 ulcere
1879 3357 2032 3411 tabe-

441 3446 624 3504 factus
650 3463 718 3504 ex
746 3449 964 3518 mortali
996 3449 1153 3520 plaga
1191 3449 1344 3504 circa
1374 3451 1546 3519 spina
1568 3451 1685 3505 loca
1719 3450 1924 3517 inflixa,
1955 3451 2030 3506 ita

443 3547 510 3595 ut
528 3555 637 3596 non
678 3549 864 3612 posset
885 3541 1156 3612 quispiam
1191 3541 1638 3612 appropinquare
1670 3541 1747 3596 illi
1782 3541 1854 3596 ob
1888 3543 2032 3597 mul—

443 3637 566 3685 tum
618 3630 850 3686 fetorem
877 3667 892 3696 ,
939 3641 1195 3701 mortuus
1238 3638 1326 3686 est
1369 3629 1534 3684 tertio
1568 3630 1696 3685 ldus
1741 3630 2030 3702 Ianuarias

444 3721 768 3779 indictiouis
786 3723 841 3785 5,
861 3735 991 3792 eum
1018 3722 1366 3792 imperasset,
1389 3729 1451 3783 ιιι
1476 3731 1724 3792 putatur,
1748 3723 2032 3778 mensibus

441 3813 666 3871 duobus
699 3816 895 3881 diebus
929 3826 1043 3889 sex.
1072 3815 1244 3872 Porro
1295 3816 1493 3886 quinto
1524 3815 1654 3870 ldus
1680 3816 1868 3880 Maias,
1893 3817 2031 3871 feria

443 3915 620 3972 sexta,
658 3906 882 3976 eclipsis
911 3907 1106 3972 solaris
1124 3905 1320 3964 εσθαι
1344 3915 1434 3964 est
1456 3923 1650 3978 magna
1674 3924 1690 3972 ;
1715 3917 1770 3962 et
1796 3907 2032 3978 septimo

438 3997 578 4073 ldus
591 3997 782 4054 lunias
793 4013 1046 4069 egressus
1059 4009 1142 4055 est
1153 3998 1582 4071 Michaelcontra
1597 3999 1858 4070 Vulgares
1872 4017 1886 4054 :
1900 4015 2028 4076 cum

442 4104 518 4145 eo
543 4089 706 4144 simul
752 4104 972 4164 egressa
998 4096 1087 4144 est
1133 4101 1190 4145 et
1225 4091 1493 4161 Procopia
1538 4107 1712 4160 usque
1741 4091 2028 4148 Zurulum.

441 4177 724 4237 Crumnus
787 4190 974 4238 autem
1019 4181 1132 4237 dux
1183 4182 1505 4253 Vulgarum,
1555 4199 1680 4238 cum
1743 4184 2030 4240 Debeltum

444 4271 740 4328 obsidione
778 4273 1038 4342 cepisset,
1071 4284 1128 4328 et
1159 4288 1255 4328 eos
1295 4275 1389 4343 qui
1423 4275 1478 4328 in
1508 4274 1622 4344 ipsa
1668 4275 1887 4331 fuerant
1921 4293 2032 4332 una

435 4379 578 4431 cum
621 4363 880 4435 episeopo
928 4365 1396 4436 transmigrasset,
1441 4367 1851 4429 multitudines,
1909 4383 2032 4438 quas

443 4465 679 4527 propter
699 4456 902 4512 malum
928 4456 1297 4528 frequensque
1324 4459 1619 4513 consilium
1647 4473 1882 4528 nequam
1901 4475 2031 4520 con-

439 4548 789 4604 siliariorum
837 4549 1191 4618 imperatoris
1235 4549 1302 4606 ad
1340 4566 1468 4605 eum
1514 4551 1918 4617 confluxerant,
1960 4552 2028 4607 ad

2132 3375 2257 3414 esse
2305 3360 2696 3425 cernebantur,
2755 3358 2812 3413 in
2856 3359 3180 3436 Aphusiam.
3233 3357 3416 3424 Unum
3469 3373 3604 3413 vero
3647 3374 3715 3413 ex

2133 3447 2542 3516 seductoribus,
2574 3450 2774 3505 falsum
2803 3449 3119 3522 eremitam,
3152 3447 3363 3504 Nieolai
3392 3448 3716 3518 ex‘acionitm

2135 3540 2246 3610 (95)
2289 3540 2522 3596 malefici
2556 3541 2789 3604 soci-um,
2827 3539 2924 3609 qui
2970 3539 3185 3594 iconam
3233 3538 3596 3596 sanctissimae
3616 3539 3714 3594 Dei

2129 3631 2428 3690 Genitnicis
2451 3632 2934 3695 dehonestaverat,
2960 3629 3147 3701 lingua
3176 3630 3355 3693 recisa
3391 3630 3670 3708 mutilavit
3695 3648 3712 3696 ;

2103 3719 2225 3796 'qni
2251 3734 2309 3779 et
2330 3733 2587 3784 mortuus
2613 3731 2700 3782 est
2722 3739 2961 3797 corpore
2995 3725 3160 3792 simul
3196 3731 3252 3778 et
3291 3725 3500 3780 anima.
3539 3724 3716 3794 Hujus

2126 3824 2316 3890 autem
2333 3817 2598 3884 collegam
2622 3813 2906 3871 Nicolaum
2933 3815 3412 3886 reprOmittentem
3442 3831 3502 3888 se
3538 3817 3715 3886 poeni-

2132 3909 2359 3965 tentlam
2401 3917 2652 3974 acturum
2678 3923 2866 3965 coram
2900 3895 3159 3965 omnibus
3199 3909 3541 3988 publicavit;
3577 3923 3731 3965 con-.

2134 4001 2378 4067 utentem
2429 4017 2650 4074 quoque
2681 4015 2783 4058 sua
2810 4001 2988 4074 ipsius
3031 4003 3174 4062 mala
3206 4001 3440 4056 tradidit
3474 4001 3626 4056 illum
3659 4001 3714 4056 in

2134 4097 2527 4160 monasterium
2552 4095 2994 4161 custodiendum,
3011 4111 3081 4150 ne
3096 4094 3275 4150 libera
3290 4083 3717 4158 conversatione

2129 4186 2292 4251 libito
2336 4187 2562 4257 proprio
2611 4185 2955 4242 abuteretur.
3010 4185 3236 4255 Populis
3291 4194 3474 4240 autem
3528 4199 3715 4239 coram

2133 4279 2370 4344 concilio
2411 4279 2471 4334 in
2516 4279 2809 4350 Magnaura
2859 4287 3175 4342 coronatus,
3215 4278 3290 4347 pii
3321 4285 3377 4332 'et
3406 4278 3715 4333 secundum

2133 4372 2305 4426 Deum
2365 4387 2560 4426 sensus
2615 4373 2698 4427 sui
2748 4373 2999 4442 dogmata
3046 4371 3435 4426 manifestavit.
3472 4373 3540 4424 At
3583 4387 3716 4427 vero

2135 4463 2434 4536 athiganos
2484 4463 2776 4533 publicans
2841 4463 3038 4518 exsilio
3081 4462 3311 4516 tradidit
3340 4478 3439 4532 per
3473 4461 3714 4518 Leonem

2132 4561 2426 4624 praetorem
2499 4553 2886 4615 Orientalium.
2966 4557 3138 4608 Porro
3221 4553 3467 4624 Augusto
3525 4567 3716 4609 mense

437 4641 683 4697 insidias
709 4657 771 4696 ac
797 4617 1030 4712 injurias
1047 4642 1281 4697 maxime
1302 4643 1505 4713 Opsicii
1533 4645 2029 4700 etThracesiorum
2059 4617 2107 4673 θ
2135 4617 2343 4714 quinta:
2368 4642 2689 4699 indictionis
2709 4644 2948 4699 Thebith
2973 4653 3165 4699 contra
3189 4617 3538 4716 Christianos
3562 4661 3720 4700 exer-

431 4749 731 4798 ,couversat
759 4745 934 4800 sunt;
966 4751 1104 4804 quas
1135 4736 1366 4791 Michael
1402 4751 1758 4807 compescens
1789 4739 1951 4796 donis
1978 4747 2035 4810 et
2127 4736 2302 4802 citum
2362 4735 2554 4799 movit,
2613 4750 2737 4790 cum
2793 4749 2906 4806 quo
2961 4735 3166 4806 bellum
3224 4735 3338 4791 Leo
3388 4738 3717 4805 conferens,

442 4825 920 4895 admonitionibus
944 4826 1166 4882 silentio
1197 4827 1456 4898 imposito
1485 4829 1774 4898 mitigavit.
1805 4830 1872 4885 At
1901 4846 2034 4886 vero
2134 4828 2496 4884 Orientalium
2544 4836 2767 4897 praetor,
2823 4836 3182 4898 prosperatus
3228 4837 3333 4893 est,
3394 4829 3505 4884 duo
3543 4830 3712 4884 millia

444 4913 715 4986 Vulgares
733 4915 1108 4974 simultatibus
1125 4918 1449 4973 militiarum
1466 4920 1781 4996 compertis,
1799 4929 1856 4976 et
1884 4923 2032 4991 quod
2135 4921 2474 4976 interficiens
2493 4929 2554 4975 .et
2582 4935 2758 4991 equos
2790 4920 3269 4988 comprehendens
3293 4929 3352 4976 et
3381 4931 3552 4975 arma.
3599 4921 3718 4974 Mu-

432 5003 810 5082 formidantes
837 5005 1087 5078 praelium
1126 5017 1184 5064 et
1215 5009 1554 5066 taxationem
1587 5012 1982 5069 tumultuarent
2005 5055 2023 5082 ,

442 5099 688 5168 amplius
711 5099 1000 5156 oonfortati
1032 5101 1442 5170 praevaluerunt
1467 5101 1732 5158 adversus
1758 5103 2025 5163 Thracem

441 5199 505 5246 et
555 5191 952 5249 Macedoniam.
1006 5191 1162 5249 Tunc
1198 5200 1258 5248 et
1295 5192 1620 5255 Anchialum
1668 5202 1726 5250 et
1775 5194 2026 5251 Berohen

439 5283 1096 5342 dimittentesChristiani
1112 5285 1392 5355 fugerunt,
1407 5286 1626 5342 nemine
1644 5297 2028 5358 persequente,

2133 5013 2330 5070 hamed
2368 5022 2551 5069 autem
2577 5055 2592 5080 ,
2627 5014 2840 5084 primus
2869 5014 3016 5071 illius
3049 5016 3253 5080 Aaron,
3287 5023 3480 5069 tenens
3510 5015 3717 5084 princi~

2134 5115 2320 5177 patum
2360 5107 2558 5177 gentis,
2597 5105 2735 5161 inito
2769 5107 2914 5163 bello
2943 5109 2997 5163 in
3032 5107 3276 5163 interiori
3318 5105 3542 5161 Perside
3588 5121 3713 5162 cum

2135 5199 2341 5254 Abdela
2371 5199 2538 5256 fratre
2559 5217 2660 5258 suo
2679 5212 2972 5274 superatus
2995 5212 3099 5274 est,
3122 5209 3178 5258 et
3199 5204 3412 5275 fugiens
3448 5204 3504 5258 in
3533 5203 3711 5275 Bagda

2137 5289 2242 5346 hoc
2266 5289 2526 5351 obtinuit.
2549 5294 2876 5350 Damascum
2895 5309 3027 5351 vero
3049 5279 3189 5350 alius
3205 5305 3476 5370 tyrannus
3497 5296 3712 5363 habuit,

1976 5415 2204 5482 NOT/E.

519 5506 633 5592 (θῇ)
672 5506 1137 5593 Αιέστὶοτνῦιοεξφ
1165 5509 1603 5593 ελθυσιαΙ-στήριοξ
1631 5513 1913 5593 altarium,
1945 5533 2032 5593 sa:
2131 5507 2188 5572 S.
2210 5515 2424 5593 ignatio
2449 5518 2818 5593 adscribitur:
2849 5519 3239 5593 Nonputative
3263 5537 3439 5591 neque
3466 5523 3520 5593 in
3554 5522 3716 5593 phas-

440 5579 710 5662 erarium:
729 5579 1035 5662 Concilium
1068 5580 1325 5662 carthag.
1573 5584 1609 5636 ’Ξ
1642 5601 1654 5636 :
1685 5579 1940 5662 rflacuit
1971 5591 2032 5662 ut

2129 5579 2376 5662 male“)
2403 5579 2640 5659 δοκήσει,
2664 5591 2724 5662 ob
2752 5579 3208 5662 φανιὲασίᾷηῐίιεηπ
3226 5592 3277 5646 ἰὴ
3308 5579 3394 5661 ep.
3413 5592 3480 5647 ad
3501 5579 3669 5648 Tia”.
3696 5611 3710 5649 :

441 5652 518 5732 in
533 5652 792 5732 ominibus
817 5661 874 5732 et
893 5652 1242 5732 abomnibus
1265 5653 1531 5724 pudicitia
1547 5657 1910 5732 custodiatur,
1934 5657 2032 5732 qui
2131 5658 2330 5713 Dicunt
2353 5673 2481 5714 eum
2521 5652 3006 5732 putative'tantum'
3032 5659 3200 5718 fuisse
3223 5652 3500 5719 hominem
3525 5673 3579 5718 et
3606 5680 3714 5718 non

441 5719 644 5813 altario
659 5719 1292 5813 ἀςέθτχξριὶξκρξψρρὶ
1305 5739 1423 5813 ξιξ-ιη
1438 5739 1626 5813 vocem
1645 5719 2028 5813 Severusbist.
2131 5744 2323 5813 verum
2354 5719 2555 5813 corpus
2577 5727 2923 5813 suscepisse,
2950 5738 3116 5812 atque
3143 5734 3388 5813 putative
3411 5749 3635 5805 passum
3661 5744 3716 5789 et

436 5802 561 5869 gae.
595 5791 620 5844 l
645 5829 672 5869 ,_
698 5790 902 5869 Paulus
935 5790 1318 5869 Wagnefriuus
1344 5794 1412 5849 de
1443 5801 1581 5866 gest.
1600 5795 1848 5868 Longob.
1884 5797 1941 5864 6,
1972 5798 2027 5865 ὃ,

2131 5807 2432 5869 mortuum,
2454 5790 2688 5869 ’δοκήσει
2711 5790 2767 5854 εί
2788 5790 2864 5869 τῷ
2895 5790 3161 5855 δογὲοῧντιῖ
3201 5801 3281 5858 in.
3411 5790 3428 5805 ’
3715 5835 3718 5840 -

437 5855 908 5944 ϐτεβρτίξε-Τψ.
939 5862 1317 5944 5,__5l..li‘asa.
1410 5855 1473 5906 ·”
1601 5855 1776 5944 __
1928 5855 1939 5864 ’
2013 5855 2026 5865 ’
2142 5937 2162 5944 Δ
2201 5855 2482 5944 (9§)Qnd_e
2505 5855 3717 5942 dicuntur-egenorum,v.’i‘beodor.liceret.

517 5928 637 6001 (94)
669 5930 955 5988 Ριιιαιίιυα.
992 5933 1111 5989 Vet.
1138 5933 1414 6005 interpres
1440 5948 1526 6005 ep.
1552 5935 1619 5990 ad
1637 5935 1877 6008 Philipp.
1907 5953 2029 6008 qua

2127 5937 2244 6015 fab.
2268 5928 2322 6010 ιλ
2357 5937 2516 6013 δηιρ.
2737 5937 2741 5942 ·
2816 5935 2820 5958 ε
