4100 6466
470 475 608 544 1423

1565 457 1970 523 ANASTASII
2011 454 2225 518 BlBLI
2237 453 2665 518 OTHECARIJ

3593 458 3709 524 142i

462 596 520 644 et
561 584 853 658 )Egyptum
883 588 939 637 et
965 578 1205 635 Africam
1236 574 1346 632 duo
1379 571 1566 645 partiti
1597 579 1747 635 sunt,
1783 577 1840 624 et
1871 566 2042 625 Palac-
2072 577 2118 632 Α
2147 563 2484 635 acquirenda
2526 573 2723 658 tamen
2767 561 3022 658 pluribus
3068 571 3126 618 et
3189 563 3581 626 contribulibus
3636 589 3706 629 ετ..

463 681 668 738 stinam
699 675 842 732 alius
863 672 1096 730 latronis
1123 683 1277 725 more
1300 667 1562 739 depastus
1583 673 1690 720 est.

535 772 697 828 Anno
748 765 965 839 imperii
999 761 1286 820 Michaelis
1335 757 1579 816 secundo
1603 756 1886 812 .Crumnus
1915 751 2049 808 γυι-

462 876 656 934 garum
699 857 813 914 dux
838 853 1390 928 _per.Dargamerum
1443 863 1544 922 pro
1580 863 1713 919 pace
1742 859 1946 902 .rursus
1979 841 2047 897 ad

468 954 793 1014 Michaelem
823 951 1219 1020 imperatorem
1241 941 1573 1015 legationem
1604 938 1774 1004 misit,
1797 949 2050 1009 quarens

465 1048 674 1106 federa
705 1059 827 1116 quae
863 1041 966 1098 sub
1002 1035 1317 1097 Theodosio
1371 1032 1754 1091 Hadramitino
1780 1038 1860 1086 .et
1911 1027 2051 1086 Ger-

467 1153 629 1196 mano
653 1133 966 1208 patriarcha
997 1129 1331 1202 repromissa
1364 1126 1586 1183 fuerant
1613 1123 1919 1188 Cormesio,
1954 1121 2052 1193 qui

464 1247 564 1303 per
590 1227 722 1286 illud
754 1234 972 1296 tempus
1000 1220 1274 1293 .Vulgariae
1295 1218 1553 1276 dominus
1571 1214 1903 1280 habebatur,
1932 1226 2056 1283 quae

465 1317 733 1378 terminos
787 1311 1150 1369 continebant
1207 1325 1240 1366 a
1295 1307 1564 1366 Meleonis
1615 1303 2054 1369 Thracensibus,

463 1407 794 1477 vestimenta
839 1419 1062 1478 quoque
1087 1418 1210 1460 .seu
1249 1401 1540 1457 coccineas
1578 1397 1750 1470 pelles
1781 1411 1956 1467 usque
1988 1393 2057 1451 ad

463 1498 706 1573 pretium
733 1497 1134 1570 quinquaginta
1179 1491 1624 1555 librarumauri,
1654 1499 1710 1547 et
1747 1503 1915 1561 super
1943 1487 2062 1544 haec

465 1593 730 1666 profugos
775 1591 1068 1660 utriusque
1119 1587 1300 1659 partis
1342 1585 1410 1643 ad
1442 1586 1774 1640 alterutrum
1805 1580 1988 1644 reddi,
2014 1581 2061 1636 si

467 1685 795 1758 contigisset
819 1698 916 1738 eos
940 1680 1192 1739 insidiari
1239 1677 1514 1750 praelatis;
1551 1675 1899 1746 negotiantes
1928 1687 2064 1727 vero

467 1779 524 1834 in
547 1786 783 1848 utraque
815 1774 1042 1846 regione
1074 1787 1175 1843 per
1207 1777 1482 1842 praecepta
1511 1775 1568 1822 et
1599 1764 2064 1837 signaculacom-

2151 658 2267 714 lute
2328 657 2620 728 oportebat
2667 659 2854 728 potius
2889 656 3180 714 decertare
3209 710 3212 712 ν
3243 673 3410 729 quam
3446 675 3602 732 super
3638 666 3712 721 in-

2151 748 2322 804 certis
2361 757 2419 804 et
2469 748 2849 805 invisibilibus
2912 749 3241 820 locupletari
3277 753 3537 822 :_gratius
3582 759 3714 814 enim

2150 840 2266 895 Deo
2299 839 2486 910 plures
2504 855 2668 910 quam
2690 839 2983 912 pauciores
3017 841 3252 896 salvare.
3286 839 3456 898 Porro
3480 841 3716 903 damnum

2155 936 2212 991 in
2240 934 2524 1007 pluribus
2554 933 2668 1004 pati
2717 943 2948 1004 propter
2984 932 3261 988 modicum
3295 932 3510 988 lucrum
3548 937 3720 1006 prima:

2155 1025 2450 1082 dementiae
2479 1035 2586 1082 est.
2647 1026 2757 1085 Sed
2787 1036 2845 1084 et
2869 1025 2968 1097 qui
3001 1026 3151 1082 circa
3180 1027 3407 1099 pr0pria
3439 1027 3723 1090 inconsulte

2155 1119 2393 1190 laborat,
2424 1119 2588 1177 fidem
2618 1119 2924 1178 secundum
2947 1120 3176 1176 Paulum
3207 1122 3510 1192 negavit,et
3537 1124 3724 1181 infideli

2157 1210 2713 1284 deteriorjudicatur
2739 1227 2753 1264 :
2781 1211 2877 1268 ubi
2923 1211 3033 1267 erit
3065 1220 3121 1266 et
3145 1210 3293 1267 .illud
3333 1210 3509 1271 :.Cum
3550 1214 3624 1269 his
3646 1218 3726 1285 qui

2159 1308 2383 1365 oderant
2444 1323 2656 1380 pacem,
2701 1324 2854 1363 eram
2914 1307 3346 1379 paciﬁcus;,nisi
3385 1307 3523 1363 forte
3554 1311 3658 1366 sint
3678 1310 3728 1368 ei

2161 1399 2334 1456 Paulo
2362 1408 2420 1455 et
2466 1399 2644 1456 David
2675 1399 2766 1455 isti
2803 1400 3190 1470 sapientiores.
3210 1399 3731 1466 .-Quis.auten1~Ger-

2163 1508 2327 1548 mano
2357 1501 2440 1548 ter
2472 1493 2634 1548 beato
2679 1508 2830 1548 nunc
2861 1492 3185 1565 sapientior,
3215 1493 3324 1549 nisi
3367 1493 3519 1564 juxta
3559 1495 3730 1564 perni-

2166 1587 2378 1642 ciosum
2411 1586 2612 1642 animae
2641 1596 2916 1643 tumorem
2940 1601 3177 1657 nequam
3204 1601 3269 1642 ac
3295 1586 3537 1656 perversi
3567 1589 3734 1642 consi-

2167 1679 2334 1743 liarii,
2365 1677 2460 1750 qui
2509 1679 2700 1750 pacem
2730 1679 3098 1736 inhibueth
3124 1678 3592 1735 illaec-Kalendis
3621 1693 3736 1736 sunt

2170 1772 2312 1828 facta
2369 1772 2800 1831 Novembribus.
2819 1773 3010 1830 .Porro
3062 1770 3241 1842 pridie
3286 1770 3473 1827 Nonas
3517 1770 3738 1828 Novem-

465 1868 720 1928 mendari
758 1884 772 1921 :
812 1867 861 1923 si
896 1865 992 1937 qui
1021 1879 1158 1920 vero
1203 1862 1327 1918 sine
1356 1857 1641 1932 signaculo
1685 1855 1897 1912 inventi
1927 1853 2068 1910 fuis-
2171 1868 2325 1924 brias
2359 1866 2616 1938 apparuit,
2656 1877 2903 1921 cometes
2960 1864 3014 1919 ίη
3073 1863 3246 1935 ﬁgura
3280 1863 3514 1918 duarum
3543 1861 3739 1935 [ιιιεθη-

467 1971 615 2028 δθηιο
670 1960 1053 2030 diriperent“?
1101 1970 1225 2026 (11³³⁵
1277 1953 1573 2017 haberem.
1631 1958 1687 2006 ει
1727 1949 2071 2004 inferrem"?
2102 1942 2144 1997 Β
2175 1957 2313 2012 tium
2348 1959 3018 2024 lmtarunt,adurtantium
3071 1974 3129 2013 se
3183 1966 3350 2028 atque
3376 1957 3741 2028 separantium

467 2051 710 2125 publicis
739 2049 1073 2110 rationibus.
1105 2045 1343 2116 Scripsit
1385 2043 1556 2100 etiam
1596 2051 1655 2128 et
1687 2040 2073 2097 damnationes

469 2146 540 2202 ad
578 2145 971 2216 imperatorem
1007 2159 1020 2195 :
1054 2139 1170 2195 Nisi
1217 2137 1621 2201 acceleraveris,
1670 2135 1930 2205 inquiens
1955 2174 1970 2198 ,
2003 2133 2073 2186 ad

470 2253 678 2310 pacem,
721 2234 928 2307 judicio
968 2243 1058 2288 tuo
1112 2229 1400 2304 pmliabor
1451 2236 1637 2283 contra
1681 2227 2070 2282 Mesembriam.

470 2331 572 2388 His
631 2327 914 2400 perceptis
951 2325 1254 2396 imperator
1290 2336 1531 2392 nequam
1582 2319 1943 2375 consiliorum
1975 2317 2076 2373 ad-

471 2418 882 2482 monitionibus
928 2429 1120 2486 pacem
1161 2411 1348 2468 minus
1391 2409 1637 2468 admisit.
1685 2407 1802 2466 Sub
1840 2408 2076 2463 obtentu

470 2512 624 2570 enim
655 2510 805 2566 falsa:
852 2504 1097 2580 pietatis,
1117 2504 1252 2558 .imo
1278 2498 1814 2574 indisciplinationis
1839 2508 1896 2554 et
1928 2499 2076 2554 circa

471 2620 594 2661 rem
655 2600 940 2676 publicam
985 2595 1340 2670 perditionis,
1401 2607 1640 2666 nequam
1695 2592 2080 2651 consiliatores

473 2695 797 2755 asserebant
826 2711 842 2748 :
871 2691 992 2749 Non
1024 2699 1231 2765 oportet
1265 2690 1484 2762 fugitivo
1515 2688 1753 2753 reddere,
1781 2686 2082 2758 perhiben-

473 2799 561 2846 tes
582 2788 642 2846 in
671 2783 1054 2844 testimonium
1092 2783 1229 2839 illud
1282 2781 1669 2854 evangelicum
1692 2779 1932 2836 .Domini
1958 2780 2080 2836 elo-

473 2879 669 2954 quium
700 2877 1048 2950 perhibentis
1081 2894 1096 2930 :
1137 2875 1277 2931 Eum
1311 2875 1400 2946 qui
1427 2873 1569 2928 venit
1607 2872 1810 2937 ad,me,
1842 2888 1946 2925 non
1978 2870 2082 2942 eji-

475 2975 618 3030 ciam
667 2972 836 3043 foras.
878 2967 1158 3025 Mediante
1211 2981 1348 3021 vero
1393 2961 1876 3020 menseﬂctohrio
1905 2962 2082 3019 aciem

476 3065 671 3138 dirigit
713 3065 992 3120 Crumnus
1040 3071 1236 3118 contra
1270 3057 1660 3114 Mesembriam
1701 3056 1760 3111 in
1794 3056 2084 3111 machina-

477 3158 685 3216 mentis
727 3164 782 3214 et
833 3155 1123 3227 manganis
1175 3161 1237 3208 et
1283 3152 1577 3217 arietibus,
1622 3166 1745 3221 quae
1782 3148 2084 3220 Nicephorj

2175 2051 2233 2106 in
2266 2051 2484 2106 diversa
2519 2051 2822 2116 schemata,
2855 2051 2929 2106 ita
2967 2061 3026 2107 ut
3070 2050 3125 2105 in
3151 2051 3399 2122 acephali
3437 2051 3542 2106 viri
3581 2051 3742 2107 ﬁctio-

2175 2155 2300 2195 nem
2333 2140 2729 2198 formarentur.
2771 2141 2841 2196 Et
2893 2140 2948 2194 in
2974 2140 3280 2195 crastinum
3310 2140 3380 2196 de
3408 2140 3623 2196 excidio
3648 2141 3747 2197 Me-

2175 2231 2429 2288 sembria:
2462 2232 2632 2287 venit
2669 2232 2844 2287 nobis
2879 2233 3142 2287 miserum
3188 2232 3446 2297 dubium,
3479 2231 3749 2288 deterrens

2175 2337 2368 2394 omnes
2391 2322 2461 2376 ob
2490 2323 2761 2393 majorum
2778 2323 3583 2393 -malorumcxspectationem.
3610 2325 3752 2379 lnvc-

2175 2413 2396 2469 nientes
2427 2413 2600 2470 enim
2635 2429 2757 2469 eam
2800 2413 3011 2470 inimici
3044 2414 3262 2485 plenam
3298 2415 3559 2471 omnibus
3601 2415 3752 2471 rebus

2177 2516 2301 2576 quae
2362 2503 2432 2560 ad
2488 2504 2890 2561 habitationem
2954 2505 3244 2562 hominum
3287 2505 3500 2562 adesse
3541 2506 3751 2572 debent,

2178 2598 2323 2655 hanc
2360 2607 2664 2655 tenuerunt
2713 2614 2822 2654 una
2880 2614 3009 2655 cum
3065 2598 3320 2664 Debelto,
3363 2599 3434 2654 ria
3481 2599 3678 2670 quibus
3707 2611 3753 2655 et

2179 2691 2444 2763 siphones
2473 2707 2666 2750 aeneus
2719 2691 2986 2748 invenere
3016 2701 3198 2748 seret
3233 2692 3516 2756 -tricenos,
3546 2702 3602 2749 et
3630 2693 3758 2765 ignis

2181 2785 2422 2849 humidi,
2466 2786 2562 2856 qui
2615 2801 2718 2857 per
2755 2799 2852 2841 eos
2883 2784 3272 2850 emittebatur,
3310 2786 3560 2857 aurique
3594 2795 3647 2842 et
3677 2803 3756 2841 ar-

2182 2880 2332 2951 genti
2360 2878 2508 2934 haud
2541 2878 2816 2934 modicam
2843 2878 3080 2948 copiam.

2239 2969 2462 3025 Eodem
2495 2985 2642 3024 anno
2681 2967 3315 3024 nmlti~Christianorum
3359 2984 3430 3024 ex
3463 2969 3756 3030 Palaestina.

2185 3061 2442 3119 monachi
2471 3061 2686 3117 scilicet
2725 3077 2792 3116 ac
2821 3061 2974 3129 laici,
3005 3069 3062 3116 et
3093 3077 3160 3116 ex
3192 3063 3340 3117 omni
3391 3061 3556 3134 Syria
3588 3063 3644 3118 in
3671 3061 3764 3134 Cy-

2187 3169 2349 3225 prum
2403 3169 2628 3219 venere,
2663 3152 2958 3224 -fugientes
3011 3153 3336 3209 immensam
3365 3155 3610 3210 Arabum
3637 3155 3762 3210 afﬂi-

479 3249 795 3311 occasione,
850 3243 1227 3304 destructoris
1277 3241 1512 3309 Christi,
1572 3241 1866 3296 didicerat.
1910 3238 2088 3295 Arabs
2191 3245 2454 3300 stionem,
2482 3245 2618 3300 Cum
2645 3245 2799 3300 enim
2839 3245 2960 3301 sine
2992 3247 3235 3317 genera“
3273 3248 3591 3319 principatu
3621 3247 3764 3319 syria

479 3340 630 3399 enim
656 3335 884 3410 quidam
912 3334 978 3390 ad
1012 3333 1351 3405 baptismum
1381 3340 1695 3388 accesserat
1723 3333 1858 3386 salis
1880 3344 2086 3401 expers
2111 3330 2155 3394 C
2189 3345 2339 3393 esset
2368 3345 2425 3392 et
2451 3335 2720 3409 Egyptus
2769 3344 2826 3392 et
2873 3338 3058 3393 Africa
3105 3347 3162 3393 et
3203 3339 3381 3395 omnis
3438 3341 3766 3411 principatus

480 3431 820 3490 mechanica
865 3427 1002 3484 artis
1021 3469 1037 3496 ,
1068 3442 1236 3498 quem
1268 3441 1395 3482 cum
1422 3435 1607 3481 castra
1641 3433 1882 3480 metatus
1907 3431 2080 3489 esset,

483 3531 540 3584 in
570 3521 970 3592 Hadrianopoli
1017 3517 1351 3585 constituit;
1403 3516 1496 3572 cui
1533 3516 1744 3571 nullum
1774 3514 2083 3571 secundum

483 3617 746 3681 meritum
789 3614 1056 3672 auxilium
1106 3612 1195 3668 vel
1227 3610 1574 3668 beneﬁcium
1599 3609 1916 3675 conferens,
1948 3609 2084 3680 quin

485 3710 673 3781 potius
723 3717 782 3764 et
823 3722 1013 3779 rogam
1064 3707 1187 3778 ejus
1223 3703 1591 3771 .abbrevians,
1641 3713 2114 3759 murmurantem‘

487 3806 655 3862 nimis
677 3803 901 3860 cecidit.
931 3801 1038 3868 Qui
1072 3815 1243 3872 super
1272 3799 1671 3856 hoc.tristatus
1698 3798 1838 3868 fugit
1861 3798 1927 3852 ad
1963 3798 2090 3854 Vul-

487 3911 668 3971 gares,
703 3905 761 3952 et
781 3895 977 3951 docuit
1009 3909 1108 3949 eos
1141 3908 1363 3949 omnem
1383 3891 1886 3963 .mangani-artem.
1912 3892 1971 3946 In
2003 3892 2092 3947 his

489 3989 775 4051 insistens,
810 3984 1034 4040 nemine
1071 3983 1143 4039 ob
1192 3981 1424 4039 multam
1453 3983 1744 4038 stultitiam
1777 3983 2089 4050 resistente,

489 4098 591 4155 per
638 4089 818 4136 totum
865 4092 1114 4134 mensem
1180 4076 1331 4146 cepit
1377 4090 1524 4130 eam.
1596 4075 1860 4130 Kalendis
1904 4084 2091 4130 autem

490 4173 843 4236 Novembriis
873 4173 1143 4228 advocato
1194 4171 1504 4241 imperator
1568 4169 1908 4240 patriarcha,
1948 4183 2093 4224 .cum

492 4268 928 4341 angustiaretur,
956 4264 1025 4320 de
1055 4279 1192 4335 pace
1221 4263 1518 4319 consilium
1555 4261 1812 4333 sumpsit.
1848 4261 2097 4317 Aderant

494 4375 680 4422 autem
720 4370 785 4421 et
821 4356 1276 4430 metropolitani,
1315 4356 1576 4412 Nicaenus
1609 4355 1874 4410 videlicet
1902 4363 1957 4410 et
1988 4353 2095 4425 Cy-

495 4459 724 4515 zicenus
759 4453 1032 4526 episcopi,
1057 4448 1440 4522 ,przcsentibus
1468 4463 1692 4520 quoque
1730 4447 1918 4519 pravis
1967 4463 2098 4502 con-

497 4550 723 4608 siliariis
773 4564 898 4604 cum
956 4544 1252 4602 Theodoro
1298 4543 1612 4615 hegumeno
1643 4542 1848 4598 Studii.
1892 4543 1959 4597 Et
1998 4558 2097 4613 pa-

2189 3429 2284 3500 qu‘i
2317 3429 2420 3486 sub
2459 3429 2596 3500 ipsis
2621 3441 2727 3495 est,
2755 3429 3058 3486 homicidia
3097 3439 3155 3486 et
3199 3432 3406 3502 rapina;
3431 3443 3490 3489 et
3511 3433 3767 3489 adulteria

2189 3521 2537 3592 luxuriaque
2577 3537 2642 3578 ac
2682 3538 2876 3580 omnes
2915 3523 3028 3579 Deo
3061 3523 3298 3580 odibilcs
3347 3527 3597 3583 actiones
3623 3527 3674 3582 in
3699 3528 3768 3582 ci-

2188 3613 2456 3671 vitatibus
2487 3623 2544 3669 et
2575 3615 2721 3670 villis
2747 3630 2778 3670 a
2806 3615 3079 3671 divinitus
3107 3616 3355 3687 peritura
3381 3627 3551 3689 gente
3582 3635 3768 3689 perpe-

2191 3708 2508 3763 trabantur.
2538 3707 2710 3778 Inque
2741 3708 2886 3763 alma
2913 3708 3024 3764 ‘Dei
3075 3709 3255 3766 nostri
3286 3711 3517 3767 civitate
3553 3712 3770 3767 colenda

2192 3798 2335 3864 loca,
2396 3806 2600 3854 sanctae
2645 3799 2908 3855 videlicet
2944 3801 3370 3857 resurrectionis
3401 3818 3468 3858 ac
3498 3803 3772 3867 calvariae,

2194 3907 2296 3946 ceu
2322 3892 2531 3961 reliqua
2559 3891 2847 3961 profanata
2875 3901 3025 3948 sunt.
3060 3892 3330 3948 Similiter
3359 3904 3550 3951 autem
3583 3905 3639 3952 et
3669 3897 3777 3951 lau-

2195 3998 2268 4037 rae
2298 3983 2470 4037 eremi
2501 3983 2899 4054 opinatissimas
2943 3984 3077 4056 (96),
3128 3987 3303 4042 sancti
3351 3989 3571 4044 scilicet
3597 3989 3778 4046 Chari-

2199 4073 2346 4129 tonis
2371 4084 2429 4130 et
2461 4075 2638 4130 sancti
2670 4075 2848 4140 Sabte,
2891 4088 2952 4132 et
2980 4079 3194 4150 reliqua
3225 4083 3575 4145 monasteria
3603 4094 3659 4138 et
3692 4098 3776 4138 ec-

2196 4166 2380 4224 clesiae
2435 4168 2669 4225 desertae
2718 4169 2876 4226 factm
2899 4181 3040 4228 sunt
3070 4212 3085 4238 ,
3113 4171 3206 4227 alii
3235 4186 3477 4244 namque
3524 4184 3779 4246 percepto

2145 4341 2148 4344 ὶ
2198 4265 2462 4338 martyrio
2484 4265 2807 4338 interempti
2855 4277 3007 4327 sunt.
3044 4269 3134 4324 alii
3173 4269 3573 4342 vero-Cyprum
3613 4279 3668 4325 et
3689 4270 3781 4324 hac

2200 4361 2525 4433 Byzantium
2574 4373 2968 4432 properarunt,
3015 4379 3156 4434 quos
3194 4363 3424 4419 Michael
3455 4365 3586 4436 pius
3623 4363 3783 4434 impe-

2201 4461 2355 4509 rator
2403 4463 2460 4510 et
2494 4454 2845 4525 Nicephorus
2903 4455 3288 4511 sanctissimus
3339 4458 3664 4527 patriarcha
3697 4458 3784 4512 be-

2202 4545 2370 4618 nigna
2401 4545 2782 4602 munificentia
2819 4557 3151 4617 receperunt
3181 4565 3195 4600 :
3226 4563 3354 4602 nam
3373 4548 3473 4604 his
3505 4549 3604 4619 qui
3629 4564 3786 4604 vene-

499 4642 744 4698 triarcha
767 4639 992 4711 quidem
1034 4652 1098 4692 ac
1135 4635 1490 4705 metropolita
1525 4633 1805 4689 antistites
1833 4649 1958 4688 cum
1995 4634 2099 4688 im-
2128 4676 2180 4734 D
2208 4645 2338 4690 runt
2363 4636 2430 4691 ad
2455 4636 2653 4691 urbem
2694 4637 3097 4692 monasterium
3145 4636 3363 4707 insigne
3404 4637 3670 4701 donavit,
3708 4638 3784 4691 his

499 4744 757 4808 peratore
794 4749 986 4804 pacem
1022 4729 1540 4801 amplectebantur:
1575 4727 1711 4784 mali
1749 4743 1880 4782 vero
1910 4727 2097 4782 consi-

500 4827 648 4889 liarii
681 4842 806 4882 cum
853 4822 1150 4883 Theodoro
1185 4822 1499 4893 hegumeno
1545 4819 1738 4875 .Studii
1790 4819 1933 4874 hanc
1962 4820 2098 4874 sub-

497 4920 816 4983 vertebant,
869 4917 1110 4972 fatentes
1164 4933 1176 4968 :
1209 4914 1275 4969 In
1318 4913 1709 4968 subversionem
1745 4912 1906 4965 divini
1947 4929 2103 4966 mau-

500 5016 616 5071 dati
641 5029 796 5070 nemo
826 5025 1006 5082 pacem
1041 5006 1417 5077 amplectitur:
1451 5021 1572 5060 eum
1591 5005 1786 5076 quippe
1805 5006 1896 5073 qui
1935 5007 2097 5070 venit,

499 5108 672 5179 inquit
703 5105 986 5167 Dominus,
1025 5100 1095 5156 ad
1132 5115 1233 5165 me,
1261 5115 1364 5152 non
1409 5099 1619 5168 ejiciam
1651 5097 1818 5167 foras,
1851 5097 2103 5152 nescien-

502 5209 590 5254 tes
638 5212 822 5267 neque
850 5210 975 5266 quae
1004 5191 1259 5248 dicerent
1301 5204 1483 5259 neque
1527 5189 1596 5245 de
1627 5189 1829 5259 quibus
1859 5189 2102 5245 atlirma-

505 5297 655 5353 rent,
672 5287 863 5359 primo
892 5283 1120 5355 quidem
1148 5281 1413 5354 quoniam
1448 5281 1671 5335 nemine
1711 5280 1777 5336 ad
1798 5296 1901 5337 nos
1936 5297 2002 5336 ex
2032 5282 2112 5338 eis

485 5379 861 5450 ‘confugiente
902 5392 1006 5432 nos
1030 5390 1128 5431 eos
1157 5374 1254 5445 qui
1286 5376 1431 5428 intra
1479 5381 1688 5426 cortem
1725 5380 1887 5427 erant
1925 5373 2116 5442 prodi-

508 5473 714 5537 dimus,
737 5469 991 5525 valentes
1048 5468 1153 5522 hos
1205 5481 1333 5522 cum
1380 5479 1529 5539 pace
1581 5464 2114 5530 salvare;secundo

508 5579 645 5621 vero
673 5564 805 5634 quia
833 5571 891 5619 et
932 5562 986 5616 si
1032 5559 1296 5632 fugerunt
1322 5558 1430 5613 rari
1459 5557 1682 5628 quidam
1723 5556 1790 5612 ad
1841 5573 1964 5621 nos,
2016 5573 2118 5627 pro

2205 4742 2339 4781 vero
2372 4728 2468 4798 qui
2510 4727 2566 4781 in
2596 4725 2774 4799 Cypro
2821 4735 3228 4794 remanserunt,
3258 4731 3552 4784 monachis
3586 4729 3786 4786 scilicet

2205 4829 2265 4876 et
2308 4820 2486 4886 laicis,
2519 4821 2788 4878 talentum
2827 4822 2960 4877 auri
2994 4821 3319 4887 transmisit,
3345 4830 3402 4876 et
3429 4823 3675 4877 diversis
3697 4822 3787 4875 hos

2205 4917 2526 4972 consolatus
2575 4927 2662 4972 est
2699 4917 2897 4973 modis.
2958 4919 3090 4974 Erat
3138 4917 3343 4990 quippe
3394 4917 3633 4974 Michael
3669 4931 3787 4988 erga

2207 5023 2404 5064 omnes
2423 5008 2612 5063 suavis
2633 5007 2858 5078 quidem
2890 5016 2947 5064 et
2975 5009 3239 5072 clemens,
3265 5008 3412 5063 circa
3441 5008 3788 5079 negotiorum

2208 5116 2342 5155 vero
2374 5099 2797 5170 dispositionem
2831 5100 3002 5165 iners,
3033 5099 3300 5164 servitute
3323 5099 3594 5155 subactus
3623 5099 3790 5154 Theo-

2208 5193 2375 5247 etisto
2407 5193 2671 5264 magistro
2715 5207 2813 5248 seu
2859 5192 3077 5248 caeteris
3118 5191 3491 5262 principibus.
3531 5193 3793 5248 Praeterea

2211 5298 2404 5338 mense
2447 5283 2757 5338 Februario
2801 5282 2913 5340 duo
2942 5281 3256 5338 Christiani
3294 5297 3362 5337 ex
3407 5282 3677 5354 Vulgaria
3718 5276 3795 5334 fu-

2210 5373 2426 5444 gientes
2460 5374 2863 5430 nuntiaverunt
2893 5374 3216 5445 imperatori
3250 5373 3561 5430 Crumnum
3595 5371 3795 5443 praeda-

2214 5477 2402 5520 turum
2438 5481 2557 5532 eos,
2585 5466 2681 5537 qui
2712 5466 2976 5526 essentin
3004 5465 3241 5531 Thrace,
3265 5474 3498 5535 repente
3517 5464 3795 5528 festinare.

2216 5546 2286 5613 Et
2305 5557 2526 5615 decimo
2547 5559 2744 5629 quinto
2758 5557 3045 5615 Kalendas
3059 5558 3282 5613 Martias
3305 5556 3480 5612 exivit
3503 5557 3800 5627 imperator

2053 5667 2263 5724 NOTE
2274 5709 2288 5724 .

582 5767 694 5840 (96)
726 5766 1160 5840 Opinatissitnaz._
1180 5759 2001 5840 Ruﬁinus_inte_rpres_.Eusebii
2031 5758 2103 5816 ll.

511 5831 723 5903 Efvn't,
770 5831 832 5892 '1:
871 5857 900 5908 «_
954 5833 1372 5908 opinatissimus
1424 5831 1515 5908 ille
1569 5831 1901 5908 Derotlteus.
1930 5849 1946 5882 ι
1985 5831 2106 5900 Ipse

513 5902 821 5965 ltutlinusl.
845 5906 912 5962 10
945 5923 960 5959 :
995 5902 1016 5955 ἰ
1057 5905 1274 5958 nobiles
1311 5912 1369 5957 et
1407 5902 1773 5970 Opinatissimi
1833 5916 2107 5956 conveneo

516 5991 660 6033 runt.
709 5999 727 6030 ι
755 5978 935 6038 Julius
961 5974 1233 6035 Firmicus
1255 5973 1390 6038 5,5:
1432 5990 1449 6024 ι
1483 5986 1668 6042 magos
1693 5971 1930 6027 famosos
1945 5973 2106 6028 faciet

2216 5762 2682 5833 Vc'pllilOSOPhOS
2715 5761 2990 5832 opinatos.
3027 5761 3346 5833 tHincmar.
3387 5761 3554 5833 Re_m._
3580 5759 3658 5833 de
3675 5733 3805 5833 ria.

2217 5829 2416 5887 dcs'tin.
2470 5829 2585 5888 δίε
2635 5852 2652 5884 ε
2690 5829 2991 5903 Gregorius
3019 5832 3396 5903 Nazianzenus
3422 5830 3509 5883 vir
3543 5831 3598 5890 in
3631 5829 3732 5890 fide
3754 5834 3804 5888 et

2217 5905 2474 5963 doctrina
2502 5902 2937 5974 opinatissiums.
2967 5923 2986 5955 ι
3013 5902 3172 5965 ῈΑΒιι,
