  <div class='ocr_page' id='page_1' title='image "/cluster/home/n/w/nwhite01/storage/ocr_20150623/108/coo.31924054870120/718.png"; bbox 0 0 4100 6434; ppageno 0'>
   <div class='ocr_carea' id='block_1_1' title="bbox 410 399 549 465">
    <p class='ocr_par' dir='ltr' id='par_1_1' title="bbox 410 399 549 465">
     <span class='ocr_line' id='line_1_1' title="bbox 410 399 549 465; baseline 0.022 -3"><span class='ocrx_word' id='word_1_1' title='bbox 410 399 549 465; x_wconf 72' lang='grc'><strong>1425</strong></span> 
     </span>
    </p>
   </div>
   <div class='ocr_carea' id='block_1_2' title="bbox 1188 403 2839 469">
    <p class='ocr_par' dir='ltr' id='par_1_2' title="bbox 1188 403 2839 469">
     <span class='ocr_line' id='line_1_2' title="bbox 1188 403 2839 469; baseline 0.002 -4"><span class='ocrx_word' id='word_1_2' title='bbox 1188 404 1559 466; x_wconf 80' lang='lat' dir='ltr'><strong>HISTORIA</strong></span> <span class='ocrx_word' id='word_1_3' title='bbox 1593 403 2177 467; x_wconf 83' lang='lat' dir='ltr'><strong>ECCLESIASTICA</strong></span> <span class='ocrx_word' id='word_1_4' title='bbox 2214 405 2313 467; x_wconf 87' lang='lat' dir='ltr'><strong>EX</strong></span> <span class='ocrx_word' id='word_1_5' title='bbox 2349 405 2839 469; x_wconf 79' lang='lat' dir='ltr'><strong>THEOPI-IANE.</strong></span> 
     </span>
    </p>
   </div>
   <div class='ocr_carea' id='block_1_3' title="bbox 3526 406 3666 474">
    <p class='ocr_par' dir='ltr' id='par_1_3' title="bbox 3526 406 3666 474">
     <span class='ocr_line' id='line_1_3' title="bbox 3526 406 3666 474; baseline 0.021 -3"><span class='ocrx_word' id='word_1_6' title='bbox 3526 406 3666 474; x_wconf 69' lang='grc'><strong>1426</strong></span> 
     </span>
    </p>
   </div>
   <div class='ocr_carea' id='block_1_4' title="bbox 399 513 3666 588">
    <p class='ocr_par' dir='ltr' id='par_1_4' title="bbox 399 513 3666 588">
     <span class='ocr_line' id='line_1_4' title="bbox 399 513 3666 588; baseline 0.001 -16"><span class='ocrx_word' id='word_1_7' title='bbox 399 519 467 572; x_wconf 92' lang='lat' dir='ltr'><strong>ab</strong></span> <span class='ocrx_word' id='word_1_8' title='bbox 508 517 666 581; x_wconf 85' lang='lat' dir='ltr'><strong>urbe,</strong></span> <span class='ocrx_word' id='word_1_9' title='bbox 701 525 758 570; x_wconf 85' lang='lat' dir='ltr'><strong>et</strong></span> <span class='ocrx_word' id='word_1_10' title='bbox 785 516 878 571; x_wconf 86' lang='lat' dir='ltr'><strong>Dei</strong></span> <span class='ocrx_word' id='word_1_11' title='bbox 917 515 1262 587; x_wconf 72' lang='lat' dir='ltr'><strong>providentia</strong></span> <span class='ocrx_word' id='word_1_12' title='bbox 1302 515 1554 572; x_wconf 74' lang='lat' dir='ltr'><strong>inefﬁcax</strong></span> <span class='ocrx_word' id='word_1_13' title='bbox 1584 515 1751 570; x_wconf 81' lang='lat' dir='ltr'><strong>rediit</strong></span> <span class='ocrx_word' id='word_1_14' title='bbox 1785 514 1984 570; x_wconf 88' lang='lat' dir='ltr'><strong>Crum-</strong></span> <span class='ocrx_word' id='word_1_15' title='bbox 2012 521 2061 579; x_wconf 79' lang='grc' dir='ltr'>Α</span> <span class='ocrx_word' id='word_1_16' title='bbox 2087 528 2219 570; x_wconf 88' lang='lat' dir='ltr'><strong>suos</strong></span> <span class='ocrx_word' id='word_1_17' title='bbox 2253 513 2742 580; x_wconf 73' lang='lat' dir='ltr'><strong>milites-erudivit;</strong></span> <span class='ocrx_word' id='word_1_18' title='bbox 2771 524 2961 570; x_wconf 77' lang='lat' dir='ltr'><strong>utnon</strong></span> <span class='ocrx_word' id='word_1_19' title='bbox 2991 521 3215 585; x_wconf 72' lang='lat' dir='ltr'><strong>peccata</strong></span> <span class='ocrx_word' id='word_1_20' title='bbox 3239 530 3339 572; x_wconf 84' lang='lat' dir='ltr'><strong>sua</strong></span> <span class='ocrx_word' id='word_1_21' title='bbox 3363 515 3468 588; x_wconf 81' lang='lat' dir='ltr'><strong>ipsi</strong></span> <span class='ocrx_word' id='word_1_22' title='bbox 3497 533 3666 575; x_wconf 86' lang='lat' dir='ltr'><strong>accu-</strong></span> 
     </span>
    </p>
   </div>
   <div class='ocr_carea' id='block_1_5' title="bbox 399 605 1978 678">
    <p class='ocr_par' dir='ltr' id='par_1_5' title="bbox 399 605 1978 678">
     <span class='ocr_line' id='line_1_5' title="bbox 399 605 1978 678; baseline 0 -18"><span class='ocrx_word' id='word_1_23' title='bbox 399 624 502 662; x_wconf 87' lang='lat' dir='ltr'><strong>nus</strong></span> <span class='ocrx_word' id='word_1_24' title='bbox 550 623 656 660; x_wconf 84' lang='lat' dir='ltr'><strong>non</strong></span> <span class='ocrx_word' id='word_1_25' title='bbox 687 608 878 676; x_wconf 80' lang='lat' dir='ltr'><strong>paucis</strong></span> <span class='ocrx_word' id='word_1_26' title='bbox 925 606 1162 662; x_wconf 89' lang='lat' dir='ltr'><strong>amissis.</strong></span> <span class='ocrx_word' id='word_1_27' title='bbox 1200 607 1299 662; x_wconf 87' lang='lat' dir='ltr'><strong>Ast</strong></span> <span class='ocrx_word' id='word_1_28' title='bbox 1334 608 1634 678; x_wconf 73' lang='lat' dir='ltr'><strong>imperator</strong></span> <span class='ocrx_word' id='word_1_29' title='bbox 1669 605 1978 661; x_wconf 82' lang='lat' dir='ltr'><strong>Hadriano-</strong></span> 
     </span>
    </p>
   </div>
   <div class='ocr_carea' id='block_1_6' title="bbox 398 697 1978 769">
    <p class='ocr_par' dir='ltr' id='par_1_6' title="bbox 398 697 1978 769">
     <span class='ocr_line' id='line_1_6' title="bbox 398 697 1978 769; baseline 0 -17"><span class='ocrx_word' id='word_1_30' title='bbox 398 700 564 769; x_wconf 90' lang='lat' dir='ltr'><strong>polim</strong></span> <span class='ocrx_word' id='word_1_31' title='bbox 606 699 874 761; x_wconf 89' lang='lat' dir='ltr'><strong>veniens,</strong></span> <span class='ocrx_word' id='word_1_32' title='bbox 910 705 967 753; x_wconf 91' lang='lat' dir='ltr'><strong>et</strong></span> <span class='ocrx_word' id='word_1_33' title='bbox 1019 697 1292 754; x_wconf 80' lang='lat' dir='ltr'><strong>ordinatis</strong></span> <span class='ocrx_word' id='word_1_34' title='bbox 1344 707 1470 768; x_wconf 90' lang='lat' dir='ltr'><strong>apte</strong></span> <span class='ocrx_word' id='word_1_35' title='bbox 1517 713 1638 768; x_wconf 65' lang='lat' dir='ltr'><strong>quae</strong></span> <span class='ocrx_word' id='word_1_36' title='bbox 1682 697 1828 752; x_wconf 87' lang='lat' dir='ltr'><strong>circa</strong></span> <span class='ocrx_word' id='word_1_37' title='bbox 1857 711 1978 752; x_wconf 87' lang='lat' dir='ltr'><strong>eam</strong></span> 
     </span>
    </p>
   </div>
   <div class='ocr_carea' id='block_1_7' title="bbox 397 789 1979 860">
    <p class='ocr_par' dir='ltr' id='par_1_7' title="bbox 397 789 1979 860">
     <span class='ocr_line' id='line_1_7' title="bbox 397 789 1979 860; baseline 0 -15"><span class='ocrx_word' id='word_1_38' title='bbox 397 799 574 853; x_wconf 86' lang='lat' dir='ltr'><strong>erant,</strong></span> <span class='ocrx_word' id='word_1_39' title='bbox 603 805 728 845; x_wconf 89' lang='lat' dir='ltr'><strong>cum</strong></span> <span class='ocrx_word' id='word_1_40' title='bbox 763 790 963 860; x_wconf 90' lang='lat' dir='ltr'><strong>gaudio</strong></span> <span class='ocrx_word' id='word_1_41' title='bbox 1007 789 1192 854; x_wconf 85' lang='lat' dir='ltr'><strong>rediit,</strong></span> <span class='ocrx_word' id='word_1_42' title='bbox 1244 797 1300 845; x_wconf 90' lang='lat' dir='ltr'><strong>et</strong></span> <span class='ocrx_word' id='word_1_43' title='bbox 1349 789 1660 845; x_wconf 83' lang='lat' dir='ltr'><strong>ascendens</strong></span> <span class='ocrx_word' id='word_1_44' title='bbox 1700 798 1979 845; x_wconf 85' lang='lat' dir='ltr'><strong>monaste-</strong></span> 
     </span>
    </p>
   </div>
   <div class='ocr_carea' id='block_1_8' title="bbox 399 881 1980 952">
    <p class='ocr_par' dir='ltr' id='par_1_8' title="bbox 399 881 1980 952">
     <span class='ocr_line' id='line_1_8' title="bbox 399 881 1980 952; baseline -0.001 -15"><span class='ocrx_word' id='word_1_45' title='bbox 399 884 540 937; x_wconf 85' lang='lat' dir='ltr'><strong>rium</strong></span> <span class='ocrx_word' id='word_1_46' title='bbox 577 882 789 937; x_wconf 86' lang='lat' dir='ltr'><strong>Tarasii</strong></span> <span class='ocrx_word' id='word_1_47' title='bbox 829 881 1137 938; x_wconf 79' lang='lat' dir='ltr'><strong>beatissimi</strong></span> <span class='ocrx_word' id='word_1_48' title='bbox 1168 883 1514 952; x_wconf 68' lang='lat' dir='ltr'><strong>patriarchae,</strong></span> <span class='ocrx_word' id='word_1_49' title='bbox 1540 881 1833 937; x_wconf 74' lang='lat' dir='ltr'><strong>celebratis</strong></span> <span class='ocrx_word' id='word_1_50' title='bbox 1861 881 1980 952; x_wconf 86' lang='lat' dir='ltr'><strong>ejus</strong></span> 
     </span>
    </p>
   </div>
   <div class='ocr_carea' id='block_1_9' title="bbox 312 973 1980 1046">
    <p class='ocr_par' dir='ltr' id='par_1_9' title="bbox 312 973 1980 1046">
     <span class='ocr_line' id='line_1_9' title="bbox 312 973 1980 1046; baseline -0.005 -10"><span class='ocrx_word' id='word_1_51' title='bbox 312 1033 316 1036; x_wconf 83' lang='lat'><strong>.</strong></span> <span class='ocrx_word' id='word_1_52' title='bbox 398 975 705 1040; x_wconf 87' lang='lat' dir='ltr'><strong>memoriis,</strong></span> <span class='ocrx_word' id='word_1_53' title='bbox 736 989 847 1029; x_wconf 86' lang='lat' dir='ltr'><strong>una</strong></span> <span class='ocrx_word' id='word_1_54' title='bbox 894 987 1021 1029; x_wconf 89' lang='lat' dir='ltr'><strong>cum</strong></span> <span class='ocrx_word' id='word_1_55' title='bbox 1078 974 1322 1046; x_wconf 82' lang='lat' dir='ltr'><strong>Augusta</strong></span> <span class='ocrx_word' id='word_1_56' title='bbox 1369 973 1662 1044; x_wconf 80' lang='lat' dir='ltr'><strong>ProcOpia,</strong></span> <span class='ocrx_word' id='word_1_57' title='bbox 1717 980 1980 1044; x_wconf 84' lang='lat' dir='ltr'><strong>argenteo</strong></span> 
     </span>
    </p>
   </div>
   <div class='ocr_carea' id='block_1_10' title="bbox 396 1063 1981 1136">
    <p class='ocr_par' dir='ltr' id='par_1_10' title="bbox 396 1063 1981 1136">
     <span class='ocr_line' id='line_1_10' title="bbox 396 1063 1981 1136; baseline -0.003 -15"><span class='ocrx_word' id='word_1_58' title='bbox 396 1065 580 1136; x_wconf 88' lang='lat' dir='ltr'><strong>pctan</strong></span> <span class='ocrx_word' id='word_1_59' title='bbox 616 1065 885 1120; x_wconf 83' lang='lat' dir='ltr'><strong>librarum</strong></span> <span class='ocrx_word' id='word_1_60' title='bbox 925 1065 994 1120; x_wconf 84' lang='lat'><strong>95</strong></span> <span class='ocrx_word' id='word_1_61' title='bbox 1023 1079 1242 1119; x_wconf 88' lang='lat' dir='ltr'><strong>sacrum</strong></span> <span class='ocrx_word' id='word_1_62' title='bbox 1278 1064 1598 1134; x_wconf 89' lang='lat' dir='ltr'><strong>sepulcrum</strong></span> <span class='ocrx_word' id='word_1_63' title='bbox 1648 1063 1770 1134; x_wconf 86' lang='lat' dir='ltr'><strong>ejus</strong></span> <span class='ocrx_word' id='word_1_64' title='bbox 1813 1063 1981 1118; x_wconf 89' lang='lat' dir='ltr'><strong>vesti-</strong></span> 
     </span>
    </p>
   </div>
   <div class='ocr_carea' id='block_1_11' title="bbox 397 1152 1982 1225">
    <p class='ocr_par' dir='ltr' id='par_1_11' title="bbox 397 1152 1982 1225">
     <span class='ocr_line' id='line_1_11' title="bbox 397 1152 1982 1225; baseline 0 -17"><span class='ocrx_word' id='word_1_65' title='bbox 397 1157 497 1210; x_wconf 90' lang='lat' dir='ltr'><strong>vit.</strong></span> <span class='ocrx_word' id='word_1_66' title='bbox 521 1155 649 1210; x_wconf 88' lang='lat' dir='ltr'><strong>Post</strong></span> <span class='ocrx_word' id='word_1_67' title='bbox 679 1161 900 1225; x_wconf 87' lang='lat' dir='ltr'><strong>captam</strong></span> <span class='ocrx_word' id='word_1_68' title='bbox 928 1169 1064 1210; x_wconf 92' lang='lat' dir='ltr'><strong>vero</strong></span> <span class='ocrx_word' id='word_1_69' title='bbox 1095 1152 1482 1210; x_wconf 84' lang='lat' dir='ltr'><strong>Mesembriam</strong></span> <span class='ocrx_word' id='word_1_70' title='bbox 1513 1154 1815 1224; x_wconf 83' lang='lat' dir='ltr'><strong>imperator</strong></span> <span class='ocrx_word' id='word_1_71' title='bbox 1843 1153 1982 1208; x_wconf 88' lang='lat' dir='ltr'><strong>Cru-</strong></span> 
     </span>
    </p>
   </div>
   <div class='ocr_carea' id='block_1_12' title="bbox 398 1246 1979 1318">
    <p class='ocr_par' dir='ltr' id='par_1_12' title="bbox 398 1246 1979 1318">
     <span class='ocr_line' id='line_1_12' title="bbox 398 1246 1979 1318; baseline -0.001 -17"><span class='ocrx_word' id='word_1_72' title='bbox 398 1262 527 1301; x_wconf 88' lang='lat' dir='ltr'><strong>mno</strong></span> <span class='ocrx_word' id='word_1_73' title='bbox 557 1262 688 1316; x_wconf 83' lang='lat' dir='ltr'><strong>pace</strong></span> <span class='ocrx_word' id='word_1_74' title='bbox 722 1255 940 1318; x_wconf 87' lang='lat' dir='ltr'><strong>negata,</strong></span> <span class='ocrx_word' id='word_1_75' title='bbox 972 1261 1038 1300; x_wconf 83' lang='lat' dir='ltr'><strong>ex</strong></span> <span class='ocrx_word' id='word_1_76' title='bbox 1073 1247 1334 1301; x_wconf 89' lang='lat' dir='ltr'><strong>omnibus</strong></span> <span class='ocrx_word' id='word_1_77' title='bbox 1365 1247 1703 1302; x_wconf 86' lang='lat' dir='ltr'><strong>thematibus</strong></span> <span class='ocrx_word' id='word_1_78' title='bbox 1725 1246 1979 1301; x_wconf 86' lang='lat' dir='ltr'><strong>militiam</strong></span> 
     </span>
    </p>
   </div>
   <div class='ocr_carea' id='block_1_13' title="bbox 397 1339 1976 1410">
    <p class='ocr_par' dir='ltr' id='par_1_13' title="bbox 397 1339 1976 1410">
     <span class='ocr_line' id='line_1_13' title="bbox 397 1339 1976 1410; baseline -0.001 -17"><span class='ocrx_word' id='word_1_79' title='bbox 397 1348 523 1394; x_wconf 90' lang='lat' dir='ltr'><strong>ante</strong></span> <span class='ocrx_word' id='word_1_80' title='bbox 553 1339 775 1394; x_wconf 83' lang='lat' dir='ltr'><strong>vernale</strong></span> <span class='ocrx_word' id='word_1_81' title='bbox 811 1348 1028 1410; x_wconf 89' lang='lat' dir='ltr'><strong>tempus</strong></span> <span class='ocrx_word' id='word_1_82' title='bbox 1059 1339 1112 1394; x_wconf 93' lang='lat' dir='ltr'><strong>in</strong></span> <span class='ocrx_word' id='word_1_83' title='bbox 1132 1339 1402 1394; x_wconf 83' lang='lat' dir='ltr'><strong>Thracem</strong></span> <span class='ocrx_word' id='word_1_84' title='bbox 1426 1339 1660 1394; x_wconf 88' lang='lat' dir='ltr'><strong>transire</strong></span> <span class='ocrx_word' id='word_1_85' title='bbox 1687 1339 1976 1410; x_wconf 61' lang='lat' dir='ltr'><strong>praecepit,</strong></span> 
     </span>
    </p>
   </div>
   <div class='ocr_carea' id='block_1_14' title="bbox 398 1430 1980 1502">
    <p class='ocr_par' dir='ltr' id='par_1_14' title="bbox 398 1430 1980 1502">
     <span class='ocr_line' id='line_1_14' title="bbox 398 1430 1980 1502; baseline 0.002 -18"><span class='ocrx_word' id='word_1_86' title='bbox 398 1431 473 1486; x_wconf 91' lang='lat' dir='ltr'><strong>ita</strong></span> <span class='ocrx_word' id='word_1_87' title='bbox 501 1439 565 1485; x_wconf 90' lang='lat' dir='ltr'><strong>ut-</strong></span> <span class='ocrx_word' id='word_1_88' title='bbox 591 1445 784 1486; x_wconf 88' lang='lat' dir='ltr'><strong>omnes</strong></span> <span class='ocrx_word' id='word_1_89' title='bbox 811 1430 1042 1486; x_wconf 88' lang='lat' dir='ltr'><strong>moleste</strong></span> <span class='ocrx_word' id='word_1_90' title='bbox 1086 1430 1316 1491; x_wconf 87' lang='lat' dir='ltr'><strong>ferrent,</strong></span> <span class='ocrx_word' id='word_1_91' title='bbox 1347 1431 1581 1485; x_wconf 83' lang='lat' dir='ltr'><strong>maxime</strong></span> <span class='ocrx_word' id='word_1_92' title='bbox 1619 1431 1980 1502; x_wconf 85' lang='lat' dir='ltr'><strong>Cappadoces</strong></span> 
     </span>
    </p>
   </div>
   <div class='ocr_carea' id='block_1_15' title="bbox 396 1523 1980 1593">
    <p class='ocr_par' dir='ltr' id='par_1_15' title="bbox 396 1523 1980 1593">
     <span class='ocr_line' id='line_1_15' title="bbox 396 1523 1980 1593; baseline -0.001 -14"><span class='ocrx_word' id='word_1_93' title='bbox 396 1533 454 1579; x_wconf 89' lang='lat' dir='ltr'><strong>et</strong></span> <span class='ocrx_word' id='word_1_94' title='bbox 488 1523 819 1578; x_wconf 82' lang='lat' dir='ltr'><strong>Armeniaci.</strong></span> <span class='ocrx_word' id='word_1_95' title='bbox 850 1523 1190 1593; x_wconf 89' lang='lat' dir='ltr'><strong>lmperatore</strong></span> <span class='ocrx_word' id='word_1_96' title='bbox 1217 1533 1401 1578; x_wconf 89' lang='lat' dir='ltr'><strong>autem</strong></span> <span class='ocrx_word' id='word_1_97' title='bbox 1431 1531 1668 1579; x_wconf 77' lang='lat' dir='ltr'><strong>exeunte</strong></span> <span class='ocrx_word' id='word_1_98' title='bbox 1713 1536 1838 1578; x_wconf 89' lang='lat' dir='ltr'><strong>cum</strong></span> <span class='ocrx_word' id='word_1_99' title='bbox 1888 1539 1980 1578; x_wconf 88' lang='lat' dir='ltr'><strong>or-</strong></span> 
     </span>
    </p>
   </div>
   <div class='ocr_carea' id='block_1_16' title="bbox 396 1613 1982 1684">
    <p class='ocr_par' dir='ltr' id='par_1_16' title="bbox 396 1613 1982 1684">
     <span class='ocr_line' id='line_1_16' title="bbox 396 1613 1982 1684; baseline 0.001 -16"><span class='ocrx_word' id='word_1_100' title='bbox 396 1613 621 1669; x_wconf 89' lang='lat' dir='ltr'><strong>dinibus</strong></span> <span class='ocrx_word' id='word_1_101' title='bbox 651 1629 841 1668; x_wconf 86' lang='lat' dir='ltr'><strong>mense</strong></span> <span class='ocrx_word' id='word_1_102' title='bbox 869 1613 1031 1679; x_wconf 88' lang='lat' dir='ltr'><strong>Maio,</strong></span> <span class='ocrx_word' id='word_1_103' title='bbox 1064 1614 1235 1669; x_wconf 82' lang='lat' dir='ltr'><strong>exivit</strong></span> <span class='ocrx_word' id='word_1_104' title='bbox 1275 1629 1398 1669; x_wconf 92' lang='lat' dir='ltr'><strong>cum</strong></span> <span class='ocrx_word' id='word_1_105' title='bbox 1445 1629 1514 1669; x_wconf 89' lang='lat' dir='ltr'><strong>eo</strong></span> <span class='ocrx_word' id='word_1_106' title='bbox 1549 1613 1754 1684; x_wconf 89' lang='lat' dir='ltr'><strong>pariter</strong></span> <span class='ocrx_word' id='word_1_107' title='bbox 1779 1614 1982 1670; x_wconf 86' lang='lat' dir='ltr'><strong>Proco-</strong></span> 
     </span>
    </p>
   </div>
   <div class='ocr_carea' id='block_1_17' title="bbox 393 1705 1980 1777">
    <p class='ocr_par' dir='ltr' id='par_1_17' title="bbox 393 1705 1980 1777">
     <span class='ocr_line' id='line_1_17' title="bbox 393 1705 1980 1777; baseline 0.002 -19"><span class='ocrx_word' id='word_1_108' title='bbox 393 1706 485 1776; x_wconf 88' lang='lat' dir='ltr'><strong>pia</strong></span> <span class='ocrx_word' id='word_1_109' title='bbox 543 1705 787 1776; x_wconf 86' lang='lat' dir='ltr'><strong>Augusta</strong></span> <span class='ocrx_word' id='word_1_110' title='bbox 836 1717 1012 1776; x_wconf 86' lang='lat' dir='ltr'><strong>usque</strong></span> <span class='ocrx_word' id='word_1_111' title='bbox 1059 1705 1128 1760; x_wconf 88' lang='lat' dir='ltr'><strong>ad</strong></span> <span class='ocrx_word' id='word_1_112' title='bbox 1182 1705 1540 1776; x_wconf 81' lang='lat' dir='ltr'><strong>aquaeductus</strong></span> <span class='ocrx_word' id='word_1_113' title='bbox 1588 1706 1744 1777; x_wconf 81' lang='lat' dir='ltr'><strong>juxta</strong></span> <span class='ocrx_word' id='word_1_114' title='bbox 1803 1706 1980 1761; x_wconf 84' lang='lat' dir='ltr'><strong>Hera-</strong></span> 
     </span>
    </p>
   </div>
   <div class='ocr_carea' id='block_1_18' title="bbox 395 1795 1980 1869">
    <p class='ocr_par' dir='ltr' id='par_1_18' title="bbox 395 1795 1980 1869">
     <span class='ocr_line' id='line_1_18' title="bbox 395 1795 1980 1869; baseline 0.001 -18"><span class='ocrx_word' id='word_1_115' title='bbox 395 1797 582 1852; x_wconf 80' lang='lat' dir='ltr'><strong>etiam.</strong></span> <span class='ocrx_word' id='word_1_116' title='bbox 614 1797 686 1851; x_wconf 88' lang='lat' dir='ltr'><strong>At</strong></span> <span class='ocrx_word' id='word_1_117' title='bbox 713 1807 849 1852; x_wconf 87' lang='lat' dir='ltr'><strong>vero</strong></span> <span class='ocrx_word' id='word_1_118' title='bbox 882 1795 1272 1854; x_wconf 83' lang='lat' dir='ltr'><strong>multitudines</strong></span> <span class='ocrx_word' id='word_1_119' title='bbox 1306 1813 1476 1869; x_wconf 86' lang='lat' dir='ltr'><strong>super</strong></span> <span class='ocrx_word' id='word_1_120' title='bbox 1520 1798 1627 1854; x_wconf 89' lang='lat' dir='ltr'><strong>hoc</strong></span> <span class='ocrx_word' id='word_1_121' title='bbox 1654 1797 1870 1853; x_wconf 87' lang='lat' dir='ltr'><strong>duriter</strong></span> <span class='ocrx_word' id='word_1_122' title='bbox 1893 1798 1980 1853; x_wconf 87' lang='lat' dir='ltr'><strong>fe-</strong></span> 
     </span>
    </p>
   </div>
   <div class='ocr_carea' id='block_1_19' title="bbox 2089 605 3668 671">
    <p class='ocr_par' dir='ltr' id='par_1_19' title="bbox 2089 605 3668 671">
     <span class='ocr_line' id='line_1_19' title="bbox 2089 605 3668 671; baseline 0.003 -9"><span class='ocrx_word' id='word_1_123' title='bbox 2089 614 2232 671; x_wconf 89' lang='lat' dir='ltr'><strong>sent,</strong></span> <span class='ocrx_word' id='word_1_124' title='bbox 2267 605 2364 662; x_wconf 87' lang='lat' dir='ltr'><strong>sed</strong></span> <span class='ocrx_word' id='word_1_125' title='bbox 2397 606 2887 662; x_wconf 77' lang='lat' dir='ltr'><strong>orthodoxam&#39;eta</strong></span> <span class='ocrx_word' id='word_1_126' title='bbox 2922 607 3179 664; x_wconf 73' lang='lat' dir='ltr'><strong>Phtribus</strong></span> <span class='ocrx_word' id='word_1_127' title='bbox 3211 607 3470 664; x_wconf 85' lang='lat' dir='ltr'><strong>traditam</strong></span> <span class='ocrx_word' id='word_1_128' title='bbox 3502 609 3668 667; x_wconf 81' lang='lat' dir='ltr'><strong>ﬁdem</strong></span> 
     </span>
    </p>
   </div>
   <div class='ocr_carea' id='block_1_20' title="bbox 2089 697 3670 770">
    <p class='ocr_par' dir='ltr' id='par_1_20' title="bbox 2089 697 3670 770">
     <span class='ocr_line' id='line_1_20' title="bbox 2089 697 3670 770; baseline 0.003 -18"><span class='ocrx_word' id='word_1_129' title='bbox 2089 711 2417 768; x_wconf 85' lang='lat' dir='ltr'><strong>sacrumque</strong></span> <span class='ocrx_word' id='word_1_130' title='bbox 2453 697 2704 752; x_wconf 88' lang='lat' dir='ltr'><strong>habitum</strong></span> <span class='ocrx_word' id='word_1_131' title='bbox 2742 697 3169 763; x_wconf 78' lang='lat' dir='ltr'><strong>monachorum,</strong></span> <span class='ocrx_word' id='word_1_132' title='bbox 3220 698 3316 770; x_wconf 79' lang='lat' dir='ltr'><strong>qui</strong></span> <span class='ocrx_word' id='word_1_133' title='bbox 3348 698 3552 756; x_wconf 57' lang='lat' dir='ltr'><strong>divinae</strong></span> <span class='ocrx_word' id='word_1_134' title='bbox 3585 708 3670 756; x_wconf 87' lang='lat' dir='ltr'><strong>est</strong></span> 
     </span>
    </p>
   </div>
   <div class='ocr_carea' id='block_1_21' title="bbox 2087 789 3670 862">
    <p class='ocr_par' dir='ltr' id='par_1_21' title="bbox 2087 789 3670 862">
     <span class='ocr_line' id='line_1_21' title="bbox 2087 789 3670 862; baseline 0.002 -18"><span class='ocrx_word' id='word_1_135' title='bbox 2087 789 2450 860; x_wconf 63' lang='lat' dir='ltr'><strong>philosophiae</strong></span> <span class='ocrx_word' id='word_1_136' title='bbox 2474 790 2836 862; x_wconf 80' lang='lat' dir='ltr'><strong>gymnasium.</strong></span> <span class='ocrx_word' id='word_1_137' title='bbox 2860 790 3021 845; x_wconf 86' lang='lat' dir='ltr'><strong>Multi</strong></span> <span class='ocrx_word' id='word_1_138' title='bbox 3049 798 3234 847; x_wconf 88' lang='lat' dir='ltr'><strong>autem</strong></span> <span class='ocrx_word' id='word_1_139' title='bbox 3261 805 3454 846; x_wconf 88' lang='lat' dir='ltr'><strong>eorum</strong></span> <span class='ocrx_word' id='word_1_140' title='bbox 3489 791 3584 862; x_wconf 83' lang='lat' dir='ltr'><strong>qui</strong></span> <span class='ocrx_word' id='word_1_141' title='bbox 3613 792 3670 848; x_wconf 87' lang='lat' dir='ltr'><strong>in</strong></span> 
     </span>
    </p>
   </div>
   <div class='ocr_carea' id='block_1_22' title="bbox 2095 880 3668 954">
    <p class='ocr_par' dir='ltr' id='par_1_22' title="bbox 2095 880 3668 954">
     <span class='ocr_line' id='line_1_22' title="bbox 2095 880 3668 954; baseline 0.001 -18"><span class='ocrx_word' id='word_1_142' title='bbox 2095 881 2183 937; x_wconf 89' lang='lat' dir='ltr'><strong>his</strong></span> <span class='ocrx_word' id='word_1_143' title='bbox 2198 881 2675 954; x_wconf 79' lang='lat' dir='ltr'><strong>blasphemabant,</strong></span> <span class='ocrx_word' id='word_1_144' title='bbox 2702 883 2898 939; x_wconf 89' lang='lat' dir='ltr'><strong>habitu</strong></span> <span class='ocrx_word' id='word_1_145' title='bbox 2926 891 3140 938; x_wconf 89' lang='lat' dir='ltr'><strong>tantum</strong></span> <span class='ocrx_word' id='word_1_146' title='bbox 3163 891 3327 940; x_wconf 90' lang='lat' dir='ltr'><strong>erant</strong></span> <span class='ocrx_word' id='word_1_147' title='bbox 3342 880 3668 950; x_wconf 87' lang='lat' dir='ltr'><strong>Christiani,</strong></span> 
     </span>
    </p>
   </div>
   <div class='ocr_carea' id='block_1_23' title="bbox 2087 975 3669 1046">
    <p class='ocr_par' dir='ltr' id='par_1_23' title="bbox 2087 975 3669 1046">
     <span class='ocr_line' id='line_1_23' title="bbox 2087 975 3669 1046; baseline 0.001 -16"><span class='ocrx_word' id='word_1_148' title='bbox 2087 975 2340 1031; x_wconf 77' lang='lat' dir='ltr'><strong>veritate</strong></span> <span class='ocrx_word' id='word_1_149' title='bbox 2361 988 2496 1031; x_wconf 86' lang='lat' dir='ltr'><strong>vero</strong></span> <span class='ocrx_word' id='word_1_150' title='bbox 2521 975 2846 1040; x_wconf 89' lang='lat' dir='ltr'><strong>Paulieiani,</strong></span> <span class='ocrx_word' id='word_1_151' title='bbox 2877 976 2971 1046; x_wconf 86' lang='lat' dir='ltr'><strong>qui</strong></span> <span class='ocrx_word' id='word_1_152' title='bbox 2992 991 3103 1032; x_wconf 92' lang='lat' dir='ltr'><strong>non</strong></span> <span class='ocrx_word' id='word_1_153' title='bbox 3133 977 3382 1032; x_wconf 87' lang='lat' dir='ltr'><strong>valentes</strong></span> <span class='ocrx_word' id='word_1_154' title='bbox 3420 975 3669 1032; x_wconf 88' lang='lat' dir='ltr'><strong>detesta-</strong></span> 
     </span>
    </p>
   </div>
   <div class='ocr_carea' id='block_1_24' title="bbox 2089 1064 3669 1138">
    <p class='ocr_par' dir='ltr' id='par_1_24' title="bbox 2089 1064 3669 1138">
     <span class='ocr_line' id='line_1_24' title="bbox 2089 1064 3669 1138; baseline 0.001 -18"><span class='ocrx_word' id='word_1_155' title='bbox 2089 1065 2222 1120; x_wconf 88' lang='lat' dir='ltr'><strong>bilia</strong></span> <span class='ocrx_word' id='word_1_156' title='bbox 2270 1066 2523 1136; x_wconf 85' lang='lat' dir='ltr'><strong>dogmata</strong></span> <span class='ocrx_word' id='word_1_157' title='bbox 2571 1081 2670 1121; x_wconf 90' lang='lat' dir='ltr'><strong>sua</strong></span> <span class='ocrx_word' id='word_1_158' title='bbox 2700 1065 3052 1122; x_wconf 77' lang='lat' dir='ltr'><strong>manifestare</strong></span> <span class='ocrx_word' id='word_1_159' title='bbox 3093 1064 3476 1138; x_wconf 84' lang='lat' dir='ltr'><strong>hujuscemodi</strong></span> <span class='ocrx_word' id='word_1_160' title='bbox 3503 1080 3669 1122; x_wconf 79' lang='lat' dir='ltr'><strong>occa-</strong></span> 
     </span>
    </p>
   </div>
   <div class='ocr_carea' id='block_1_25' title="bbox 2088 1156 3659 1228">
    <p class='ocr_par' dir='ltr' id='par_1_25' title="bbox 2088 1156 3659 1228">
     <span class='ocr_line' id='line_1_25' title="bbox 2088 1156 3659 1228; baseline 0 -16"><span class='ocrx_word' id='word_1_161' title='bbox 2088 1158 2243 1212; x_wconf 87' lang='lat' dir='ltr'><strong>sione</strong></span> <span class='ocrx_word' id='word_1_162' title='bbox 2295 1157 2549 1212; x_wconf 91' lang='lat' dir='ltr'><strong>indoctos</strong></span> <span class='ocrx_word' id='word_1_163' title='bbox 2604 1157 3010 1223; x_wconf 87' lang='lat' dir='ltr'><strong>adulterabant,</strong></span> <span class='ocrx_word' id='word_1_164' title='bbox 3067 1156 3511 1225; x_wconf 89' lang='lat' dir='ltr'><strong>Constantinum,</strong></span> <span class='ocrx_word' id='word_1_165' title='bbox 3560 1159 3659 1228; x_wconf 90' lang='lat' dir='ltr'><strong>qui</strong></span> 
     </span>
    </p>
   </div>
   <div class='ocr_carea' id='block_1_26' title="bbox 2087 1248 3672 1322">
    <p class='ocr_par' dir='ltr' id='par_1_26' title="bbox 2087 1248 3672 1322">
     <span class='ocr_line' id='line_1_26' title="bbox 2087 1248 3672 1322; baseline 0.001 -17"><span class='ocrx_word' id='word_1_166' title='bbox 2087 1249 2303 1305; x_wconf 86' lang='lat' dir='ltr'><strong>Judaici</strong></span> <span class='ocrx_word' id='word_1_167' title='bbox 2334 1248 2518 1304; x_wconf 83' lang='lat' dir='ltr'><strong>fuerat</strong></span> <span class='ocrx_word' id='word_1_168' title='bbox 2547 1264 2762 1313; x_wconf 85' lang='lat' dir='ltr'><strong>sensus,</strong></span> <span class='ocrx_word' id='word_1_169' title='bbox 2790 1250 3015 1305; x_wconf 90' lang='lat' dir='ltr'><strong>beatum</strong></span> <span class='ocrx_word' id='word_1_170' title='bbox 3049 1249 3302 1306; x_wconf 86' lang='lat' dir='ltr'><strong>dicentes</strong></span> <span class='ocrx_word' id='word_1_171' title='bbox 3333 1259 3396 1306; x_wconf 90' lang='lat' dir='ltr'><strong>ut</strong></span> <span class='ocrx_word' id='word_1_172' title='bbox 3427 1251 3672 1322; x_wconf 84' lang='lat' dir='ltr'><strong>prophe-</strong></span> 
     </span>
    </p>
   </div>
   <div class='ocr_carea' id='block_1_27' title="bbox 2090 1339 3670 1411">
    <p class='ocr_par' dir='ltr' id='par_1_27' title="bbox 2090 1339 3670 1411">
     <span class='ocr_line' id='line_1_27' title="bbox 2090 1339 3670 1411; baseline 0 -15"><span class='ocrx_word' id='word_1_173' title='bbox 2090 1349 2202 1397; x_wconf 90' lang='lat' dir='ltr'><strong>tam</strong></span> <span class='ocrx_word' id='word_1_174' title='bbox 2236 1348 2293 1395; x_wconf 89' lang='lat' dir='ltr'><strong>et</strong></span> <span class='ocrx_word' id='word_1_175' title='bbox 2323 1340 2616 1400; x_wconf 85' lang='lat' dir='ltr'><strong>victorem.</strong></span> <span class='ocrx_word' id='word_1_176' title='bbox 2651 1339 3018 1410; x_wconf 71' lang='lat' dir='ltr'><strong>haeresimque</strong></span> <span class='ocrx_word' id='word_1_177' title='bbox 3051 1340 3318 1411; x_wconf 85' lang='lat' dir='ltr'><strong>ipsiusin</strong></span> <span class='ocrx_word' id='word_1_178' title='bbox 3348 1341 3670 1397; x_wconf 78' lang='lat' dir='ltr'><strong>subversio-</strong></span> 
     </span>
    </p>
   </div>
   <div class='ocr_carea' id='block_1_28' title="bbox 2081 1429 3670 1502">
    <p class='ocr_par' dir='ltr' id='par_1_28' title="bbox 2081 1429 3670 1502">
     <span class='ocr_line' id='line_1_28' title="bbox 2081 1429 3670 1502; baseline 0 -15"><span class='ocrx_word' id='word_1_179' title='bbox 2081 1447 2214 1488; x_wconf 89' lang='lat' dir='ltr'><strong>nem</strong></span> <span class='ocrx_word' id='word_1_180' title='bbox 2251 1431 2557 1487; x_wconf 72' lang='lat' dir='ltr'><strong>incarnatae</strong></span> <span class='ocrx_word' id='word_1_181' title='bbox 2604 1430 3039 1502; x_wconf 83' lang='lat' dir='ltr'><strong>dispensationis</strong></span> <span class='ocrx_word' id='word_1_182' title='bbox 3067 1431 3292 1486; x_wconf 86' lang='lat' dir='ltr'><strong>Domini</strong></span> <span class='ocrx_word' id='word_1_183' title='bbox 3325 1431 3503 1486; x_wconf 85' lang='lat' dir='ltr'><strong>nostri</strong></span> <span class='ocrx_word' id='word_1_184' title='bbox 3537 1429 3670 1487; x_wconf 77' lang='lat' dir='ltr'><strong>Jesu</strong></span> 
     </span>
    </p>
   </div>
   <div class='ocr_carea' id='block_1_29' title="bbox 2085 1520 3673 1592">
    <p class='ocr_par' dir='ltr' id='par_1_29' title="bbox 2085 1520 3673 1592">
     <span class='ocr_line' id='line_1_29' title="bbox 2085 1520 3673 1592; baseline -0.003 -12"><span class='ocrx_word' id='word_1_185' title='bbox 2085 1522 2291 1580; x_wconf 86' lang='lat' dir='ltr'><strong>Christi</strong></span> <span class='ocrx_word' id='word_1_186' title='bbox 2317 1522 2735 1592; x_wconf 85' lang='lat' dir='ltr'><strong>amplectentes.</strong></span> <span class='ocrx_word' id='word_1_187' title='bbox 2770 1521 2946 1577; x_wconf 85' lang='lat' dir='ltr'><strong>Porro</strong></span> <span class='ocrx_word' id='word_1_188' title='bbox 2971 1521 3188 1576; x_wconf 83' lang='lat' dir='ltr'><strong>decimo</strong></span> <span class='ocrx_word' id='word_1_189' title='bbox 3206 1520 3481 1576; x_wconf 83' lang='lat' dir='ltr'><strong>Kalendas</strong></span> <span class='ocrx_word' id='word_1_190' title='bbox 3497 1521 3673 1576; x_wconf 84' lang='lat' dir='ltr'><strong>.lulias</strong></span> 
     </span>
    </p>
   </div>
   <div class='ocr_carea' id='block_1_30' title="bbox 2086 1613 3670 1687">
    <p class='ocr_par' dir='ltr' id='par_1_30' title="bbox 2086 1613 3670 1687">
     <span class='ocr_line' id='line_1_30' title="bbox 2086 1613 3670 1687; baseline 0 -17"><span class='ocrx_word' id='word_1_191' title='bbox 2086 1615 2336 1687; x_wconf 65' lang='lat' dir='ltr'><strong>praelium</strong></span> <span class='ocrx_word' id='word_1_192' title='bbox 2367 1615 2692 1671; x_wconf 89' lang='lat' dir='ltr'><strong>ineuntibus</strong></span> <span class='ocrx_word' id='word_1_193' title='bbox 2726 1614 2875 1670; x_wconf 87' lang='lat' dir='ltr'><strong>haud</strong></span> <span class='ocrx_word' id='word_1_194' title='bbox 2905 1615 3100 1685; x_wconf 89' lang='lat' dir='ltr'><strong>procul</strong></span> <span class='ocrx_word' id='word_1_195' title='bbox 3143 1615 3214 1670; x_wconf 90' lang='lat' dir='ltr'><strong>ab</strong></span> <span class='ocrx_word' id='word_1_196' title='bbox 3247 1613 3670 1686; x_wconf 49' lang='lat' dir='ltr'><strong>lladrianopoli‘,</strong></span> 
     </span>
    </p>
   </div>
   <div class='ocr_carea' id='block_1_31' title="bbox 2087 1705 3674 1778">
    <p class='ocr_par' dir='ltr' id='par_1_31' title="bbox 2087 1705 3674 1778">
     <span class='ocr_line' id='line_1_31' title="bbox 2087 1705 3674 1778; baseline -0.001 -15"><span class='ocrx_word' id='word_1_197' title='bbox 2087 1708 2419 1778; x_wconf 88' lang='lat' dir='ltr'><strong>delinquunt</strong></span> <span class='ocrx_word' id='word_1_198' title='bbox 2480 1708 2704 1777; x_wconf 91' lang='lat' dir='ltr'><strong>quidem</strong></span> <span class='ocrx_word' id='word_1_199' title='bbox 2761 1706 3063 1763; x_wconf 82' lang='lat' dir='ltr'><strong>Christiani</strong></span> <span class='ocrx_word' id='word_1_200' title='bbox 3117 1705 3276 1762; x_wconf 90' lang='lat' dir='ltr'><strong>valde</strong></span> <span class='ocrx_word' id='word_1_201' title='bbox 3339 1706 3461 1762; x_wconf 91' lang='lat' dir='ltr'><strong>dire</strong></span> <span class='ocrx_word' id='word_1_202' title='bbox 3522 1706 3674 1762; x_wconf 87' lang='lat' dir='ltr'><strong>circa</strong></span> 
     </span>
    </p>
   </div>
   <div class='ocr_carea' id='block_1_32' title="bbox 2087 1797 3674 1870">
    <p class='ocr_par' dir='ltr' id='par_1_32' title="bbox 2087 1797 3674 1870">
     <span class='ocr_line' id='line_1_32' title="bbox 2087 1797 3674 1870; baseline -0.002 -15"><span class='ocrx_word' id='word_1_203' title='bbox 2087 1801 2316 1865; x_wconf 90' lang='lat' dir='ltr'><strong>bellum,</strong></span> <span class='ocrx_word' id='word_1_204' title='bbox 2371 1800 2622 1855; x_wconf 86' lang='lat' dir='ltr'><strong>obtinent</strong></span> <span class='ocrx_word' id='word_1_205' title='bbox 2650 1805 2835 1854; x_wconf 88' lang='lat' dir='ltr'><strong>autem</strong></span> <span class='ocrx_word' id='word_1_206' title='bbox 2878 1797 3087 1854; x_wconf 89' lang='lat' dir='ltr'><strong>inimici</strong></span> <span class='ocrx_word' id='word_1_207' title='bbox 3115 1812 3353 1870; x_wconf 80' lang='lat' dir='ltr'><strong>pugnam</strong></span> <span class='ocrx_word' id='word_1_208' title='bbox 3387 1813 3416 1852; x_wconf 91' lang='lat' dir='ltr'><strong>a</strong></span> <span class='ocrx_word' id='word_1_209' title='bbox 3443 1798 3576 1864; x_wconf 82' lang='lat' dir='ltr'><strong>Deo,</strong></span> <span class='ocrx_word' id='word_1_210' title='bbox 3612 1805 3674 1852; x_wconf 87' lang='lat' dir='ltr'><strong>ut</strong></span> 
     </span>
    </p>
   </div>
   <div class='ocr_carea' id='block_1_33' title="bbox 397 1881 3672 1966">
    <p class='ocr_par' dir='ltr' id='par_1_33' title="bbox 397 1881 3672 1966">
     <span class='ocr_line' id='line_1_33' title="bbox 397 1881 3672 1966; baseline 0.002 -27"><span class='ocrx_word' id='word_1_211' title='bbox 397 1897 583 1944; x_wconf 89' lang='lat' dir='ltr'><strong>rentes</strong></span> <span class='ocrx_word' id='word_1_212' title='bbox 615 1889 671 1944; x_wconf 90' lang='lat' dir='ltr'><strong>in</strong></span> <span class='ocrx_word' id='word_1_213' title='bbox 714 1889 1125 1960; x_wconf 89' lang='lat' dir='ltr'><strong>derogationem</strong></span> <span class='ocrx_word' id='word_1_214' title='bbox 1159 1906 1221 1946; x_wconf 91' lang='lat' dir='ltr'><strong>ae</strong></span> <span class='ocrx_word' id='word_1_215' title='bbox 1259 1890 1702 1947; x_wconf 89' lang='lat' dir='ltr'><strong>maledictionem</strong></span> <span class='ocrx_word' id='word_1_216' title='bbox 1742 1907 1975 1948; x_wconf 90' lang='lat' dir='ltr'><strong>eonver-</strong></span> <span class='ocrx_word' id='word_1_217' title='bbox 2005 1881 2053 1942; x_wconf 86' lang='lat' dir='ltr'><strong>B</strong></span> <span class='ocrx_word' id='word_1_218' title='bbox 2080 1895 2266 1966; x_wconf 89' lang='lat' dir='ltr'><strong>plures</strong></span> <span class='ocrx_word' id='word_1_219' title='bbox 2291 1892 2736 1948; x_wconf 90' lang='lat' dir='ltr'><strong>Christianorum</strong></span> <span class='ocrx_word' id='word_1_220' title='bbox 2766 1907 2870 1948; x_wconf 92' lang='lat' dir='ltr'><strong>nec</strong></span> <span class='ocrx_word' id='word_1_221' title='bbox 2889 1892 3122 1962; x_wconf 90' lang='lat' dir='ltr'><strong>primam</strong></span> <span class='ocrx_word' id='word_1_222' title='bbox 3154 1890 3672 1964; x_wconf 83' lang='lat' dir='ltr'><strong>congressionem...</strong></span> 
     </span>
    </p>
   </div>
   <div class='ocr_carea' id='block_1_34' title="bbox 395 1979 1980 2037">
    <p class='ocr_par' dir='ltr' id='par_1_34' title="bbox 395 1979 1980 2037">
     <span class='ocr_line' id='line_1_34' title="bbox 395 1979 1980 2037; baseline 0.004 -7"><span class='ocrx_word' id='word_1_223' title='bbox 395 1993 468 2032; x_wconf 75' lang='lat' dir='ltr'><strong>sae</strong></span> <span class='ocrx_word' id='word_1_224' title='bbox 517 1987 647 2036; x_wconf 90' lang='lat' dir='ltr'><strong>sunt</strong></span> <span class='ocrx_word' id='word_1_225' title='bbox 695 1988 890 2034; x_wconf 90' lang='lat' dir='ltr'><strong>contra</strong></span> <span class='ocrx_word' id='word_1_226' title='bbox 942 1979 1290 2036; x_wconf 85' lang='lat' dir='ltr'><strong>Michaelem.</strong></span> <span class='ocrx_word' id='word_1_227' title='bbox 1356 1981 1528 2036; x_wconf 83' lang='lat' dir='ltr'><strong>Porro</strong></span> <span class='ocrx_word' id='word_1_228' title='bbox 1590 1982 1754 2036; x_wconf 90' lang='lat' dir='ltr'><strong>tertio</strong></span> <span class='ocrx_word' id='word_1_229' title='bbox 1792 1982 1980 2037; x_wconf 85' lang='lat' dir='ltr'><strong>Nonas</strong></span> 
     </span>
    </p>
   </div>
   <div class='ocr_carea' id='block_1_35' title="bbox 395 2069 1980 2141">
    <p class='ocr_par' dir='ltr' id='par_1_35' title="bbox 395 2069 1980 2141">
     <span class='ocr_line' id='line_1_35' title="bbox 395 2069 1980 2141; baseline 0.003 -17"><span class='ocrx_word' id='word_1_230' title='bbox 395 2069 566 2126; x_wconf 82' lang='lat' dir='ltr'><strong>Maias</strong></span> <span class='ocrx_word' id='word_1_231' title='bbox 611 2071 836 2141; x_wconf 89' lang='lat' dir='ltr'><strong>eclipsis</strong></span> <span class='ocrx_word' id='word_1_232' title='bbox 870 2072 1012 2126; x_wconf 85' lang='lat' dir='ltr'><strong>facta</strong></span> <span class='ocrx_word' id='word_1_233' title='bbox 1063 2081 1149 2126; x_wconf 91' lang='lat' dir='ltr'><strong>est</strong></span> <span class='ocrx_word' id='word_1_234' title='bbox 1214 2073 1347 2127; x_wconf 90' lang='lat' dir='ltr'><strong>solis</strong></span> <span class='ocrx_word' id='word_1_235' title='bbox 1393 2072 1544 2128; x_wconf 87' lang='lat' dir='ltr'><strong>circa</strong></span> <span class='ocrx_word' id='word_1_236' title='bbox 1595 2073 1980 2128; x_wconf 88' lang='lat' dir='ltr'><strong>duodecimam</strong></span> 
     </span>
    </p>
   </div>
   <div class='ocr_carea' id='block_1_36' title="bbox 394 2163 1984 2235">
    <p class='ocr_par' dir='ltr' id='par_1_36' title="bbox 394 2163 1984 2235">
     <span class='ocr_line' id='line_1_36' title="bbox 394 2163 1984 2235; baseline 0.001 -19"><span class='ocrx_word' id='word_1_237' title='bbox 394 2171 606 2234; x_wconf 88' lang='lat' dir='ltr'><strong>partem</strong></span> <span class='ocrx_word' id='word_1_238' title='bbox 639 2163 806 2218; x_wconf 88' lang='lat' dir='ltr'><strong>Tauri</strong></span> <span class='ocrx_word' id='word_1_239' title='bbox 845 2165 1001 2234; x_wconf 83' lang='lat' dir='ltr'><strong>juxta</strong></span> <span class='ocrx_word' id='word_1_240' title='bbox 1061 2164 1432 2235; x_wconf 83' lang='lat' dir='ltr'><strong>horologium,</strong></span> <span class='ocrx_word' id='word_1_241' title='bbox 1484 2167 1700 2220; x_wconf 90' lang='lat' dir='ltr'><strong>oriente</strong></span> <span class='ocrx_word' id='word_1_242' title='bbox 1756 2165 1894 2232; x_wconf 87' lang='lat' dir='ltr'><strong>sole,</strong></span> <span class='ocrx_word' id='word_1_243' title='bbox 1926 2172 1984 2220; x_wconf 91' lang='lat' dir='ltr'><strong>et</strong></span> 
     </span>
    </p>
   </div>
   <div class='ocr_carea' id='block_1_37' title="bbox 393 2257 1982 2328">
    <p class='ocr_par' dir='ltr' id='par_1_37' title="bbox 393 2257 1982 2328">
     <span class='ocr_line' id='line_1_37' title="bbox 393 2257 1982 2328; baseline 0.001 -18"><span class='ocrx_word' id='word_1_244' title='bbox 393 2257 602 2312; x_wconf 89' lang='lat' dir='ltr'><strong>multus</strong></span> <span class='ocrx_word' id='word_1_245' title='bbox 637 2257 805 2312; x_wconf 90' lang='lat' dir='ltr'><strong>timor</strong></span> <span class='ocrx_word' id='word_1_246' title='bbox 839 2257 1043 2313; x_wconf 89' lang='lat' dir='ltr'><strong>cecidit</strong></span> <span class='ocrx_word' id='word_1_247' title='bbox 1084 2272 1252 2326; x_wconf 89' lang='lat' dir='ltr'><strong>super</strong></span> <span class='ocrx_word' id='word_1_248' title='bbox 1298 2257 1508 2311; x_wconf 87' lang='lat' dir='ltr'><strong>turbas.</strong></span> <span class='ocrx_word' id='word_1_249' title='bbox 1546 2257 1645 2312; x_wconf 88' lang='lat' dir='ltr'><strong>Ast</strong></span> <span class='ocrx_word' id='word_1_250' title='bbox 1677 2257 1982 2328; x_wconf 90' lang='lat' dir='ltr'><strong>imperator</strong></span> 
     </span>
    </p>
   </div>
   <div class='ocr_carea' id='block_1_38' title="bbox 394 2348 1977 2420">
    <p class='ocr_par' dir='ltr' id='par_1_38' title="bbox 394 2348 1977 2420">
     <span class='ocr_line' id='line_1_38' title="bbox 394 2348 1977 2420; baseline -0.001 -16"><span class='ocrx_word' id='word_1_251' title='bbox 394 2349 732 2406; x_wconf 87' lang='lat' dir='ltr'><strong>circumibat</strong></span> <span class='ocrx_word' id='word_1_252' title='bbox 778 2349 1052 2406; x_wconf 87' lang='lat' dir='ltr'><strong>Thracem</strong></span> <span class='ocrx_word' id='word_1_253' title='bbox 1085 2364 1210 2406; x_wconf 91' lang='lat' dir='ltr'><strong>cum</strong></span> <span class='ocrx_word' id='word_1_254' title='bbox 1243 2348 1576 2420; x_wconf 65' lang='lat' dir='ltr'><strong>praetoribus</strong></span> <span class='ocrx_word' id='word_1_255' title='bbox 1623 2364 1691 2404; x_wconf 88' lang='lat' dir='ltr'><strong>ac</strong></span> <span class='ocrx_word' id='word_1_256' title='bbox 1740 2349 1977 2414; x_wconf 83' lang='lat' dir='ltr'><strong>militiis,</strong></span> 
     </span>
    </p>
   </div>
   <div class='ocr_carea' id='block_1_39' title="bbox 394 2441 1982 2512">
    <p class='ocr_par' dir='ltr' id='par_1_39' title="bbox 394 2441 1982 2512">
     <span class='ocr_line' id='line_1_39' title="bbox 394 2441 1982 2512; baseline 0.001 -17"><span class='ocrx_word' id='word_1_257' title='bbox 394 2456 578 2512; x_wconf 90' lang='lat' dir='ltr'><strong>neque</strong></span> <span class='ocrx_word' id='word_1_258' title='bbox 638 2450 830 2497; x_wconf 90' lang='lat' dir='ltr'><strong>contra</strong></span> <span class='ocrx_word' id='word_1_259' title='bbox 882 2441 1266 2496; x_wconf 79' lang='lat' dir='ltr'><strong>Mesembriam</strong></span> <span class='ocrx_word' id='word_1_260' title='bbox 1317 2453 1572 2512; x_wconf 85' lang='lat' dir='ltr'><strong>pergens,</strong></span> <span class='ocrx_word' id='word_1_261' title='bbox 1621 2456 1800 2512; x_wconf 85' lang='lat' dir='ltr'><strong>neque</strong></span> <span class='ocrx_word' id='word_1_262' title='bbox 1832 2441 1982 2496; x_wconf 88' lang='lat' dir='ltr'><strong>aliud</strong></span> 
     </span>
    </p>
   </div>
   <div class='ocr_carea' id='block_1_40' title="bbox 405 2532 1985 2605">
    <p class='ocr_par' dir='ltr' id='par_1_40' title="bbox 405 2532 1985 2605">
     <span class='ocr_line' id='line_1_40' title="bbox 405 2532 1985 2605; baseline 0 -16"><span class='ocrx_word' id='word_1_263' title='bbox 405 2534 539 2605; x_wconf 91' lang='lat' dir='ltr'><strong>quid</strong></span> <span class='ocrx_word' id='word_1_264' title='bbox 573 2550 764 2591; x_wconf 89' lang='lat' dir='ltr'><strong>eorum</strong></span> <span class='ocrx_word' id='word_1_265' title='bbox 790 2549 912 2604; x_wconf 71' lang='lat' dir='ltr'><strong>qua:</strong></span> <span class='ocrx_word' id='word_1_266' title='bbox 938 2533 1025 2605; x_wconf 88' lang='lat' dir='ltr'><strong>agi</strong></span> <span class='ocrx_word' id='word_1_267' title='bbox 1054 2533 1259 2588; x_wconf 88' lang='lat' dir='ltr'><strong>debent</strong></span> <span class='ocrx_word' id='word_1_268' title='bbox 1307 2533 1375 2587; x_wconf 92' lang='lat' dir='ltr'><strong>ad</strong></span> <span class='ocrx_word' id='word_1_269' title='bbox 1418 2532 1853 2590; x_wconf 88' lang='lat' dir='ltr'><strong>destructionem</strong></span> <span class='ocrx_word' id='word_1_270' title='bbox 1884 2535 1985 2589; x_wconf 80' lang='lat' dir='ltr'><strong>ho—</strong></span> 
     </span>
    </p>
   </div>
   <div class='ocr_carea' id='block_1_41' title="bbox 391 2623 1984 2696">
    <p class='ocr_par' dir='ltr' id='par_1_41' title="bbox 391 2623 1984 2696">
     <span class='ocr_line' id='line_1_41' title="bbox 391 2623 1984 2696; baseline -0.001 -15"><span class='ocrx_word' id='word_1_271' title='bbox 391 2627 562 2682; x_wconf 90' lang='lat' dir='ltr'><strong>stium</strong></span> <span class='ocrx_word' id='word_1_272' title='bbox 616 2634 879 2696; x_wconf 89' lang='lat' dir='ltr'><strong>patrans,</strong></span> <span class='ocrx_word' id='word_1_273' title='bbox 941 2623 1038 2678; x_wconf 88' lang='lat' dir='ltr'><strong>sed</strong></span> <span class='ocrx_word' id='word_1_274' title='bbox 1103 2631 1314 2678; x_wconf 88' lang='lat' dir='ltr'><strong>tantum</strong></span> <span class='ocrx_word' id='word_1_275' title='bbox 1368 2633 1568 2677; x_wconf 87' lang='lat' dir='ltr'><strong>suasus</strong></span> <span class='ocrx_word' id='word_1_276' title='bbox 1630 2623 1984 2679; x_wconf 86' lang='lat' dir='ltr'><strong>sermonibus</strong></span> 
     </span>
    </p>
   </div>
   <div class='ocr_carea' id='block_1_42' title="bbox 392 2717 1985 2790">
    <p class='ocr_par' dir='ltr' id='par_1_42' title="bbox 392 2717 1985 2790">
     <span class='ocr_line' id='line_1_42' title="bbox 392 2717 1985 2790; baseline 0 -16"><span class='ocrx_word' id='word_1_277' title='bbox 392 2719 552 2774; x_wconf 88' lang='lat' dir='ltr'><strong>vanis</strong></span> <span class='ocrx_word' id='word_1_278' title='bbox 589 2718 1038 2774; x_wconf 87' lang='lat' dir='ltr'><strong>consiliariorum</strong></span> <span class='ocrx_word' id='word_1_279' title='bbox 1085 2733 1333 2782; x_wconf 91' lang='lat' dir='ltr'><strong>suorum,</strong></span> <span class='ocrx_word' id='word_1_280' title='bbox 1381 2717 1654 2774; x_wconf 89' lang='lat' dir='ltr'><strong>bellorum</strong></span> <span class='ocrx_word' id='word_1_281' title='bbox 1700 2719 1985 2790; x_wconf 76' lang='lat' dir='ltr'><strong>experien-</strong></span> 
     </span>
    </p>
   </div>
   <div class='ocr_carea' id='block_1_43' title="bbox 395 2807 1981 2878">
    <p class='ocr_par' dir='ltr' id='par_1_43' title="bbox 395 2807 1981 2878">
     <span class='ocr_line' id='line_1_43' title="bbox 395 2807 1981 2878; baseline -0.001 -14"><span class='ocrx_word' id='word_1_282' title='bbox 395 2809 528 2864; x_wconf 90' lang='lat' dir='ltr'><strong>tiam</strong></span> <span class='ocrx_word' id='word_1_283' title='bbox 572 2824 684 2862; x_wconf 91' lang='lat' dir='ltr'><strong>non</strong></span> <span class='ocrx_word' id='word_1_284' title='bbox 734 2808 1060 2862; x_wconf 89' lang='lat' dir='ltr'><strong>habentium</strong></span> <span class='ocrx_word' id='word_1_285' title='bbox 1089 2850 1102 2874; x_wconf 94' lang='lat'><strong>,</strong></span> <span class='ocrx_word' id='word_1_286' title='bbox 1145 2823 1208 2863; x_wconf 81' lang='lat' dir='ltr'><strong>ac</strong></span> <span class='ocrx_word' id='word_1_287' title='bbox 1261 2823 1359 2878; x_wconf 92' lang='lat' dir='ltr'><strong>per</strong></span> <span class='ocrx_word' id='word_1_288' title='bbox 1401 2807 1508 2863; x_wconf 93' lang='lat' dir='ltr'><strong>hoc</strong></span> <span class='ocrx_word' id='word_1_289' title='bbox 1543 2809 1981 2863; x_wconf 87' lang='lat' dir='ltr'><strong>asseverantium</strong></span> 
     </span>
    </p>
   </div>
   <div class='ocr_carea' id='block_1_44' title="bbox 393 2899 1982 2966">
    <p class='ocr_par' dir='ltr' id='par_1_44' title="bbox 393 2899 1982 2966">
     <span class='ocr_line' id='line_1_44' title="bbox 393 2899 1982 2966; baseline 0 -10"><span class='ocrx_word' id='word_1_290' title='bbox 393 2917 508 2956; x_wconf 92' lang='lat' dir='ltr'><strong>non</strong></span> <span class='ocrx_word' id='word_1_291' title='bbox 555 2900 762 2956; x_wconf 88' lang='lat' dir='ltr'><strong>audere</strong></span> <span class='ocrx_word' id='word_1_292' title='bbox 807 2899 1094 2955; x_wconf 90' lang='lat' dir='ltr'><strong>inimicum</strong></span> <span class='ocrx_word' id='word_1_293' title='bbox 1143 2899 1415 2954; x_wconf 88' lang='lat' dir='ltr'><strong>adversus</strong></span> <span class='ocrx_word' id='word_1_294' title='bbox 1469 2900 1622 2954; x_wconf 91' lang='lat' dir='ltr'><strong>illum</strong></span> <span class='ocrx_word' id='word_1_295' title='bbox 1672 2899 1886 2966; x_wconf 84' lang='lat' dir='ltr'><strong>venire,</strong></span> <span class='ocrx_word' id='word_1_296' title='bbox 1927 2901 1982 2956; x_wconf 93' lang='lat' dir='ltr'><strong>in</strong></span> 
     </span>
    </p>
   </div>
   <div class='ocr_carea' id='block_1_45' title="bbox 395 2991 1984 3064">
    <p class='ocr_par' dir='ltr' id='par_1_45' title="bbox 395 2991 1984 3064">
     <span class='ocr_line' id='line_1_45' title="bbox 395 2991 1984 3064; baseline 0 -17"><span class='ocrx_word' id='word_1_297' title='bbox 395 2993 620 3064; x_wconf 87' lang='lat' dir='ltr'><strong>propria</strong></span> <span class='ocrx_word' id='word_1_298' title='bbox 652 2991 876 3063; x_wconf 80' lang='lat' dir='ltr'><strong>regione</strong></span> <span class='ocrx_word' id='word_1_299' title='bbox 923 2991 1230 3048; x_wconf 88' lang='lat' dir='ltr'><strong>sedentem.</strong></span> <span class='ocrx_word' id='word_1_300' title='bbox 1283 2992 1353 3046; x_wconf 88' lang='lat' dir='ltr'><strong>Et</strong></span> <span class='ocrx_word' id='word_1_301' title='bbox 1405 3003 1525 3048; x_wconf 90' lang='lat' dir='ltr'><strong>erat</strong></span> <span class='ocrx_word' id='word_1_302' title='bbox 1557 2993 1851 3049; x_wconf 90' lang='lat' dir='ltr'><strong>barbarico</strong></span> <span class='ocrx_word' id='word_1_303' title='bbox 1882 2993 1984 3047; x_wconf 91' lang='lat' dir='ltr'><strong>im-</strong></span> 
     </span>
    </p>
   </div>
   <div class='ocr_carea' id='block_1_46' title="bbox 393 3083 1980 3154">
    <p class='ocr_par' dir='ltr' id='par_1_46' title="bbox 393 3083 1980 3154">
     <span class='ocr_line' id='line_1_46' title="bbox 393 3083 1980 3154; baseline 0.002 -17"><span class='ocrx_word' id='word_1_304' title='bbox 393 3091 526 3154; x_wconf 90' lang='lat' dir='ltr'><strong>petu</strong></span> <span class='ocrx_word' id='word_1_305' title='bbox 579 3084 800 3154; x_wconf 77' lang='lat' dir='ltr'><strong>gravior</strong></span> <span class='ocrx_word' id='word_1_306' title='bbox 855 3083 1166 3138; x_wconf 90' lang='lat' dir='ltr'><strong>concivium</strong></span> <span class='ocrx_word' id='word_1_307' title='bbox 1202 3087 1384 3140; x_wconf 60' lang='lat' dir='ltr'><strong>cattus</strong></span> <span class='ocrx_word' id='word_1_308' title='bbox 1413 3084 1795 3140; x_wconf 85' lang='lat' dir='ltr'><strong>deficientium</strong></span> <span class='ocrx_word' id='word_1_309' title='bbox 1830 3085 1980 3140; x_wconf 82' lang='lat' dir='ltr'><strong>circa</strong></span> 
     </span>
    </p>
   </div>
   <div class='ocr_carea' id='block_1_47' title="bbox 392 3177 1983 3250">
    <p class='ocr_par' dir='ltr' id='par_1_47' title="bbox 392 3177 1983 3250">
     <span class='ocr_line' id='line_1_47' title="bbox 392 3177 1983 3250; baseline 0.003 -18"><span class='ocrx_word' id='word_1_310' title='bbox 392 3177 734 3233; x_wconf 87' lang='lat' dir='ltr'><strong>necessarias</strong></span> <span class='ocrx_word' id='word_1_311' title='bbox 767 3178 1038 3234; x_wconf 88' lang='lat' dir='ltr'><strong>utilitates</strong></span> <span class='ocrx_word' id='word_1_312' title='bbox 1066 3219 1081 3243; x_wconf 94' lang='lat'><strong>,</strong></span> <span class='ocrx_word' id='word_1_313' title='bbox 1135 3188 1190 3233; x_wconf 91' lang='lat' dir='ltr'><strong>et</strong></span> <span class='ocrx_word' id='word_1_314' title='bbox 1236 3179 1445 3250; x_wconf 87' lang='lat' dir='ltr'><strong>rapinis</strong></span> <span class='ocrx_word' id='word_1_315' title='bbox 1483 3194 1547 3234; x_wconf 89' lang='lat' dir='ltr'><strong>ac</strong></span> <span class='ocrx_word' id='word_1_316' title='bbox 1601 3178 1983 3236; x_wconf 84' lang='lat' dir='ltr'><strong>invasionibus</strong></span> 
     </span>
    </p>
   </div>
   <div class='ocr_carea' id='block_1_48' title="bbox 392 3269 1979 3340">
    <p class='ocr_par' dir='ltr' id='par_1_48' title="bbox 392 3269 1979 3340">
     <span class='ocr_line' id='line_1_48' title="bbox 392 3269 1979 3340; baseline 0.003 -16"><span class='ocrx_word' id='word_1_317' title='bbox 392 3269 882 3325; x_wconf 86' lang='lat' dir='ltr'><strong>exterminantium</strong></span> <span class='ocrx_word' id='word_1_318' title='bbox 939 3269 1352 3340; x_wconf 86' lang='lat' dir='ltr'><strong>compatriotas.</strong></span> <span class='ocrx_word' id='word_1_319' title='bbox 1417 3269 1578 3326; x_wconf 90' lang='lat' dir='ltr'><strong>Circa</strong></span> <span class='ocrx_word' id='word_1_320' title='bbox 1627 3271 1786 3326; x_wconf 89' lang='lat' dir='ltr'><strong>initia</strong></span> <span class='ocrx_word' id='word_1_321' title='bbox 1845 3287 1979 3328; x_wconf 80' lang='lat' dir='ltr'><strong>vero</strong></span> 
     </span>
    </p>
   </div>
   <div class='ocr_carea' id='block_1_49' title="bbox 391 3361 1983 3433">
    <p class='ocr_par' dir='ltr' id='par_1_49' title="bbox 391 3361 1983 3433">
     <span class='ocr_line' id='line_1_49' title="bbox 391 3361 1983 3433; baseline 0.001 -15"><span class='ocrx_word' id='word_1_322' title='bbox 391 3361 546 3418; x_wconf 80' lang='lat' dir='ltr'><strong>Junii</strong></span> <span class='ocrx_word' id='word_1_323' title='bbox 578 3361 784 3417; x_wconf 85' lang='lat' dir='ltr'><strong>mensis</strong></span> <span class='ocrx_word' id='word_1_324' title='bbox 815 3361 953 3416; x_wconf 80' lang='lat' dir='ltr'><strong>exiit</strong></span> <span class='ocrx_word' id='word_1_325' title='bbox 1006 3361 1284 3417; x_wconf 90' lang='lat' dir='ltr'><strong>Crumnus</strong></span> <span class='ocrx_word' id='word_1_326' title='bbox 1337 3362 1634 3433; x_wconf 78' lang='lat' dir='ltr'><strong>Vulgarum</strong></span> <span class='ocrx_word' id='word_1_327' title='bbox 1689 3363 1802 3418; x_wconf 87' lang='lat' dir='ltr'><strong>dux</strong></span> <span class='ocrx_word' id='word_1_328' title='bbox 1855 3378 1983 3419; x_wconf 91' lang='lat' dir='ltr'><strong>cum</strong></span> 
     </span>
    </p>
   </div>
   <div class='ocr_carea' id='block_1_50' title="bbox 391 3451 1984 3526">
    <p class='ocr_par' dir='ltr' id='par_1_50' title="bbox 391 3451 1984 3526">
     <span class='ocr_line' id='line_1_50' title="bbox 391 3451 1984 3526; baseline 0.001 -21"><span class='ocrx_word' id='word_1_329' title='bbox 391 3451 733 3506; x_wconf 81' lang='lat' dir='ltr'><strong>exercitibus</strong></span> <span class='ocrx_word' id='word_1_330' title='bbox 765 3451 904 3514; x_wconf 88' lang='lat' dir='ltr'><strong>suis,</strong></span> <span class='ocrx_word' id='word_1_331' title='bbox 938 3451 1170 3515; x_wconf 88' lang='lat' dir='ltr'><strong>veritus,</strong></span> <span class='ocrx_word' id='word_1_332' title='bbox 1205 3452 1352 3522; x_wconf 89' lang='lat' dir='ltr'><strong>quod</strong></span> <span class='ocrx_word' id='word_1_333' title='bbox 1394 3453 1564 3508; x_wconf 86' lang='lat' dir='ltr'><strong>multa</strong></span> <span class='ocrx_word' id='word_1_334' title='bbox 1594 3451 1767 3526; x_wconf 77' lang='lat' dir='ltr'><strong>millia</strong></span> <span class='ocrx_word' id='word_1_335' title='bbox 1797 3461 1984 3507; x_wconf 89' lang='lat' dir='ltr'><strong>essent</strong></span> 
     </span>
    </p>
   </div>
   <div class='ocr_carea' id='block_1_51' title="bbox 391 3541 1982 3614">
    <p class='ocr_par' dir='ltr' id='par_1_51' title="bbox 391 3541 1982 3614">
     <span class='ocr_line' id='line_1_51' title="bbox 391 3541 1982 3614; baseline 0.001 -16"><span class='ocrx_word' id='word_1_336' title='bbox 391 3541 854 3600; x_wconf 87' lang='lat' dir='ltr'><strong>Christianorum.</strong></span> <span class='ocrx_word' id='word_1_337' title='bbox 931 3542 1181 3614; x_wconf 91' lang='lat' dir='ltr'><strong>Cumque</strong></span> <span class='ocrx_word' id='word_1_338' title='bbox 1240 3545 1504 3599; x_wconf 87' lang='lat' dir='ltr'><strong>movisset</strong></span> <span class='ocrx_word' id='word_1_339' title='bbox 1561 3545 1872 3599; x_wconf 84' lang='lat' dir='ltr'><strong>exercitum</strong></span> <span class='ocrx_word' id='word_1_340' title='bbox 1927 3544 1982 3599; x_wconf 92' lang='lat' dir='ltr'><strong>in</strong></span> 
     </span>
    </p>
   </div>
   <div class='ocr_carea' id='block_1_52' title="bbox 393 3631 1984 3706">
    <p class='ocr_par' dir='ltr' id='par_1_52' title="bbox 393 3631 1984 3706">
     <span class='ocr_line' id='line_1_52' title="bbox 393 3631 1984 3706; baseline 0.001 -16"><span class='ocrx_word' id='word_1_341' title='bbox 393 3633 755 3690; x_wconf 77' lang='lat' dir='ltr'><strong>Vcrsiniciam</strong></span> <span class='ocrx_word' id='word_1_342' title='bbox 791 3634 948 3706; x_wconf 91' lang='lat' dir='ltr'><strong>quasi</strong></span> <span class='ocrx_word' id='word_1_343' title='bbox 994 3635 1221 3690; x_wconf 91' lang='lat' dir='ltr'><strong>tricenis</strong></span> <span class='ocrx_word' id='word_1_344' title='bbox 1276 3636 1450 3705; x_wconf 87' lang='lat' dir='ltr'><strong>signis</strong></span> <span class='ocrx_word' id='word_1_345' title='bbox 1483 3636 1554 3690; x_wconf 92' lang='lat' dir='ltr'><strong>ab</strong></span> <span class='ocrx_word' id='word_1_346' title='bbox 1598 3631 1984 3705; x_wconf 81' lang='lat' dir='ltr'><strong>imperialibus</strong></span> 
     </span>
    </p>
   </div>
   <div class='ocr_carea' id='block_1_53' title="bbox 392 3726 1983 3798">
    <p class='ocr_par' dir='ltr' id='par_1_53' title="bbox 392 3726 1983 3798">
     <span class='ocr_line' id='line_1_53' title="bbox 392 3726 1983 3798; baseline -0.001 -15"><span class='ocrx_word' id='word_1_347' title='bbox 392 3727 614 3793; x_wconf 87' lang='lat' dir='ltr'><strong>castris,</strong></span> <span class='ocrx_word' id='word_1_348' title='bbox 644 3727 758 3783; x_wconf 89' lang='lat' dir='ltr'><strong>Leo</strong></span> <span class='ocrx_word' id='word_1_349' title='bbox 791 3727 1058 3798; x_wconf 88' lang='lat' dir='ltr'><strong>patricius</strong></span> <span class='ocrx_word' id='word_1_350' title='bbox 1086 3736 1144 3782; x_wconf 92' lang='lat' dir='ltr'><strong>et</strong></span> <span class='ocrx_word' id='word_1_351' title='bbox 1185 3737 1387 3797; x_wconf 79' lang='lat' dir='ltr'><strong>praetor</strong></span> <span class='ocrx_word' id='word_1_352' title='bbox 1415 3726 1780 3783; x_wconf 82' lang='lat' dir='ltr'><strong>Orientalium</strong></span> <span class='ocrx_word' id='word_1_353' title='bbox 1820 3727 1983 3782; x_wconf 82' lang='lat' dir='ltr'><strong>Joan-</strong></span> 
     </span>
    </p>
   </div>
   <div class='ocr_carea' id='block_1_54' title="bbox 393 3819 1985 3891">
    <p class='ocr_par' dir='ltr' id='par_1_54' title="bbox 393 3819 1985 3891">
     <span class='ocr_line' id='line_1_54' title="bbox 393 3819 1985 3891; baseline -0.001 -15"><span class='ocrx_word' id='word_1_354' title='bbox 393 3835 607 3891; x_wconf 86' lang='lat' dir='ltr'><strong>nesque</strong></span> <span class='ocrx_word' id='word_1_355' title='bbox 665 3821 934 3891; x_wconf 89' lang='lat' dir='ltr'><strong>patricius</strong></span> <span class='ocrx_word' id='word_1_356' title='bbox 983 3831 1040 3876; x_wconf 88' lang='lat' dir='ltr'><strong>et</strong></span> <span class='ocrx_word' id='word_1_357' title='bbox 1091 3819 1425 3875; x_wconf 82' lang='lat' dir='ltr'><strong>Macedoniae</strong></span> <span class='ocrx_word' id='word_1_358' title='bbox 1483 3825 1709 3890; x_wconf 74' lang='lat' dir='ltr'><strong>przetor,</strong></span> <span class='ocrx_word' id='word_1_359' title='bbox 1781 3834 1985 3891; x_wconf 87' lang='lat' dir='ltr'><strong>cogno-</strong></span> 
     </span>
    </p>
   </div>
   <div class='ocr_carea' id='block_1_55' title="bbox 393 3909 1980 3983">
    <p class='ocr_par' dir='ltr' id='par_1_55' title="bbox 393 3909 1980 3983">
     <span class='ocr_line' id='line_1_55' title="bbox 393 3909 1980 3983; baseline -0.001 -15"><span class='ocrx_word' id='word_1_360' title='bbox 393 3922 585 3969; x_wconf 90' lang='lat' dir='ltr'><strong>mento</strong></span> <span class='ocrx_word' id='word_1_361' title='bbox 608 3913 860 3983; x_wconf 88' lang='lat' dir='ltr'><strong>Aplaces,</strong></span> <span class='ocrx_word' id='word_1_362' title='bbox 893 3913 1129 3967; x_wconf 88' lang='lat' dir='ltr'><strong>multum</strong></span> <span class='ocrx_word' id='word_1_363' title='bbox 1157 3909 1399 3982; x_wconf 90' lang='lat' dir='ltr'><strong>prompti</strong></span> <span class='ocrx_word' id='word_1_364' title='bbox 1440 3914 1508 3967; x_wconf 87' lang='lat' dir='ltr'><strong>ad</strong></span> <span class='ocrx_word' id='word_1_365' title='bbox 1538 3912 1642 3966; x_wconf 90' lang='lat' dir='ltr'><strong>hos</strong></span> <span class='ocrx_word' id='word_1_366' title='bbox 1673 3911 1980 3977; x_wconf 86' lang='lat' dir='ltr'><strong>bellandos,</strong></span> 
     </span>
    </p>
   </div>
   <div class='ocr_carea' id='block_1_56' title="bbox 393 4003 1984 4077">
    <p class='ocr_par' dir='ltr' id='par_1_56' title="bbox 393 4003 1984 4077">
     <span class='ocr_line' id='line_1_56' title="bbox 393 4003 1984 4077; baseline -0.001 -17"><span class='ocrx_word' id='word_1_367' title='bbox 393 4005 661 4077; x_wconf 82' lang='lat' dir='ltr'><strong>prohibiti</strong></span> <span class='ocrx_word' id='word_1_368' title='bbox 713 4015 844 4060; x_wconf 89' lang='lat' dir='ltr'><strong>sunt</strong></span> <span class='ocrx_word' id='word_1_369' title='bbox 886 4005 958 4060; x_wconf 89' lang='lat' dir='ltr'><strong>ab</strong></span> <span class='ocrx_word' id='word_1_370' title='bbox 987 4004 1322 4075; x_wconf 90' lang='lat' dir='ltr'><strong>imperatore</strong></span> <span class='ocrx_word' id='word_1_371' title='bbox 1353 4020 1454 4074; x_wconf 90' lang='lat' dir='ltr'><strong>per</strong></span> <span class='ocrx_word' id='word_1_372' title='bbox 1503 4003 1676 4058; x_wconf 85' lang='lat' dir='ltr'><strong>malos</strong></span> <span class='ocrx_word' id='word_1_373' title='bbox 1721 4003 1984 4060; x_wconf 88' lang='lat' dir='ltr'><strong>consilia-</strong></span> 
     </span>
    </p>
   </div>
   <div class='ocr_carea' id='block_1_57' title="bbox 393 4096 1984 4155">
    <p class='ocr_par' dir='ltr' id='par_1_57' title="bbox 393 4096 1984 4155">
     <span class='ocr_line' id='line_1_57' title="bbox 393 4096 1984 4155; baseline -0.003 -1"><span class='ocrx_word' id='word_1_374' title='bbox 393 4099 529 4154; x_wconf 88' lang='lat' dir='ltr'><strong>rios.</strong></span> <span class='ocrx_word' id='word_1_375' title='bbox 585 4097 725 4155; x_wconf 91' lang='lat' dir='ltr'><strong>Cum</strong></span> <span class='ocrx_word' id='word_1_376' title='bbox 781 4108 966 4154; x_wconf 88' lang='lat' dir='ltr'><strong>autem</strong></span> <span class='ocrx_word' id='word_1_377' title='bbox 1021 4097 1155 4153; x_wconf 90' lang='lat' dir='ltr'><strong>urbs</strong></span> <span class='ocrx_word' id='word_1_378' title='bbox 1209 4097 1443 4153; x_wconf 87' lang='lat' dir='ltr'><strong>letanias</strong></span> <span class='ocrx_word' id='word_1_379' title='bbox 1509 4096 1817 4152; x_wconf 89' lang='lat' dir='ltr'><strong>celebraret</strong></span> <span class='ocrx_word' id='word_1_380' title='bbox 1858 4113 1984 4152; x_wconf 91' lang='lat' dir='ltr'><strong>cum</strong></span> 
     </span>
    </p>
   </div>
   <div class='ocr_carea' id='block_1_58' title="bbox 392 4192 1986 4264">
    <p class='ocr_par' dir='ltr' id='par_1_58' title="bbox 392 4192 1986 4264">
     <span class='ocr_line' id='line_1_58' title="bbox 392 4192 1986 4264; baseline -0.001 -16"><span class='ocrx_word' id='word_1_381' title='bbox 392 4207 616 4249; x_wconf 89' lang='lat' dir='ltr'><strong>summo</strong></span> <span class='ocrx_word' id='word_1_382' title='bbox 646 4193 936 4249; x_wconf 86' lang='lat' dir='ltr'><strong>sacerdote</strong></span> <span class='ocrx_word' id='word_1_383' title='bbox 968 4193 1024 4249; x_wconf 93' lang='lat' dir='ltr'><strong>in</strong></span> <span class='ocrx_word' id='word_1_384' title='bbox 1060 4193 1263 4264; x_wconf 91' lang='lat' dir='ltr'><strong>templo</strong></span> <span class='ocrx_word' id='word_1_385' title='bbox 1292 4192 1390 4248; x_wconf 92' lang='lat' dir='ltr'><strong>SS.</strong></span> <span class='ocrx_word' id='word_1_386' title='bbox 1418 4193 1833 4262; x_wconf 87' lang='lat' dir='ltr'><strong>Apostolorum,</strong></span> <span class='ocrx_word' id='word_1_387' title='bbox 1860 4193 1986 4264; x_wconf 88' lang='lat' dir='ltr'><strong>qui-</strong></span> 
     </span>
    </p>
   </div>
   <div class='ocr_carea' id='block_1_59' title="bbox 393 4284 1984 4358">
    <p class='ocr_par' dir='ltr' id='par_1_59' title="bbox 393 4284 1984 4358">
     <span class='ocr_line' id='line_1_59' title="bbox 393 4284 1984 4358; baseline -0.002 -15"><span class='ocrx_word' id='word_1_388' title='bbox 393 4289 523 4343; x_wconf 87' lang='lat' dir='ltr'><strong>dam</strong></span> <span class='ocrx_word' id='word_1_389' title='bbox 585 4287 884 4358; x_wconf 90' lang='lat' dir='ltr'><strong>impiorum</strong></span> <span class='ocrx_word' id='word_1_390' title='bbox 943 4286 1200 4343; x_wconf 67' lang='lat' dir='ltr'><strong>obscena:</strong></span> <span class='ocrx_word' id='word_1_391' title='bbox 1249 4287 1362 4341; x_wconf 91' lang='lat' dir='ltr'><strong>Deo</strong></span> <span class='ocrx_word' id='word_1_392' title='bbox 1403 4285 1590 4356; x_wconf 86' lang='lat' dir='ltr'><strong>perosi</strong></span> <span class='ocrx_word' id='word_1_393' title='bbox 1627 4284 1984 4341; x_wconf 87' lang='lat' dir='ltr'><strong>Constantini</strong></span> 
     </span>
    </p>
   </div>
   <div class='ocr_carea' id='block_1_60' title="bbox 393 4378 1982 4450">
    <p class='ocr_par' dir='ltr' id='par_1_60' title="bbox 393 4378 1982 4450">
     <span class='ocr_line' id='line_1_60' title="bbox 393 4378 1982 4450; baseline -0.003 -15"><span class='ocrx_word' id='word_1_394' title='bbox 393 4381 694 4446; x_wconf 60' lang='lat' dir='ltr'><strong>hereseos,</strong></span> <span class='ocrx_word' id='word_1_395' title='bbox 719 4379 974 4435; x_wconf 86' lang='lat' dir='ltr'><strong>obserata</strong></span> <span class='ocrx_word' id='word_1_396' title='bbox 994 4387 1156 4450; x_wconf 92' lang='lat' dir='ltr'><strong>porta</strong></span> <span class='ocrx_word' id='word_1_397' title='bbox 1184 4378 1555 4448; x_wconf 87' lang='lat' dir='ltr'><strong>imperiallum</strong></span> <span class='ocrx_word' id='word_1_398' title='bbox 1575 4378 1982 4448; x_wconf 87' lang='lat' dir='ltr'><strong>sepulcrorum,</strong></span> 
     </span>
    </p>
   </div>
   <div class='ocr_carea' id='block_1_61' title="bbox 393 4468 1981 4543">
    <p class='ocr_par' dir='ltr' id='par_1_61' title="bbox 393 4468 1981 4543">
     <span class='ocr_line' id='line_1_61' title="bbox 393 4468 1981 4543; baseline -0.003 -15"><span class='ocrx_word' id='word_1_399' title='bbox 393 4473 621 4528; x_wconf 87' lang='lat' dir='ltr'><strong>nemine</strong></span> <span class='ocrx_word' id='word_1_400' title='bbox 655 4471 1013 4538; x_wconf 79' lang='lat' dir='ltr'><strong>attendente,</strong></span> <span class='ocrx_word' id='word_1_401' title='bbox 1067 4478 1296 4543; x_wconf 88' lang='lat' dir='ltr'><strong>propter</strong></span> <span class='ocrx_word' id='word_1_402' title='bbox 1353 4468 1532 4526; x_wconf 70' lang='lat' dir='ltr'><strong>turba:</strong></span> <span class='ocrx_word' id='word_1_403' title='bbox 1587 4469 1981 4541; x_wconf 81' lang='lat' dir='ltr'><strong>frequentiam,</strong></span> 
     </span>
    </p>
   </div>
   <div class='ocr_carea' id='block_1_62' title="bbox 393 4563 1978 4637">
    <p class='ocr_par' dir='ltr' id='par_1_62' title="bbox 393 4563 1978 4637">
     <span class='ocr_line' id='line_1_62' title="bbox 393 4563 1978 4637; baseline -0.003 -17"><span class='ocrx_word' id='word_1_404' title='bbox 393 4582 508 4637; x_wconf 90' lang='lat' dir='ltr'><strong>quo</strong></span> <span class='ocrx_word' id='word_1_405' title='bbox 543 4565 729 4622; x_wconf 90' lang='lat' dir='ltr'><strong>subito</strong></span> <span class='ocrx_word' id='word_1_406' title='bbox 762 4581 888 4620; x_wconf 89' lang='lat' dir='ltr'><strong>eum</strong></span> <span class='ocrx_word' id='word_1_407' title='bbox 910 4563 1148 4636; x_wconf 91' lang='lat' dir='ltr'><strong>quodam</strong></span> <span class='ocrx_word' id='word_1_408' title='bbox 1178 4563 1360 4619; x_wconf 90' lang='lat' dir='ltr'><strong>sonitu</strong></span> <span class='ocrx_word' id='word_1_409' title='bbox 1390 4563 1702 4633; x_wconf 88' lang='lat' dir='ltr'><strong>aperiretur</strong></span> <span class='ocrx_word' id='word_1_410' title='bbox 1723 4571 1978 4634; x_wconf 86' lang='lat' dir='ltr'><strong>egerunt,</strong></span> 
     </span>
    </p>
   </div>
   <div class='ocr_carea' id='block_1_63' title="bbox 393 4653 1988 4730">
    <p class='ocr_par' dir='ltr' id='par_1_63' title="bbox 393 4653 1988 4730">
     <span class='ocr_line' id='line_1_63' title="bbox 393 4653 1988 4730; baseline -0.003 -17"><span class='ocrx_word' id='word_1_411' title='bbox 393 4657 556 4730; x_wconf 88' lang='lat' dir='ltr'><strong>quasi</strong></span> <span class='ocrx_word' id='word_1_412' title='bbox 583 4673 652 4714; x_wconf 89' lang='lat' dir='ltr'><strong>ex</strong></span> <span class='ocrx_word' id='word_1_413' title='bbox 681 4657 919 4728; x_wconf 86' lang='lat' dir='ltr'><strong>quadam</strong></span> <span class='ocrx_word' id='word_1_414' title='bbox 943 4656 1268 4728; x_wconf 89' lang='lat' dir='ltr'><strong>operatione</strong></span> <span class='ocrx_word' id='word_1_415' title='bbox 1311 4654 1581 4710; x_wconf 89' lang='lat' dir='ltr'><strong>divinitus</strong></span> <span class='ocrx_word' id='word_1_416' title='bbox 1627 4654 1756 4709; x_wconf 84' lang='lat' dir='ltr'><strong>facti</strong></span> <span class='ocrx_word' id='word_1_417' title='bbox 1799 4653 1988 4726; x_wconf 87' lang='lat' dir='ltr'><strong>prodi-</strong></span> 
     </span>
    </p>
   </div>
   <div class='ocr_carea' id='block_1_64' title="bbox 394 4743 1988 4823">
    <p class='ocr_par' dir='ltr' id='par_1_64' title="bbox 394 4743 1988 4823">
     <span class='ocr_line' id='line_1_64' title="bbox 394 4743 1988 4823; baseline -0.002 -18"><span class='ocrx_word' id='word_1_418' title='bbox 394 4751 515 4823; x_wconf 83' lang='lat' dir='ltr'><strong>gii,</strong></span> <span class='ocrx_word' id='word_1_419' title='bbox 570 4758 627 4807; x_wconf 90' lang='lat' dir='ltr'><strong>et</strong></span> <span class='ocrx_word' id='word_1_420' title='bbox 676 4750 825 4806; x_wconf 90' lang='lat' dir='ltr'><strong>intro</strong></span> <span class='ocrx_word' id='word_1_421' title='bbox 889 4750 1206 4806; x_wconf 89' lang='lat' dir='ltr'><strong>insilientes</strong></span> <span class='ocrx_word' id='word_1_422' title='bbox 1259 4743 1622 4819; x_wconf 65' lang='lat' dir='ltr'><strong>procid&#39;ebant</strong></span> <span class='ocrx_word' id='word_1_423' title='bbox 1675 4743 1988 4803; x_wconf 87' lang='lat' dir='ltr'><strong>seductoris</strong></span> 
     </span>
    </p>
   </div>
   <div class='ocr_carea' id='block_1_65' title="bbox 394 4837 1982 4906">
    <p class='ocr_par' dir='ltr' id='par_1_65' title="bbox 394 4837 1982 4906">
     <span class='ocr_line' id='line_1_65' title="bbox 394 4837 1982 4906; baseline -0.006 -9"><span class='ocrx_word' id='word_1_424' title='bbox 394 4849 796 4906; x_wconf 90' lang='lat' dir='ltr'><strong>monumento,</strong></span> <span class='ocrx_word' id='word_1_425' title='bbox 856 4840 1007 4896; x_wconf 90' lang='lat' dir='ltr'><strong>hunc</strong></span> <span class='ocrx_word' id='word_1_426' title='bbox 1071 4842 1397 4895; x_wconf 89' lang='lat' dir='ltr'><strong>invocantes</strong></span> <span class='ocrx_word' id='word_1_427' title='bbox 1460 4845 1517 4892; x_wconf 89' lang='lat' dir='ltr'><strong>et</strong></span> <span class='ocrx_word' id='word_1_428' title='bbox 1581 4851 1693 4891; x_wconf 91' lang='lat' dir='ltr'><strong>non</strong></span> <span class='ocrx_word' id='word_1_429' title='bbox 1746 4837 1918 4892; x_wconf 89' lang='lat' dir='ltr'><strong>Deum</strong></span> <span class='ocrx_word' id='word_1_430' title='bbox 1967 4851 1982 4888; x_wconf 88' lang='lat'><strong>:</strong></span> 
     </span>
    </p>
   </div>
   <div class='ocr_carea' id='block_1_66' title="bbox 393 4929 1988 5005">
    <p class='ocr_par' dir='ltr' id='par_1_66' title="bbox 393 4929 1988 5005">
     <span class='ocr_line' id='line_1_66' title="bbox 393 4929 1988 5005; baseline -0.006 -15"><span class='ocrx_word' id='word_1_431' title='bbox 393 4932 608 5005; x_wconf 84' lang='lat' dir='ltr'><strong>Surge,</strong></span> <span class='ocrx_word' id='word_1_432' title='bbox 667 4932 918 4987; x_wconf 89' lang='lat' dir='ltr'><strong>dicentes</strong></span> <span class='ocrx_word' id='word_1_433' title='bbox 951 4971 966 4996; x_wconf 93' lang='lat'><strong>,</strong></span> <span class='ocrx_word' id='word_1_434' title='bbox 1034 4940 1084 4985; x_wconf 88' lang='lat' dir='ltr'><strong>et</strong></span> <span class='ocrx_word' id='word_1_435' title='bbox 1148 4930 1413 4986; x_wconf 75' lang='lat' dir='ltr'><strong>auxiliare</strong></span> <span class='ocrx_word' id='word_1_436' title='bbox 1472 4929 1695 5000; x_wconf 62' lang='lat' dir='ltr'><strong>perdita</strong></span> <span class='ocrx_word' id='word_1_437' title='bbox 1752 4929 1829 4982; x_wconf 81' lang='lat' dir='ltr'><strong>rei</strong></span> <span class='ocrx_word' id='word_1_438' title='bbox 1887 4943 1988 5003; x_wconf 67' lang='lat' dir='ltr'><strong>pa;</strong></span> 
     </span>
    </p>
   </div>
   <div class='ocr_carea' id='block_1_67' title="bbox 394 5021 1984 5093">
    <p class='ocr_par' dir='ltr' id='par_1_67' title="bbox 394 5021 1984 5093">
     <span class='ocr_line' id='line_1_67' title="bbox 394 5021 1984 5093; baseline -0.004 -13"><span class='ocrx_word' id='word_1_439' title='bbox 394 5021 582 5089; x_wconf 66' lang='lat' dir='ltr'><strong>w‘m;</strong></span> <span class='ocrx_word' id='word_1_440' title='bbox 612 5023 1148 5093; x_wconf 80' lang='lat' dir='ltr'><strong>dill‘amaveruntque</strong></span> <span class='ocrx_word' id='word_1_441' title='bbox 1171 5025 1298 5093; x_wconf 88' lang='lat' dir='ltr'><strong>quia</strong></span> <span class='ocrx_word' id='word_1_442' title='bbox 1325 5021 1568 5077; x_wconf 88' lang='lat' dir='ltr'><strong>surrexit</strong></span> <span class='ocrx_word' id='word_1_443' title='bbox 1589 5035 1759 5090; x_wconf 90' lang='lat' dir='ltr'><strong>super</strong></span> <span class='ocrx_word' id='word_1_444' title='bbox 1778 5035 1984 5089; x_wconf 88' lang='lat' dir='ltr'><strong>equum</strong></span> 
     </span>
    </p>
   </div>
   <div class='ocr_carea' id='block_1_68' title="bbox 397 5113 1986 5185">
    <p class='ocr_par' dir='ltr' id='par_1_68' title="bbox 397 5113 1986 5185">
     <span class='ocr_line' id='line_1_68' title="bbox 397 5113 1986 5185; baseline -0.004 -13"><span class='ocrx_word' id='word_1_445' title='bbox 397 5115 619 5181; x_wconf 90' lang='lat' dir='ltr'><strong>sedens,</strong></span> <span class='ocrx_word' id='word_1_446' title='bbox 648 5123 704 5170; x_wconf 89' lang='lat' dir='ltr'><strong>et</strong></span> <span class='ocrx_word' id='word_1_447' title='bbox 741 5115 895 5169; x_wconf 88' lang='lat' dir='ltr'><strong>vadit</strong></span> <span class='ocrx_word' id='word_1_448' title='bbox 930 5113 1196 5185; x_wconf 81' lang='lat' dir='ltr'><strong>Volgares</strong></span> <span class='ocrx_word' id='word_1_449' title='bbox 1224 5114 1553 5180; x_wconf 91' lang='lat' dir='ltr'><strong>bellaturus,</strong></span> <span class='ocrx_word' id='word_1_450' title='bbox 1596 5113 1692 5183; x_wconf 85' lang='lat' dir='ltr'><strong>qui</strong></span> <span class='ocrx_word' id='word_1_451' title='bbox 1735 5128 1765 5168; x_wconf 91' lang='lat' dir='ltr'><strong>e</strong></span> <span class='ocrx_word' id='word_1_452' title='bbox 1791 5121 1986 5168; x_wconf 85' lang='lat' dir='ltr'><strong>contra</strong></span> 
     </span>
    </p>
   </div>
   <div class='ocr_carea' id='block_1_69' title="bbox 397 5203 1988 5270">
    <p class='ocr_par' dir='ltr' id='par_1_69' title="bbox 397 5203 1988 5270">
     <span class='ocr_line' id='line_1_69' title="bbox 397 5203 1988 5270; baseline -0.004 -6"><span class='ocrx_word' id='word_1_453' title='bbox 397 5208 694 5264; x_wconf 85' lang='lat' dir='ltr'><strong>Tartarum</strong></span> <span class='ocrx_word' id='word_1_454' title='bbox 737 5207 951 5263; x_wconf 87' lang='lat' dir='ltr'><strong>habitat</strong></span> <span class='ocrx_word' id='word_1_455' title='bbox 997 5221 1122 5263; x_wconf 92' lang='lat' dir='ltr'><strong>cum</strong></span> <span class='ocrx_word' id='word_1_456' title='bbox 1153 5205 1519 5262; x_wconf 68' lang='lat' dir='ltr'><strong>daemonibus.</strong></span> <span class='ocrx_word' id='word_1_457' title='bbox 1568 5204 1672 5270; x_wconf 83' lang='lat' dir='ltr'><strong>Qui</strong></span> <span class='ocrx_word' id='word_1_458' title='bbox 1706 5205 1775 5259; x_wconf 91' lang='lat' dir='ltr'><strong>ab</strong></span> <span class='ocrx_word' id='word_1_459' title='bbox 1834 5203 1988 5259; x_wconf 88' lang='lat' dir='ltr'><strong>urbis</strong></span> 
     </span>
    </p>
   </div>
   <div class='ocr_carea' id='block_1_70' title="bbox 395 5294 1988 5369">
    <p class='ocr_par' dir='ltr' id='par_1_70' title="bbox 395 5294 1988 5369">
     <span class='ocr_line' id='line_1_70' title="bbox 395 5294 1988 5369; baseline -0.004 -15"><span class='ocrx_word' id='word_1_460' title='bbox 395 5299 662 5364; x_wconf 66' lang='lat' dir='ltr'><strong>praefecto</strong></span> <span class='ocrx_word' id='word_1_461' title='bbox 691 5297 1078 5369; x_wconf 88' lang='lat' dir='ltr'><strong>comprehensi</strong></span> <span class='ocrx_word' id='word_1_462' title='bbox 1107 5297 1286 5369; x_wconf 90' lang='lat' dir='ltr'><strong>primo</strong></span> <span class='ocrx_word' id='word_1_463' title='bbox 1315 5295 1540 5367; x_wconf 88' lang='lat' dir='ltr'><strong>quidem</strong></span> <span class='ocrx_word' id='word_1_464' title='bbox 1573 5294 1988 5349; x_wconf 87' lang='lat' dir='ltr'><strong>mentiebantur</strong></span> 
     </span>
    </p>
   </div>
   <div class='ocr_carea' id='block_1_71' title="bbox 395 5392 1985 5464">
    <p class='ocr_par' dir='ltr' id='par_1_71' title="bbox 395 5392 1985 5464">
     <span class='ocr_line' id='line_1_71' title="bbox 395 5392 1985 5464; baseline -0.005 -13"><span class='ocrx_word' id='word_1_465' title='bbox 395 5396 672 5451; x_wconf 86' lang='lat' dir='ltr'><strong>divinitus</strong></span> <span class='ocrx_word' id='word_1_466' title='bbox 701 5394 847 5450; x_wconf 92' lang='lat' dir='ltr'><strong>ultro</strong></span> <span class='ocrx_word' id='word_1_467' title='bbox 878 5394 1047 5449; x_wconf 83' lang='lat' dir='ltr'><strong>fuisse</strong></span> <span class='ocrx_word' id='word_1_468' title='bbox 1069 5401 1256 5464; x_wconf 89' lang='lat' dir='ltr'><strong>portas</strong></span> <span class='ocrx_word' id='word_1_469' title='bbox 1282 5392 1667 5462; x_wconf 87' lang='lat' dir='ltr'><strong>sepulcrorum</strong></span> <span class='ocrx_word' id='word_1_470' title='bbox 1712 5398 1933 5459; x_wconf 88' lang='lat' dir='ltr'><strong>apertas</strong></span> <span class='ocrx_word' id='word_1_471' title='bbox 1969 5403 1985 5442; x_wconf 91' lang='lat'><strong>:</strong></span> 
     </span>
    </p>
   </div>
   <div class='ocr_carea' id='block_1_72' title="bbox 394 5480 1988 5560">
    <p class='ocr_par' dir='ltr' id='par_1_72' title="bbox 394 5480 1988 5560">
     <span class='ocr_line' id='line_1_72' title="bbox 394 5480 1988 5560; baseline -0.006 -16"><span class='ocrx_word' id='word_1_472' title='bbox 394 5488 715 5560; x_wconf 64' lang='lat' dir='ltr'><strong>praesentati</strong></span> <span class='ocrx_word' id='word_1_473' title='bbox 747 5501 882 5542; x_wconf 84' lang='lat' dir='ltr'><strong>vero</strong></span> <span class='ocrx_word' id='word_1_474' title='bbox 903 5485 1163 5540; x_wconf 89' lang='lat' dir='ltr'><strong>tribunali</strong></span> <span class='ocrx_word' id='word_1_475' title='bbox 1195 5482 1438 5554; x_wconf 58' lang='lat' dir='ltr'><strong>praefecti</strong></span> <span class='ocrx_word' id='word_1_476' title='bbox 1471 5491 1527 5537; x_wconf 88' lang='lat' dir='ltr'><strong>et</strong></span> <span class='ocrx_word' id='word_1_477' title='bbox 1563 5482 1711 5537; x_wconf 86' lang='lat' dir='ltr'><strong>circa</strong></span> <span class='ocrx_word' id='word_1_478' title='bbox 1741 5480 1988 5536; x_wconf 87' lang='lat' dir='ltr'><strong>testimo-</strong></span> 
     </span>
    </p>
   </div>
   <div class='ocr_carea' id='block_1_73' title="bbox 396 5573 1988 5637">
    <p class='ocr_par' dir='ltr' id='par_1_73' title="bbox 396 5573 1988 5637">
     <span class='ocr_line' id='line_1_73' title="bbox 396 5573 1988 5637; baseline -0.008 0"><span class='ocrx_word' id='word_1_479' title='bbox 396 5582 556 5637; x_wconf 89' lang='lat' dir='ltr'><strong>nium</strong></span> <span class='ocrx_word' id='word_1_480' title='bbox 607 5579 984 5637; x_wconf 88' lang='lat' dir='ltr'><strong>claudicantes</strong></span> <span class='ocrx_word' id='word_1_481' title='bbox 1012 5574 1380 5633; x_wconf 87' lang='lat' dir='ltr'><strong>obserationis</strong></span> <span class='ocrx_word' id='word_1_482' title='bbox 1417 5573 1664 5630; x_wconf 89' lang='lat' dir='ltr'><strong>fraudem</strong></span> <span class='ocrx_word' id='word_1_483' title='bbox 1703 5582 1833 5628; x_wconf 89' lang='lat' dir='ltr'><strong>ante</strong></span> <span class='ocrx_word' id='word_1_484' title='bbox 1865 5587 1988 5626; x_wconf 85' lang='lat' dir='ltr'><strong>om—</strong></span> 
     </span>
    </p>
   </div>
   <div class='ocr_carea' id='block_1_74' title="bbox 396 5665 1990 5744">
    <p class='ocr_par' dir='ltr' id='par_1_74' title="bbox 396 5665 1990 5744">
     <span class='ocr_line' id='line_1_74' title="bbox 396 5665 1990 5744; baseline -0.006 -15"><span class='ocrx_word' id='word_1_485' title='bbox 396 5689 530 5744; x_wconf 83' lang='lat' dir='ltr'><strong>nem</strong></span> <span class='ocrx_word' id='word_1_486' title='bbox 577 5687 797 5744; x_wconf 75' lang='lat' dir='ltr'><strong>ptenam</strong></span> <span class='ocrx_word' id='word_1_487' title='bbox 844 5669 1082 5727; x_wconf 81' lang='lat' dir='ltr'><strong>confessi</strong></span> <span class='ocrx_word' id='word_1_488' title='bbox 1117 5677 1442 5739; x_wconf 89' lang='lat' dir='ltr'><strong>sunt;quos</strong></span> <span class='ocrx_word' id='word_1_489' title='bbox 1491 5666 1692 5723; x_wconf 92' lang='lat' dir='ltr'><strong>merito</strong></span> <span class='ocrx_word' id='word_1_490' title='bbox 1738 5665 1990 5721; x_wconf 85' lang='lat' dir='ltr'><strong>vectibus</strong></span> 
     </span>
    </p>
   </div>
   <div class='ocr_carea' id='block_1_75' title="bbox 398 5743 1989 5836">
    <p class='ocr_par' dir='ltr' id='par_1_75' title="bbox 398 5743 1989 5836">
     <span class='ocr_line' id='line_1_75' title="bbox 398 5743 1989 5836; baseline -0.006 -14"><span class='ocrx_word' id='word_1_491' title='bbox 398 5743 653 5822; x_wconf 70' lang='lat' dir='ltr'><strong>subdens</strong></span> <span class='ocrx_word' id='word_1_492' title='bbox 703 5779 920 5836; x_wconf 72' lang='lat' dir='ltr'><strong>pompae</strong></span> <span class='ocrx_word' id='word_1_493' title='bbox 985 5763 1223 5834; x_wconf 67' lang='lat' dir='ltr'><strong>publica:</strong></span> <span class='ocrx_word' id='word_1_494' title='bbox 1281 5759 1561 5822; x_wconf 88' lang='lat' dir='ltr'><strong>submisit,</strong></span> <span class='ocrx_word' id='word_1_495' title='bbox 1616 5758 1989 5814; x_wconf 88' lang='lat' dir='ltr'><strong>vociferantes</strong></span> 
     </span>
    </p>
   </div>
   <div class='ocr_carea' id='block_1_76' title="bbox 401 5849 1987 5928">
    <p class='ocr_par' dir='ltr' id='par_1_76' title="bbox 401 5849 1987 5928">
     <span class='ocr_line' id='line_1_76' title="bbox 401 5849 1987 5928; baseline -0.007 -12"><span class='ocrx_word' id='word_1_496' title='bbox 401 5873 631 5916; x_wconf 75' lang='lat' dir='ltr'><strong>causam</strong></span> <span class='ocrx_word' id='word_1_497' title='bbox 669 5871 862 5928; x_wconf 60' lang='lat' dir='ltr'><strong>preme.</strong></span> <span class='ocrx_word' id='word_1_498' title='bbox 892 5856 984 5912; x_wconf 88' lang='lat' dir='ltr'><strong>Sic</strong></span> <span class='ocrx_word' id='word_1_499' title='bbox 1003 5855 1148 5911; x_wconf 89' lang='lat' dir='ltr'><strong>enim</strong></span> <span class='ocrx_word' id='word_1_500' title='bbox 1174 5853 1432 5924; x_wconf 65' lang='lat' dir='ltr'><strong>nequitiae</strong></span> <span class='ocrx_word' id='word_1_501' title='bbox 1453 5853 1709 5908; x_wconf 73' lang='lat' dir='ltr'><strong>inventor</strong></span> <span class='ocrx_word' id='word_1_502' title='bbox 1731 5849 1987 5906; x_wconf 84' lang='lat' dir='ltr'><strong>diabolus</strong></span> 
     </span>
    </p>
   </div>
   <div class='ocr_carea' id='block_1_77' title="bbox 2082 1983 3676 2056">
    <p class='ocr_par' dir='ltr' id='par_1_77' title="bbox 2082 1983 3676 2056">
     <span class='ocr_line' id='line_1_77' title="bbox 2082 1983 3676 2056; baseline -0.003 -14"><span class='ocrx_word' id='word_1_503' title='bbox 2082 1999 2296 2042; x_wconf 87' lang='lat' dir='ltr'><strong>summa</strong></span> <span class='ocrx_word' id='word_1_504' title='bbox 2332 1985 2460 2056; x_wconf 84' lang='lat' dir='ltr'><strong>fuga</strong></span> <span class='ocrx_word' id='word_1_505' title='bbox 2493 1993 2808 2049; x_wconf 88' lang='lat' dir='ltr'><strong>uterentur,</strong></span> <span class='ocrx_word' id='word_1_506' title='bbox 2837 1985 2913 2039; x_wconf 89' lang='lat' dir='ltr'><strong>ita</strong></span> <span class='ocrx_word' id='word_1_507' title='bbox 2938 1992 2998 2038; x_wconf 91' lang='lat' dir='ltr'><strong>ut</strong></span> <span class='ocrx_word' id='word_1_508' title='bbox 3028 1983 3308 2042; x_wconf 90' lang='lat' dir='ltr'><strong>Crumnus</strong></span> <span class='ocrx_word' id='word_1_509' title='bbox 3351 1993 3676 2040; x_wconf 85' lang='lat' dir='ltr'><strong>consterna-</strong></span> 
     </span>
    </p>
   </div>
   <div class='ocr_carea' id='block_1_78' title="bbox 2085 2076 3672 2147">
    <p class='ocr_par' dir='ltr' id='par_1_78' title="bbox 2085 2076 3672 2147">
     <span class='ocr_line' id='line_1_78' title="bbox 2085 2076 3672 2147; baseline -0.004 -13"><span class='ocrx_word' id='word_1_510' title='bbox 2085 2089 2173 2135; x_wconf 90' lang='lat' dir='ltr'><strong>tus</strong></span> <span class='ocrx_word' id='word_1_511' title='bbox 2203 2079 2502 2135; x_wconf 65' lang='lat' dir='ltr'><strong>aestimaret</strong></span> <span class='ocrx_word' id='word_1_512' title='bbox 2534 2076 2866 2132; x_wconf 89' lang='lat' dir='ltr'><strong>insidiarum</strong></span> <span class='ocrx_word' id='word_1_513' title='bbox 2907 2090 3255 2147; x_wconf 89' lang='lat' dir='ltr'><strong>quarumque</strong></span> <span class='ocrx_word' id='word_1_514' title='bbox 3285 2083 3672 2145; x_wconf 90' lang='lat' dir='ltr'><strong>argumentum</strong></span> 
     </span>
    </p>
   </div>
   <div class='ocr_carea' id='block_1_79' title="bbox 2082 2164 3673 2242">
    <p class='ocr_par' dir='ltr' id='par_1_79' title="bbox 2082 2164 3673 2242">
     <span class='ocr_line' id='line_1_79' title="bbox 2082 2164 3673 2242; baseline -0.006 -13"><span class='ocrx_word' id='word_1_515' title='bbox 2082 2189 2238 2234; x_wconf 86' lang='lat' dir='ltr'><strong>esse;</strong></span> <span class='ocrx_word' id='word_1_516' title='bbox 2269 2188 2380 2242; x_wconf 92' lang='lat' dir='ltr'><strong>quo</strong></span> <span class='ocrx_word' id='word_1_517' title='bbox 2403 2171 2611 2226; x_wconf 89' lang='lat' dir='ltr'><strong>factum</strong></span> <span class='ocrx_word' id='word_1_518' title='bbox 2634 2179 2719 2226; x_wconf 90' lang='lat' dir='ltr'><strong>est</strong></span> <span class='ocrx_word' id='word_1_519' title='bbox 2746 2179 2809 2225; x_wconf 90' lang='lat' dir='ltr'><strong>ut</strong></span> <span class='ocrx_word' id='word_1_520' title='bbox 2829 2170 3108 2225; x_wconf 92' lang='lat' dir='ltr'><strong>modicum</strong></span> <span class='ocrx_word' id='word_1_521' title='bbox 3144 2169 3412 2224; x_wconf 87' lang='lat' dir='ltr'><strong>retineret</strong></span> <span class='ocrx_word' id='word_1_522' title='bbox 3442 2182 3574 2222; x_wconf 91' lang='lat' dir='ltr'><strong>suos</strong></span> <span class='ocrx_word' id='word_1_523' title='bbox 3603 2164 3673 2220; x_wconf 88' lang='lat' dir='ltr'><strong>ab</strong></span> 
     </span>
    </p>
   </div>
   <div class='ocr_carea' id='block_1_80' title="bbox 2085 2259 3676 2334">
    <p class='ocr_par' dir='ltr' id='par_1_80' title="bbox 2085 2259 3676 2334">
     <span class='ocr_line' id='line_1_80' title="bbox 2085 2259 3676 2334; baseline -0.006 -13"><span class='ocrx_word' id='word_1_524' title='bbox 2085 2265 2436 2322; x_wconf 89' lang='lat' dir='ltr'><strong>insecutione</strong></span> <span class='ocrx_word' id='word_1_525' title='bbox 2469 2282 2483 2318; x_wconf 88' lang='lat'><strong>:</strong></span> <span class='ocrx_word' id='word_1_526' title='bbox 2519 2263 2649 2334; x_wconf 90' lang='lat' dir='ltr'><strong>quia</strong></span> <span class='ocrx_word' id='word_1_527' title='bbox 2695 2263 2845 2319; x_wconf 90' lang='lat' dir='ltr'><strong>enim</strong></span> <span class='ocrx_word' id='word_1_528' title='bbox 2876 2262 3015 2318; x_wconf 90' lang='lat' dir='ltr'><strong>vidit</strong></span> <span class='ocrx_word' id='word_1_529' title='bbox 3055 2277 3151 2317; x_wconf 91' lang='lat' dir='ltr'><strong>eos</strong></span> <span class='ocrx_word' id='word_1_530' title='bbox 3177 2260 3297 2316; x_wconf 90' lang='lat' dir='ltr'><strong>sine</strong></span> <span class='ocrx_word' id='word_1_531' title='bbox 3352 2259 3462 2314; x_wconf 89' lang='lat' dir='ltr'><strong>ulla</strong></span> <span class='ocrx_word' id='word_1_532' title='bbox 3488 2267 3676 2314; x_wconf 86' lang='lat' dir='ltr'><strong>reten-</strong></span> 
     </span>
    </p>
   </div>
   <div class='ocr_carea' id='block_1_81' title="bbox 2086 2349 3672 2428">
    <p class='ocr_par' dir='ltr' id='par_1_81' title="bbox 2086 2349 3672 2428">
     <span class='ocr_line' id='line_1_81' title="bbox 2086 2349 3672 2428; baseline -0.006 -14"><span class='ocrx_word' id='word_1_533' title='bbox 2086 2357 2238 2414; x_wconf 89' lang='lat' dir='ltr'><strong>tione</strong></span> <span class='ocrx_word' id='word_1_534' title='bbox 2271 2356 2486 2428; x_wconf 85' lang='lat' dir='ltr'><strong>fugere,</strong></span> <span class='ocrx_word' id='word_1_535' title='bbox 2519 2364 2848 2427; x_wconf 84' lang='lat' dir='ltr'><strong>persecutus</strong></span> <span class='ocrx_word' id='word_1_536' title='bbox 2897 2352 3104 2409; x_wconf 92' lang='lat' dir='ltr'><strong>occidit</strong></span> <span class='ocrx_word' id='word_1_537' title='bbox 3161 2349 3546 2406; x_wconf 88' lang='lat' dir='ltr'><strong>multitudines</strong></span> <span class='ocrx_word' id='word_1_538' title='bbox 3575 2365 3672 2404; x_wconf 77' lang='lat' dir='ltr'><strong>co-</strong></span> 
     </span>
    </p>
   </div>
   <div class='ocr_carea' id='block_1_82' title="bbox 2083 2443 3672 2519">
    <p class='ocr_par' dir='ltr' id='par_1_82' title="bbox 2083 2443 3672 2519">
     <span class='ocr_line' id='line_1_82' title="bbox 2083 2443 3672 2519; baseline -0.004 -16"><span class='ocrx_word' id='word_1_539' title='bbox 2083 2449 2289 2519; x_wconf 89' lang='lat' dir='ltr'><strong>piosas,</strong></span> <span class='ocrx_word' id='word_1_540' title='bbox 2307 2447 2538 2502; x_wconf 89' lang='lat' dir='ltr'><strong>veniens</strong></span> <span class='ocrx_word' id='word_1_541' title='bbox 2563 2447 2930 2502; x_wconf 87' lang='lat' dir='ltr'><strong>nihilominus</strong></span> <span class='ocrx_word' id='word_1_542' title='bbox 2946 2445 3013 2501; x_wconf 91' lang='lat' dir='ltr'><strong>ad</strong></span> <span class='ocrx_word' id='word_1_543' title='bbox 3036 2445 3304 2510; x_wconf 85' lang='lat' dir='ltr'><strong>sarcinas,</strong></span> <span class='ocrx_word' id='word_1_544' title='bbox 3338 2451 3396 2498; x_wconf 82' lang='lat' dir='ltr'><strong>et</strong></span> <span class='ocrx_word' id='word_1_545' title='bbox 3426 2443 3526 2498; x_wconf 87' lang='lat' dir='ltr'><strong>has</strong></span> <span class='ocrx_word' id='word_1_546' title='bbox 3545 2457 3672 2498; x_wconf 91' lang='lat' dir='ltr'><strong>cum</strong></span> 
     </span>
    </p>
   </div>
   <div class='ocr_carea' id='block_1_83' title="bbox 2084 2535 3676 2609">
    <p class='ocr_par' dir='ltr' id='par_1_83' title="bbox 2084 2535 3676 2609">
     <span class='ocr_line' id='line_1_83' title="bbox 2084 2535 3676 2609; baseline -0.003 -14"><span class='ocrx_word' id='word_1_547' title='bbox 2084 2539 2300 2595; x_wconf 88' lang='lat' dir='ltr'><strong>exuviis</strong></span> <span class='ocrx_word' id='word_1_548' title='bbox 2333 2539 2617 2595; x_wconf 84' lang='lat' dir='ltr'><strong>auferens.</strong></span> <span class='ocrx_word' id='word_1_549' title='bbox 2649 2541 2751 2594; x_wconf 82' lang='lat' dir='ltr'><strong>Ast</strong></span> <span class='ocrx_word' id='word_1_550' title='bbox 2787 2538 3089 2609; x_wconf 88' lang='lat' dir='ltr'><strong>imperator</strong></span> <span class='ocrx_word' id='word_1_551' title='bbox 3113 2537 3335 2608; x_wconf 87' lang='lat' dir='ltr'><strong>fugiens</strong></span> <span class='ocrx_word' id='word_1_552' title='bbox 3362 2535 3676 2607; x_wconf 80' lang='lat' dir='ltr'><strong>repedabat</strong></span> 
     </span>
    </p>
   </div>
   <div class='ocr_carea' id='block_1_84' title="bbox 2084 2629 3670 2700">
    <p class='ocr_par' dir='ltr' id='par_1_84' title="bbox 2084 2629 3670 2700">
     <span class='ocr_line' id='line_1_84' title="bbox 2084 2629 3670 2700; baseline -0.003 -12"><span class='ocrx_word' id='word_1_553' title='bbox 2084 2631 2138 2688; x_wconf 87' lang='lat' dir='ltr'><strong>in</strong></span> <span class='ocrx_word' id='word_1_554' title='bbox 2175 2633 2394 2698; x_wconf 90' lang='lat' dir='ltr'><strong>urbem,</strong></span> <span class='ocrx_word' id='word_1_555' title='bbox 2447 2631 2904 2687; x_wconf 88' lang='lat' dir='ltr'><strong>multitudinibus</strong></span> <span class='ocrx_word' id='word_1_556' title='bbox 2960 2631 3271 2700; x_wconf 83' lang='lat' dir='ltr'><strong>harumque</strong></span> <span class='ocrx_word' id='word_1_557' title='bbox 3320 2629 3670 2700; x_wconf 83' lang='lat' dir='ltr'><strong>principibus</strong></span> 
     </span>
    </p>
   </div>
   <div class='ocr_carea' id='block_1_85' title="bbox 2084 2721 3676 2796">
    <p class='ocr_par' dir='ltr' id='par_1_85' title="bbox 2084 2721 3676 2796">
     <span class='ocr_line' id='line_1_85' title="bbox 2084 2721 3676 2796; baseline -0.005 -14"><span class='ocrx_word' id='word_1_558' title='bbox 2084 2725 2347 2796; x_wconf 88' lang='lat' dir='ltr'><strong>sumptis.</strong></span> <span class='ocrx_word' id='word_1_559' title='bbox 2381 2726 2612 2796; x_wconf 91' lang='lat' dir='ltr'><strong>Insuper</strong></span> <span class='ocrx_word' id='word_1_560' title='bbox 2638 2733 2695 2780; x_wconf 89' lang='lat' dir='ltr'><strong>et</strong></span> <span class='ocrx_word' id='word_1_561' title='bbox 2721 2723 2939 2796; x_wconf 88' lang='lat' dir='ltr'><strong>imperii</strong></span> <span class='ocrx_word' id='word_1_562' title='bbox 2975 2721 3341 2795; x_wconf 90' lang='lat' dir='ltr'><strong>pollicebatur</strong></span> <span class='ocrx_word' id='word_1_563' title='bbox 3373 2721 3676 2791; x_wconf 89' lang='lat' dir='ltr'><strong>depositio-</strong></span> 
     </span>
    </p>
   </div>
   <div class='ocr_carea' id='block_1_86' title="bbox 2083 2803 3674 2888">
    <p class='ocr_par' dir='ltr' id='par_1_86' title="bbox 2083 2803 3674 2888">
     <span class='ocr_line' id='line_1_86' title="bbox 2083 2803 3674 2888; baseline -0.004 -16"><span class='ocrx_word' id='word_1_564' title='bbox 2083 2831 2211 2872; x_wconf 89' lang='lat' dir='ltr'><strong>nem</strong></span> <span class='ocrx_word' id='word_1_565' title='bbox 2273 2803 2553 2888; x_wconf 90' lang='lat' dir='ltr'><strong>dejurans.</strong></span> <span class='ocrx_word' id='word_1_566' title='bbox 2595 2815 2745 2871; x_wconf 85' lang='lat' dir='ltr'><strong>Inter</strong></span> <span class='ocrx_word' id='word_1_567' title='bbox 2797 2830 2937 2886; x_wconf 90' lang='lat' dir='ltr'><strong>quos</strong></span> <span class='ocrx_word' id='word_1_568' title='bbox 2975 2822 3033 2869; x_wconf 89' lang='lat' dir='ltr'><strong>et</strong></span> <span class='ocrx_word' id='word_1_569' title='bbox 3071 2814 3316 2868; x_wconf 91' lang='lat' dir='ltr'><strong>Leonem</strong></span> <span class='ocrx_word' id='word_1_570' title='bbox 3369 2811 3674 2882; x_wconf 84' lang='lat' dir='ltr'><strong>patricium</strong></span> 
     </span>
    </p>
   </div>
   <div class='ocr_carea' id='block_1_87' title="bbox 2081 2903 3671 2979">
    <p class='ocr_par' dir='ltr' id='par_1_87' title="bbox 2081 2903 3671 2979">
     <span class='ocr_line' id='line_1_87' title="bbox 2081 2903 3671 2979; baseline -0.004 -15"><span class='ocrx_word' id='word_1_571' title='bbox 2081 2918 2139 2964; x_wconf 90' lang='lat' dir='ltr'><strong>et</strong></span> <span class='ocrx_word' id='word_1_572' title='bbox 2159 2917 2452 2979; x_wconf 65' lang='lat' dir='ltr'><strong>praetorem</strong></span> <span class='ocrx_word' id='word_1_573' title='bbox 2484 2907 2876 2973; x_wconf 88' lang='lat' dir='ltr'><strong>Orientalium,</strong></span> <span class='ocrx_word' id='word_1_574' title='bbox 2915 2917 3176 2977; x_wconf 87' lang='lat' dir='ltr'><strong>tanquam</strong></span> <span class='ocrx_word' id='word_1_575' title='bbox 3210 2907 3362 2976; x_wconf 90' lang='lat' dir='ltr'><strong>pium</strong></span> <span class='ocrx_word' id='word_1_576' title='bbox 3391 2913 3449 2960; x_wconf 89' lang='lat' dir='ltr'><strong>et</strong></span> <span class='ocrx_word' id='word_1_577' title='bbox 3477 2903 3671 2958; x_wconf 87' lang='lat' dir='ltr'><strong>fortis-</strong></span> 
     </span>
    </p>
   </div>
   <div class='ocr_carea' id='block_1_88' title="bbox 2082 2995 3670 3071">
    <p class='ocr_par' dir='ltr' id='par_1_88' title="bbox 2082 2995 3670 3071">
     <span class='ocr_line' id='line_1_88' title="bbox 2082 2995 3670 3071; baseline -0.004 -16"><span class='ocrx_word' id='word_1_578' title='bbox 2082 2999 2284 3056; x_wconf 90' lang='lat' dir='ltr'><strong>simum</strong></span> <span class='ocrx_word' id='word_1_579' title='bbox 2315 3010 2369 3055; x_wconf 88' lang='lat' dir='ltr'><strong>et</strong></span> <span class='ocrx_word' id='word_1_580' title='bbox 2392 3017 2491 3071; x_wconf 90' lang='lat' dir='ltr'><strong>per</strong></span> <span class='ocrx_word' id='word_1_581' title='bbox 2515 3000 2702 3055; x_wconf 91' lang='lat' dir='ltr'><strong>omnia</strong></span> <span class='ocrx_word' id='word_1_582' title='bbox 2732 3008 3046 3061; x_wconf 88' lang='lat' dir='ltr'><strong>strenuum,</strong></span> <span class='ocrx_word' id='word_1_583' title='bbox 3083 2997 3138 3052; x_wconf 90' lang='lat' dir='ltr'><strong>in</strong></span> <span class='ocrx_word' id='word_1_584' title='bbox 3162 2995 3402 3052; x_wconf 88' lang='lat' dir='ltr'><strong>tenendo</strong></span> <span class='ocrx_word' id='word_1_585' title='bbox 3430 2995 3670 3067; x_wconf 90' lang='lat' dir='ltr'><strong>imperio</strong></span> 
     </span>
    </p>
   </div>
   <div class='ocr_carea' id='block_1_89' title="bbox 2083 3087 3672 3158">
    <p class='ocr_par' dir='ltr' id='par_1_89' title="bbox 2083 3087 3672 3158">
     <span class='ocr_line' id='line_1_89' title="bbox 2083 3087 3672 3158; baseline -0.004 -11"><span class='ocrx_word' id='word_1_586' title='bbox 2083 3092 2356 3148; x_wconf 88' lang='lat' dir='ltr'><strong>asciscere</strong></span> <span class='ocrx_word' id='word_1_587' title='bbox 2375 3092 2585 3147; x_wconf 91' lang='lat' dir='ltr'><strong>socium</strong></span> <span class='ocrx_word' id='word_1_588' title='bbox 2604 3091 2800 3146; x_wconf 91' lang='lat' dir='ltr'><strong>voluit.</strong></span> <span class='ocrx_word' id='word_1_589' title='bbox 2822 3090 2926 3156; x_wconf 86' lang='lat' dir='ltr'><strong>Qui</strong></span> <span class='ocrx_word' id='word_1_590' title='bbox 2948 3089 3264 3144; x_wconf 83' lang='lat' dir='ltr'><strong>nullatenus</strong></span> <span class='ocrx_word' id='word_1_591' title='bbox 3289 3087 3672 3158; x_wconf 81' lang='lat' dir='ltr'><strong>acquiescens,</strong></span> 
     </span>
    </p>
   </div>
   <div class='ocr_carea' id='block_1_90' title="bbox 2085 3176 3675 3252">
    <p class='ocr_par' dir='ltr' id='par_1_90' title="bbox 2085 3176 3675 3252">
     <span class='ocr_line' id='line_1_90' title="bbox 2085 3176 3675 3252; baseline -0.004 -16"><span class='ocrx_word' id='word_1_592' title='bbox 2085 3181 2297 3236; x_wconf 89' lang='lat' dir='ltr'><strong>dimisit</strong></span> <span class='ocrx_word' id='word_1_593' title='bbox 2318 3196 2443 3237; x_wconf 92' lang='lat' dir='ltr'><strong>cum</strong></span> <span class='ocrx_word' id='word_1_594' title='bbox 2469 3195 2708 3252; x_wconf 68' lang='lat' dir='ltr'><strong>praeesse</strong></span> <span class='ocrx_word' id='word_1_595' title='bbox 2733 3179 3092 3241; x_wconf 87' lang='lat' dir='ltr'><strong>thematibus,</strong></span> <span class='ocrx_word' id='word_1_596' title='bbox 3121 3178 3347 3250; x_wconf 88' lang='lat' dir='ltr'><strong>ipseque</strong></span> <span class='ocrx_word' id='word_1_597' title='bbox 3373 3177 3439 3232; x_wconf 90' lang='lat' dir='ltr'><strong>ad</strong></span> <span class='ocrx_word' id='word_1_598' title='bbox 3465 3176 3675 3248; x_wconf 85' lang='lat' dir='ltr'><strong>regiam</strong></span> 
     </span>
    </p>
   </div>
   <div class='ocr_carea' id='block_1_91' title="bbox 2086 3267 3676 3345">
    <p class='ocr_par' dir='ltr' id='par_1_91' title="bbox 2086 3267 3676 3345">
     <span class='ocr_line' id='line_1_91' title="bbox 2086 3267 3676 3345; baseline -0.004 -17"><span class='ocrx_word' id='word_1_599' title='bbox 2086 3273 2344 3345; x_wconf 88' lang='lat' dir='ltr'><strong>pervenit</strong></span> <span class='ocrx_word' id='word_1_600' title='bbox 2388 3274 2586 3327; x_wconf 89' lang='lat' dir='ltr'><strong>urbem</strong></span> <span class='ocrx_word' id='word_1_601' title='bbox 2635 3282 2833 3328; x_wconf 84' lang='lat' dir='ltr'><strong>octavo</strong></span> <span class='ocrx_word' id='word_1_602' title='bbox 2885 3270 3162 3326; x_wconf 79' lang='lat' dir='ltr'><strong>Kalendas</strong></span> <span class='ocrx_word' id='word_1_603' title='bbox 3227 3269 3428 3334; x_wconf 70' lang='lat' dir='ltr'><strong>Iulias,</strong></span> <span class='ocrx_word' id='word_1_604' title='bbox 3482 3267 3676 3322; x_wconf 88' lang='lat' dir='ltr'><strong>volens</strong></span> 
     </span>
    </p>
   </div>
   <div class='ocr_carea' id='block_1_92' title="bbox 2086 3359 3675 3436">
    <p class='ocr_par' dir='ltr' id='par_1_92' title="bbox 2086 3359 3675 3436">
     <span class='ocr_line' id='line_1_92' title="bbox 2086 3359 3675 3436; baseline -0.004 -16"><span class='ocrx_word' id='word_1_605' title='bbox 2086 3364 2674 3436; x_wconf 87' lang='lat' dir='ltr'><strong>deponereimperium</strong></span> <span class='ocrx_word' id='word_1_606' title='bbox 2707 3363 2946 3417; x_wconf 91' lang='lat' dir='ltr'><strong>etalium</strong></span> <span class='ocrx_word' id='word_1_607' title='bbox 2972 3375 3336 3432; x_wconf 85' lang='lat' dir='ltr'><strong>promovere;</strong></span> <span class='ocrx_word' id='word_1_608' title='bbox 3369 3359 3461 3429; x_wconf 89' lang='lat' dir='ltr'><strong>qui</strong></span> <span class='ocrx_word' id='word_1_609' title='bbox 3489 3370 3675 3414; x_wconf 88' lang='lat' dir='ltr'><strong>tamen</strong></span> 
     </span>
    </p>
   </div>
   <div class='ocr_carea' id='block_1_93' title="bbox 2085 3449 3673 3524">
    <p class='ocr_par' dir='ltr' id='par_1_93' title="bbox 2085 3449 3673 3524">
     <span class='ocr_line' id='line_1_93' title="bbox 2085 3449 3673 3524; baseline -0.004 -12"><span class='ocrx_word' id='word_1_610' title='bbox 2085 3457 2156 3512; x_wconf 88' lang='lat' dir='ltr'><strong>ab</strong></span> <span class='ocrx_word' id='word_1_611' title='bbox 2175 3472 2368 3520; x_wconf 86' lang='lat' dir='ltr'><strong>uxore,</strong></span> <span class='ocrx_word' id='word_1_612' title='bbox 2399 3467 2456 3511; x_wconf 92' lang='lat' dir='ltr'><strong>et</strong></span> <span class='ocrx_word' id='word_1_613' title='bbox 2493 3456 2563 3510; x_wconf 85' lang='lat' dir='ltr'><strong>ab</strong></span> <span class='ocrx_word' id='word_1_614' title='bbox 2586 3454 2675 3510; x_wconf 90' lang='lat' dir='ltr'><strong>his</strong></span> <span class='ocrx_word' id='word_1_615' title='bbox 2695 3455 2789 3524; x_wconf 89' lang='lat' dir='ltr'><strong>qui</strong></span> <span class='ocrx_word' id='word_1_616' title='bbox 2827 3453 3086 3524; x_wconf 88' lang='lat' dir='ltr'><strong>nequiter</strong></span> <span class='ocrx_word' id='word_1_617' title='bbox 3117 3449 3540 3524; x_wconf 70' lang='lat' dir='ltr'><strong>prtevaluera‘nt,</strong></span> <span class='ocrx_word' id='word_1_618' title='bbox 3561 3465 3673 3505; x_wconf 83' lang='lat' dir='ltr'><strong>non</strong></span> 
     </span>
    </p>
   </div>
   <div class='ocr_carea' id='block_1_94' title="bbox 2083 3542 3676 3620">
    <p class='ocr_par' dir='ltr' id='par_1_94' title="bbox 2083 3542 3676 3620">
     <span class='ocr_line' id='line_1_94' title="bbox 2083 3542 3676 3620; baseline -0.006 -15"><span class='ocrx_word' id='word_1_619' title='bbox 2083 3559 2171 3605; x_wconf 87' lang='lat' dir='ltr'><strong>est</strong></span> <span class='ocrx_word' id='word_1_620' title='bbox 2199 3548 2520 3620; x_wconf 89' lang='lat' dir='ltr'><strong>permissus.</strong></span> <span class='ocrx_word' id='word_1_621' title='bbox 2554 3548 2757 3604; x_wconf 78' lang='lat' dir='ltr'><strong>Verum</strong></span> <span class='ocrx_word' id='word_1_622' title='bbox 2791 3547 2846 3600; x_wconf 91' lang='lat' dir='ltr'><strong>in</strong></span> <span class='ocrx_word' id='word_1_623' title='bbox 2872 3546 2978 3600; x_wconf 88' lang='lat' dir='ltr'><strong>hoc</strong></span> <span class='ocrx_word' id='word_1_624' title='bbox 3013 3545 3358 3614; x_wconf 85' lang='lat' dir='ltr'><strong>Nicephorus</strong></span> <span class='ocrx_word' id='word_1_625' title='bbox 3385 3542 3676 3598; x_wconf 87' lang='lat' dir='ltr'><strong>sanctissi-</strong></span> 
     </span>
    </p>
   </div>
   <div class='ocr_carea' id='block_1_95' title="bbox 2083 3635 3675 3711">
    <p class='ocr_par' dir='ltr' id='par_1_95' title="bbox 2083 3635 3675 3711">
     <span class='ocr_line' id='line_1_95' title="bbox 2083 3635 3675 3711; baseline -0.006 -14"><span class='ocrx_word' id='word_1_626' title='bbox 2083 3657 2209 3697; x_wconf 89' lang='lat' dir='ltr'><strong>mus</strong></span> <span class='ocrx_word' id='word_1_627' title='bbox 2231 3640 2545 3711; x_wconf 89' lang='lat' dir='ltr'><strong>patriarcha</strong></span> <span class='ocrx_word' id='word_1_628' title='bbox 2591 3637 2976 3694; x_wconf 87' lang='lat' dir='ltr'><strong>consentiebat</strong></span> <span class='ocrx_word' id='word_1_629' title='bbox 3007 3656 3020 3690; x_wconf 90' lang='lat'><strong>:</strong></span> <span class='ocrx_word' id='word_1_630' title='bbox 3051 3637 3119 3691; x_wconf 88' lang='lat' dir='ltr'><strong>Et</strong></span> <span class='ocrx_word' id='word_1_631' title='bbox 3150 3639 3282 3708; x_wconf 82' lang='lat' dir='ltr'><strong>ipse,</strong></span> <span class='ocrx_word' id='word_1_632' title='bbox 3308 3635 3590 3706; x_wconf 91' lang='lat' dir='ltr'><strong>inquiens,</strong></span> <span class='ocrx_word' id='word_1_633' title='bbox 3623 3645 3675 3688; x_wconf 87' lang='lat' dir='ltr'><strong>et</strong></span> 
     </span>
    </p>
   </div>
   <div class='ocr_carea' id='block_1_96' title="bbox 2083 3727 3675 3804">
    <p class='ocr_par' dir='ltr' id='par_1_96' title="bbox 2083 3727 3675 3804">
     <span class='ocr_line' id='line_1_96' title="bbox 2083 3727 3675 3804; baseline -0.007 -15"><span class='ocrx_word' id='word_1_634' title='bbox 2083 3733 2188 3804; x_wconf 78' lang='lat' dir='ltr'><strong>ﬁlii</strong></span> <span class='ocrx_word' id='word_1_635' title='bbox 2209 3735 2323 3804; x_wconf 87' lang='lat' dir='ltr'><strong>ejus</strong></span> <span class='ocrx_word' id='word_1_636' title='bbox 2354 3731 2603 3788; x_wconf 81' lang='lat' dir='ltr'><strong>saluandi</strong></span> <span class='ocrx_word' id='word_1_637' title='bbox 2632 3739 2807 3794; x_wconf 85' lang='lat' dir='ltr'><strong>erunt,</strong></span> <span class='ocrx_word' id='word_1_638' title='bbox 2841 3731 2886 3784; x_wconf 87' lang='lat' dir='ltr'><strong>si</strong></span> <span class='ocrx_word' id='word_1_639' title='bbox 2915 3727 3095 3784; x_wconf 78' lang='lat' dir='ltr'><strong>taliter</strong></span> <span class='ocrx_word' id='word_1_640' title='bbox 3123 3728 3238 3798; x_wconf 83' lang='lat' dir='ltr'><strong>quis</strong></span> <span class='ocrx_word' id='word_1_641' title='bbox 3279 3735 3675 3797; x_wconf 70' lang='lat' dir='ltr'><strong>promereatur.</strong></span> 
     </span>
    </p>
   </div>
   <div class='ocr_carea' id='block_1_97' title="bbox 2085 3819 3679 3896">
    <p class='ocr_par' dir='ltr' id='par_1_97' title="bbox 2085 3819 3679 3896">
     <span class='ocr_line' id='line_1_97' title="bbox 2085 3819 3679 3896; baseline -0.008 -12"><span class='ocrx_word' id='word_1_642' title='bbox 2085 3828 2156 3884; x_wconf 87' lang='lat' dir='ltr'><strong>At</strong></span> <span class='ocrx_word' id='word_1_643' title='bbox 2177 3842 2311 3883; x_wconf 81' lang='lat' dir='ltr'><strong>vero</strong></span> <span class='ocrx_word' id='word_1_644' title='bbox 2343 3835 2610 3896; x_wconf 80' lang='lat' dir='ltr'><strong>praetores</strong></span> <span class='ocrx_word' id='word_1_645' title='bbox 2630 3823 2910 3878; x_wconf 88' lang='lat' dir='ltr'><strong>discentes</strong></span> <span class='ocrx_word' id='word_1_646' title='bbox 2934 3822 3328 3892; x_wconf 88' lang='lat' dir='ltr'><strong>imperatorem</strong></span> <span class='ocrx_word' id='word_1_647' title='bbox 3368 3834 3495 3875; x_wconf 89' lang='lat' dir='ltr'><strong>cum</strong></span> <span class='ocrx_word' id='word_1_648' title='bbox 3537 3819 3679 3872; x_wconf 79' lang='lat' dir='ltr'><strong>mul-</strong></span> 
     </span>
    </p>
   </div>
   <div class='ocr_carea' id='block_1_98' title="bbox 2085 3908 3674 3985">
    <p class='ocr_par' dir='ltr' id='par_1_98' title="bbox 2085 3908 3674 3985">
     <span class='ocr_line' id='line_1_98' title="bbox 2085 3908 3674 3985; baseline -0.008 -11"><span class='ocrx_word' id='word_1_649' title='bbox 2085 3918 2423 3975; x_wconf 89' lang='lat' dir='ltr'><strong>titudinibus</strong></span> <span class='ocrx_word' id='word_1_650' title='bbox 2449 3917 2507 3971; x_wconf 90' lang='lat' dir='ltr'><strong>in</strong></span> <span class='ocrx_word' id='word_1_651' title='bbox 2540 3917 2733 3970; x_wconf 88' lang='lat' dir='ltr'><strong>urbem</strong></span> <span class='ocrx_word' id='word_1_652' title='bbox 2761 3914 2988 3985; x_wconf 88' lang='lat' dir='ltr'><strong>fugisse,</strong></span> <span class='ocrx_word' id='word_1_653' title='bbox 3023 3911 3302 3981; x_wconf 88' lang='lat' dir='ltr'><strong>desperati</strong></span> <span class='ocrx_word' id='word_1_654' title='bbox 3333 3910 3402 3965; x_wconf 90' lang='lat' dir='ltr'><strong>ab</strong></span> <span class='ocrx_word' id='word_1_655' title='bbox 3432 3925 3499 3965; x_wconf 92' lang='lat' dir='ltr'><strong>eo</strong></span> <span class='ocrx_word' id='word_1_656' title='bbox 3529 3908 3674 3979; x_wconf 89' lang='lat' dir='ltr'><strong>quod</strong></span> 
     </span>
    </p>
   </div>
   <div class='ocr_carea' id='block_1_99' title="bbox 2086 4001 3679 4077">
    <p class='ocr_par' dir='ltr' id='par_1_99' title="bbox 2086 4001 3679 4077">
     <span class='ocr_line' id='line_1_99' title="bbox 2086 4001 3679 4077; baseline -0.008 -11"><span class='ocrx_word' id='word_1_657' title='bbox 2086 4010 2155 4066; x_wconf 90' lang='lat' dir='ltr'><strong>de</strong></span> <span class='ocrx_word' id='word_1_658' title='bbox 2168 4005 2690 4077; x_wconf 69' lang='lat' dir='ltr'><strong>caeteroimperandi</strong></span> <span class='ocrx_word' id='word_1_659' title='bbox 2723 4005 2927 4069; x_wconf 88' lang='lat' dir='ltr'><strong>forent,</strong></span> <span class='ocrx_word' id='word_1_660' title='bbox 2955 4013 3012 4059; x_wconf 91' lang='lat' dir='ltr'><strong>ct</strong></span> <span class='ocrx_word' id='word_1_661' title='bbox 3037 4002 3312 4058; x_wconf 90' lang='lat' dir='ltr'><strong>consiliati</strong></span> <span class='ocrx_word' id='word_1_662' title='bbox 3333 4001 3476 4072; x_wconf 89' lang='lat' dir='ltr'><strong>apud</strong></span> <span class='ocrx_word' id='word_1_663' title='bbox 3501 4008 3679 4056; x_wconf 83' lang='lat' dir='ltr'><strong>semet</strong></span> 
     </span>
    </p>
   </div>
   <div class='ocr_carea' id='block_1_100' title="bbox 2089 4093 3676 4174">
    <p class='ocr_par' dir='ltr' id='par_1_100' title="bbox 2089 4093 3676 4174">
     <span class='ocr_line' id='line_1_100' title="bbox 2089 4093 3676 4174; baseline -0.008 -17"><span class='ocrx_word' id='word_1_664' title='bbox 2089 4103 2236 4174; x_wconf 89' lang='lat' dir='ltr'><strong>ipsos</strong></span> <span class='ocrx_word' id='word_1_665' title='bbox 2261 4100 2634 4171; x_wconf 88' lang='lat' dir='ltr'><strong>implorabant</strong></span> <span class='ocrx_word' id='word_1_666' title='bbox 2668 4097 2914 4154; x_wconf 89' lang='lat' dir='ltr'><strong>Leonem</strong></span> <span class='ocrx_word' id='word_1_667' title='bbox 2959 4093 3257 4167; x_wconf 89' lang='lat' dir='ltr'><strong>patricium</strong></span> <span class='ocrx_word' id='word_1_668' title='bbox 3291 4101 3348 4149; x_wconf 90' lang='lat' dir='ltr'><strong>et</strong></span> <span class='ocrx_word' id='word_1_669' title='bbox 3381 4101 3676 4164; x_wconf 74' lang='lat' dir='ltr'><strong>prtetorem</strong></span> 
     </span>
    </p>
   </div>
   <div class='ocr_carea' id='block_1_101' title="bbox 2085 4177 3678 4264">
    <p class='ocr_par' dir='ltr' id='par_1_101' title="bbox 2085 4177 3678 4264">
     <span class='ocr_line' id='line_1_101' title="bbox 2085 4177 3678 4264; baseline -0.007 -12"><span class='ocrx_word' id='word_1_670' title='bbox 2085 4177 2472 4260; x_wconf 84' lang='lat' dir='ltr'><strong>Orientalium,</strong></span> <span class='ocrx_word' id='word_1_671' title='bbox 2497 4209 2607 4264; x_wconf 90' lang='lat' dir='ltr'><strong>quo</strong></span> <span class='ocrx_word' id='word_1_672' title='bbox 2638 4192 3004 4248; x_wconf 82' lang='lat' dir='ltr'><strong>auxiliaretur</strong></span> <span class='ocrx_word' id='word_1_673' title='bbox 3032 4187 3312 4243; x_wconf 88' lang='lat' dir='ltr'><strong>communi</strong></span> <span class='ocrx_word' id='word_1_674' title='bbox 3340 4187 3416 4241; x_wconf 91' lang='lat' dir='ltr'><strong>rei</strong></span> <span class='ocrx_word' id='word_1_675' title='bbox 3441 4185 3678 4256; x_wconf 74' lang='lat' dir='ltr'><strong>publica:</strong></span> 
     </span>
    </p>
   </div>
   <div class='ocr_carea' id='block_1_102' title="bbox 2086 4275 3677 4353">
    <p class='ocr_par' dir='ltr' id='par_1_102' title="bbox 2086 4275 3677 4353">
     <span class='ocr_line' id='line_1_102' title="bbox 2086 4275 3677 4353; baseline -0.01 -9"><span class='ocrx_word' id='word_1_676' title='bbox 2086 4297 2144 4344; x_wconf 91' lang='lat' dir='ltr'><strong>et</strong></span> <span class='ocrx_word' id='word_1_677' title='bbox 2171 4286 2616 4344; x_wconf 85' lang='lat' dir='ltr'><strong>Christianorum</strong></span> <span class='ocrx_word' id='word_1_678' title='bbox 2671 4280 2927 4353; x_wconf 85' lang='lat' dir='ltr'><strong>religioni</strong></span> <span class='ocrx_word' id='word_1_679' title='bbox 2984 4278 3373 4349; x_wconf 84' lang='lat' dir='ltr'><strong>upitularetur.</strong></span> <span class='ocrx_word' id='word_1_680' title='bbox 3425 4275 3523 4330; x_wconf 87' lang='lat' dir='ltr'><strong>Ast</strong></span> <span class='ocrx_word' id='word_1_681' title='bbox 3583 4276 3677 4332; x_wconf 88' lang='lat' dir='ltr'><strong>ille</strong></span> 
     </span>
    </p>
   </div>
   <div class='ocr_carea' id='block_1_103' title="bbox 2086 4367 3674 4451">
    <p class='ocr_par' dir='ltr' id='par_1_103' title="bbox 2086 4367 3674 4451">
     <span class='ocr_line' id='line_1_103' title="bbox 2086 4367 3674 4451; baseline -0.012 -14"><span class='ocrx_word' id='word_1_682' title='bbox 2086 4379 2409 4451; x_wconf 84' lang='lat' dir='ltr'><strong>aliquandiu</strong></span> <span class='ocrx_word' id='word_1_683' title='bbox 2434 4378 2799 4433; x_wconf 85' lang='lat' dir='ltr'><strong>vehementer</strong></span> <span class='ocrx_word' id='word_1_684' title='bbox 2828 4371 3122 4428; x_wconf 74' lang='lat' dir='ltr'><strong>differebat</strong></span> <span class='ocrx_word' id='word_1_685' title='bbox 3151 4379 3393 4440; x_wconf 85' lang='lat' dir='ltr'><strong>tempus,</strong></span> <span class='ocrx_word' id='word_1_686' title='bbox 3416 4367 3674 4426; x_wconf 48' lang='lat' dir='ltr'><strong>conside.</strong></span> 
     </span>
    </p>
   </div>
   <div class='ocr_carea' id='block_1_104' title="bbox 2089 4463 3670 4534">
    <p class='ocr_par' dir='ltr' id='par_1_104' title="bbox 2089 4463 3670 4534">
     <span class='ocr_line' id='line_1_104' title="bbox 2089 4463 3670 4534; baseline -0.008 -5"><span class='ocrx_word' id='word_1_687' title='bbox 2089 4488 2217 4529; x_wconf 90' lang='lat' dir='ltr'><strong>rans</strong></span> <span class='ocrx_word' id='word_1_688' title='bbox 2245 4469 2630 4534; x_wconf 69' lang='lat' dir='ltr'><strong>difficultatem</strong></span> <span class='ocrx_word' id='word_1_689' title='bbox 2657 4476 2714 4523; x_wconf 88' lang='lat' dir='ltr'><strong>et</strong></span> <span class='ocrx_word' id='word_1_690' title='bbox 2741 4467 3108 4522; x_wconf 83' lang='lat' dir='ltr'><strong>Barbarorum</strong></span> <span class='ocrx_word' id='word_1_691' title='bbox 3152 4463 3528 4520; x_wconf 85' lang='lat' dir='ltr'><strong>incursionem</strong></span> <span class='ocrx_word' id='word_1_692' title='bbox 3579 4463 3670 4518; x_wconf 90' lang='lat' dir='ltr'><strong>in-</strong></span> 
     </span>
    </p>
   </div>
   <div class='ocr_carea' id='block_1_105' title="bbox 2015 4557 3677 4629">
    <p class='ocr_par' dir='ltr' id='par_1_105' title="bbox 2015 4557 3677 4629">
     <span class='ocr_line' id='line_1_105' title="bbox 2015 4557 3677 4629; baseline -0.01 -4"><span class='ocrx_word' id='word_1_693' title='bbox 2015 4569 2059 4626; x_wconf 86' lang='lat' dir='ltr'><strong>D</strong></span> <span class='ocrx_word' id='word_1_694' title='bbox 2087 4564 2452 4626; x_wconf 88' lang='lat' dir='ltr'><strong>tolerabilem,</strong></span> <span class='ocrx_word' id='word_1_695' title='bbox 2495 4571 2552 4618; x_wconf 89' lang='lat' dir='ltr'><strong>et</strong></span> <span class='ocrx_word' id='word_1_696' title='bbox 2573 4570 2748 4618; x_wconf 90' lang='lat' dir='ltr'><strong>semet</strong></span> <span class='ocrx_word' id='word_1_697' title='bbox 2777 4559 2956 4629; x_wconf 79' lang='lat' dir='ltr'><strong>ipsum</strong></span> <span class='ocrx_word' id='word_1_698' title='bbox 2991 4571 3120 4628; x_wconf 89' lang='lat' dir='ltr'><strong>erga</strong></span> <span class='ocrx_word' id='word_1_699' title='bbox 3141 4557 3506 4627; x_wconf 88' lang='lat' dir='ltr'><strong>imperatores</strong></span> <span class='ocrx_word' id='word_1_700' title='bbox 3539 4570 3677 4610; x_wconf 88' lang='lat' dir='ltr'><strong>con-</strong></span> 
     </span>
    </p>
   </div>
   <div class='ocr_carea' id='block_1_106' title="bbox 2086 4646 3679 4721">
    <p class='ocr_par' dir='ltr' id='par_1_106' title="bbox 2086 4646 3679 4721">
     <span class='ocr_line' id='line_1_106' title="bbox 2086 4646 3679 4721; baseline -0.008 -7"><span class='ocrx_word' id='word_1_701' title='bbox 2086 4672 2316 4714; x_wconf 83' lang='lat' dir='ltr'><strong>servans</strong></span> <span class='ocrx_word' id='word_1_702' title='bbox 2367 4661 2585 4710; x_wconf 90' lang='lat' dir='ltr'><strong>rectum</strong></span> <span class='ocrx_word' id='word_1_703' title='bbox 2633 4661 2691 4707; x_wconf 89' lang='lat' dir='ltr'><strong>et</strong></span> <span class='ocrx_word' id='word_1_704' title='bbox 2739 4649 2948 4721; x_wconf 88' lang='lat' dir='ltr'><strong>absque</strong></span> <span class='ocrx_word' id='word_1_705' title='bbox 2987 4646 3224 4705; x_wconf 84' lang='lat' dir='ltr'><strong>insidiis.</strong></span> <span class='ocrx_word' id='word_1_706' title='bbox 3271 4647 3412 4715; x_wconf 84' lang='lat' dir='ltr'><strong>Quia</strong></span> <span class='ocrx_word' id='word_1_707' title='bbox 3449 4662 3584 4703; x_wconf 87' lang='lat' dir='ltr'><strong>vero</strong></span> <span class='ocrx_word' id='word_1_708' title='bbox 3607 4647 3679 4702; x_wconf 82' lang='lat' dir='ltr'><strong>ad</strong></span> 
     </span>
    </p>
   </div>
   <div class='ocr_carea' id='block_1_107' title="bbox 2087 4731 3680 4819">
    <p class='ocr_par' dir='ltr' id='par_1_107' title="bbox 2087 4731 3680 4819">
     <span class='ocr_line' id='line_1_107' title="bbox 2087 4731 3680 4819; baseline -0.008 -14"><span class='ocrx_word' id='word_1_709' title='bbox 2087 4750 2280 4806; x_wconf 79' lang='lat' dir='ltr'><strong>urbem</strong></span> <span class='ocrx_word' id='word_1_710' title='bbox 2308 4761 2608 4819; x_wconf 86' lang='lat' dir='ltr'><strong>properare</strong></span> <span class='ocrx_word' id='word_1_711' title='bbox 2633 4745 2920 4800; x_wconf 87' lang='lat' dir='ltr'><strong>inimicum</strong></span> <span class='ocrx_word' id='word_1_712' title='bbox 2952 4741 3116 4808; x_wconf 87' lang='lat' dir='ltr'><strong>vidit,</strong></span> <span class='ocrx_word' id='word_1_713' title='bbox 3143 4731 3340 4798; x_wconf 81' lang='lat' dir='ltr'><strong>scribit</strong></span> <span class='ocrx_word' id='word_1_714' title='bbox 3364 4739 3680 4810; x_wconf 85' lang='lat' dir='ltr'><strong>Nicephoro</strong></span> 
     </span>
    </p>
   </div>
   <div class='ocr_carea' id='block_1_108' title="bbox 2086 4833 3676 4914">
    <p class='ocr_par' dir='ltr' id='par_1_108' title="bbox 2086 4833 3676 4914">
     <span class='ocr_line' id='line_1_108' title="bbox 2086 4833 3676 4914; baseline -0.008 -15"><span class='ocrx_word' id='word_1_715' title='bbox 2086 4841 2415 4914; x_wconf 84' lang='lat' dir='ltr'><strong>patriarchae</strong></span> <span class='ocrx_word' id='word_1_716' title='bbox 2435 4839 2504 4896; x_wconf 92' lang='lat' dir='ltr'><strong>de</strong></span> <span class='ocrx_word' id='word_1_717' title='bbox 2541 4846 2691 4893; x_wconf 88' lang='lat' dir='ltr'><strong>recta</strong></span> <span class='ocrx_word' id='word_1_718' title='bbox 2716 4836 2823 4892; x_wconf 82' lang='lat' dir='ltr'><strong>fide</strong></span> <span class='ocrx_word' id='word_1_719' title='bbox 2845 4851 2942 4892; x_wconf 79' lang='lat' dir='ltr'><strong>sua</strong></span> <span class='ocrx_word' id='word_1_720' title='bbox 2973 4834 3272 4900; x_wconf 72' lang='lat' dir='ltr'><strong>animans,</strong></span> <span class='ocrx_word' id='word_1_721' title='bbox 3299 4843 3492 4906; x_wconf 72' lang='lat' dir='ltr'><strong>petens</strong></span> <span class='ocrx_word' id='word_1_722' title='bbox 3510 4833 3676 4888; x_wconf 87' lang='lat' dir='ltr'><strong>etiam</strong></span> 
     </span>
    </p>
   </div>
   <div class='ocr_carea' id='block_1_109' title="bbox 2088 4927 3673 5000">
    <p class='ocr_par' dir='ltr' id='par_1_109' title="bbox 2088 4927 3673 5000">
     <span class='ocr_line' id='line_1_109' title="bbox 2088 4927 3673 5000; baseline -0.007 -12"><span class='ocrx_word' id='word_1_723' title='bbox 2088 4943 2149 4988; x_wconf 90' lang='lat' dir='ltr'><strong>ut</strong></span> <span class='ocrx_word' id='word_1_724' title='bbox 2174 4950 2300 4990; x_wconf 91' lang='lat' dir='ltr'><strong>cum</strong></span> <span class='ocrx_word' id='word_1_725' title='bbox 2349 4932 2603 4988; x_wconf 89' lang='lat' dir='ltr'><strong>oratione</strong></span> <span class='ocrx_word' id='word_1_726' title='bbox 2631 4939 2689 4986; x_wconf 91' lang='lat' dir='ltr'><strong>et</strong></span> <span class='ocrx_word' id='word_1_727' title='bbox 2726 4937 2866 4984; x_wconf 90' lang='lat' dir='ltr'><strong>nutu</strong></span> <span class='ocrx_word' id='word_1_728' title='bbox 2900 4931 3021 5000; x_wconf 88' lang='lat' dir='ltr'><strong>ejus</strong></span> <span class='ocrx_word' id='word_1_729' title='bbox 3072 4928 3367 4999; x_wconf 89' lang='lat' dir='ltr'><strong>imperium</strong></span> <span class='ocrx_word' id='word_1_730' title='bbox 3406 4927 3673 4981; x_wconf 79' lang='lat' dir='ltr'><strong>sumeret.</strong></span> 
     </span>
    </p>
   </div>
   <div class='ocr_carea' id='block_1_110' title="bbox 2087 5016 3675 5087">
    <p class='ocr_par' dir='ltr' id='par_1_110' title="bbox 2087 5016 3675 5087">
     <span class='ocr_line' id='line_1_110' title="bbox 2087 5016 3675 5087; baseline -0.008 -6"><span class='ocrx_word' id='word_1_731' title='bbox 2087 5028 2157 5082; x_wconf 88' lang='lat' dir='ltr'><strong>Et</strong></span> <span class='ocrx_word' id='word_1_732' title='bbox 2189 5026 2420 5081; x_wconf 81' lang='lat' dir='ltr'><strong>veniens</strong></span> <span class='ocrx_word' id='word_1_733' title='bbox 2470 5022 2536 5080; x_wconf 89' lang='lat' dir='ltr'><strong>ad</strong></span> <span class='ocrx_word' id='word_1_734' title='bbox 2595 5020 2962 5079; x_wconf 86' lang='lat' dir='ltr'><strong>tribunalium</strong></span> <span class='ocrx_word' id='word_1_735' title='bbox 3007 5029 3135 5076; x_wconf 89' lang='lat' dir='ltr'><strong>ante</strong></span> <span class='ocrx_word' id='word_1_736' title='bbox 3183 5018 3377 5074; x_wconf 89' lang='lat' dir='ltr'><strong>urbem</strong></span> <span class='ocrx_word' id='word_1_737' title='bbox 3435 5016 3675 5087; x_wconf 88' lang='lat' dir='ltr'><strong>positum</strong></span> 
     </span>
    </p>
   </div>
   <div class='ocr_carea' id='block_1_111' title="bbox 2088 5108 3678 5188">
    <p class='ocr_par' dir='ltr' id='par_1_111' title="bbox 2088 5108 3678 5188">
     <span class='ocr_line' id='line_1_111' title="bbox 2088 5108 3678 5188; baseline -0.008 -13"><span class='ocrx_word' id='word_1_738' title='bbox 2088 5135 2196 5175; x_wconf 89' lang='lat' dir='ltr'><strong>una</strong></span> <span class='ocrx_word' id='word_1_739' title='bbox 2222 5133 2345 5173; x_wconf 89' lang='lat' dir='ltr'><strong>eum</strong></span> <span class='ocrx_word' id='word_1_740' title='bbox 2373 5115 2707 5188; x_wconf 53' lang='lat' dir='ltr'><strong>praetoribus</strong></span> <span class='ocrx_word' id='word_1_741' title='bbox 2729 5123 2787 5171; x_wconf 93' lang='lat' dir='ltr'><strong>et</strong></span> <span class='ocrx_word' id='word_1_742' title='bbox 2812 5113 3171 5178; x_wconf 88' lang='lat' dir='ltr'><strong>exercitibus,</strong></span> <span class='ocrx_word' id='word_1_743' title='bbox 3211 5110 3370 5164; x_wconf 86' lang='lat' dir='ltr'><strong>valde</strong></span> <span class='ocrx_word' id='word_1_744' title='bbox 3395 5108 3678 5180; x_wconf 85' lang='lat' dir='ltr'><strong>legitimus</strong></span> 
     </span>
    </p>
   </div>
   <div class='ocr_carea' id='block_1_112' title="bbox 2089 5198 3676 5283">
    <p class='ocr_par' dir='ltr' id='par_1_112' title="bbox 2089 5198 3676 5283">
     <span class='ocr_line' id='line_1_112' title="bbox 2089 5198 3676 5283; baseline -0.007 -18"><span class='ocrx_word' id='word_1_745' title='bbox 2089 5211 2465 5265; x_wconf 76' lang='lat' dir='ltr'><strong>Romanorum</strong></span> <span class='ocrx_word' id='word_1_746' title='bbox 2503 5208 2806 5283; x_wconf 86' lang='lat' dir='ltr'><strong>imperator</strong></span> <span class='ocrx_word' id='word_1_747' title='bbox 2862 5203 3194 5266; x_wconf 88' lang='lat' dir='ltr'><strong>ostenditur,</strong></span> <span class='ocrx_word' id='word_1_748' title='bbox 3254 5210 3310 5256; x_wconf 92' lang='lat' dir='ltr'><strong>et</strong></span> <span class='ocrx_word' id='word_1_749' title='bbox 3353 5199 3444 5256; x_wconf 93' lang='lat' dir='ltr'><strong>die</strong></span> <span class='ocrx_word' id='word_1_750' title='bbox 3493 5198 3676 5254; x_wconf 88' lang='lat' dir='ltr'><strong>media</strong></span> 
     </span>
    </p>
   </div>
   <div class='ocr_carea' id='block_1_113' title="bbox 2088 5289 3679 5370">
    <p class='ocr_par' dir='ltr' id='par_1_113' title="bbox 2088 5289 3679 5370">
     <span class='ocr_line' id='line_1_113' title="bbox 2088 5289 3679 5370; baseline -0.009 -12"><span class='ocrx_word' id='word_1_751' title='bbox 2088 5299 2630 5370; x_wconf 86' lang='lat' dir='ltr'><strong>Constantinopolim</strong></span> <span class='ocrx_word' id='word_1_752' title='bbox 2656 5313 2755 5368; x_wconf 86' lang='lat' dir='ltr'><strong>per</strong></span> <span class='ocrx_word' id='word_1_753' title='bbox 2782 5295 2979 5353; x_wconf 91' lang='lat' dir='ltr'><strong>Carisii</strong></span> <span class='ocrx_word' id='word_1_754' title='bbox 3017 5303 3232 5364; x_wconf 89' lang='lat' dir='ltr'><strong>portam</strong></span> <span class='ocrx_word' id='word_1_755' title='bbox 3258 5289 3588 5363; x_wconf 90' lang='lat' dir='ltr'><strong>ingreditur,</strong></span> <span class='ocrx_word' id='word_1_756' title='bbox 3619 5296 3679 5344; x_wconf 90' lang='lat' dir='ltr'><strong>et</strong></span> 
     </span>
    </p>
   </div>
   <div class='ocr_carea' id='block_1_114' title="bbox 2090 5381 3678 5464">
    <p class='ocr_par' dir='ltr' id='par_1_114' title="bbox 2090 5381 3678 5464">
     <span class='ocr_line' id='line_1_114' title="bbox 2090 5381 3678 5464; baseline -0.007 -15"><span class='ocrx_word' id='word_1_757' title='bbox 2090 5393 2156 5450; x_wconf 91' lang='lat' dir='ltr'><strong>ad</strong></span> <span class='ocrx_word' id='word_1_758' title='bbox 2207 5392 2411 5464; x_wconf 87' lang='lat' dir='ltr'><strong>regalia</strong></span> <span class='ocrx_word' id='word_1_759' title='bbox 2456 5389 2731 5462; x_wconf 88' lang='lat' dir='ltr'><strong>pervenit.</strong></span> <span class='ocrx_word' id='word_1_760' title='bbox 2767 5387 2938 5442; x_wconf 88' lang='lat' dir='ltr'><strong>Porro</strong></span> <span class='ocrx_word' id='word_1_761' title='bbox 2984 5385 3240 5446; x_wconf 85' lang='lat' dir='ltr'><strong>Michael,</strong></span> <span class='ocrx_word' id='word_1_762' title='bbox 3269 5382 3458 5438; x_wconf 84' lang='lat' dir='ltr'><strong>audita</strong></span> <span class='ocrx_word' id='word_1_763' title='bbox 3510 5381 3678 5453; x_wconf 88' lang='lat' dir='ltr'><strong>hujus</strong></span> 
     </span>
    </p>
   </div>
   <div class='ocr_carea' id='block_1_115' title="bbox 2089 5477 3679 5545">
    <p class='ocr_par' dir='ltr' id='par_1_115' title="bbox 2089 5477 3679 5545">
     <span class='ocr_line' id='line_1_115' title="bbox 2089 5477 3679 5545; baseline -0.007 -6"><span class='ocrx_word' id='word_1_764' title='bbox 2089 5483 2501 5545; x_wconf 86' lang='lat' dir='ltr'><strong>acclamatione,</strong></span> <span class='ocrx_word' id='word_1_765' title='bbox 2521 5481 2576 5535; x_wconf 93' lang='lat' dir='ltr'><strong>in</strong></span> <span class='ocrx_word' id='word_1_766' title='bbox 2594 5478 2894 5535; x_wconf 90' lang='lat' dir='ltr'><strong>oratorium</strong></span> <span class='ocrx_word' id='word_1_767' title='bbox 2912 5477 3074 5534; x_wconf 87' lang='lat' dir='ltr'><strong>Phari</strong></span> <span class='ocrx_word' id='word_1_768' title='bbox 3093 5490 3412 5538; x_wconf 83' lang='lat' dir='ltr'><strong>accurrens,</strong></span> <span class='ocrx_word' id='word_1_769' title='bbox 3429 5488 3538 5529; x_wconf 89' lang='lat' dir='ltr'><strong>una</strong></span> <span class='ocrx_word' id='word_1_770' title='bbox 3552 5489 3679 5529; x_wconf 89' lang='lat' dir='ltr'><strong>cum</strong></span> 
     </span>
    </p>
   </div>
   <div class='ocr_carea' id='block_1_116' title="bbox 2089 5565 3679 5646">
    <p class='ocr_par' dir='ltr' id='par_1_116' title="bbox 2089 5565 3679 5646">
     <span class='ocr_line' id='line_1_116' title="bbox 2089 5565 3679 5646; baseline -0.008 -14"><span class='ocrx_word' id='word_1_771' title='bbox 2089 5575 2359 5646; x_wconf 85' lang='lat' dir='ltr'><strong>Procopia</strong></span> <span class='ocrx_word' id='word_1_772' title='bbox 2386 5575 2640 5643; x_wconf 88' lang='lat' dir='ltr'><strong>natisque</strong></span> <span class='ocrx_word' id='word_1_773' title='bbox 2677 5570 2814 5636; x_wconf 91' lang='lat' dir='ltr'><strong>suis,</strong></span> <span class='ocrx_word' id='word_1_774' title='bbox 2838 5568 3084 5625; x_wconf 55' lang='lat' dir='ltr'><strong>detonsis</strong></span> <span class='ocrx_word' id='word_1_775' title='bbox 3111 5567 3325 5639; x_wconf 90' lang='lat' dir='ltr'><strong>capillis</strong></span> <span class='ocrx_word' id='word_1_776' title='bbox 3374 5565 3679 5622; x_wconf 84' lang='lat' dir='ltr'><strong>monastica</strong></span> 
     </span>
    </p>
   </div>
   <div class='ocr_carea' id='block_1_117' title="bbox 2093 5655 3680 5732">
    <p class='ocr_par' dir='ltr' id='par_1_117' title="bbox 2093 5655 3680 5732">
     <span class='ocr_line' id='line_1_117' title="bbox 2093 5655 3680 5732; baseline -0.008 -8"><span class='ocrx_word' id='word_1_777' title='bbox 2093 5669 2275 5724; x_wconf 89' lang='lat' dir='ltr'><strong>induit</strong></span> <span class='ocrx_word' id='word_1_778' title='bbox 2311 5665 2638 5721; x_wconf 89' lang='lat' dir='ltr'><strong>vestimenta</strong></span> <span class='ocrx_word' id='word_1_779' title='bbox 2672 5662 2867 5732; x_wconf 91' lang='lat' dir='ltr'><strong>quinto</strong></span> <span class='ocrx_word' id='word_1_780' title='bbox 2910 5661 3038 5716; x_wconf 90' lang='lat' dir='ltr'><strong>ldus</strong></span> <span class='ocrx_word' id='word_1_781' title='bbox 3085 5658 3262 5714; x_wconf 84' lang='lat' dir='ltr'><strong>Julias</strong></span> <span class='ocrx_word' id='word_1_782' title='bbox 3319 5668 3490 5715; x_wconf 65' lang='lat' dir='ltr'><strong>sexta:</strong></span> <span class='ocrx_word' id='word_1_783' title='bbox 3535 5655 3680 5713; x_wconf 80' lang='lat' dir='ltr'><strong>indi-</strong></span> 
     </span>
    </p>
   </div>
   <div class='ocr_carea' id='block_1_118' title="bbox 2092 5749 3678 5820">
    <p class='ocr_par' dir='ltr' id='par_1_118' title="bbox 2092 5749 3678 5820">
     <span class='ocr_line' id='line_1_118' title="bbox 2092 5749 3678 5820; baseline -0.007 -8"><span class='ocrx_word' id='word_1_784' title='bbox 2092 5757 2314 5820; x_wconf 86' lang='lat' dir='ltr'><strong>etionis,</strong></span> <span class='ocrx_word' id='word_1_785' title='bbox 2367 5753 2501 5810; x_wconf 89' lang='lat' dir='ltr'><strong>feria</strong></span> <span class='ocrx_word' id='word_1_786' title='bbox 2528 5751 2789 5808; x_wconf 88' lang='lat' dir='ltr'><strong>secunda.</strong></span> <span class='ocrx_word' id='word_1_787' title='bbox 2820 5753 3050 5808; x_wconf 88' lang='lat' dir='ltr'><strong>Postera</strong></span> <span class='ocrx_word' id='word_1_788' title='bbox 3089 5766 3224 5806; x_wconf 87' lang='lat' dir='ltr'><strong>vero</strong></span> <span class='ocrx_word' id='word_1_789' title='bbox 3259 5749 3348 5806; x_wconf 89' lang='lat' dir='ltr'><strong>die</strong></span> <span class='ocrx_word' id='word_1_790' title='bbox 3380 5757 3678 5805; x_wconf 88' lang='lat' dir='ltr'><strong>coronatus</strong></span> 
     </span>
    </p>
   </div>
   <div class='ocr_carea' id='block_1_119' title="bbox 2093 5841 3675 5919">
    <p class='ocr_par' dir='ltr' id='par_1_119' title="bbox 2093 5841 3675 5919">
     <span class='ocr_line' id='line_1_119' title="bbox 2093 5841 3675 5919; baseline -0.005 -13"><span class='ocrx_word' id='word_1_791' title='bbox 2093 5849 2452 5919; x_wconf 73' lang='lat' dir='ltr'><strong>aNicephoro</strong></span> <span class='ocrx_word' id='word_1_792' title='bbox 2489 5845 2803 5917; x_wconf 80' lang='lat' dir='ltr'><strong>patriarcha</strong></span> <span class='ocrx_word' id='word_1_793' title='bbox 2829 5846 2883 5901; x_wconf 90' lang='lat' dir='ltr'><strong>in</strong></span> <span class='ocrx_word' id='word_1_794' title='bbox 2907 5845 3140 5903; x_wconf 84' lang='lat' dir='ltr'><strong>amboue</strong></span> <span class='ocrx_word' id='word_1_795' title='bbox 3176 5844 3394 5918; x_wconf 74' lang='lat' dir='ltr'><strong>Maioris</strong></span> <span class='ocrx_word' id='word_1_796' title='bbox 3428 5841 3675 5901; x_wconf 75' lang='lat' dir='ltr'><strong>ecclesiae</strong></span> 
     </span>
    </p>
   </div>
  </div>
