4020 6352
196 417 206 451 l

304 324 380 443 is
928 384 959 443 Ε.
1283 326 1786 401 οοωίΕΝτΑω
1812 331 1901 423 pr
1918 330 2234 428 pronus.
2272 364 2342 374 -
2372 331 2500 389 LIB.
2539 331 2580 389 ι.
3497 335 3565 392 tt

292 424 676 519 philosophos,
725 460 821 505 seu
862 430 1024 503 falsos
1058 434 1440 512 'Ch'riStianos,
1487 456 1546 531 ut
1584 446 1884 519 allligamur
1908 424 1961 515 Ᾱ
1987 449 2201 503 ficando
2254 446 2491 503 infantes
2521 446 2781 518 parvulo;
2810 444 2961 503 aliud
2998 444 3272 503 Pharaoni
3299 449 3570 507 mention-

280 534 564 597 -oneiibus
580 540 868 607 scelerum,
900 554 975 597 ne
993 540 1334 613 egrediantur
1369 540 1543 609 liberi,
1567 557 1605 601 a
1626 542 1897 609 servitute

276 640 653 703 peccatorum
698 639 754 693 et
791 632 1065 689 vitiorum.
1114 630 1377 701 Quodque
1411 632 1627 698 dicitur,
1676 631 1887 703 Quanto

306 722 663 794 opprimebant
714 721 873 789 illos;
910 733 1057 781 tanta
1099 724 1265 795 magis
1308 721 1795 794 multiplicubantur
1838 732 1889 778 et

307 815 633 881 crescebant,
676 815 952 887 signiﬁcat
1000 815 1149 887 quod
1192 823 1395 886 quanto
1444 794 1597 873 erevit
1643 815 1889 891 diabolus

306 908 680 979 persequendo
706 907 1063 970 Christianos,
1106 914 1164 963 et
1185 905 1428 993 augendo
1461 894 1783 989 testationes
1810 915 1890 965 at-

309 1015 414 1070 que
440 1006 735 1064 tormenta,
792 1007 943 1053 tanto
987 997 1159 1067 magis
1186 1005 1441 1052 crescunt
1483 997 1644 1053 electi
1669 998 1723 1050 in
1754 1012 1888 1068 aug-

311 1098 494 1147 mento
526 1080 868 1155 meritorum,
892 1096 945 1143 et
990 1087 1415 1160 multiplicantur
1447 1088 1504 1145 in
1535 1086 1891 1147 retributione

308 1181 671 1254 przcmiorum.
701 1179 964 1253 Sequitur
992 1198 1007 1233 :

292 1280 317 1295 ί
394 1302 397 1309 λ
688 1294 691 1301 ·
920 1287 1150 1349 CAPUT
1187 1289 1253 1345 u.

312 1390 392 1469 De
414 1382 781 1475 obstetricibus
822 1400 1165 1475 Hebrteorum
1205 1409 1254 1456 et
1630 1412 1888 1474 recepto

304 1472 307 1487 ⁸
362 1542 363 1545 η
396 1472 417 1493 ⁸
665 1474 729 1531 de
758 1473 1118 1545 interfectione
1150 1473 1529 1529 masculorum.

549 1566 722 1673 autem
750 1566 844 1641 rem
882 1584 1105 1658 ,ἕρποτί
1131 1584 1498 1643 obstetricibus
1519 1582 1890 1650 Hebraeorum,

290 1668 535 1763 quorum
575 1668 684 1735 una
711 1678 993 1735 vocabatur
1020 1678 1250 1748 Sephra,
1288 1676 1456 1731 altera
1496 1676 1673 1743 Phua,
1700 1676 1891 1749 preci-

286 1758 455 1863 .pielrts
481 1773 599 1829 eis:
628 1770 854 1854 Quando
901 1766 1302 1863 obstetricabitis
1332 1762 1603 1834 Hebrreas',
1637 1776 1683 1823 et
1706 1779 1889 1841 partus

262 1848 513 1949 ,lllclttpus
533 1848 824 1928 advenerit,
846 1864 892 1917 si
916 1851 1178 1916 masculus
1200 1860 1373 1929 fuerit,
1401 1858 1677 1928 interﬁcite
1696 1860 1847 1914 illum
1868 1874 1888 1914 :

260 2024 273 2039 ί
396 1950 596 2031 femina
648 1964 905 2010 reservate
941 1950 1135 2025 (Exod.
1179 1948 1240 2020 ι).
1284 1949 1423 2005 Istas
1456 1950 1805 2017 obstetrices,
1836 1953 1905 2007 id‘

306 2039 686 2127 est,thuam,
718 2058 837 2113 quae
877 2041 1018 2111 apud
1065 2055 1168 2097 nos
1212 2039 1412 2097 rubens
1451 2041 1540 2096 vel
1580 2044 1892 2099 verecunda

254 2116 283 2213 ’τ
306 2122 417 2199 dici
446 2144 643 2205 potest,
667 2141 723 2189 et
750 2131 1041 2205 Sephram,
1074 2146 1195 2205 quae
1226 2132 1343 2213 svis
1390 2130 1508 2202 ejus
1536 2134 1625 2190 vel
1657 2134 1894 2204 pulchri-

310 2229 439 2288 tudo
461 2228 576 2291 sive
595 2229 815 2301 placens
843 2226 1252 2297 interpretatur,
1281 2208 1503 2297 quidam
1527 2228 1785 2283 dixerunt
1804 2243 1892 2283 rs-

290 2322 585 2395 ,tionahilis
625 2319 949 2376 eruditionis
984 2318 1217 2375 formam
1254 2324 1473 2385 tenere,
1498 2334 1618 2390 qua:
1656 2320 1889 2388 subtilis,

307 2413 535 2486 pulchra
555 2421 611 2467 et
637 2411 945 2469 verecunda
973 2419 1081 2476 est,
1099 2420 1157 2468 et
1183 2418 1297 2466 tam
1325 2411 1701 2482 Qiriumibus
1729 2428 1891 2485 quam

309 2504 681 2577 corporalibus
704 2503 904 2561 habilis
932 2512 1094 2574 atque
1117 2504 1402 2560 commoda
1436 2503 1754 2575 disciplinis.
1782 2505 1892 2561 0b-

308 2597 562 2654 stetrices
591 2598 737 2652 enim
770 2596 1016 2668 quaedam
1044 2594 1239 2655 medias
1265 2603 1414 2661 sunt,
1454 2604 1512 2653 et
1539 2604 1650 2651 tam
1679 2612 1893 2654 mascu-

310 2689 392 2767 los
416 2704 581 2760 quam
610 2688 841 2745 feminas
886 2686 1072 2743 fovent
1106 2701 1121 2741 :
1146 2685 1228 2742 sic
1254 2684 1491 2743 eruditio
1516 2686 1622 2743 ista
1649 2702 1894 2744 commu-

309 2783 397 2841 nis
422 2780 761 2837 rationabilis
786 2778 1029 2837 scientia
1053 2780 1122 2834 ad
1145 2793 1334 2833 omnes
1364 2778 1754 2849 propemodum
1770 2792 1895 2847 per-

314 2871 471 2943 tingit
497 2886 691 2927 sensus
722 2889 735 2924 :
762 2885 953 2927 omnes
980 2868 1225 2933 instruit,
1266 2870 1459 2926 omnes
1483 2867 1659 2934 fovet;
1699 2877 1754 2925 et
1777 2868 1894 2925 sive

310 2965 556 3045 ccclesiis
597 2963 872 3028 meditari,
903 2964 1019 3018 sive
1056 2962 1329 3018 mundana
1356 2961 1591 3030 disponi,
1622 2960 1736 3017 suis
1761 2970 1890 3032 posv

244 3118 247 3133 Ι
310 3048 615 3116 sessoribus
637 3054 693 3115 in
711 3067 966 3128 promptu
991 3063 1094 3111 est.
1124 3054 1183 3111 Si
1218 3055 1343 3125 quis
1384 3052 1561 3110 virilis
1600 3052 1656 3109 in
1687 3068 1752 3109 ea
1773 3055 1893 3109 anie-

309 3152 385 3207 mi
415 3149 682 3246 fuerit,_et
711 3148 945 3246 voluerit
985 3146 1226 3246 emissus
1271 3161 1538 3246 quaerere,
1566 3158 1667 3246 per
1701 3143 1891 3215 bujus-
1917 3180 1964 3246 α

310 3242 455 3297 modi
485 3239 845 3296 eruditionem
870 3239 938 3294 ad
970 3239 1275 3293 divinorum
1296 3237 1705 3309 intelligentiam
1733 3251 1899 3327 partu-E

310 3333 419 3395 tior
443 3332 644 3389 veniet.
683 3330 742 3387 Si
798 3340 980 3386 autem
1037 3328 1318 3385 saicularia
1374 3330 1497 3398 quis
1551 3329 1769 3400 negotia
1795 3336 1892 3401 per

304 3438 431 3483 eam
453 3438 617 3494 agere
644 3421 897 3487 voluerit,
928 3421 999 3478 ad
1023 3421 1126 3477 hoc
1145 3421 1318 3489 ipsam
1348 3418 1695 3477 utilissimam
1719 3419 1891 3476 habe-

236 3516 243 3521 ’
304 3516 408 3572 bit.
435 3514 544 3588 (Ea:
568 3510 824 3589 Isidoro.)
846 3512 1009 3569 lubet
1027 3527 1240 3584 quoque
1266 3510 1538 3568 masculos
1554 3512 1731 3568 occidi
1753 3508 1893 3567 Pha-

308 3623 431 3674 rao,
460 3615 515 3663 et
564 3604 797 3662 feminas
819 3607 1001 3661 vivere
1042 3624 1056 3660 :
1090 3604 1172 3661 sic
1216 3612 1273 3660 et
1320 3602 1588 3669 diabolus,
1620 3619 1690 3660 ne
1726 3602 1894 3661 robur

238 3690 247 3693 ’
309 3690 436 3755 fidei
473 3694 781 3769 praevaleat,
813 3705 1042 3755 conatur
1060 3705 1119 3753 ut
1140 3696 1444 3753 interfectis
1462 3696 1773 3760 virtutibus,
1811 3695 1894 3750 vi—

309 3793 386 3849 tia
415 3801 672 3849 maneant
727 3809 741 3847 :
784 3789 1217 3861 fortissimosque
1262 3798 1319 3846 et
1357 3789 1544 3846 viriles
1576 3789 1745 3845 animi
1773 3802 1894 3845 sen-

236 3874 241 3879 ’
307 3900 422 3951 sus,
451 3885 597 3940 unde
642 3882 887 3939 coelestia
923 3883 1166 3954 rupimus
1192 3885 1254 3938 et‘
1291 3882 1497 3948 divina,
1534 3882 1589 3937 id
1616 3889 1700 3937 est
1720 3878 1893 3936 ratio-

308 3992 453 4044 nem,
483 3976 858 4049 prudentiam,
906 3974 1272 4030 innocentiam
1310 3983 1367 4033 et
1404 3973 1564 4030 ﬁdem
1590 3975 1647 4030 in
1672 3973 1894 4029 homine

305 4068 561 4127 occidere
588 4062 841 4132 festinat;
872 4074 928 4120 et
958 4065 1091 4120 illud
1139 4066 1195 4119 in
1221 4080 1287 4118 eo
1319 4064 1618 4129 vivificare,
1643 4061 1786 4133 quod
1812 4061 1894 4118 fe-

232 4148 241 4153 ’
307 4158 575 4224 mineum,
602 4159 751 4229 quod
779 4156 1108 4213 imbecillum
1135 4163 1193 4211 et
1222 4154 1433 4226 fragile,
1468 4162 1524 4210 et
1548 4162 1783 4225 promm
1820 4152 1891 4208 ad

305 4240 441 4309 vitia
462 4249 738 4315 cernitur;
766 4242 823 4304 id
839 4255 945 4312 est,
974 4246 1342 4309 ambitionem,
1369 4242 1745 4311 vinolentiam,
1768 4241 1890 4299 libiv

303 4342 513 4406 dinem,
540 4337 899 4403 iracundiam,
918 4335 1315 4402 crudelitatem,
1336 4334 1598 4400 furorem,
1622 4342 1679 4389 et
1693 4339 1890 4391 caetera

304 4435 395 4491 his
423 4430 646 4498 similia,
678 4445 797 4501 qua:
830 4429 885 4485 in
930 4427 1253 4485 feminarum
1289 4426 1461 4498 figura
1490 4434 1634 4482 sunt.
1676 4424 1889 4481 Timae-

228 4522 237 4527 ⁷
305 4528 636 4580 runt'autem
681 4521 975 4578 obstetrices
1016 4519 1202 4585 Deam,
1228 4527 1277 4573 et
1318 4534 1421 4573 non
1459 4517 1697 4588 fecerunt
1726 4517 1891 4587 juxta
1915 4557 1971 4625 Β

305 4624 626 4687 ρνίεσεριιιηι
674 4614 808 4684 regis
854 4611 1094 4682 1E9ypti,
1143 4609 1235 4666 sed
1285 4608 1661 4665 consonabant
1692 4620 1887 4687 mares,

309 4706 515 4773 Quibus
561 4706 630 4759 ad
661 4721 715 4759 se
751 4703 1036 4768 accersitis,
1068 4718 1159 4758 rea:
1185 4704 1261 4761 ait
1291 4714 1308 4752 :
1339 4700 1605 4766 Quidnam
1651 4708 1727 4755 est
1770 4700 1888 4767 hoc,

1989 539 2080 596 do.
2098 534 2243 623 Natu
2258 540 2313 595 in
2342 538 2450 605 illis
2473 538 2830 606 vivificandis,
2856 555 2991 611 opus
3017 539 3404 605 misericordiae
3434 542 3567 609 fuit;

1988 636 2275 695 mendacio
2303 651 2433 691 vero
2456 634 2545 689 illo
2569 651 2669 709 pro
2702 649 2761 695 se
2785 635 3097 701 utebantur,
3122 651 3191 690 ne
3216 646 3439 705 noceret
3468 637 3575 713 illis

1989 727 2201 787 Pharao
2232 747 2244 785 ;
2277 727 2419 798 quod
2444 725 2619 798 potuit
2646 742 2752 782 non
2783 726 2853 782 ad
2877 727 3115 793 laudem,
3147 727 3244 793 sed
3269 724 3339 781 ad
3362 728 3575 787 veniam

1988 820 2283 893 pertinere.
2308 818 2495 891 Neque
2522 818 2650 875 hinc
2691 819 3071 881 auctoritatem
3109 818 3178 879 ad
3206 817 3575 881 mentiendum

1990 925 2113 967 esse
2137 909 2471 981 propositam
2497 909 2637 965 mihi.
2662 909 2900 977 videtur,
2928 909 2985 971 in
3023 924 3128 981 qua
3165 908 3339 985 magis
3367 923 3577 964 recom-

1989 1001 2311 1071 pensatione
2358 1001 2601 1057 noscitur
2628 999 2758 1075 quid
2794 990 3064 1055 mendacii
3091 996 3249 1079 culpa
3273 994 3571 1067 mereatur.

1988 1089 2128 1149 Nam
2158 1089 2512 1163 benignitatis
2547 1105 2733 1145 eorum
2784 1104 2995 1144 merces
3028 1104 3147 1171 quae
3171 1099 3255 1149 cst
3288 1090 3347 1145 in
3372 1098 3578 1144 aeterna

1990 1181 2102 1237 vita
2126 1182 2304 1254 potuit
2334 1180 2583 1246 retribui,
2613 1196 2709 1253 pro
2745 1179 2982 1235 admissa
3034 1179 3192 1252 culpa
3222 1178 3492 1237 mendacii
3518 1179 3575 1234 in

1991 1280 2210 1335 terrena
2251 1278 2336 1329 est
2382 1270 2881 1343 recompensatione
2932 1270 3237 1347 declinata;
3279 1278 3339 1327 ut
3383 1271 3438 1327 in
3466 1271 3577 1327 vita

1989 1377 2091 1418 sua
2106 1378 2269 1432 quam
2297 1361 2580 1421 mendacio
2602 1361 2741 1419 tueri
2767 1361 3074 1430 voluerunt,
3101 1379 3168 1437 ea
3190 1380 3308 1439 qua:
3329 1364 3578 1421 fecerunt

1990 1451 2134 1507 bona
2196 1462 2545 1522 receperunt,
2595 1461 2650 1508 et
2714 1453 2945 1509 ulterius
2991 1456 3136 1525 quod
3194 1465 3577 1531 exspectarent

1994 1541 2263 1598 mercedis
2318 1558 2429 1609 sua}
2469 1544 2774 1617 praemium,
2820 1559 2931 1600 non
2974 1546 3262 1601 haberent.
3320 1546 3576 1621 Pra‘cepit

1993 1641 2171 1687 autem
2218 1631 2429 1687 Pharao
2462 1635 2604 1687 omni
2647 1633 2842 1705 populo
2883 1651 2981 1690 suo
3033 1637 3260 1690 dicens:
3310 1636 3577 1713 Quidquid

1990 1719 2272 1776 masculini
2304 1738 2461 1777 sexus
2513 1730 2696 1777 natum
2722 1722 2902 1791 fuerit,
2942 1724 2997 1777 in
3047 1725 3244 1795 ﬂumen
3291 1727 3533 1798 projicite
3557 1743 3578 1793 ,'

1917 1812 2247 1885 Bquidquid
2295 1812 2509 1885 feminei
2560 1825 2833 1870 reservate.
2889 1816 3080 1873 Videte
3133 1818 3275 1889 quod
3325 1820 3579 1893 princeps

1996 1903 2157 1973 hujus
2194 1905 2379 1961 mundi
2410 1905 2610 1976 p0pulo
2636 1923 2736 1962 suo
2765 1910 3108 1980 praeceperit,
3137 1910 3343 1967 scilicet
3386 1922 3446 1968 ut
3484 1930 3577 1969 no-

1993 2003 2138 2051 stros
2168 1995 2401 2051 infantes
2429 1996 2661 2067 rapiant,
2694 2005 2751 2052 et
2780 1998 2833 2053 in
2855 1998 3053 2055 flumen
3084 2002 3393 2075 proﬁciant.
3426 2004 3579 2061 Unde

1992 2086 2296 2150 considera,
2325 2102 2360 2141 o
2386 2087 2568 2155 homo,
2585 2087 2716 2159 quid
2744 2089 2839 2144 tibi
2864 2090 3146 2148 immineat
3167 2103 3455 2164 postquam
3479 2110 3579 2151 ua-

1993 2183 2080 2230 tus
2112 2175 2302 2243 fueris,
2331 2177 2439 2233 imo
2470 2186 2708 2233 renatus.
2742 2177 2876 2236 Illud
2906 2181 3112 2253 utique,
3143 2185 3287 2253 quod
3324 2185 3378 2239 in
3404 2186 3579 2241 Evan-

1992 2266 2132 2339 gelio
2160 2268 2357 2338 legitur
2385 2286 2399 2327 ;
2431 2268 2526 2324 ubi
2551 2270 2617 2324 de
2637 2270 2909 2340 baptismo
2936 2270 3153 2328 Domini
3186 2289 3579 2330 commemora-

1993 2366 2103 2413 tur.
2133 2359 2311 2427 .lesus,
2337 2359 2533 2431 inquit,
2557 2370 2614 2414 ut
2639 2360 2873 2416 ascendit
2899 2361 2966 2417 de
2992 2362 3271 2435 baptismo,
3287 2365 3479 2420 ductus
3500 2375 3580 2421 est

1992 2448 2058 2503 ab
2072 2447 2273 2525 Spiritu
2294 2451 2353 2505 in
2372 2451 2657 2518 desertum,
2678 2461 2732 2506 ut
2754 2461 3047 2509 tentaretur
3068 2472 3101 2509 a
3121 2455 3333 2510 diabolo
3355 2456 3575 2529 (Matth.

1940 2582 1945 2587 .
1993 2541 2090 2610 iv).
2115 2538 2229 2597 Hoc
2252 2543 2492 2613 ergotibi
2518 2544 2781 2608 imminet,
2812 2553 2873 2599 ut
2896 2547 3054 2618 aquis
3075 2546 3401 2606 salutaribus
3423 2564 3581 2605 mun-

1994 2630 2153 2686 datus
2189 2640 2246 2689 et
2264 2644 2437 2689 novus
2461 2632 2625 2689 homo
2653 2633 2899 2701 effectus,
2924 2637 3149 2695 insidias
3176 2647 3231 2696 et
3253 2642 3581 2699 tentationes

1993 2724 2236 2803 perferas
2262 2723 2464 2807 diaboli
2504 2734 2561 2782 et
2608 2728 2984 2785 ministrorum
3023 2730 3171 2801 ejus;
3222 2734 3421 2806 quibus
3474 2737 3581 2793 hoc

1991 2815 2105 2871 voti
2133 2826 2245 2885 est,
2270 2827 2331 2873 ut
2351 2817 2614 2890 quidquid
2648 2821 2936 2878 masculini
2977 2840 3045 2880 ac
3090 2826 3348 2903 praecipui
3392 2829 3583 2900 gignas

1994 2904 2196 2974 operis,
2223 2906 2381 2975 aquis
2408 2908 2777 2979 submergant.
2809 2910 2887 2966 De
2906 2909 3103 2981 quibus
3124 2915 3283 2983 aquis
3310 2914 3583 2984 Propheta

1994 2986 2183 3053 dicit:
2226 2996 2367 3064 Quia
2418 3000 2747 3056 intraverunt
2804 3020 2955 3074 aqua:
3011 3020 3176 3073 usque
3228 3005 3298 3058 ad
3348 3008 3583 3061 animam

1995 3104 2168 3145 nteant
2200 3085 2378 3164 (Psal.
2407 3091 2621 3165 stnt).
2651 3093 2790 3165 Quid
2819 3110 2951 3168 ergo
2978 3094 3227 3153 dabimus
3268 3097 3367 3154 tibi
3403 3101 3583 3155 consi—

1993 3182 2073 3251 lii,
2099 3182 2205 3240 nisi
2232 3190 2293 3239 ut
2332 3186 2633 3243 masculum
2679 3196 2889 3256 natum,
2923 3188 3100 3246 tribus
3128 3172 3408 3249 mensibus
3431 3209 3584 3250 more

1991 3275 2196 3333 Levita
2232 3275 2539 3348 elegantem
2573 3280 2811 3337 occultos
2861 3279 3124 3338 infantem
3154 3302 3169 3337 :
3204 3296 3274 3339 ne
3304 3285 3478 3341 hostis
3520 3286 3584 3340 il-

1992 3367 2105 3423 lum
2154 3369 2331 3440 rapiat
2376 3378 2433 3426 et
2487 3371 2813 3429 interficiat?
2865 3372 3028 3431 Verbi
3071 3377 3273 3447 gratia,
3324 3378 3370 3433 si
3410 3377 3583 3435 facias

1992 3459 2416 3534 eleemosynam,
2442 3462 2569 3535 quia
2592 3479 2727 3537 Opus
2750 3464 2845 3520 Dei
2865 3474 2973 3534 est,
2999 3468 3303 3524 masculum
3329 3484 3579 3543 gener-as,

1993 3550 2091 3608 sed
2122 3554 2167 3608 si
2207 3554 2284 3609 ita
2328 3552 2467 3611 facis
2508 3563 2570 3613 ut
2612 3555 2923 3614 hominibus
2967 3558 3296 3627 innotescas,
3320 3564 3389 3618 ab
3414 3562 3584 3637 IEgy—

1990 3645 2121 3715 ptiis
2160 3648 2367 3718 rapitur
2401 3646 2751 3729 eleemosyua
2786 3658 2896 3717 tua,
2931 3661 2985 3706 et
3029 3636 3187 3725 aquis
3211 3636 3585 3726 spiritualibus

1994 3738 2389 3807 submergetur.
2440 3739 2575 3794 Vide
2616 3755 2746 3811 ergo
2805 3757 2874 3796 ne
2927 3743 3267 3800 obliviscaris
3323 3749 3583 3818 pracepti

1990 3825 2281 3893 Dominici,
2304 3826 2450 3899 quod
2476 3828 2575 3885 tibi
2597 3830 2854 3887 mandat:
2879 3826 3012 3885 Cum
3028 3833 3164 3902 fucis
3179 3834 3582 3906 elemosynam,

1993 3918 2189 3972 nesciat
2214 3920 2434 3976 sinistra
2479 3930 2571 3976 tua
2612 3921 2740 3993 quid
2790 3923 2955 3993 faciat
2996 3923 3215 3980 dextera
3246 3936 3370 3993 tua;
3418 3940 3476 3983 ut
3514 3933 3585 3986 sit

1993 4008 2320 4080 eleemosyna
2342 4020 2436 4065 tua
2458 4012 2512 4066 in
2542 4014 2845 4069 abscondito
2860 4032 2882 4083 ,7
2907 4024 2957 4069 et
2981 4014 3145 4072 Pater
3170 4027 3315 4087 tuus,
3337 4022 3428 4094 qui
3448 4023 3585 4079 uidet

1993 4101 2050 4154 in
2069 4101 2396 4170 abscondito,
2413 4105 2593 4163 reddet
2614 4106 2709 4161 tibi
2730 4107 2946 4179 (Matth.
2964 4108 3062 4182 γι).
3091 4110 3187 4170 Sic
3208 4120 3264 4171 et
3289 4115 3355 4170 de
3378 4114 3585 4189 jejunio

1993 4200 2050 4248 et
2076 4192 2144 4249 de
2177 4196 2447 4265 oratione,
2471 4206 2527 4253 et
2547 4200 2761 4256 caeteris
2794 4202 3168 4272 spiritualibus
3192 4207 3402 4269 artibus
3429 4211 3585 4268 nobis

1990 4276 2302 4345 faciendum
2332 4296 2439 4354 est,
2481 4304 2549 4344 ne
2592 4289 2729 4344 forte
2770 4292 3062 4360 perdamus
3103 4292 3339 4352 fructum
3381 4296 3587 4356 laboris

1993 4377 2185 4443 nostri,
2239 4387 2296 4433 et
2346 4379 2492 4435 dicat
2541 4381 2608 4437 de
2660 4384 2818 4437 nobis
2863 4382 3125 4441 Dominus
3154 4405 3167 4440 :
3194 4389 3382 4458 Amen,
3428 4407 3584 4451 amen

1993 4466 2112 4522 dico
2141 4469 2300 4535 vobis,
2334 4480 2637 4543 receperunt
2664 4475 2953 4529 mercedem
2978 4492 3133 4531 suam
3153 4476 3371 4553 (Ibid.).

2032 4673 2112 4729 De
2135 4675 2404 4732 nativitate
2429 4585 2858 4751 Hoysiﬁalpeggs
2879 4587 3212 4755 [timuimus
3231 4687 3291 4745 in
3305 4688 3544 4762 flumine.
3640 4688 3656 4759 ἐ

305 4801 447 4875 quod
476 4798 652 4881 facere
680 4795 932 4863 uoluistis,
968 4805 1023 4850 ut
1056 4812 1247 4867 pueros
1286 4794 1604 4853 servaretis?
1634 4793 1773 4865 Qum
1809 4811 1893 4853 re-

305 4890 654 4963 sponderurtt:
672 4884 795 4943 Non
808 4886 1327 4947 suntllebrtecesicnt
1342 4883 1887 4954 Egyptire‘nzulieres.
2000 4892 2216 4939 uxorem
2244 4882 2420 4953 stirpis
2447 4899 2558 4937 sure
2577 4924 2591 4947 ,
2622 4900 2739 4955 qua:
2772 4890 3005 4961 concepit
3057 4900 3105 4946 et
3150 4895 3347 4964 peperi:
3373 4896 3583 4966 ﬁlium,-

306 4982 451 5055 lpste
476 4982 614 5039 enim
655 4978 1024 5053 obstetricandi
1058 4979 1247 5037 habent
1280 4977 1553 5033 scientiam
1589 4991 1608 5031 :
1637 4982 1687 5029 et
1712 4974 1889 5044 prius-
2000 4981 2047 5027 et
2073 4972 2247 5027 videns
2271 4987 2389 5027 eum
2419 4972 2726 5043 elegantem,
2768 4978 3038 5035 abscondit
3092 4983 3261 5038 tribus
3292 4988 3577 5045 mensibus.

304 5088 469 5144 quam
499 5072 766 5129 veniamus
798 5067 867 5125 ad
894 5085 1003 5135 eas,
1027 5070 1258 5140 pariunt.
1287 5068 1429 5125 Bene
1451 5084 1574 5139 ergo
1598 5067 1721 5137 fecit
1748 5066 1892 5125 Deus
1964 5068 1973 5073 ’
2000 5060 2233 5135 Cumque
2276 5063 2397 5134 jam
2434 5064 2605 5121 celare
2660 5083 2765 5121 non
2816 5079 3022 5139 posset,
3065 5075 3285 5145 sumpsit
3329 5075 3584 5145 ﬁscellam

305 5154 693 5231 obstetricibus,
738 5172 786 5219 et
821 5162 979 5218 crevit
1008 5162 1232 5233 populus
1263 5160 1689 5231 cenfortatusque
1718 5170 1795 5214 est
1814 5159 1895 5217 ni-
1996 5157 2272 5226 scirpeam,
2300 5166 2349 5212 et
2387 5155 2559 5212 linivit
2585 5175 2703 5213 eam
2730 5160 2986 5219 bitumine
3030 5183 3094 5220 ac
3120 5167 3255 5238 pice,
3310 5172 3586 5242 posuitque

306 5242 411 5312 mis
439 5271 457 5313 :
484 5266 533 5313 et
561 5257 688 5332 quia
717 5244 1006 5323 timuerunt
1052 5253 1351 5309 obstetrices
1395 5250 1586 5316 Deum,
1614 5250 1895 5318 ludificabit
1996 5250 2138 5304 intus
2168 5247 2518 5316 infantulum,
2545 5259 2592 5304 et
2615 5254 2855 5322 exposuit
2875 5271 2996 5309 eum
3024 5256 3079 5312 in
3104 5268 3308 5315 carecta
3329 5263 3455 5331 ripce
3480 5263 3586 5332 ﬁu-

2070 4788 2327 4861 Egressus
2351 4799 2425 4844 est
2458 4800 2572 4861 post
2604 4791 2718 4847 lucc
2753 4793 2833 4846 vir
2856 4794 2922 4849 de
2954 4795 3111 4853 domo
3140 4798 3288 4868 Levi,
3312 4811 3364 4858 et
3385 4809 3585 4878 accepit

226 5342 235 5345 ’
264 5338 267 5349 ’
306 5340 417 5404 illis
438 5349 642 5404 domos.
676 5330 786 5422 (Ex
807 5342 1144 5419 Augustino.)
1167 5342 1355 5412 Quaeri
1370 5341 1532 5407 solet,
1555 5352 1738 5399 utrum
1767 5342 1898 5402 talia
1999 5342 2178 5407 minis,
2207 5349 2379 5396 stante
2398 5343 2584 5414 procul
2601 5361 2781 5401 sorore
2814 5348 2952 5418 ejus,
2974 5358 3023 5404 et
3044 5330 3406 5408 considerante
3430 5330 3584 5410 euen-

222 5424 597 5521 ::"'in'e_nda'cia
625 5439 920 5517 approbata
944 5438 1051 5493 sint
1072 5435 1397 5493 auctoritate
1418 5433 1622 5499 divina,
1654 5435 1899 5503 quando-
2002 5441 2115 5488 tum
2138 5434 2235 5488 rei.
2271 5432 2413 5493 Ecce
2444 5443 2619 5491 autem
2649 5438 2991 5495 descendebat
3019 5442 3135 5513 ﬁlia
3173 5441 3495 5513 Pharaonis,
3524 5457 3586 5504 ut

218 5518 249 5541 -_.
268 5532 285 5613 ‘.
308 5518 537 5625 ἀφ
551 5533 813 5603 scriptum
828 5527 916 5591 est
926 5529 1095 5585 Deum
1121 5526 1453 5585 benefecissc
1478 5527 1894 5596 obstetricibus;
1997 5523 2266 5580 lavaretur
2290 5526 2346 5580 in
2377 5527 2594 5597 ﬂumine
2622 5541 2642 5581 :
2677 5540 2725 5585 et
2744 5530 2933 5603 puellm
2956 5534 3072 5603 ejus
3094 5533 3470 5604 gradiebantur
3494 5556 3590 5612 per

218 5619 227 5635 '
441 5614 629 5682 utrum
662 5642 763 5701 pro
807 5622 1181 5685 misericordia
1228 5622 1541 5696 ignoscebat
1590 5622 1896 5689 mendacio,

2002 5619 2321 5690 crepidinem
2349 5618 2502 5675 aluei.
2546 5619 2679 5687 Quae
2704 5639 2822 5678 cum
2852 5624 3064 5681 vidisset
3102 5624 3357 5694 ﬁscellam
3389 5631 3447 5685 in
3487 5649 3588 5703 pa-

310 5706 472 5807 nitet
714 5718 1055 5775 mendacium
1102 5717 1322 5789 dignum
1351 5716 1577 5788 praemio
1595 5714 1900 5785 judicabat,
2001 5711 2239 5781 pyrione,
2275 5712 2419 5767 misit
2448 5730 2609 5768 unam
2650 5732 2678 5769 e
2713 5716 2929 5785 famulis
2978 5718 3127 5784 suis;
3156 5726 3211 5773 et
3230 5719 3436 5779 illatam
3461 5741 3587 5795 αρε-

616 5818 718 5895 est.
742 5808 904 5895 Aliud
928 5807 1074 5865 enim
1114 5807 1385 5864 faciebant
1417 5809 1742 5867 obstetrices
1766 5809 1903 5865 vivi-
2006 5806 2144 5862 riens
2171 5822 2488 5879 cernensque
2522 5809 2577 5863 in
2618 5827 2680 5865 ea
2704 5808 2979 5882 parvulum
3023 5812 3330 5887 vagientem,
3372 5816 3587 5877 mium,
