4020 6352
422 286 445 329 ,

1098 339 1160 398 Β.
1200 342 1454 401 RABANI
1494 344 1716 402 unum
1752 294 2070 405 ARCHIEP:
2115 316 2424 405 uocum.
2450 312 2751 406 omnem
2787 346 2969 405 rans
3004 346 3047 405 ι.

3611 322 3686 411 ᾗ

415 420 672 537 “imper
700 455 1059 528 Evangelium
1110 468 1301 529 gentes
1352 461 1426 519 ad
1456 459 1615 519 tidem
1652 464 1990 541 convocavit,
2020 448 2072 527 Α
2096 464 2201 517 tus's
2220 478 2237 514 :
2265 462 2411 519 locus
2434 465 2576 519 enu-
2602 466 2657 518 in
2686 480 2787 535 quo
2821 474 2932 520 stas
2950 506 2965 533 ,
2995 456 3136 520 terra
3164 444 3350 524 suam
3372 468 3468 525 est.
3503 464 3685 529 ﬁdite!

417 557 725 615 destructus
749 545 1147 615 ac'minoratus
1178 562 1265 613 est
1298 555 1634 625 principatus
1672 557 1867 615 diaboli
1904 559 2000 629 qui

418 662 519 729 per
560 643 921 703 idololatriam
961 646 1234 715 captivum
1263 654 1425 703 antea
1453 648 1673 705 tenebat
1716 650 1993 707 mundum.

417 737 487 793 Et
508 738 903 807 ingemiscentes
955 735 1057 807 ﬁlii
1085 734 1257 795 Israel
1282 748 1495 809 propter
1523 754 1681 809 opera
1726 740 1998 811 vociferati

412 839 555 901 sunt,
581 843 704 883 cum
734 827 1020 883 credentes
1048 842 1114 885 ex
1149 828 1334 883 carnis
1356 830 1697 900 corruptione
1718 831 1995 896 dolebant,

411 908 467 973 et
509 932 577 979 ex
634 917 843 988 peccati
885 919 1208 989 contagione
1236 919 1505 993 lacrymas
1564 923 1898 995 poenitentiae
1928 924 1997 981 ad

410 1007 529 1077 pias
583 1022 745 1065 aures
787 1005 1098 1071 Conditoris
1138 1010 1411 1071 emittunt.
1442 1013 1517 1068 De
1558 1011 1755 1082 quibus
1798 1013 1996 1069 merito

410 1097 609 1153 dicitur
645 1099 791 1169 quod
831 1102 1076 1155 ascendit
1116 1102 1323 1157 clamor
1373 1117 1559 1159 eorum
1617 1104 1684 1163 ad
1715 1105 1884 1159 Deum
1928 1105 1999 1161 ab

407 1190 683 1260 operibus,
721 1200 773 1245 ct
829 1193 1031 1249 audivit
1066 1194 1325 1264 gemitum
1362 1210 1549 1251 eorum
1579 1211 1644 1250 ac
1681 1197 1996 1253 recordatus

406 1291 489 1336 est
526 1281 748 1338 foederis
775 1283 919 1354 quod
958 1285 1236 1354 pepigerat
1275 1301 1397 1340 cum
1424 1287 1720 1353 Abraham,
1754 1288 1906 1344 lsaac
1936 1295 1993 1343 ct

404 1370 573 1429 Iacob
606 1392 619 1427 :
648 1375 773 1444 quia
812 1374 955 1430 oculi
982 1376 1193 1431 Domini
1215 1392 1379 1449 super
1403 1376 1582 1446 justos
1611 1389 1665 1434 et
1692 1396 1850 1435 aures
1879 1381 1995 1447 ejus

404 1467 474 1523 ad
498 1483 692 1538 preces
713 1484 919 1533 eorum,
948 1479 1007 1525 et
1045 1486 1114 1525 ex
1142 1472 1396 1527 omnibus
1430 1472 1868 1531 tribulationibus
1897 1492 1993 1533 eo-

402 1575 524 1616 rum
553 1562 808 1619 liberavit
870 1579 986 1621 eos.
1020 1565 1228 1635 Moyses
1284 1577 1459 1623 autem
1489 1570 1732 1637 pascebat
1760 1587 1874 1625 ores
1901 1570 1995 1625 Je-

401 1653 519 1706 tltro
540 1655 747 1725 cognati
774 1656 881 1718 sui,
907 1655 1197 1711 sacerdotis
1216 1656 1459 1711 Madian.
1484 1656 1717 1727 Cumque
1746 1661 1994 1715 minasset

399 1758 606 1815 gregem
652 1743 724 1799 ad
766 1744 1021 1799 interiora
1066 1745 1281 1810 deserti,
1339 1747 1475 1801 venit
1523 1749 1591 1807 ad
1640 1760 1865 1803 montem
1896 1750 1995 1804 Dei

400 1835 536 1899 Ureb
569 1851 588 1889 :
622 1836 972 1909 apparuitque
1032 1839 1080 1893 ei
1116 1838 1377 1894 Dominus
1422 1841 1477 1894 in
1504 1842 1719 1911 ﬂamma
1770 1843 1905 1912 ignis
1929 1843 1993 1896 de

399 1930 566 2007 medio
617 1930 753 1996 rubi,
801 1941 851 1984 et
890 1931 1094 1986 videbat
1148 1933 1289 2003 quod
1334 1936 1495 1989 rubus
1541 1936 1748 1990 arderet
1787 1947 1834 1993 et
1888 1955 1993 1994 non

399 2021 788 2095 combureretur
809 2022 1007 2091 (Exod.
1038 2023 1141 2091 ill).
1172 2023 1385 2095 Moyses
1422 2026 1687 2083 admistus
1720 2027 1993 2099 Aigyptiis

399 2113 551 2182 quasi
599 2113 882 2185 vigilabat,
924 2115 1126 2170 idcirco
1171 2132 1356 2173 vocem
1400 2118 1612 2175 Domini
1667 2120 1721 2175 in
1755 2119 1992 2192 Aigyplo

400 2207 611 2277 positus
644 2222 751 2271 non
783 2206 1069 2271 audiebat;
1103 2209 1196 2261 sed
1238 2210 1510 2265 exstincto
1547 2209 1803 2281 Algyptio
1835 2222 1990 2281 post-

398 2311 560 2366 quam
598 2296 651 2355 in
691 2298 970 2355 desertum
1006 2295 1162 2369 fugit,
1196 2298 1305 2353 illic
1330 2298 1459 2355 dum
1498 2316 1565 2356 χι,
1603 2301 1759 2356 annis
1787 2301 1988 2373 deguit,

398 2388 552 2459 quasi
588 2388 656 2443 ab
698 2388 957 2458 inquietis
1000 2396 1339 2443 terrenorum
1371 2389 1762 2449 desideriorum
1790 2390 1991 2447 tumul-

398 2476 540 2533 tibus
566 2478 927 2545 obdormivit;
962 2488 1125 2550 atque
1153 2478 1357 2543 idcirco
1378 2479 1616 2537 divinam
1652 2497 1841 2537 vocem
1866 2498 1990 2553 per-

397 2572 577 2643 cipere
602 2574 819 2639 meruit,
851 2574 975 2644 quia
1012 2589 1112 2645 per
1158 2590 1451 2646 supernam
1497 2574 1731 2647 gratiam
1779 2585 1989 2645 quanto

397 2662 565 2735 magis
599 2662 667 2723 ab
693 2664 1010 2735 appetendis
1046 2666 1410 2725 exterioribus
1453 2668 1674 2736 torpuit,
1711 2675 1862 2723 tanto
1888 2683 1986 2722 ve-

396 2754 507 2810 rius
544 2756 613 2813 ad
653 2755 1028 2829 cognoscenda
1064 2757 1324 2815 interiora
1364 2758 1627 2830 vigilavit.
1667 2756 1803 2815 Cum
1838 2757 1984 2813 enim

395 2846 461 2903 ab
515 2849 759 2919 externis
811 2848 1117 2909 actionibus
1155 2866 1310 2913 mens
1351 2850 1587 2921 sopitur,
1634 2860 1763 2906 tunc
1819 2849 1986 2909 verba

396 2936 486 2993 Dei
514 2939 761 2999 veracius
776 2948 1058 3013 penetrat;
1084 2956 1208 3013 cum
1236 2941 1303 2997 ad
1330 2956 1387 2997 se
1430 2941 1721 2997 admittere
1744 2940 1981 3021 curavit,

394 3026 731 3099 saecularium
755 3027 1018 3085 tumultus
1044 3026 1260 3103 refugit.
1298 3028 1435 3085 Male
1480 3038 1661 3087 autem
1703 3030 1866 3087 homo
1902 3028 1983 3089 vi-

393 3114 545 3186 gilat,
571 3116 787 3187 quando
817 3131 941 3175 cum
970 3117 1312 3173 saecularium
1339 3118 1680 3190 negotiorum
1706 3125 1873 3175 aestus
1894 3120 1980 3173 in-

392 3205 629 3267 solenter
650 3206 932 3283 inquietat.

463 3297 638 3355 Aures
692 3298 890 3370 quippe
954 3298 1135 3356 cordis
1193 3306 1534 3358 terrenarum
1588 3303 1977 3375 cogitationum

396 3391 556 3446 turba
600 3391 727 3447 dum
764 3400 1092 3462 perstrepit,
1119 3392 1352 3460 claudit;
1396 3402 1558 3465 atque
1590 3396 1643 3449 in
1681 3398 1978 3453 secretario

394 3482 596 3537 mentis
620 3490 825 3555 quanto
848 3484 1028 3545 minus
1063 3499 1318 3540 curarum
1344 3486 1782 3547 tumultuantium
1810 3482 1978 3551 sonus

394 3580 779 3651 compescitur,
831 3590 983 3643 tanto
1027 3579 1256 3655 amplius
1288 3597 1389 3639 vox
1417 3581 1979 3655 praesidentisjudicis

392 3685 502 3727 non
540 3672 776 3731 auditur.
837 3668 1024 3742 Neque
1048 3672 1190 3729 enim
1220 3672 1460 3747 perfecte
1488 3674 1652 3728 homo
1683 3672 1878 3730 suliicit
1908 3674 1976 3731 ad

392 3771 621 3834 utraque
650 3762 853 3821 divisus
878 3782 891 3817 :
929 3763 1025 3821 sed
1052 3764 1180 3821 dum
1218 3764 1296 3821 sic
1327 3764 1556 3819 interius
1583 3766 1788 3823 erudiri
1816 3781 1977 3839 appe-

390 3850 457 3907 tit
481 3861 540 3906 ut
574 3861 757 3908 tamen
787 3854 1025 3911 exterius
1069 3854 1398 3924 implicetur,
1438 3852 1581 3909 unde
1619 3862 1800 3910 tamen
1828 3865 1980 3919 cxte-

390 3943 505 3998 rius
541 3945 784 3999 auditum
809 3947 1032 4015 appetit,
1064 3945 1188 4001 inde
1215 3946 1445 4003 interius
1480 3962 1588 4002 non
1615 3948 1976 4015 obsurdescit.

388 4033 652 4106 Apparuit
678 4034 732 4088 in
779 4035 914 4088 rubo
946 4034 1205 4089 Dominus
1254 4037 1453 4107 Moysi,
1501 4040 1724 4095 mittens
1752 4054 1876 4097 eum
1906 4040 1977 4101 ad

391 4133 609 4200 gentem
649 4141 812 4196 quam
845 4125 1169 4196 prtesciebat
1202 4125 1443 4203 iniquam
1472 4128 1704 4185 futuram
1735 4148 1747 4184 :
1786 4140 1840 4184 et
1860 4138 1981 4199 erat

395 4218 615 4275 ﬂamma
649 4220 705 4273 in
731 4214 887 4281 rubo,
922 4218 975 4271 id
1012 4225 1097 4273 est
1128 4216 1183 4272 in
1212 4217 1405 4288 spinis,
1441 4228 1495 4276 et
1522 4220 1689 4277 rubus
1720 4236 1826 4276 non
1860 4237 1980 4278 cre-

2100 556 2297 627 quippe
2325 563 2382 609 et
2412 554 2573 611 aliam
2602 554 2829 629 ﬁguram
2864 556 2919 611 id
2954 558 3099 626 quad
3139 554 3681 628 Moysesexcalcea'ri

2094 643 2331 716 iubetur.
2401 644 2656 701 Veterum
2701 660 2936 716 namque
2980 650 3314 705 consuetudo
3360 654 3487 707 erat'
3519 658 3580 708 ut
3633 656 3683 711 si

2100 749 2355 804 sponsum
2384 749 2581 805 sponsa
2600 737 2893 806 repudiare
2915 737 3095 801 vellet,
3120 734 3680 817 discalceareturiﬂe,

2099 837 2152 882 et
2182 828 2284 882 hoc
2313 836 2459 883 esset
2487 829 2703 900 signum
2726 831 2958 899 repudii.
3000 830 3236 888 Proinde
3500 810 3684 893 exciti;

2097 920 2242 975 ceari
2269 919 2512 988 iubetur.
2546 937 2615 977 ne
2639 922 2708 977 ad
2732 921 3083 989 Ecclesiam,
3108 940 3227 994 quae
3258 924 3311 981 in
3348 928 3485 982 rubo
3509 928 3679 999 signi~

2097 1013 2384 1083 ﬁcabatur,
2426 1016 2582 1084 quasi
2630 1032 2862 1087 sponsus
2902 1016 3174 1073 calceatus
3221 1020 3523 1091 accederet.
3562 1022 3682 1080 Hoc

2096 1106 2239 1163 enim
2285 1104 2504 1161 Christo
2553 1108 2892 1172 servabatur,
2932 1109 3024 1180 qui
3068 1124 3231 1164 verus
3270 1120 3503 1181 Sponsus
3539 1122 3679 1182 erat,

2096 1196 2162 1253 de
2203 1212 2311 1266 quo
2359 1197 2492 1252 dicit
2535 1195 2772 1255 Joames
2817 1217 2830 1252 :
2864 1197 3032 1269 Cujus
3062 1217 3168 1255 non
3198 1214 3318 1256 sunt
3357 1202 3550 1273 dignus
3576 1204 3683 1259 sot-

2095 1306 2208 1344 uere
2232 1290 2513 1359 corrigiam
2537 1291 2876 1345 calceamenti
2912 1290 3131 1363 (Matth.
3148 1302 3271 1365 nt);
3318 1296 3508 1366 utique
3540 1298 3682 1353 sicut

2095 1380 2300 1436 dictum
2342 1390 2430 1437 est
2473 1381 2637 1439 Iosue
2680 1392 2737 1437 et
2783 1383 2974 1455 Moysi.
3026 1381 3238 1439 Hebraei
3274 1392 3457 1442 autem
3493 1387 3683 1443 dicunt

2092 1482 2380 1545 propterea
2415 1475 2470 1530 in
2502 1477 2638 1531 rubo
2666 1477 2982 1546 apparuisse
3008 1475 3175 1532 Deum
3203 1476 3371 1548 Moysi
3397 1487 3453 1533 et
3481 1492 3589 1534 non
3619 1470 3676 1534 iri

2096 1566 2205 1621 alio
2234 1567 2403 1637 ligno,
2435 1584 2504 1623 ne
2534 1566 2675 1624 forte
2698 1568 3052 1640 exculpercnt
3074 1572 3128 1625 in
3147 1571 3338 1626 eodem
3363 1570 3533 1627 Judaai
3562 1570 3682 1628 ido'J

2064 1652 2225 1713 lum.
2270 1657 2501 1727 Semper
2527 1659 2671 1712 enim
2702 1659 2844 1713 Deus
2876 1659 3099 1715 abstulit
3133 1661 3476 1716 Occasionem
3500 1659 3677 1717 idolo-"

2050 1796 2057 1805 ,
2094 1748 2285 1805 latriaa.
2330 1750 2623 1820 Sequitur:
2674 1749 2788 1820 Ego
2811 1762 2965 1816 sum;
3001 1752 3194 1823 inquit,
3222 1751 3362 1808 Deus
3385 1748 3555 1822 patris
3576 1753 3680 1818 lii;

2021 1824 2068 1887 Β
2098 1840 2237 1897 Deus
2264 1842 2553 1907 Abraham,
2582 1840 2722 1897 Deus
2755 1841 2936 1908 Isaac,
2956 1842 3100 1899 Deus
3124 1841 3479 1900 Jacob.'Hinc
3496 1853 3681 1901 aster-4

2095 1932 2241 1988 ditur
2286 1933 2428 2004 quod
2470 1926 2833 2002 praecedentia
2888 1932 3032 1989 facta
3073 1932 3343 1990 bonum
3388 1938 3677 2006 parentum

2093 2040 2234 2097 saepe
2261 2025 2520 2094 adjuvant
2551 2027 2746 2081 merita
2774 2025 3028 2091 ﬁliorum,
3057 2027 3182 2097 quia
3212 2038 3367 2083 amor
3389 2042 3550 2098 quem
3573 2027 3677 2097 ipsi

2094 2112 2197 2173 ﬁde
2218 2126 2274 2172 et
2296 2118 2453 2173 bonis
2482 2118 2739 2189 operibus
2778 2132 2806 2171 a
2848 2117 2959 2173 Deo
2983 2126 3436 2188 prumemerunt,
3472 2118 3677 2173 redun-

2091 2206 2185 2261 dat
2234 2206 2288 2261 in
2336 2205 2494 2263 ﬁlios.
2536 2206 2687 2262 Unde
2717 2205 2973 2262 Israelita:
3010 2220 3154 2277 saepe
3191 2207 3259 2262 de
3299 2207 3565 2278 angustiis
3600 2206 3676 2263 ob

2090 2297 2284 2351 merita
2325 2304 2541 2367 patrum
2583 2300 2899 2357 inseruerunt
2933 2295 3197 2363 liberari;
3235 2302 3290 2352 et
3325 2297 3383 2352 in
3405 2296 3542 2353 libro
3562 2292 3677 2353 Κθλ

2092 2401 2216 2457 gum
2240 2401 2333 2442 seu
2364 2385 2816 2456 Paralipomenon
2839 2387 3100 2456 scriptum
3135 2394 3221 2444 est
3240 2388 3385 2457 quod
3414 2387 3673 2445 Dominus

2094 2476 2293 2534 dixerit
2324 2476 2603 2537 Salomnni
2630 2477 2917 2549 peccanti:
2950 2477 3089 2546 Quia
3131 2479 3377 2535 habuisti
3398 2476 3496 2535 hoc
3528 2479 3673 2550 apud
3724 2470 3734 2480 ’

2092 2574 2163 2634 te,
2195 2578 2244 2622 et
2277 2586 2381 2624 non
2406 2570 2683 2627 custodisti
2709 2579 2920 2641 pactum
2951 2584 3143 2634 meum,
3177 2580 3224 2626 et
3252 2578 3510 2641 praecepta
3530 2586 3669 2638 mea,

2089 2674 2204 2728 quw
2232 2658 2477 2715 mandari
2507 2659 2622 2724 tibi,
2646 2659 2976 2729 disrumpens
2995 2661 3235 2716 scindam
3260 2676 3483 2731 regnum
3498 2672 3669 2729 tuum,

2088 2759 2135 2804 et
2170 2749 2305 2804 dabo
2334 2749 2471 2804 illud
2515 2768 2660 2806 servo
2700 2761 2791 2806 tuo
2829 2768 2848 2807 .'
2880 2764 3235 2813 verumtamen
3271 2755 3331 2809 in
3357 2752 3539 2810 diebus
3565 2750 3673 2810 tuis

2089 2857 2192 2895 non
2225 2840 2421 2910 faciam
2445 2883 2458 2906 ,
2509 2850 2721 2915 propter
2761 2842 2936 2898 David
2973 2851 3174 2913 patrem
3201 2853 3366 2898 tuum.
3408 2842 3487 2898 ‘Do
3508 2854 3672 2900 manu

2087 2931 2188 3001 ﬁlii
2235 2933 2315 2986 tui
2360 2933 2597 2988 scindam
2625 2933 2797 3000 illud;
2840 2951 2934 2991 nec
2958 2944 3126 2995 totum
3152 2951 3373 3006 regnum
3403 2937 3667 3007 auferant,

2085 3027 2177 3080 sed
2219 3025 2413 3081 tribum
2467 3043 2627 3082 unam
2672 3027 2808 3087 dabo
2840 3028 2956 3097 ﬁlio
2990 3038 3099 3093 tuo,
3126 3038 3342 3099 propter
3368 3028 3541 3083 Βιαιύά
3561 3044 3673 3085 κεβ-

2088 3132 2206 3171 rum
2234 3128 2407 3173 meum
2431 3131 2449 3169 :
2480 3127 2529 3171 et
2557 3117 2876 3183 Jerusalem,
2898 3130 3058 3188 quam
3078 3117 3209 3187 elegi
3232 3117 3318 3189 (II
3347 3110 3663 3192 Paral.-tx).

2006 3186 2053 3252 Ο
2081 3206 2217 3263 Item
2246 3205 2489 3261 Ezechiae
2534 3206 2655 3261 duci
2694 3206 2876 3278 populi
2912 3186 3016 3263 ’,καί
3040 3186 3215 3264 rum
3245 3186 3377 3262 uno
3410 3186 3670 3265 Dominus

2083 3295 2225 3352 Deus
2271 3300 2438 3368 patris
2478 3299 2552 3352 tui
2596 3296 2765 3353 David
2803 3314 2821 3353 :
2858 3298 3050 3355 Audiri
3088 3300 3377 3355 orationem
3416 3308 3583 3364 tuam,
3608 3307 3670 3355 et

2080 3387 2188 3445 ridi
2229 3386 2519 3460 lacrymarn
2565 3398 2710 3444 ruam
2733 3406 2752 3443 :
2788 3404 2903 3446 ecce
2934 3391 3121 3446 sanavi
3155 3398 3227 3459 te,
3254 3398 3364 3449 etc.
3394 3389 3501 3463 (ιν
3530 3389 3664 3461 1kg.

2082 3475 2199 3549 xx).
2606 3488 2669 3529 .τ
3014 3474 3119 3515 ἰ
3296 3490 3346 3515 π
3530 3498 3633 3521 ἰτ

2703 3590 2933 3649 CAPUT
2973 3588 3062 3652 Vi.

2082 3704 2162 3760 De
2188 3722 2249 3760 eo
2280 3705 2420 3778 quod
2442 3704 2592 3778 jubet
2621 3704 2877 3758 Dominus
2908 3702 3094 3778 Moysi
3111 3701 3422 3778 descendere
3459 3700 3516 3778 in
3556 3696 3665 3754 Ei-

2152 3770 2365 3845 gyptum
2408 3770 2479 3829 ait
2511 3772 2845 3831 Pharaonem
2872 3815 2888 3837 ,
2937 3770 3016 3845 ut:
3039 3771 3272 3845 diuitum
3302 3770 3596 3829 'Israetltas
3632 3782 3670 3827 a

2084 3872 2089 3877 ι
2154 3842 2294 3901 terra
2324 3846 2576 3919 (rupti;
2612 3853 2659 3899 et
2693 3845 2757 3903 de
2786 3845 2939 3915 signa
2965 3842 3123 3915 uirga!
3156 3844 3527 3915 inaserpentem
3552 3856 3669 3898 usr-

2148 3913 2484 3975 saaetnuiuu
2513 3913 2739 3989 leprow.
2842 3913 2850 3915 ἡ
3050 3913 3058 3915 ἡ
3176 3950 3179 3961 ι
3254 3966 3257 3973 ,
3326 3913 3334 3915 ἡ
3448 3962 3451 3973 .

2152 4046 2436 4103 Abscondit
2469 4044 2675 4115 Moyses
2700 4043 2899 4114 faciem"
2919 4054 3093 4102 suam.
3126 4039 3413 4098 Non‘enim
3436 4038 3667 4099 audebat

2082 4137 2335 4206 respicere
2366 4146 2549 4191 contra
2578 4134 2768 4193 Deum.
2802 4133 2905 4190 Ὀιιὶ
2934 4134 3009 4189 ait
3028 4128 3667 4203 'Dominttst'i’io'i’dﬂih

2082 4227 2303 4280 rtionem
2329 4222 2510 4294 populi
2537 4225 2643 4280 mei
2670 4226 2723 4279 in
2753 4220 2986 4295 Algypto
3024 4233 3072 4281 et
3114 4224 3396 4285 clamorem
3422 4223 3538 4293 ejlts
3565 4238 3663 4277 αισι

390 4302 659 4371 mabatur.
712 4307 900 4365 Bubus
942 4310 1111 4385 spinae
1157 4318 1283 4371 sunt
1326 4320 1675 4382 peccatorum
1725 4312 1979 4369 Judaico—
2080 4315 2206 4380 diri,
2230 4322 2445 4385 propter
2481 4314 2734 4368 duritiam
2767 4326 2969 4381 eorum,
3012 4314 3103 4385 qui
3127 4310 3359 4385 pra'sur'tt
3381 4313 3663 4384 operibus:

392 4415 536 4473 rum,
588 4396 807 4457 ﬂamma
836 4401 891 4456 in
940 4402 1075 4457 rubo
1120 4402 1345 4457 verbum
1377 4402 1491 4457 Dei.
1533 4402 1686 4471 Quod
1715 4417 1845 4473 ergo
1872 4403 1978 4461 illis
2080 4415 2130 4461 et
2178 4406 2347 4461 sciens
2396 4406 2631 4462 dolorem
2675 4406 2811 4477 ejus,
2859 4404 3103 4463 descendi
3148 4416 3205 4460 ut
3240 4390 3516 4460 liberare»:
3543 4418 3662 4459 eum

390 4494 479 4577 lex
508 4495 633 4553 data
674 4502 787 4561 est,
835 4490 1052 4549 ﬂamma
1092 4504 1211 4551 erat
1238 4495 1290 4549 in
1319 4496 1485 4561 rubo;
1528 4496 1669 4569 quod
1697 4497 1817 4571 lege
1849 4497 1975 4555 data
2000 4534 2046 4577 Δ
2080 4496 2144 4554 de
2169 4498 2413 4555 manibus
2454 4499 2829 4577 Egyptiorum
2867 4510 2915 4555 et
2953 4500 3251 4554 educerent"
3274 4498 3339 4553 de
3398 4496 3661 4551 terra-illa

393 4534 479 4550 ιν-
508 4534 633 4553 .......
674 4534 787 4561 ...,
835 4534 1052 4549 ............
1093 4534 1211 4551 .......
1238 4534 1290 4549 ...
1322 4534 1485 4561 μων,
1528 4534 1669 4569 qm...
1698 4534 1817 4571 ιιδυ
1849 4534 2011 4555 ωιτη
2080 4534 2142 4554 με
2170 4534 2411 4555 "unus...
2454 4534 2829 4577 μυυυμιξυιαηι
2867 4534 2915 4555 ω
2953 4534 3224 4554 essent...
3275 4534 3338 4553 ..ο
3398 4534 3537 4551 ...ιη
3568 4534 3661 4550 η...

393 4574 501 4643 non
550 4594 675 4645 sunt
722 4597 1041 4657 consumpta
1086 4593 1311 4658 peccata
1338 4629 1353 4655 ,
1396 4602 1496 4643 nec
1528 4587 1695 4644 rubus
1724 4589 1823 4643 sub
1854 4588 1976 4659 igne
2000 4534 2055 4628 15
2079 4594 2135 4647 in
2164 4603 2361 4647 terram
2403 4594 2590 4648 bonam
2640 4602 2691 4648 et
2732 4594 3054 4664 spatiosum,
3098 4593 3153 4646 in
3180 4602 3375 4646 terram
3400 4600 3515 4662 qua
3542 4591 3662 4658 ﬂuit

391 4680 753 4736 cremabatur.
792 4676 917 4751 (Ea:
951 4679 1215 4752 Isidoro.)
1244 4680 1351 4737 Alii
1392 4679 1448 4737 in
1476 4682 1611 4739 rubo
1641 4678 1973 4751 flammante,
2078 4684 2213 4738 lacte
2243 4692 2291 4737 et
2320 4683 2491 4749 melle,
2516 4683 2584 4736 ad
2619 4683 2733 4737 loca
2770 4681 3082 4763 Chanana‘i’,
3122 4681 3317 4745 Ethwi,
3346 4679 3656 4744 Amorrlm'i,

392 4780 448 4827 et
472 4787 579 4827 non
606 4779 818 4838 urente,
843 4771 1145 4828 Ecclesiam
1171 4771 1829 4844 intelliguntinllammari
1850 4789 1975 4845 per-
2079 4772 2351 4829 Pherezai
2391 4782 2439 4828 et
2653 4782 2700 4828 et
2739 4772 2989 4861 Jebttsre‘i.
3031 4771 3248 4827 Clamor
3275 4786 3397 4861 ergo
3427 4769 3659 4839 ﬁliorum

393 4866 797 4932 secutionibus;
850 4875 906 4922 et
932 4880 1054 4921 eam
1090 4865 1343 4937 loquente
1386 4865 1442 4925 in
1480 4866 1571 4923 illa
1606 4866 1838 4923 Domino
1862 4882 1972 4931 non

390 4958 593 5028 perire.
651 4955 803 5023 Quod
849 4970 979 5015 vero
1010 4956 1272 5013 Dominus
1307 4955 1476 5030 Moysi
1522 4957 1576 5014 in
1617 4957 1807 5013 eodem
1835 4957 1971 5015 rubo

392 5049 707 5118 apparuisse
749 5047 967 5119 legitur,
1008 5047 1246 5105 ostendit
1284 5063 1394 5104 non
1436 5048 1564 5104 alibi
1603 5065 1763 5122 quam
1790 5051 1843 5105 in
1870 5049 1973 5121 Ec-

390 5137 553 5193 clesia
587 5152 709 5195 cum
739 5138 1086 5195 credentibus
1109 5154 1392 5209 apparere,
1418 5141 1544 5209 quia
1571 5140 1750 5213 nullus
1779 5142 1974 5212 dignus

378 5216 689 5285 consistere
708 5270 726 5295 ,
754 5230 839 5286 vel
879 5231 1047 5297 Deum
1077 5233 1265 5287 videre
1292 5240 1494 5302 potest,
1517 5234 1620 5288 nisi
1652 5234 1743 5303 qui
1779 5244 1973 5289 cuncta

391 5332 610 5385 terrena
647 5333 703 5389 et
728 5324 978 5387 mortalia
1010 5326 1317 5396 deposuerit
1344 5327 1499 5394 vitia,
1533 5329 1673 5398 quod
1702 5330 1975 5400 signiﬁca-

390 5412 522 5470 bant
556 5416 649 5472 illa
690 5416 857 5489 Moysi
889 5418 1259 5475 calceamenta
1289 5417 1553 5490 deposita.
1598 5418 1752 5477 Unde
1792 5420 1974 5489 sequi-

390 5511 481 5561 tur
504 5524 517 5560 :
542 5505 770 5565 Cernens
795 5520 969 5564 autem
996 5509 1254 5566 Dominus
1275 5511 1414 5583 quod
1439 5521 1670 5584 pergeret
1698 5512 1765 5566 ad
1794 5512 1973 5569 viden-

390 5596 539 5664 dum,
574 5601 770 5653 vocavit
817 5617 937 5669 eum
977 5601 1041 5656 de
1079 5601 1249 5661 medio
1302 5602 1442 5668 rubi,
1492 5611 1539 5657 et
1591 5603 1689 5666 ait,
1740 5599 1969 5672 Moyses,

394 5686 623 5760 Moyses.
661 5688 763 5757 Qui
792 5693 1055 5765 respondit
1083 5706 1100 5746 :
1138 5691 1358 5748 Adsum.
1402 5692 1467 5749 At
1496 5691 1625 5748 ille:
1661 5692 1745 5748 Ne
1775 5710 1970 5765 appro-

392 5778 503 5855 pies
526 5821 542 5848 ,
582 5781 752 5854 inquit
776 5823 793 5849 ,
846 5783 969 5842 huc.
1033 5780 1184 5840 Solve
1212 5782 1622 5842 calceamentum
1664 5783 1729 5839 de
1752 5783 1969 5859 pedibus

2077 4861 2250 4918 Israel
2284 4864 2417 4925 venit
2457 4860 2526 4917 ad
2552 4848 2658 4927 me,
2709 4858 2917 4934 uidique
2955 4863 3285 4934 aﬂlictionem
3331 4848 3509 4916 eorum
3555 4878 3658 4932 qua

2077 4954 2141 5008 ab
2172 4953 2438 5026 JEgyptiis
2483 4953 2868 5025 opprimuntur.
2932 4952 3042 5008 Sed
3074 4952 3214 5019 ueni,
3252 4954 3457 5008 mittam
3484 4962 3553 5005 ~te
3584 4951 3656 5005 ad

2073 5044 2434 5112 Pharaonem,
2462 5052 2523 5101 ut
2565 5044 2759 5098 educas
2809 5034 3060 5116 populum
3106 5060 3281 5098 meum
3308 5042 3447 5111 ﬁlios
3485 5042 3658 5097 Israel

2071 5138 2137 5192 de
2168 5137 2397 5208 .‘Egypto
2426 5135 2624 5205 (Exod.
2653 5136 2763 5206 ιιι).
2817 5135 2969 5204 Οτιαά
2996 5135 3135 5205 plebi
3174 5133 3487 5189 lsraeiiticae
3514 5133 3659 5189 Cha-

2072 5242 2213 5283 naan
2273 5236 2418 5283 terra
2467 5225 2834 5295 promittitur,
2883 5223 3337 5281 considerandum
3385 5235 3469 5282 est
3513 5227 3655 5296 quod

2073 5302 2518 5391 praisentis'vitte
2541 5306 2874 5395 prosperitas
2910 5318 3198 5388 aliquando
3240 5319 3650 5383 idcirmdatur,

2074 5423 2135 5471 ut
2178 5414 2246 5470 ad
2293 5412 2577 5491 meliorem,
2623 5412 2788 5467 vitam
2832 5418 3125 5481 provocet;
3180 5410 3465 5481 aliquando
3501 5423 3650 5475 vero,

2074 5513 2133 5561 ut
2166 5506 2219 5560 in
2251 5512 2515 5562 mternum
2541 5502 2753 5575 plenius
2777 5502 3015 5561 damnet.
3055 5502 3193 5558 Hinc
3227 5500 3311 5556 est
3338 5501 3480 5557 enim
3508 5500 3652 5573 quod

2071 5595 2216 5667 plebi
2237 5596 2548 5652 Israeliticae
2563 5593 2824 5651 Chanaan
2849 5601 2995 5655 terra
3018 5584 3373 5663 promittitur,
3404 5600 3464 5645 ut
3481 5606 3653 5662 quan-

2073 5690 2251 5760 doque
2302 5688 2370 5744 ad
2419 5696 2620 5742 aeterna
2666 5687 2934 5759 speranda
2988 5694 3396 5767 provocaretur.
3465 5681 3651 5767 Neque

2073 5782 2219 5865 enim
2248 5774 2403 5865 rudis
2436 5778 2526 5838 ille
2565 5768 2795 5867 populus
2838 5766 3290 5852 promissioniwa
3317 5779 3411 5854 Dei
3449 5779 3502 5834 in
3531 5760 3652 5855 toni
