4020 6352
345 315 414 396 ιι
1141 393 1144 396 ρ
1177 377 1180 380 ,
1229 365 1232 374 ,
1305 297 1809 390 communis
1846 297 1916 366 IN

2031 297 2270 398 tonum.
2313 335 2386 348 —
2420 295 2546 370 ΜΒ.
2589 297 2634 360 l.
3542 301 3613 360 I!

354 407 553 520 ginqpo
607 437 880 504 crederet,
920 434 964 490 si
1009 447 1039 486 a
1067 430 1399 504 promissore
1437 443 1536 484 suo
1565 443 1672 483 non
1701 426 1866 480 etiam
1897 437 1926 479 e
1953 403 2137 512 buli
2159 466 2172 489 ,
2206 429 2260 478 et
2289 425 2585 478 humanum
2622 435 2790 494 genus
2826 433 2855 472 a
2894 417 3113 520 cultura
3137 419 3253 488 ejus
3284 421 3611 478 abstrahen-

350 513 530 594 vicino
578 518 780 602 aliquid
824 513 1170 600 percepisset.
1228 521 1298 579 Ut
1330 537 1458 594 ergo
1503 519 1569 574 ad
1605 527 1928 574 aeternorum

352 629 511 686 ﬁdem
541 625 744 682 certius
768 622 1067 680 roboretur,
1103 630 1442 685 nequaquam
1479 610 1816 668 solummodo
1838 623 1932 680 spe

351 703 418 778 ad
455 736 578 786 res,
615 718 709 773 sed
743 715 906 770 rebus
935 727 1148 783 quoque
1191 711 1258 764 ad
1307 725 1455 780 Spem
1499 706 1748 773 trahitur,
1787 702 1932 774 quod

351 797 554 882 liquido
582 808 870 868 Psalmista
899 813 1128 861 testatur
1149 804 1335 857 dicens
1363 817 1376 854 :
1413 801 1563 855 Dedit
1590 800 1662 853 eis
1700 797 1930 869 regiones

355 904 610 976 gentium,
641 912 688 966 et
721 899 924 975 labores
944 897 1254 968 populorum
1278 893 1636 968 possederunt,
1671 900 1725 944 ut
1756 897 1932 944 custo-

353 999 497 1051 diant
542 994 955 1066 justi/icationes
1011 988 1124 1060 ejus
1182 997 1228 1040 et
1277 985 1438 1056 legem
1490 985 1604 1055 ejus
1653 983 1931 1054 exquirant

351 1087 524 1158 (I’sal.
569 1086 699 1157 Civ).
739 1081 879 1138 Rudi
928 1081 1073 1137 enim
1126 1077 1322 1150 p0pulo
1373 1076 1534 1129 etiam
1581 1074 1646 1128 de
1676 1070 1929 1144 praesenti

349 1181 456 1233 vita
485 1176 685 1248 aliquid
712 1169 1133 1245 promittendum
1164 1167 1298 1234 fuit,
1333 1175 1391 1221 ut
1420 1164 1627 1250 possint
1657 1161 1931 1218 robustius

347 1275 404 1342 in
439 1276 618 1328 futuro
663 1270 907 1327 solidari.
965 1267 1220 1343 Carnaiis
1249 1265 1476 1337 populus
1527 1263 1571 1317 si
1613 1276 1782 1332 parva
1824 1257 1928 1313 non

347 1368 661 1438 acciperet,
712 1378 909 1432 magna
954 1377 1060 1416 non
1109 1359 1376 1413 crederet.
1418 1355 1770 1422 Omnipotens
1803 1366 1932 1421 ergo

346 1460 489 1516 Deus
514 1457 793 1528 largiendo
822 1464 1035 1512 terrena
1064 1452 1254 1507 suadet
1283 1450 1350 1503 ad
1379 1447 1643 1511 caelestia,
1669 1453 1728 1499 ut
1753 1441 1931 1514 perci-

342 1552 498 1620 piens
529 1549 670 1621 quod
705 1549 945 1613 videret,
981 1561 1200 1616 sperare
1246 1543 1482 1597 disceret
1527 1541 1670 1626 quod
1712 1537 1934 1591 minime

343 1644 594 1708 videbat;
659 1651 711 1697 et
756 1649 905 1696 tanto
954 1640 1178 1695 solidior
1229 1638 1294 1692 de
1343 1633 1708 1689 invisibililuts
1758 1632 1929 1695 ﬁeret,

343 1744 549 1804 quanto
584 1751 706 1790 eum
749 1709 811 1788 ad
848 1731 962 1801 spei
995 1729 1377 1802 et’rrtitudinem
1404 1725 1632 1779 visibilia
1666 1721 1929 1792 promissa

1975 507 1985 526 ²
2035 519 2191 582 dum;
2243 511 2295 570 et
2333 521 2469 570 sicut
2509 529 2614 568 non
2647 513 2904 584 'Moyses,
2939 509 3036 566 sed
3074 507 3333 568 Dominus
3360 515 3613 585 populum

2031 607 2282 663 liberavit
2313 609 2377 664 de
2403 609 2662 664 servitute
2687 591 3085 679 Egyptlorum,
3111 605 3188 661 sic
3220 619 3324 661 non
3356 607 3441 664 lex
3464 619 3617 666 mim-

2034 703 2180 766 dum,
2213 703 2308 757 sed
2332 703 2599 767 Christus,
2639 715 2734 756 sua
2768 689 3019 771 passione
3043 697 3098 755 et
3126 687 3548 770 resurrectione,
3583 709 3616 761 ’a

2032 791 2224 867 laqueo
2253 797 2444 851 mortis
2477 795 2741 851 liberavit.
2788 794 2897 867 (Ex
2924 783 3222 869 Gregorio.)
3281 795 3432 852 Tunc
3460 795 3617 854 nam-

2034 893 2139 959 que
2191 888 2398 961 Moyses
2456 889 2522 943 ad
2580 888 2881 943 vocandum
2942 885 3139 943 thlSSus
3186 897 3290 954 est,
3341 905 3464 944 cum
3502 887 3618 958 jam

2034 979 2245 1035 Pharao
2282 979 2430 1034 duris
2453 981 2705 1051 operibus
2735 977 2799 1035 ad
2823 972 3236 1050 opprimendum
3263 981 3438 1036 fuerat
3462 997 3620 1037 exer.

2033 1057 2194 1138 citus,
2225 1083 2284 1127 ut
2329 1063 2691 1128 lsraelitarum
2743 1079 2982 1138 mentes,
3033 1071 3268 1146 Egypto
3303 1071 3620 1131 deformiter

2034 1163 2382 1232 i'nhtcrentes,
2415 1165 2549 1221 alius
2574 1163 2694 1221 dum
2715 1169 2955 1234 vocaret,
2984 1168 3140 1239 quasi
3173 1167 3446 1234 traheret;
3481 1166 3619 1226 alius

2031 1259 2334 1330 impelleret
2364 1253 2491 1314 dum
2532 1259 2776 1324 szeviret;
2818 1269 2869 1315 et
2908 1259 3059 1329 plebs
3104 1261 3156 1314 in
3191 1259 3412 1316 servitio
3444 1261 3618 1332 turpi-
3663 1247 3671 1255 ’

2034 1360 2116 1406 ter
2165 1351 2269 1405 lixa
2297 1395 2310 1416 ,
2360 1351 2443 1406 vel
2493 1361 2787 1421 provocata
2823 1353 3009 1418 bouis,
3049 1352 3134 1406 vel
3171 1354 3324 1407 malis
3365 1353 3617 1423 impulsa,

2035 1452 2366 1496 moveretur.
2404 1439 2517 1496 Hoc
2543 1440 2788 1513 quotidie
2817 1444 3013 1514 agitur,
3055 1445 3179 1498 dum
3213 1446 3278 1499 de
3310 1444 3620 1516 przedicatis

2037 1527 2348 1586 cmicstibus
2372 1531 2612 1602 prmmiis
2637 1576 2650 1598 ,
2703 1534 2895 1587 s:evire
2930 1533 2982 1586 in
3027 1531 3212 1588 electis
3246 1535 3458 1606 reprobi
3498 1549 3621 1605 per-

2036 1622 2354 1684 mittuntur;
2388 1629 2446 1676 ut
2475 1621 2518 1676 si
2550 1623 2613 1675 ad
2638 1623 3010 1692 promissionis
3047 1630 3244 1677 terram
3274 1626 3450 1679 vocati
3473 1625 3623 1681 exire

2035 1711 2391 1783 negligimus,
2435 1713 2708 1783 pressuris
2757 1714 2946 1767 saltem
2997 1713 3344 1768 saevientibus
3383 1715 3622 1786 impella-

341 1803 617 1884 fulcirent.
649 1823 777 1897 (Ex
807 1821 1159 1895 Augustino.)
1196 1820 1345 1888 Quod
1375 1826 1552 1872 autem
1592 1815 1718 1871 dicit
1751 1830 1808 1868 se
1835 1830 1928 1870 eos
1955 1803 2002 1870 Β
2032 1807 2195 1859 mill“:
2234 1811 2396 1874 atque
2439 1805 2555 1860 Ιπίῡϐ
2603 1805 2904 1877 Egyptus,
2939 1805 3188 1861 videlicet
3213 1807 3324 1861 vita
3357 1823 3620 1879 przesens,

340 1920 787 1978 introducturum
825 1918 876 1971 in
930 1925 1129 1970 terram
1176 1913 1425 1966 ﬂuentem
1478 1910 1615 1965 lacte
1657 1919 1711 1963 et
1747 1909 1923 1973 melle,

337 2013 611 2080 qumritur
645 2013 824 2063 utrum
853 2013 1050 2060 terram
1082 2005 1335 2058 liuentem
1369 2003 1508 2055 lacte
1538 2010 1591 2056 et
1630 2001 1788 2056 melle
1814 1999 1924 2069 spi-

335 2079 901 2170 ritualiteracclpere
942 2096 1239 2150 debeamus
1260 2136 1274 2160 ,
1320 2079 1448 2163 quia
1477 2081 1769 2164 secundum
1802 2106 1929 2159 pro-

337 2194 629 2266 prietatem
685 2169 790 2244 non
836 2189 950 2243 lucc
991 2193 1112 2240 erat
1162 2185 1250 2240 illa
1293 2171 1415 2254 qtne
1467 2169 1928 2253 data'es't‘populo

335 2284 538 2351 Israel;
587 2271 654 2340 an
704 2281 990 2338 locutionis
1035 2289 1119 2348 est
1165 2279 1374 2343 modus,
1426 2275 1552 2356 quid
1601 2269 1666 2330 ad
1715 2271 1929 2356 laudem

336 2377 608 2434 ubertatis
659 2383 715 2428 et
768 2375 1050 2428 suavitatis
1099 2370 1386 2426 referatur.
1427 2353 1541 2424 ⁷Αἰι
1600 2367 1808 2436 Moyses
1860 2353 1927 2419 ad

338 2467 510 2523 Deum
539 2483 557 2524 .'
589 2465 724 2520 Ecee
753 2481 846 2535 ego
871 2464 1064 2518 cadam
1093 2463 1160 2515 ad
1185 2461 1323 2531 ﬁlios
1349 2457 1518 2515 Israel
1549 2468 1593 2514 et
1618 2460 1788 2513 dicant
1819 2458 1892 2512 eis
1911 2474 1927 2528 ,ᾖ

339 2545 484 2620 Deus
512 2568 722 2630 patrum
747 2567 1039 2612 vestrorum
1069 2556 1210 2609 misit
1248 2571 1328 2608 me
1351 2553 1418 2608 ad
1446 2569 1554 2606 vos.
1611 2551 1672 2606 Si
1700 2551 1926 2605 dixerint

337 2629 675 2717 ηιϋιὶρρυοά
723 2657 795 2703 est
843 2663 1028 2702 nomen
1075 2648 1223 2717 ejus,
1267 2645 1392 2716 quid
1419 2645 1589 2698 dicam
1622 2644 1734 2697 eis?
1787 2629 1930 2696 Dicit

339 2746 484 2804 Deus
515 2745 587 2798 ad
611 2742 850 2813 Moysen,
877 2739 990 2811 Ego
1015 2757 1133 2794 sum
1157 2738 1244 2810 qui
1268 2753 1405 2792 sum.
1436 2738 1511 2790 Ac
1535 2738 1609 2792 sic
1637 2736 1776 2792 dices
1803 2735 1930 2806 ﬁliis

337 2837 535 2902 Israel,
562 2835 822 2892 Dominus
849 2834 993 2889 Deus
1015 2844 1224 2904 patrum
1245 2841 1555 2896 vestrorum,
1586 2830 1728 2884 Deus
1756 2829 1928 2882 Abra-

337 2927 487 2994 ham,
517 2925 657 2981 Deus
681 2925 839 2980 Isaac
861 2967 873 2990 ,
904 2917 1042 2978 Deus
1065 2917 1229 2975 Iacob
1248 2962 1264 2985 ,
1296 2919 1434 2992 misit
1460 2935 1541 2986 me
1569 2919 1639 2973 ad
1668 2935 1775 2972 vos.
1817 2915 1931 2971 Hoc

338 3036 527 3076 nomen
555 3019 686 3075 mihi
708 3027 782 3074 est
807 3020 862 3072 in
886 3026 1163 3071 a'ternum.
1190 3014 1394 3069 Beatus
1420 3012 1934 3086 llicronymusscri-

339 3109 477 3167 hens
525 3111 595 3166 ad
625 3108 950 3178 Marcellam
993 3108 1058 3162 de
1107 3105 1414 3178 nominibus
1434 3139 1442 3174 ι,
1468 3101 1585 3168 Dei,
1633 3112 1788 3158 sexto
1814 3102 1932 3158 loco

336 3204 494 3276 ponit
520 3216 721 3258 nomen
751 3199 952 3254 Escher
983 3198 1148 3262 eheie,
1181 3205 1324 3256 nias
1362 3205 1517 3261 axes,
1547 3194 1765 3266 quodin
1791 3191 1930 3250 Exo-

337 3295 409 3350 do
432 3292 634 3364 legitur
667 3310 680 3344 :
725 3289 828 3356 Qui
858 3288 1128 3354 est,‘misit-
1148 3304 1248 3341 me.
1289 3287 1432 3354 Deus
1466 3288 1612 3341 enim
1639 3286 1806 3352 solus,
1836 3285 1928 3354 qui

338 3379 626 3446 exordium
669 3399 775 3438 non
817 3379 1018 3448 habet,
1059 3377 1310 3435 essentia:
1345 3391 1542 3452 nomen
1572 3393 1700 3435 vere
1732 3375 1928 3443 tenuit,

335 3478 518 3533 ethoc
543 3475 685 3529 enim
709 3485 904 3527 nomen
938 3472 1005 3526 ad
1032 3478 1278 3524 sanctum
1309 3469 1528 3540 Moysen
1555 3483 1652 3538 per
1679 3465 1928 3538 angelum

336 3578 422 3625 est
450 3565 707 3622 delatum.
751 3564 1028 3632 Quaerenti
1051 3563 1195 3622 enim
1234 3563 1375 3633 quod
1416 3569 1564 3618 esset
1587 3577 1781 3616 nomen
1815 3557 1929 3629 ejus

337 3661 430 3731 qui
455 3672 577 3712 eum
597 3671 824 3729 pergere
849 3655 1199 3727 praecipiebat
1225 3657 1290 3711 ad
1317 3655 1571 3726 populum
1598 3672 1660 3710 ex
1697 3656 1930 3728 Egypto

335 3739 712 3814 liberandum,
752 3743 1071 3820 respondit:
1105 3745 1218 3820 Ego
1249 3735 1482 3822 sumiani
1515 3739 1754 3814 snm‘,"et
1791 3741 1930 3802 dices

337 3842 464 3911 ﬁliis
495 3840 669 3895 Israel
696 3856 712 3896 :
753 3839 860 3905 Qui
890 3847 1000 3903 est,
1031 3823 1379 3894 misitme'ad
1410 3857 1516 3892 eos.
1565 3834 1846 3908 Tanquam
1876 3839 1929 3893 in

339 3937 455 4006 ejus
482 3936 894 4004 comparatione
926 3933 1018 4001 qui
1046 3915 1174 3986 vere
1211 3943 1319 3995 est,
1352 3947 1418 3986 eo
1451 3933 1596 4001 quod
1627 3933 1934 3986 incommu-

339 4026 526 4084 tabilis
552 4031 661 4090 est,
693 4039 756 4079 ea
800 4039 920 4094 quae
964 4023 1369 4102 commutabilia
1421 4019 1562 4077 facta
1611 4032 1734 4078 sunt
1780 4025 1932 4092 quasi

338 4135 450 4177 non
477 4119 607 4173 sint.
648 4116 804 4186 Quod
841 4116 986 4172 enim
1023 4113 1226 4172 dicitur
1253 4113 1374 4181 fuit,
1403 4130 1512 4170 non
1541 4125 1654 4180 est;
1698 4124 1751 4170 et
1791 4115 1933 4186 quod

337 4212 545 4274 dicitur
571 4213 700 4279 erit,
731 4209 972 4268 nondum
1003 4219 1107 4266 est.
1163 4211 1306 4267 Deus
1348 4219 1531 4280 autem
1573 4217 1779 4272 tantum
1815 4218 1929 4280 est;

338 4319 450 4360 non
479 4305 633 4358 novit
679 4300 870 4369 fuisse,
901 4310 957 4358 et
982 4301 1223 4358 futurum
1263 4318 1519 4359 essenon
1550 4303 1720 4357 novit.
1749 4300 1934 4370 .Solus

341 4404 528 4452 autem
560 4392 721 4448 Pater
757 4409 880 4448 cum
911 4392 1052 4448 Filio
1082 4399 1137 4447 et
1179 4391 1386 4463 Spiritu
1429 4401 1617 4450 sancto
1668 4393 1934 4464 veraciter

341 4496 460 4550 est;
494 4483 648 4553 cujus
683 4485 934 4541 essentia:
955 4493 1328 4560 comparatum
1363 4499 1486 4541 esse
1513 4494 1790 4559 nostrum,
1825 4501 1930 4558 non

341 4593 468 4634 esse
497 4585 598 4632 est.
643 4575 797 4632 Unde
827 4584 882 4648 et
910 4576 963 4630 in
990 4557 1257 4647 colloquio
1289 4556 1518 4632 dicimus
1553 4595 1565 4628 :
1598 4556 1743 4630 Vivit
1768 4556 1962 4648 Deus“

342 4667 442 4737 Qui
471 4666 722 4722 essentia:
764 4666 875 4720 vita
922 4665 1059 4720 vivit
1095 4681 1257 4736 quam
1302 4682 1448 4728 mors
1477 4682 1582 4732 non
1613 4665 1795 4721 habet.
1845 4666 1936 4719 ln-

342 4760 702 4831 gredicrisque
732 4764 807 4823 tu,
832 4769 890 4829 et
921 4760 1153 4824 seniores
1186 4755 1357 4826 Israel
1387 4760 1455 4814 ad
1484 4776 1652 4832 regem
1692 4755 1934 4829 .‘Egypti,

343 4861 395 4910 et
422 4852 567 4914 dices
589 4851 660 4904 ad
685 4867 803 4910 eum
829 4865 847 4902 .'
879 4851 1137 4906 Dominus
1179 4850 1319 4906 Deus
1355 4851 1701 4906 IIebra‘orum
1742 4853 1935 4908 vestivit

346 4943 710 5008 nam-Ibimus
736 4944 874 5002 viam
915 4947 1077 4999 trium
1115 4942 1319 4999 dierum
1363 4961 1454 5016 per
1481 4945 1840 5012 solitudinem,
1876 4955 1931 5000 ut

343 5033 676 5097 muniemus
717 5033 940 5094 Domino
985 5033 1096 5090 Deo
1145 5047 1340 5092 nostro.
1406 5034 1509 5092 Sed
1535 5055 1627 5108 ego
1658 5039 1765 5092 scio
1793 5038 1932 5109 quod

346 5142 456 5190 non
476 5125 706 5190 dimittet.
723 5137 822 5190 vos:
844 5139 936 5178 rea;
957 5123 1174 5195 {Egypti
1188 5109 1189 5112 η
1211 5135 1267 5177 ut
1299 5125 1449 5190 eatis,
1483 5127 1584 5181 nisi
1605 5143 1696 5197 per
1719 5145 1932 5182 manum

346 5217 616 5284 ualidam.
650 5218 948 5276 Extendunt
986 5217 1122 5272 enim
1166 5235 1382 5272 "ianum
1426 5237 1612 5284 meam,
1659 5229 1707 5274 et
1749 5235 1933 5290 percu-

347 5311 483 5380 tiam
507 5309 800 5379 ﬂgyptum
829 5309 886 5364 in
927 5310 1128 5363 cunctis
1173 5308 1506 5366 mirabilibus
1539 5313 1664 5368 meis
1697 5308 1826 5384 quae:
1852 5311 1933 5383 fa-

349 5407 535 5456 cturus
560 5413 679 5454 sum
706 5401 762 5456 in
782 5399 952 5454 medio
985 5415 1184 5465 eorum,
1214 5409 1261 5454 et
1287 5411 1402 5473 post
1430 5402 1542 5456 hu'c
1566 5402 1787 5457 dimittet
1824 5421 1928 5458 vos.

351 5491 512 5562 Quod
537 5499 718 5552 autem
759 5492 1021 5548 Dominus
1059 5491 1277 5564 Moysen
1307 5495 1374 5550 ad
1401 5493 1739 5550 Pharaonem
1764 5497 1930 5563 misit,

349 5587 440 5648 ad;
459 5585 840 5657 castigandam
855 5587 1263 5648 contumaciam
1291 5590 1432 5659 ejus,
1479 5597 1532 5644 et
1558 5600 1836 5661 postremo
1867 5589 1935 5648 ad

353 5679 796 5748 interiectionem
850 5679 1031 5746 illius,
1088 5683 1355 5753 signiﬁcat
1410 5681 1699 5740 Dominum
1764 5679 1935 5755 legem

352 5768 855 5840 fuissemissurum
877 5773 951 5834 ad
983 5774 1370 5840 destruendum
1409 5777 1774 5848 principatum
1818 5775 1939 5832 dia-

2030 1914 2148 1967 qme
2185 1914 2280 1951 nos
2308 1898 2636 1966 oppresserit
2663 1898 2965 1961 blandiens,
3005 1898 3220 1967 adjuvet
3247 1914 3540 1969 premens;
3569 1909 3624 1956 et

2029 2007 2149 2061 qum
2173 1989 2299 2044 dum
2329 1989 2518 2044 fovens
2558 1991 2838 2045 servitutis
2863 1989 3051 2061 jugum
3080 1991 3368 2058 contrivit,
3402 1991 3622 2047 liberta-

2032 2082 2100 2136 tis
2128 2083 2267 2135 viam
2293 2124 2306 2144 ,
2340 2082 2464 2135 dum
2504 2081 2740 2145 cruciat,
2775 2081 3044 2136 ostendat.
3088 2081 3214 2137 Hinc
3247 2083 3429 2152 itaque
3456 2099 3620 2140 causa

2030 2185 2114 2229 est
2147 2169 2290 2246 quod
2317 2176 2381 2230 ab
2412 2173 2629 2244 injustis
2662 2174 2792 2247 justi
2813 2173 3201 2246 permittuntur
3222 2173 3405 2248 amigi,
3437 2185 3497 2233 ut
3518 2179 3623 2234 sei-

2030 2263 2158 2321 licct
2181 2267 2304 2319 dum
2336 2264 2516 2318 futura
2551 2265 2775 2318 audiunt
2803 2265 2944 2320 bona
2986 2282 3104 2336 quze
3135 2263 3377 2338 capiant,
3406 2263 3621 2340 patian-

2031 2360 2120 2412 tur
2169 2356 2333 2410 etiam
2396 2356 2537 2412 mala
2595 2356 2926 2426 praesentia,
2972 2367 3093 2427 qua".
3146 2353 3616 2428 perhorrescant,

2031 2456 2192 2518 atque
2234 2449 2300 2501 ad
2342 2447 2637 2502 faciliorem
2681 2449 2922 2513 exitum,
2981 2449 3107 2504 dum
3150 2465 3305 2505 amor
3339 2451 3618 2522 provocat,

2031 2542 2301 2594 cruciatus
2355 2540 2611 2608 impellat.
2694 2541 2947 2612 Daquue
2987 2542 3211 2613 gratiam
3267 2541 3459 2614 populo
3499 2541 3622 2597 huic

2029 2643 2211 2682 coram
2257 2623 2554 2700 Egyptii‘s;
2600 2638 2648 2682 et
2689 2645 2807 2682 cum
2849 2629 3187 2701 egrediemini
3211 2673 3224 2696 ,
3282 2647 3385 2686 non
3415 2631 3620 2686 exibitis

2029 2724 2182 2778 vacui
2210 2737 2226 2774 :
2263 2724 2355 2777 sed
2394 2724 2680 2793 postulabit
2720 2723 2911 2778 mulier
2947 2745 2980 2780 a
3017 2725 3186 2780 vicina
3214 2744 3332 2793 sua,
3362 2733 3411 2782 et
3438 2727 3501 2782 ab
3531 2723 3621 2781 ho-

2029 2817 2166 2886 spita
2193 2817 2311 2881 sua,
2346 2835 2468 2870 vasa
2512 2827 2755 2887 argentea
2797 2825 2844 2871 et
2877 2833 3041 2871 aurea
3071 2835 3132 2871 ac
3163 2827 3365 2872 vestes:
3396 2819 3623 2890 ponetis-

2030 2924 2129 2977 que
2165 2925 2253 2961 eas
2302 2925 2456 2978 super
2486 2908 2624 2978 ﬁlios
2665 2925 2726 2962 ac
2774 2908 2912 2977 ﬁlias
2951 2918 3145 2962 vestras
3174 2951 3188 2975 ,
3239 2919 3286 2963 et
3329 2911 3621 2980 spoliabitis

2032 2995 2344 3066 Afggptum.
2383 2997 2488 3070 (Er
2517 2999 2854 3069 Augustino.)
2884 2998 3036 3066 Quod
3064 3000 3341 3054 mandavit
3363 2999 3622 3058 Dominus

2033 3087 2277 3147 Hebraeis
2325 3107 2422 3162 per
2467 3091 2728 3163 Moysen,
2784 3099 2842 3146 ut
2882 3093 3191 3163 acciperent
3240 3094 3305 3149 ab
3349 3093 3622 3167 Egyptiis

1957 3169 2005 3244 C
2034 3198 2162 3237 vasa
2213 3196 2378 3236 aurea
2424 3191 2480 3236 et
2528 3191 2785 3252 argentea
2827 3191 2882 3238 et
2907 3194 3112 3238 vestem
3137 3227 3151 3251 ,
3193 3193 3354 3254 atque
3395 3183 3620 3255 addidit,

2033 3283 2087 3331 et
2110 3276 2482 3346 prmdabimini
2512 3291 2626 3343 eos,
2674 3279 2913 3334 mandati
2946 3278 3104 3349 hujus
3139 3297 3245 3334 non
3275 3285 3454 3351 potest
3485 3281 3623 3352 inju-

2032 3380 2176 3426 stum
2199 3385 2316 3424 esse
2338 3371 2624 3441 judicium.
2653 3371 2964 3427 Mandatum
2989 3374 3132 3428 enim
3159 3373 3255 3430 Dei
3285 3384 3390 3441 est,
3423 3374 3489 3431 de
3514 3391 3623 3445 quo

2031 3479 2138 3518 non
2187 3463 2577 3532 judicandum,
2620 3466 2714 3519 sed
2751 3465 2800 3520 ei
2847 3467 3326 3536 obtemperandum
3362 3468 3480 3522 fuit.
3532 3459 3625 3524 ille

2031 3555 2175 3608 enim
2201 3555 2365 3622 novit,
2395 3571 2554 3625 quam
2587 3555 2733 3625 juste
2774 3557 3145 3624 mandaverit;
3185 3561 3249 3611 ad
3281 3575 3497 3613 servum
3531 3575 3625 3612 au-

2035 3657 2144 3704 tem
2176 3651 2411 3719 pertinet
2441 3651 2759 3707 obedienter
2791 3650 2972 3707 facere
2998 3651 3140 3722 quod
3176 3655 3472 3708 mandavit.
3529 3651 3626 3707 Re-

2034 3742 2294 3810 spondeas
2313 3740 2519 3810 Moyses
2544 3743 2616 3794 ait
2641 3756 2657 3792 :
2689 3741 2812 3794 Non
2835 3744 3042 3796 credent
3075 3741 3203 3796 mihi
3230 3759 3390 3814 neque
3411 3743 3624 3799 audient

2033 3850 2205 3888 uocem
2229 3849 2417 3899 meum,
2445 3835 2533 3887 sed
2557 3834 2731 3887 dicent
2759 3850 2776 3887 :
2806 3830 2930 3886 Non
2956 3831 3198 3904 apparuit
3229 3831 3321 3887 tibi
3343 3831 3622 3890 Dominus.

2033 3927 2182 3980 Dia‘it
2210 3943 2330 3995 ergo
2356 3928 2424 3979 ad
2450 3943 2566 3979 eum
2584 3941 2601 3977 :
2633 3926 2774 3990 Quid
2795 3935 2868 3979 est
2899 3921 3038 3996 quod
3065 3935 3204 3996 tenes
3231 3927 3284 3980 in
3307 3943 3465 3980 manu
3493 3929 3628 3982 tua?

2038 4017 2347 4085 Respondit,
2385 4015 2564 4087 Virga.
2597 4015 2681 4069 Ait
2716 4033 2734 4071 :
2773 4015 2985 4087 Projice
3016 4033 3131 4074 eam
3161 4018 3213 4071 in
3236 4025 3450 4100 (errant;
3485 4017 3623 4094 Prd—

2027 4111 2179 4181 jecit,
2211 4117 2260 4165 et
2291 4127 2438 4165 versa
2465 4123 2538 4166 est
2568 4112 2620 4165 in
2654 4110 2950 4177 colubrum,
2976 4113 3050 4166 ita
3080 4122 3135 4165 ut
3165 4112 3365 4183 fugeret
3396 4107 3622 4184 Moyses.

2040 4203 2286 4274 Dixitque
2312 4202 2568 4258 Dominus
2586 4247 2598 4268 ,
2651 4204 2890 4258 Extende
2919 4218 3132 4258 manum
3162 4213 3330 4269 tuam,
3359 4215 3407 4258 et
3436 4224 3624 4278 appre-

2034 4297 2201 4352 hende
2228 4297 2450 4352 caudam
2490 4298 2623 4368 ejus.
2665 4297 2918 4352 Ertendit
2950 4305 2997 4351 et
3038 4298 3234 4363 tenuit,
3271 4315 3521 4369 versaque
3550 4275 3624 4354 est

2034 4389 2090 4442 in
2119 4389 2315 4456 virgam
2365 4388 2563 4461 (Exod.
2599 4389 2697 4455 IV).
2737 4387 2867 4456 Quis
2893 4403 2990 4457 per
3024 4388 3242 4460 Moysen
3264 4430 3278 4453 ,
3312 4387 3414 4444 nisi
3443 4388 3627 4444 Judai—

2038 4497 2133 4538 cus
2153 4481 2415 4550 populus,
2445 4492 2497 4535 et
2531 4482 2658 4552 quid
2699 4498 2794 4551 per
2822 4481 3029 4551 virgam
3060 4480 3164 4534 nisi
3207 4488 3447 4549 potestas
3479 4480 3623 4534 Divi-

1985 4573 2262 4637 f’nitatis?
2314 4573 2452 4642 Quid
2487 4587 2585 4644 per
2618 4583 2925 4644 serpentem
2971 4573 3072 4628 nisi
3113 4573 3413 4628 mortalitas
3456 4578 3624 4630 nostri

2041 4664 2418 4734 Redemptoris
2445 4666 2796 4735 exprimitur?
2836 4665 2971 4732 Quia
3005 4665 3147 4719 enim
3186 4681 3281 4734 per
3314 4675 3624 4736 serpentem

2043 4773 2224 4822 mors,
2274 4765 2421 4812 recte
2465 4757 2768 4812 mortalitas
2818 4759 2870 4813 in
2924 4769 3177 4829 serpente
3209 4760 3470 4830 signatur.
3530 4760 3625 4814 Vel

2043 4855 2192 4904 certe
2216 4863 2337 4902 cum
2376 4847 2638 4918 scriptum
2665 4847 2754 4902 sit.
2798 4845 2985 4902 Estotc
3015 4863 3143 4919 ergo
3173 4849 3465 4918 prudentes
3488 4849 3627 4902 sicut
3701 4851 3710 4858 “

2039 4952 2319 5013 serpentes
2349 4938 2563 5011 (Matth.
2599 4938 2678 5013 Χ),
2708 4950 2761 4996 et
2785 4942 2910 5012 quia
2937 4939 3052 5013 ipsa
3083 4958 3290 4997 summa
3316 4939 3624 5012 prudentia,

2039 5034 2091 5090 id
2119 5043 2202 5090 est
2252 5033 2345 5090 Dei
2400 5033 2701 5104 sapientia,
2743 5035 3016 5090 incarnari
3056 5034 3274 5106 dignata
3316 5044 3439 5101 est,
3482 5015 3626 5090 recte

2038 5127 2154 5196 ejus
2181 5126 2487 5182 mortalitas
2533 5128 2585 5181 in
2629 5136 2882 5198 serpente
2932 5125 3214 5199 figuratur.
3285 5125 3436 5204 Unde
3478 5109 3534 5183 et
3572 5127 3623 5200 in

2038 5219 2333 5290 Evangelia
2360 5219 2423 5274 de
2453 5219 2707 5289 passione
2767 5233 2862 5274 sua
2912 5218 3152 5288 loquitur
3200 5218 3386 5274 dicens
3423 5238 3435 5271 :
3473 5215 3628 5270 Sicut

2041 5309 2250 5381 Moyses
2287 5307 2536 5364 exultavit
2578 5316 2863 5379 serpentem
2904 5308 2956 5362 in
2989 5307 3223 5373 deserto,
3278 5307 3352 5380 ita
3398 5303 3626 5359 exaltari

2041 5408 2239 5470 oportet
2268 5399 2438 5469 ﬁlium
2471 5400 2698 5453 hominis
2736 5398 2918 5472 (Joan.
2953 5399 3058 5472 nt).
3109 5395 3320 5469 Moyses
3360 5409 3489 5466 ergo
3514 5396 3624 5450 vir-

2042 5508 2163 5564 gam
2193 5491 2383 5558 tenuit,
2416 5491 2542 5564 quia
2575 5487 2833 5547 Iudaicus
2867 5491 3095 5563 pepulus
3134 5497 3257 5544 ante
3298 5483 3628 5560 Redempto-

2047 5587 2121 5640 ris
2146 5587 2431 5641 adventum
2484 5586 2536 5639 in
2586 5583 2766 5639 divina
2798 5593 3063 5654 potestate
3105 5579 3349 5636 conlixus
3379 5589 3496 5647 est,
3533 5580 3626 5635 sed

2044 5682 2251 5752 virgam
2282 5680 2334 5736 in
2379 5689 2578 5734 terram
2624 5679 2871 5749 projecit,
2917 5678 3044 5748 quia
3089 5676 3228 5730 idem
3272 5675 3502 5746 populus
3530 5687 3628 5745 per

2042 5775 2386 5850 patriarchas
2432 5789 2494 5829 ac
2538 5773 2831 5844 prophetas
2879 5772 3045 5826 Deum
3085 5767 3472 5824 incarnandum
3503 5776 3627 5820 esse
