4020 6352
435 358 509 419 39
1077 349 1437 407 B..RABANI
1473 348 1695 409 MAURI
1733 349 2054 409 ARCHIEP.
2091 348 2405 409 MOGUNT.
2441 348 2728 408 OPERUM
2760 347 2943 407 PARS
2977 349 3021 406 Ι.
3626 351 3704 411 ω

439 478 642 527 na‘utur
680 476 737 527 et
776 468 1079 541 despiciunt
1108 469 1509 540 simplicitatem
1537 471 1823 526 bonorum.
1863 468 2018 527 Sicut
2042 474 2284 533 Amanu
2330 467 2532 539 aliquid
2572 469 2903 540 operantur?
2927 467 3056 542 quid
3095 464 3199 522 sibi
3242 467 3357 521 vult
3379 465 3486 522 ista
3521 466 3709 525 diver—

432 579 564 639 ergo
596 570 724 618 sunt
748 561 1172 617 abominationes
1200 562 1463 617 malorum
1498 577 1721 632 operum
1751 578 1887 633 quas
1922 562 2014 618 de—

434 660 703 707 testantur
727 653 872 716 boni,
902 651 976 706 ita
1003 652 1267 707 bonorum
1293 667 1519 723 operum
1544 668 1720 707 causa:
1740 653 2015 708 abomina—

432 747 612 803 tiones
637 755 763 803 sunt
792 746 1056 818 reprobis.
1082 743 1238 801 Unde
1263 746 1524 817 scriptum
1552 756 1635 801 est
1659 764 1671 800 :
1698 745 2016 801 Abominan-

431 847 523 907 tur
538 839 679 909 justi
702 839 866 915 virum
899 839 1137 909 impium,
1164 848 1213 893 et
1242 838 1614 895 abominantur
1638 839 1784 911 impii
1812 856 1898 895 eos
1926 839 2017 911 qui

431 930 486 983 in
515 938 651 987 recta
677 939 799 1009 sunt
828 931 911 986 via
941 927 1125 1002 (Prov.
1152 931 1324 1002 xm).

498 1086 509 1095 ,
828 1078 831 1083 ν
1004 1043 1235 1102 CAPUT
1273 1044 1432 1101 XVII.
1986 1090 1989 1095 -

434 1136 535 1195 Ubi
577 1136 951 1199 vestis-valida
995 1137 1298 1219 immittitur
1340 1136 1429 1192 in.
1460 1137 1757 1192 animantia
1808 1134 2018 1208 ﬁgyp-

1118 1216 1332 1262 tiorum.

498 1298 647 1353 Dixit
694 1307 870 1355 autem
911 1297 1171 1352 Dominus
1217 1298 1287 1353 ad
1328 1297 1549 1369 Moysen
1570 1312 1589 1351 :
1623 1298 1908 1369 Ingredere
1948 1297 2019 1354 ad

430 1388 792 1456 Pharaonem,
819 1401 867 1445 et
894 1390 1102 1462 loquere
1133 1390 1202 1445 ad
1236 1407 1355 1445 eum
1385 1407 1403 1445 :
1431 1389 1563 1445 Haec
1593 1391 1721 1445 dicit
1761 1392 2020 1445 Dominus

426 1480 937 1545 Deusllebrazorum
961 1499 985 1555 ξι
1012 1483 1226 1539 Dimitte
1252 1482 1507 1554 populum
1536 1500 1731 1548 meum,
1759 1490 1817 1537 ut
1856 1482 2021 1537 sacri-

426 1572 543 1641 ﬁcet
572 1575 720 1628 mihi.
751 1573 907 1643 Quod
935 1575 982 1633 si
1025 1576 1198 1631 adhuc
1243 1577 1419 1639 renuis
1449 1585 1497 1629 et
1539 1577 1728 1631 retines
1771 1592 1879 1641 eos,
1906 1589 2021 1630 ecce

426 1682 613 1723 manus
642 1684 757 1727 mea
795 1669 891 1722 erit
934 1685 1091 1738 super
1124 1684 1279 1738 agros
1307 1676 1446 1733 tuos,
1472 1684 1632 1743 super
1656 1684 1812 1737 equos
1838 1675 1887 1721 et
1917 1666 2021 1720 asi-

426 1773 541 1822 nos,
574 1766 622 1812 et
664 1757 911 1823 camelos,
938 1767 988 1812 et
1018 1759 1188 1824 boves,
1215 1768 1263 1813 et
1299 1775 1441 1826 oves,
1476 1758 1635 1829 pestis
1666 1756 1815 1813 valde
1850 1757 2022 1828 gravis

2115 562 2280 617 sitas?
2309 578 2482 633 neque
2509 562 2653 617 enim
2690 562 2841 617 nihil.
2882 559 3233 630 Tuleruntque
3261 559 3484 614 cinerem
3524 561 3589 614 de
3616 578 3706 616 ca—

2113 652 2279 719 mino,
2315 662 2361 707 et
2401 661 2653 707 steterunt
2681 669 2859 707 coram
2891 650 3214 705 Pharaone:
3241 659 3290 706 et
3321 651 3514 721 sparsit
3548 650 3705 707 illum

2116 744 2322 816 Moyses
2364 745 2419 799 in
2459 744 2644 799 coelum
2678 759 2696 797 :
2744 744 2972 816 factique
3017 752 3139 798 sunt
3182 742 3362 797 ulcera
3413 745 3704 799 vesicarum

2116 826 2432 909 turgentiuin
2456 838 2513 892 in
2546 834 2840 892 hominibus
2867 846 2917 891 et
2942 837 2996 891 in
3018 836 3305 907 jumentis;
3336 853 3430 892 nec
3459 844 3705 908 poterant

2116 924 2344 996 maleﬁci
2384 938 2526 982 stare
2570 943 2747 981 coram
2798 925 3000 999 Moyse,
3044 935 3255 998 propter
3284 925 3460 982 ulcera
3500 943 3620 1000 qua:
3649 927 3707 982 in

2115 1017 2221 1072 illis
2257 1026 2406 1073 erant
2431 1027 2477 1073 et
2506 1018 2561 1072 in
2590 1018 2732 1073 omni
2760 1026 2903 1073 terra
2932 1017 3169 1090 .Egypti.
3203 1018 3313 1092 (Ea:
3344 1018 3600 1091 Isidoro.)
3647 1020 3710 1075 In

2115 1109 2388 1165 ulceribus
2415 1109 2657 1181 arguitur
2686 1109 2871 1166 dolosa
2906 1107 3066 1179 hujus
3105 1110 3291 1167 saeculi
3328 1120 3385 1166 et
3414 1110 3708 1182 purulenta

2118 1202 2352 1270 malitia;
2392 1204 2449 1259 in
2491 1205 2711 1272 vesicis,
2749 1215 2963 1261 tumens
3003 1214 3058 1260 et
3102 1205 3285 1262 inﬂata
3315 1206 3601 1277 superbia;
3650 1206 3707 1261 in

2120 1295 2447 1363 fervoribus,
2479 1297 2559 1353 ira
2606 1296 2807 1355 furoris
2852 1310 2908 1355 et
2957 1300 3190 1356 insania.
3223 1300 3512 1372 [lucusque
3555 1302 3706 1359 enim

2120 1388 2249 1444 talia
2277 1404 2375 1458 per
2399 1404 2649 1444 errorum
2681 1406 2900 1448 suorum
2925 1393 3129 1463 ﬁguras
3156 1393 3418 1449 mundum
3444 1393 3710 1466 supplicia

2120 1488 2445 1550 temperant.
2479 1480 2607 1537 Post
2643 1483 2759 1539 haec
2798 1499 2951 1551 vero,
2978 1485 3205 1540 verbera
3234 1486 3459 1541 veniunt
3504 1485 3573 1541 de
3618 1503 3713 1542 su-

2118 1568 2341 1639 pernis:
2374 1584 2535 1625 voces
2576 1568 2815 1639 scilicet,
2862 1573 3100 1628 tonitrua
3141 1584 3196 1628 et
3234 1575 3441 1646 grando
3469 1582 3524 1629 et
3567 1575 3712 1646 ignis

2123 1660 2455 1724 discurrens,
2499 1660 2641 1716 sicut
2682 1661 3133 1734 insequentibus
3177 1664 3515 1720 ostendetur.
3560 1663 3712 1718 Dixit

2124 1767 2324 1821 quoque
2367 1750 2624 1806 Dominus
2658 1753 2727 1806 ad
2771 1751 2990 1825 Moysen
3019 1769 3039 1808 :
3074 1752 3233 1810 Mane
3263 1772 3515 1828 consurge
3539 1764 3589 1811 et
3629 1764 3712 1809 sta

426 1846 626 1916 (Exod.
650 1847 750 1918 rx).
773 1848 1086 1919 Quodvero
1105 1850 1294 1921 quinto
1318 1851 1374 1904 in
1400 1850 1521 1905 loco
1541 1849 1856 1905 animalium
1883 1864 2018 1905 nece
2044 1829 2093 1890 Β
2121 1858 2297 1895 coram
2339 1840 2643 1909 Pharaone,
2681 1853 2727 1897 et
2767 1847 2906 1900 dices
2949 1846 3018 1900 ad
3052 1864 3172 1901 eum
3207 1864 3225 1903 :
3259 1846 3389 1902 Htec
3435 1848 3562 1902 dicit
3596 1847 3712 1901 Do-

425 1939 509 1994 vel
562 1955 821 2010 pecorum
876 1938 1145 2013 Egyptus
1210 1941 1556 2005 verberatur,
1627 1940 1879 1997 vecordia
1932 1941 2022 1996 hic

424 2030 670 2100 arguitur
695 2030 777 2084 vel
808 2030 1037 2087 stultitia
1083 2030 1365 2087 hominum
1396 2031 1729 2097 mortalium,
1762 2032 1853 2101 qui
1901 2038 2022 2085 tan-

426 2137 591 2191 quam
620 2123 1012 2183 irrationabilia
1038 2139 1236 2194 pecora
1266 2124 1469 2180 cultum
1493 2132 1549 2181 et
1576 2124 1897 2179 vocabulum
1924 2124 2021 2178 Dei

424 2211 799 2284 imposuerunt
847 2214 1057 2287 ﬁguris,
1102 2230 1210 2271 non
1259 2215 1431 2270 solum
1468 2215 1783 2282 hominum;
1823 2216 1920 2270 sed
1966 2221 2022 2270 et

423 2323 706 2379 pecorum,
741 2310 909 2380 ligno,
939 2308 1175 2365 metallis
1214 2317 1377 2378 atque
1411 2309 1681 2379 lapidibus
1708 2309 2017 2379 impressis;

422 2409 495 2463 et.
527 2416 592 2456 ea
621 2416 742 2470 qua:
775 2401 878 2471 ipsi
925 2402 1221 2459 credebant
1260 2401 1410 2457 cultu
1449 2401 1707 2457 honorari
1744 2402 1925 2456 divino
1964 2402 2021 2457 in

423 2489 508 2544 his
554 2490 801 2559 viderent
832 2491 1138 2546 miseranda
1184 2491 1426 2546 exerceri
1458 2490 1739 2561 supplicia.
1774 2490 2019 2545 Mortua-

423 2597 521 2651 que
538 2590 659 2636 sunt
682 2582 857 2637 omnia
881 2582 1173 2636 animantia
1190 2582 1579 2653 ngyptiorum.
1604 2581 1684 2635 De
1703 2581 2020 2636 animalibus

421 2686 542 2725 vero
567 2671 802 2741 ﬁliorum
822 2672 996 2729 Israel
1019 2672 1151 2729 nihil
1174 2673 1386 2727 omnino
1415 2673 1589 2743 periit.
1610 2671 1681 2725 Et
1710 2673 1853 2726 misit
1876 2671 2021 2728 Pha-

423 2778 517 2816 rao
542 2764 612 2817 ad
643 2764 961 2819 videndum:
988 2782 1079 2820 nec
1107 2774 1219 2820 erat
1243 2764 1528 2837 quidquam
1555 2774 1821 2819 mortuum
1846 2764 1909 2819 de
1938 2766 2019 2819 his

418 2871 539 2928 quae
576 2857 874 2929 possidebat
918 2856 1110 2911 Israel.
1142 2855 1587 2928 Ingravatumque
1629 2865 1706 2910 est
1747 2872 1838 2909 cor
1875 2853 2022 2911 Pha-

422 2947 620 3015 raonis,
644 2957 694 3002 et
721 2964 827 3003 non
851 2948 1050 3026 dimisit
1084 2947 1355 3019 populum.
1382 2946 1492 3021 (Ea:
1514 2946 1851 3018 Augustino.)
1882 2946 2022 3015 Quo-

423 3037 638 3093 modoe
665 3038 959 3095 contrariis
1006 3039 1186 3094 causis
1232 3038 1376 3095 facta
1422 3048 1506 3095 est
1550 3041 1668 3095 hzec
1717 3039 2019 3112 ingravatio

422 3130 605 3185 cordis
648 3128 983 3186 Pharaonis?
1027 3130 1084 3185 Si
1135 3131 1282 3187 enim
1321 3138 1378 3186 et
1410 3145 1610 3201 pecora
1648 3130 2018 3187 lsraelitarum

2122 1934 2296 1988 minus
2324 1931 2464 1988 Deus
2492 1932 2838 1990 Hebrworum
2861 1953 2879 1990 :
2902 1936 3117 1992 Dimitte
3150 1938 3400 2009 populum
3432 1957 3626 2009 meum,
3654 1954 3714 1999 ut

2123 2024 2383 2094 sacriﬁcet
2416 2025 2569 2092 mihi,
2594 2026 2717 2096 quia
2744 2027 2799 2081 in
2826 2027 2925 2082 hac
2954 2027 3059 2082 vice
3082 2029 3286 2083 mittam
3311 2045 3490 2086 omnes
3526 2032 3712 2105 plagas

2124 2130 2265 2169 meas
2302 2132 2459 2187 super
2487 2133 2578 2170 cor
2617 2127 2789 2184 tuum,
2812 2126 2860 2172 et
2897 2134 3051 2190 super
3092 2137 3262 2176 servos
3301 2130 3439 2189 tuos,
3480 2133 3529 2178 et
3556 2141 3716 2197 super

2123 2203 2373 2276 populum
2409 2215 2588 2274 tuum,
2616 2217 2675 2261 ut
2705 2209 2842 2264 scias
2877 2210 3000 2282 quia
3042 2229 3146 2266 non
3181 2214 3249 2267 sit
3290 2215 3476 2270 similis
3515 2219 3617 2272 mei
3656 2219 3716 2274 in

2127 2296 2267 2350 omni
2294 2306 2453 2350 terra.
2484 2296 2642 2352 Nunc
2675 2300 2813 2353 enim
2840 2300 3121 2357 extendens
3159 2311 3393 2373 manum,
3419 2309 3714 2378 percutiam

2125 2396 2173 2440 te
2193 2398 2238 2440 et
2268 2386 2520 2457 populum
2545 2398 2692 2443 tuum
2720 2401 2877 2461 peste,
2903 2394 3283 2467 peribisque-de
3313 2408 3472 2453 terra.
3499 2398 3714 2455 Idcirco

2125 2485 2298 2530 autem
2322 2480 2472 2547 posui
2495 2489 2566 2545 te,
2593 2490 2649 2533 ut
2672 2482 2939 2537 ostendam
2962 2484 3017 2540 in
3042 2494 3090 2539 te
3112 2485 3474 2555 fortitudinem
3498 2507 3669 2545 meam
3691 2508 3715 2548 :

2125 2574 2173 2620 et
2203 2578 2449 2621 narretur
2484 2586 2673 2625 nomen
2708 2588 2878 2627 meum
2923 2575 2979 2628 in
3025 2577 3166 2631 omni
3197 2587 3357 2633 terra.
3402 2578 3530 2636 Haec
3566 2578 3717 2638 Scri-

2124 2668 2298 2729 pturae
2330 2662 2494 2717 verba
2523 2672 2579 2718 et
2600 2664 2893 2735 Apostolus
2917 2669 3116 2737 posuit,
3147 2685 3271 2724 cum
3296 2670 3353 2726 in
3377 2674 3566 2729 eodem
3591 2672 3714 2731 loco

2123 2754 2421 2823 perdifﬁcili
2455 2766 2782 2813 versaretur.
2817 2759 2894 2814 lbi
2934 2770 3117 2815 autem
3141 2771 3195 2816 et
3223 2763 3329 2818 hoc
3361 2764 3475 2818 ait:
3504 2762 3565 2820 Si
3614 2783 3717 2821 au-

2125 2855 2226 2901 tem
2263 2849 2435 2904 volens
2473 2849 2617 2907 Deus
2654 2852 2925 2907 ostendere
2968 2853 3103 2907 iram
3142 2862 3191 2907 et
3234 2854 3595 2911 demonstrare
3618 2874 3717 2928 po-

2124 2941 2342 2995 tentiam
2371 2959 2553 3009 suam,
2600 2944 2811 2999 sustulit
2847 2945 2903 2998 in
2931 2942 3099 2999 multa
3126 2946 3383 3016 patientia
3432 2964 3557 3003 vasa
3593 2950 3714 3015 ira,

2123 3034 2385 3103 parcendo
2411 3035 2587 3105 utique
2615 3035 2696 3090 his
2722 3053 2849 3107 quos
2888 3035 3056 3091 malos
3086 3036 3293 3107 futuros
3323 3055 3433 3093 esse
3470 3040 3719 3110 praescie-

2125 3133 2241 3191 rat,
2277 3142 2395 3195 qua:
2444 3142 2567 3180 vasa
2605 3126 2731 3179 dicit
2765 3126 2995 3197 perfecta
3040 3127 3096 3181 in
3134 3128 3479 3197 perditionem
3514 3145 3533 3183 :
3566 3139 3615 3184 et
3655 3139 3716 3185 ut

422 3227 788 3285 morerentur,
830 3228 959 3277 tunc
1007 3219 1285 3277 videretur
1332 3236 1498 3278 causa
1543 3231 1859 3292 competens
1907 3236 2015 3291 qua
2040 3223 2090 3291 α
2125 3224 2295 3281 notas,
2326 3214 2520 3285 inquit,
2551 3215 2746 3286 faceret
2783 3216 2993 3270 divitias
3017 3215 3200 3287 gloria:
3220 3234 3332 3272 sua:
3364 3220 3421 3272 in
3449 3235 3577 3273 vasa
3609 3220 3714 3273 mi-

422 3328 520 3369 cor
546 3314 664 3385 ejus
695 3322 1013 3385 gravaretur
1038 3314 1106 3369 ad
1148 3314 1605 3371 contemnendum
1654 3315 1855 3381 Deum,
1888 3322 2013 3369 tan-

423 3419 590 3474 quam
633 3406 680 3460 si
704 3416 762 3459 et
789 3406 935 3476 magi
971 3405 1088 3475 ejus
1122 3421 1317 3478 pecora
1345 3405 1713 3465 lsraelitarum
1756 3406 2017 3463 fecissent

423 3496 583 3553 mori.
610 3495 770 3561 Nunc
798 3498 1095 3567 verounde
1124 3497 1310 3555 debuit
1337 3497 1406 3552 ad
1448 3498 1748 3554 timendum
1777 3497 1860 3553 vel
1892 3512 2014 3553 cre-

423 3587 658 3645 dendum
689 3588 927 3655 moveri,
954 3588 1144 3645 videns
1190 3588 1395 3643 nullum
1426 3604 1591 3659 pecus
1622 3596 1898 3644 mortuum
1944 3605 2013 3643 ex

421 3681 711 3750 pecoribus
737 3680 1122 3738 Hebrznorum?
1152 3682 1290 3737 Hinc
1320 3683 1661 3755 ingravatum
1690 3692 1794 3751 est,
1825 3683 1880 3738 id
1909 3693 2012 3749 est,

421 3769 513 3825 illa
560 3771 868 3843 ingravatio
918 3775 1083 3830 etiam
1130 3775 1414 3845 hucusque
1464 3790 1750 3846 progressa
1805 3783 1908 3831 est.
1943 3774 2014 3829 Et

420 3862 554 3917 dixit
591 3862 851 3921 Dominus
885 3866 955 3920 ad
995 3865 1213 3937 Moysen
1252 3875 1299 3920 et
1334 3866 1514 3923 Aaron
1541 3881 1559 3918 :
1603 3863 1790 3918 Tollite
1831 3863 2015 3936 plenas

419 3971 608 4011 manus
637 3956 829 4015 cineris
858 3957 923 4011 de
952 3959 1159 4013 camino
1183 3975 1201 4012 .'
1226 3966 1275 4012 et
1297 3966 1510 4031 spargat
1546 3955 1699 4011 illum
1724 3955 1933 4028 Moyses
1957 3960 2016 4013 in

420 4042 604 4112 cretum
642 4060 820 4099 coram
849 4042 1130 4099 Pharaone
1153 4059 1171 4096 :
1197 4048 1366 4115 sitque
1404 4046 1575 4116 pulvis
1622 4063 1779 4117 super
1818 4057 2015 4103 terram

383 4161 391 4165 κ
421 4132 660 4203 Ερμριὶ.
688 4133 863 4191 Erunt
888 4135 1024 4188 enim
1053 4135 1109 4187 in
1153 4134 1449 4189 hominibus
1478 4144 1526 4188 et
1549 4136 1807 4204 jumentis
1834 4136 2015 4190 ulcera

421 4232 468 4277 et
492 4223 671 4281 vesica:
695 4232 960 4294 turgentes
981 4224 1037 4276 in
1062 4224 1305 4278 universa
1333 4234 1475 4281 terra
1498 4223 1743 4295 Egypti.
1772 4221 1881 4297 (Ea:
1904 4225 2016 4278 Au-

419 4316 674 4388 gustino.)
699 4314 838 4383 Quid
862 4324 949 4371 est
972 4316 1115 4387 quod
1142 4316 1274 4373 dicit
1303 4316 1446 4372 Deus
1474 4316 1543 4372 ad
1571 4316 1753 4373 Aaron
1782 4325 1838 4370 et
1866 4317 2015 4388 Moy-

421 4422 538 4473 sen,
576 4406 791 4465 Sumite
816 4407 969 4462 vobis
1005 4406 1193 4476 plenas
1222 4422 1415 4463 manus
1444 4406 1641 4462 favillae
1672 4408 1738 4463 de
1768 4406 2009 4475 fornace,

420 4504 477 4563 et
500 4504 776 4568 aspergat
809 4495 1024 4568 Moyses
1060 4495 1119 4552 in
1161 4496 1361 4555 ccelutn
1410 4511 1592 4551 coram
1622 4495 1925 4562 Pharaone,
1958 4504 2014 4552 et

422 4602 609 4653 coram
636 4587 809 4643 servis
842 4587 982 4658 ejus,
1008 4596 1066 4647 et
1100 4587 1194 4643 ﬁat
1226 4588 1402 4659 pulvis
1426 4588 1483 4645 in
1522 4596 1633 4645 tota
1669 4598 1814 4644 terra
1843 4587 2014 4662 Egy-

420 4676 538 4748 pti?
566 4676 730 4748 Signa
771 4676 915 4743 enim
951 4678 1232 4750 superiora
1261 4678 1413 4751 virga
1458 4678 1678 4747 ﬁebant,
1707 4696 1872 4751 quam
1900 4696 2011 4738 non

422 4769 637 4841 Moyses
662 4770 758 4829 sed
792 4769 977 4827 Aaron
1021 4773 1348 4831 extendebat
1376 4788 1538 4844 super
1568 4789 1788 4844 aquam,
1831 4774 1917 4830 vel
1941 4773 2013 4830 ad

423 4863 1015 4934 terrampercutiebat.
1060 4864 1216 4921 Nunc
1254 4882 1385 4922 vero
1427 4866 1765 4937 interpositis
1802 4865 2011 4922 duobus

422 4952 592 5024 signis
632 4954 701 5010 de
744 4970 1010 5028 cynomya
1049 4964 1104 5011 et
1141 4971 1399 5027 pecorum
1442 4938 1727 5023 mortibus,
1774 4958 1867 5012 ubi
1908 4973 2013 5012 nec
2045 4978 2051 4984 ε

419 5044 604 5103 Aaron
631 5064 737 5107 nec.
757 5048 970 5122 Moyses
991 5050 1195 5121 aliquid
1218 5066 1384 5106 manu
1411 5050 1620 5122 cperati
1643 5059 1791 5116 sunt,
1814 5050 2013 5106 dicitur

421 5136 727 5208 utMoyses
751 5140 992 5195 favillam
1021 5148 1240 5213 spargat
1276 5140 1332 5195 in
1362 5141 1563 5196 cmlum
1590 5140 1656 5194 de
1684 5138 1926 5205 fornace,
1956 5147 2014 5196 et

422 5227 566 5285 hanc
588 5229 748 5287 ambo
769 5244 987 5286 sumere
1017 5231 1299 5302 jubentur,
1334 5230 1430 5285 sed
1475 5229 1566 5284 ille
1601 5243 1856 5299 spargere
1899 5243 2009 5284 non

421 5318 480 5377 in
508 5328 711 5378 terram
738 5321 833 5378 sed
861 5322 919 5379 in
949 5322 1181 5389 caelum;
1223 5330 1483 5392 tanquam
1512 5322 1696 5376 Aaron
1728 5322 1819 5392 qui
1851 5321 2010 5377 datus

421 5422 537 5471 erat
579 5415 648 5473 ad
677 5414 966 5485 populum,
1000 5422 1204 5470 terram
1237 5421 1527 5483 percutere
1571 5412 1814 5480 deberet,
1839 5413 1925 5468 vel
1951 5414 2008 5469 in

421 5508 626 5559 terram
667 5505 783 5563 sive
812 5504 869 5559 in
901 5519 1098 5575 aquam
1144 5519 1366 5577 manum
1411 5505 1703 5561 extendere
1739 5524 1754 5559 :
1794 5504 2009 5577 Moyses

420 5602 575 5658 vero,
615 5593 683 5649 de
721 5609 831 5665 quo
869 5583 1071 5650 dictum
1117 5601 1203 5649 est
1231 5613 1245 5649 :
1270 5594 1390 5649 Erit
1421 5594 1519 5649 tibi
1558 5594 1611 5649 in
1650 5595 1737 5651 his
1779 5611 1897 5667 quae
1938 5598 2004 5654 ad

420 5679 617 5748 Deum,
660 5684 718 5739 in
761 5684 959 5741 omium
996 5685 1218 5756 jubetur
1263 5683 1504 5742 favillam
1550 5702 1825 5761 spargere.
1866 5688 2007 5758 Quid

416 5771 534 5865 duo
556 5773 650 5836 illa
676 5777 956 5853 superiora
990 5778 1166 5853 signa,
1194 5779 1288 5841 ubi
1317 5795 1420 5840 nec
1454 5778 1666 5854 Moyses
1692 5799 1794 5843 nec
1820 5782 2005 5844 Aaron

2117 3305 2420 3361 sericordia:
2460 3304 2637 3378 (Rom.
2684 3305 2781 3380 rx).
2828 3305 2980 3362 Unde
3010 3322 3264 3363 vasorum
3314 3308 3712 3364 misericordias

2118 3413 2225 3454 vox
2268 3406 2353 3454 est
2400 3398 2457 3452 in
2502 3398 2766 3467 psalmis:
2796 3397 2939 3453 Deus
2986 3415 3152 3466 meus,
3197 3400 3555 3454 misericordia
3596 3401 3716 3470 ejus

2116 3494 2393 3564 praeveniet
2440 3509 2543 3547 me.
2578 3493 2720 3547 Deus
2769 3510 2912 3548 meus
2961 3494 3337 3550 demonstravit
3394 3483 3523 3550 mihi
3574 3496 3715 3551 bona

2118 3602 2296 3640 coram
2326 3586 2552 3641 inimicis
2596 3586 2723 3639 meis
2771 3585 2945 3658 (Psal.
2986 3587 3161 3659 Lvut).
3207 3586 3368 3643 Novit
3409 3603 3539 3660 ergo
3571 3589 3715 3644 Deus

2117 3675 2256 3731 bene
2283 3676 2361 3730 uti
2388 3676 2572 3742 malis;
2600 3676 2657 3731 in
2690 3676 2885 3745 quibus
2921 3686 3103 3731 tamen
3131 3688 3426 3734 humanam
3455 3688 3710 3735 naturam

2117 3781 2227 3821 non
2279 3767 2349 3823 ad
2389 3767 2648 3821 malitiam
2697 3775 2878 3829 creat,
2926 3768 3021 3821 sed
3059 3769 3269 3837 profert
3300 3785 3396 3825 eos
3442 3771 3716 3840 patienter

2118 3873 2401 3929 quousque
2443 3858 2546 3913 scit
2573 3865 2825 3927 oportere
2853 3875 2864 3911 :
2895 3872 3000 3912 non
3029 3857 3282 3926 inaniter,
3315 3862 3412 3916 sed
3440 3871 3599 3917 utens
3631 3863 3712 3918 eis

2118 3952 2187 4005 ad
2216 3950 2637 4007 admonitionem
2664 3949 2751 4006 vel
2790 3951 3223 4007 exhortationem
3248 3952 3536 4009 bonorum.
3567 3955 3712 4011 Ecce

2117 4045 2263 4100 enim
2293 4054 2350 4099 ut
2376 4045 2790 4101 annuntiaretur
2815 4060 3010 4101 nomen
3041 4045 3137 4101 Dei
3168 4046 3222 4101 in
3254 4047 3502 4100 universa
3530 4057 3702 4114 terra,

2116 4136 2262 4191 vasis
2291 4136 2676 4192 misericordiae
2702 4139 2888 4207 utique
2923 4140 3163 4209 prodest.
3193 4136 3274 4192 Ad
3304 4152 3493 4194 eorum
3516 4142 3708 4215 itaque

2116 4227 2407 4283 utilitatem
2452 4226 2669 4285 Pharao
2716 4241 2964 4287 servatus
3006 4240 3110 4298 est,
3156 4232 3299 4289 sicut
3326 4240 3383 4287 et
3424 4232 3710 4307 Scriptura

2117 4324 2350 4372 testatur
2371 4326 2426 4372 et
2451 4320 2631 4375 exitus
2655 4319 2831 4378 docet.
2861 4321 3014 4377 Mitte
3033 4339 3154 4393 ergo
3174 4322 3293 4391 jam
3317 4340 3478 4388 nunc,
3502 4334 3551 4378 et
3583 4343 3709 4381 con-

2115 4423 2272 4478 grega
2294 4407 2541 4477 jumenta
2568 4420 2677 4475 tua,
2704 4422 2752 4466 et
2778 4413 2955 4467 omnia
2988 4429 3103 4483 quin
3132 4413 3288 4468 habes
3317 4414 3373 4471 in
3407 4432 3555 4486 agro.
3591 4416 3709 4471 Ilo-

2117 4499 2281 4553 mines
2322 4500 2460 4554 enim
2484 4511 2533 4555 et
2549 4501 2818 4572 jumenta,
2846 4513 2894 4557 et
2924 4504 3165 4557 universa
3200 4522 3317 4575 qua:
3344 4506 3553 4561 inventa
3592 4508 3708 4578 [ue-

2037 4577 2092 4638 D
2118 4593 2221 4649 rint
2246 4594 2397 4664 foris,
2423 4612 2515 4649 nec
2552 4606 2867 4667 congregata
2892 4595 2957 4649 de
2986 4597 3148 4665 agris,
3180 4598 3527 4673 cecideritque
3549 4618 3708 4673 super

2111 4699 2173 4736 ea
2205 4685 2765 4754 grando,'morientur.
2793 4683 2900 4756 (Ea:
2926 4686 3265 4761 Augustino.)
3289 4690 3427 4756 Quid
3450 4702 3535 4749 est
3559 4695 3704 4763 quod

2114 4776 2335 4830 mandat
2365 4777 2506 4831 Deus
2550 4776 2843 4842 Pharaoni,
2885 4792 3011 4831 cum
3055 4792 3113 4833 se
3148 4776 3422 4838 facturum
3452 4800 3705 4856 magnam

2113 4866 2430 4936 grandinem
2461 4866 2782 4928 minaretur,
2810 4873 2870 4919 ut
2897 4863 3117 4922 festinet
3147 4883 3479 4942 congregare
3502 4887 3703 4943 pecora

2112 4972 2235 5021 sua,
2260 4966 2315 5010 et
2339 4971 2673 5026 quaecunque
2702 4955 2780 5010 illi
2806 4966 2989 5013 essent
3015 4958 3072 5014 iu
3100 4976 3314 5031 campo,
3344 4977 3412 5016 ne
3439 4966 3704 5031 grandine

2115 5048 2402 5103 intereant.
2443 5048 2556 5103 Hoc
2582 5049 2726 5105 enim
2753 5066 2861 5107 non
2895 5060 3002 5106 tam
3035 5053 3378 5124 indignanter
3407 5069 3571 5125 quam
3598 5061 3703 5115 mi-

2112 5140 2462 5197 sericorditer
2501 5142 2714 5198 videtur
2772 5145 3085 5200 admonere.
3127 5144 3234 5200 Sed
3282 5145 3386 5202 hoc
3418 5164 3527 5205 non
3565 5149 3701 5208 facit

2113 5231 2484 5300 quaestionem,
2519 5235 2733 5304 quando
2762 5235 2906 5291 Deus
2936 5235 3102 5291 etiam
3151 5235 3393 5295 irascens
3434 5247 3700 5312 temperat

2110 5335 2347 5392 pinnam.
2378 5322 2511 5380 Illud
2546 5334 2631 5381 est
2676 5326 2822 5396 quod
2861 5327 3059 5383 merito
3097 5336 3296 5394 movet,
3327 5329 3523 5399 quibus
3549 5348 3698 5388 nunc

2108 5416 2394 5484 pecoribus
2419 5418 2754 5482 consulatur,
2782 5419 2828 5472 si
2853 5419 3034 5474 omnia
3059 5428 3273 5475 mortua
3296 5420 3510 5478 fuerant
3539 5421 3697 5495 plaga

2112 5508 2392 5577 superiore
2416 5510 2509 5565 ubi
2536 5510 2799 5579 scriptum
2821 5518 2905 5565 est
2927 5510 3072 5580 quod
3100 5512 3354 5568 discrevit
3379 5513 3521 5569 Deus
3549 5515 3698 5573 inter

2112 5617 2307 5672 pecora
2360 5601 2710 5657 Hebraeorum
2753 5611 2810 5659 et
2864 5602 3276 5675 Egyptiorum,
3324 5607 3395 5661 ita
3441 5614 3501 5662 ut
3544 5608 3697 5666 illinc

2114 5697 2316 5751 nullum
2344 5705 2668 5764 moreretur,
2712 5698 2893 5753 omnia
2922 5712 3053 5754 vero
3085 5697 3466 5770 [Egyptiorum
3494 5715 3693 5770 pecora

2111 5796 2475 5851 morerentur.
2510 5787 2593 5846 An
2624 5803 2686 5845 ea
2718 5789 2944 5859 solvitur
2972 5789 3223 5867 quaestio,
3252 5790 3393 5861 quod
3425 5790 3693 5870 praedixi).
