4044 6362
267 345 365 434 ἰε
1261 367 1763 432 COMMENTARIA
1799 365 1852 426 n

1952 361 2216 424 xonun.
2249 387 2327 412 --
2360 361 2490 424 LIB.
2529 357 2575 422 ι.
2735 375 2816 394 »-
3005 433 3008 438 _
3467 365 3538 429 ts

295 505 490 550 namur
535 491 769 562 eripere,
805 497 858 546 et
885 497 968 547 est
986 473 1140 546 nobis
1192 487 1636 561 in'disputatioue
1690 481 1870 541 lucta-"
1889 487 1941 550 Α
1965 481 2056 540 hic
2079 483 2268 540 itidem
2297 481 2398 541 sub
2423 478 2660 556 Traiano
2691 479 2860 556 plaga
2882 473 3096 539 Iudaea
3117 483 3415 543 excitavit:
3441 487 3537 560 qui

291 597 437 650 men,
464 597 572 639 non
592 585 774 638 statim
798 583 850 640 in
875 583 1051 653 prima
1076 581 1255 638 fronte
1278 579 1484 653 ingredi
1512 579 1770 634 debemus
1793 577 1864 632 ad

289 676 477 732 ultima
525 673 882 746 qumstionum
925 675 1081 740 loca;
1125 669 1220 730 sed
1262 669 1657 730 occurrendum
1702 667 1863 726 nobis

287 751 372 822 est
388 765 717 830 adversario,
747 773 803 820 et
825 767 1216 822 occurrendum
1237 763 1305 821 ad
1323 773 1492 837 aquas
1519 780 1665 820 suas.
1689 761 1860 834 Aqua:

248 839 429 912 ‘enim
455 869 566 912 suae
611 863 737 912 sunt
777 865 1026 913 auctores
1070 855 1350 928 gentilium
1390 853 1858 926 phi1050phoruui.

282 949 360 1006 lbi
380 963 512 1021 ergo
544 948 701 1004 nobis
730 949 906 1019 primo
921 947 1200 1019 disputare
1224 943 1530 1005 volentibus
1555 937 1858 1002 occurren-

283 1038 410 1094 dum
445 1046 530 1095 est
565 1038 786 1116 utipsos
815 1029 1126 1109 arguamus,
1155 1045 1210 1094 et
1252 1037 1398 1108 ipsos
1436 1029 1623 1092 errare
1674 1035 1864 1090 dooea-

279 1144 444 1195 mus;
501 1137 624 1200 post
660 1117 763 1184 hoc
796 1129 910 1200 jam
942 1121 1343 1199 ingrediendum
1366 1137 1449 1184 est
1487 1123 1644 1183 nobis
1671 1125 1739 1181 ad
1769 1126 1858 1180 iri—

278 1220 483 1274 teriora
505 1217 835 1276 certaminis.
888 1205 1028 1276 Dicit
1070 1221 1215 1277 enim
1241 1219 1498 1277 Dominus
1529 1238 1542 1274 :
1573 1205 1694 1274 Nisi
1744 1213 1861 1290 quis

274 1313 424 1382 prius
450 1310 741 1383 alligaverit
778 1312 986 1380 fortem,
1009 1327 1112 1367 non
1135 1322 1300 1384 potest
1321 1311 1539 1368 introire
1566 1313 1621 1367 in
1645 1309 1860 1366 domum

275 1402 416 1473 ejus,
471 1411 518 1456 et
541 1415 664 1457 vasa
685 1402 796 1472 ejus
841 1403 1066 1473 diripere
1097 1397 1311 1477 (Matth.
1345 1404 1469 1475 xu).
1541 1401 1700 1459 Prius
1727 1415 1859 1476 ergo

273 1493 434 1548 nobis
467 1492 769 1563 alligandus
802 1500 885 1547 est
923 1491 1101 1559 fortis,
1129 1501 1185 1548 et
1222 1494 1580 1564 quaestionum
1629 1492 1861 1550 vinculis

275 1585 768 1654 constringendus:
797 1593 851 1641 et
875 1585 951 1640 ita
990 1581 1372 1642 introeundum
1395 1585 1464 1642 ad
1497 1583 1859 1658 diripiendum

271 1683 404 1730 Vasa
449 1673 586 1746 ejus,
647 1683 705 1732 et
754 1675 1060 1732 liberandas
1105 1678 1317 1733 animas
1361 1693 1496 1750 quas
1529 1675 1860 1747 deceptionis

271 1767 463 1825 fraude
482 1769 818 1839 possederat.
838 1770 990 1838 Quod
1006 1786 1127 1826 cum
1143 1771 1338 1842 saepius
1352 1767 1662 1835 fecerimus,
1679 1779 1734 1826 et
1748 1777 1858 1826 ste-
1875 1825 1882 1830 .

1965 591 2087 668 cum
2109 588 2270 650 atque
2291 581 2490 652 ubique
2530 579 2784 651 dispersi,
2829 579 2905 636 ita
2933 577 3157 651 jamque
3207 595 3318 638 non
3353 591 3540 640 essent

1962 671 2327 742 quiescerent,
2372 672 2655 743 repentino
2685 675 2901 743 quoque
2943 669 3126 728 calore
3171 673 3430 744 permoti,
3477 673 3536 732 in

1935 755 2108 832 ‘ips'os
2136 761 2277 818 inter
2303 761 2441 836 quos
2479 763 2636 819 erant
2664 765 2782 820 toto
2815 757 2948 820 bibe
2973 761 3283 831 Satricani,
3329 761 3538 838 absque

1959 843 2286 909 immanibus
2332 853 2626 909 multarum
2669 851 2887 909 urbium
2931 853 3127 922 ruinis,
3167 855 3304 925 qnas
3351 853 3537 912 crebri

1943 944 2300 1000 'terrzemotus'
2345 937 2535 1001 iisdem
2583 941 2917 1016 teuipbribus
2949 941 3303 1001 subi-uerunt.
3346 943 3430 1003 lbi
3475 944 3536 1004 iu

1961 1033 2154 1103 quarta
2181 1029 2336 1108 plaga
2369 1031 2569 1092 muscae
2623 1037 2832 1093 caninas
2862 1031 3103 1104 bierunt,
3157 1041 3318 1093 me
3361 1035 3536 1093 alum-

1955 1129 2042 1178 nae
2055 1125 2354 1195 putredinis
2373 1128 2748 1200 Vermiumque
2769 1121 3003 1196 matres;
3025 1129 3120 1185 "hic
3132 1128 3318 1185 itidem
3339 1135 3538 1202 quarta

1959 1215 2059 1274 Sub
2088 1209 2267 1275 Marco
2293 1217 2527 1276 Antonio
2553 1221 2730 1293 plaga,
2759 1217 2876 1279 lues
2896 1215 3148 1293 plurimis
3173 1221 3352 1279 inqua
3405 1233 3538 1294 pro-

1957 1305 2170 1374 vinciis,
2197 1309 2406 1366 Italiam
2447 1323 2661 1382 quoque
2691 1313 2816 1368 cum
2839 1301 2976 1368 urbe
3003 1307 3175 1368 Roma
3198 1311 3532 1381 universam,

1959 1401 2363 1472 exercitumque
2395 1395 2780 1470 Romanorum,
2829 1409 2930 1473 per
2961 1395 3288 1475 lunginquos
3332 1401 3536 1461 limites

1958 1489 2015 1548 in
2051 1491 2263 1550 diversa
2311 1485 2540 1550 hiberna
2587 1493 2928 1566 dISpersum,
2969 1487 3149 1550 morte
3186 1491 3533 1562 dissolutum,

1955 1585 2229 1657 putredini
2293 1583 2458 1642 Simul
2519 1599 2584 1644 ac
2640 1581 2915 1643 v’ermib‘u's
2981 1585 3148 1642 dedit.
3204 1585 3285 1642 lbi
3345 1587 3536 1658 quinta

1955 1676 2228 1747 correptio
2264 1689 2524 1748 pecorum
2571 1691 2636 1732 ac
2659 1671 3027 1745 iumentorum
3076 1675 3358 1747 repentino
3389 1677 3535 1734 inte-

1954 1767 2065 1822 ritu
2087 1765 2300 1838 expleta
2331 1767 2454 1833 eSt;
2493 1761 2585 1824 hic
2619 1763 2875 1824 similiter
2909 1763 3100 1839 quinta
3137 1766 3272 1822 ultio
3299 1767 3408 1824 sub
3438 1767 3536 1824 Se-

275 1861 499 1914 terimus
516 1867 706 1915 contra
732 1861 929 1930 ipsum,
959 1863 1268 1918 steterimus
1281 1870 1460 1918 autem
1479 1875 1544 1917 eo
1570 1859 1728 1916 modo
1752 1843 1934 1932 quo'B
1960 1874 2090 1916 vero
2125 1865 2492 1930 persecutore,
2531 1857 2880 1917 creberrimis
2924 1857 3174 1916 civilibus
3196 1857 3374 1927 bellis,
3407 1873 3537 1930 pro-

259 1950 554 2030 .Aposlolus
579 1947 765 2007 dicens
789 1966 804 2005 :
825 1951 974 2007 State
995 1969 1116 2023 ergo
1143 1952 1394 2007 succincti
1417 1949 1617 2006 lumbos
1647 1961 1841 2008 vestros

268 2041 324 2098 in
351 2044 568 2098 veritate
593 2041 808 2115 (Ephes.
834 2041 910 2116 vi)
934 2060 948 2110 ;
978 2051 1032 2099 et
1053 2043 1246 2099 iterum
1276 2059 1291 2098 :
1316 2041 1462 2098 State
1484 2051 1539 2097 in
1563 2037 1788 2099 Domino
1807 2053 1858 2100 et

269 2131 487 2187 viriliter
505 2131 642 2203 agite
673 2130 972 2206 (Phil.._iv);
1005 2149 1130 2190 cum
1159 2145 1287 2203 ergo
1310 2129 1414 2188 hoc
1435 2134 1608 2189 modo
1648 2133 1860 2190 steteri-

266 2237 388 2278 mus
416 2225 677 2280 adVersus
703 2224 901 2295 ipsum,
933 2223 1020 2279 ille
1049 2221 1246 2282 artifex
1268 2225 1523 2297 antiquus
1544 2233 1598 2281 et
1631 2226 1856 2284 callidus

267 2315 435 2368 etiam
462 2317 605 2370 vinci
636 2331 696 2372 se
724 2316 996 2372 simulavit
1035 2325 1090 2372 et
1117 2317 1346 2384 cedere;
1376 2317 1422 2374 si
1450 2315 1588 2374 forte
1630 2334 1728 2390 per
1753 2319 1857 2378 hoc

262 2406 687 2478 negligentiores
713 2423 812 2462 nos
845 2405 1041 2464 ciliciat
1067 2401 1133 2462 ad
1158 2417 1458 2464 certamen.
1502 2407 1607 2464 Sed
1637 2417 1692 2464 et
1734 2425 1855 2480 pae-

259 2499 557 2556 nitentiam
598 2501 876 2557 simulabit
917 2508 971 2556 et
1001 2501 1379 2572 deprecabitur
1420 2518 1520 2558 nos
1574 2503 1854 2562 discedere

259 2591 507 2662 quidem,
557 2591 650 2648 sed
703 2607 811 2648 non
867 2589 1026 2663 longe
1053 2592 1349 2648 discedere.
1397 2589 1528 2650 Vult
1565 2609 1668 2649 nos
1704 2595 1854 2650 enim

256 2697 388 2738 esse
437 2683 543 2738 sibi
575 2683 753 2754 aliqua
796 2699 863 2739 ex
897 2693 1054 2756 parte
1106 2683 1352 2754 vicinos;
1385 2685 1501 2741 vult
1538 2703 1636 2742 nos
1680 2703 1710 2741 a
1739 2688 1854 2746 suis

262 2774 479 2830 iinibus
503 2792 610 2831 non
640 2775 795 2850 longe
820 2778 1118 2846 discedere,
1176 2781 1269 2835 sed
1293 2795 1392 2836 nos
1420 2779 1525 2836 nisi
1548 2779 1616 2836 ab
1644 2796 1710 2838 eo
1735 2779 1854 2837 lon-

255 2868 384 2941 gius
419 2870 736 2928 recedamus
777 2879 834 2928 et
885 2881 1224 2929 transeamus
1263 2889 1429 2938 mare,
1473 2881 1530 2930 et
1568 2873 1846 2930 dicamus:

258 2959 542 3028 Quantum
587 2961 876 3033 interjacet
917 2972 1070 3019 ortus
1119 2964 1185 3020 ab
1237 2979 1456 3032 occa-su,
1513 2961 1788 3036 elongavit
1815 2959 1850 3022 a

255 3053 422 3108 nobis
449 3053 768 3124 iniquitates
812 3063 1046 3123 nostras,
1083 3055 1217 3112 salvi
1246 3071 1366 3112 esse
1402 3071 1510 3112 non
1537 3051 1845 3128 possumus.

253 3139 496 3199 Possunt
525 3151 788 3216 praeterea
820 3153 874 3202 et
917 3147 1002 3202 hae
1045 3143 1229 3201 decem
1255 3145 1424 3220 plagae
1459 3145 1654 3218 quibus
1673 3141 1848 3220 [Egy-
1891 3217 1904 3234 Ι,

1958 1951 2079 2022 pria
2120 1951 2330 2008 viscera
2373 1957 2428 2007 et
2461 1951 2770 2022 adiumenta
2798 1950 3128 2022 reipublicae,
3154 1951 3261 2006 hoc
3282 1955 3389 2016 est,
3421 1949 3539 2020 ple-

1957 2043 2056 2100 bes
2077 2043 2499 2114 provinciarum,
2524 2047 2582 2098 et
2601 2041 2892 2113 religiones
2927 2041 3161 2096 militum
3188 2039 3537 2096 comminuta:

1958 2145 2108 2193 sunt.
2139 2133 2215 2192 lbi
2237 2141 2391 2192 sexta
2409 2135 2626 2191 vexatio
2666 2133 2847 2189 intulit
2871 2133 3080 2189 vesicas
3094 2130 3536 2198 enen-micantes,

1959 2225 2251 2298 ulceraque
2292 2223 2612 2282 manantia:
2639 2223 2731 2281 hic
2771 2227 2925 2295 eque
2953 2229 3124 2280 sexta
3159 2222 3369 2294 punitio
3415 2235 3536 2292 quae

1962 2328 2086 2394 post
2141 2317 2361 2374 Maximi
2417 2317 2852 2391 persecutionem
2900 2316 3024 2383 fuit,
3082 2315 3176 2385 qui
3225 2311 3536 2385 specialiter

1957 2415 2238 2486 episcopos
2257 2413 2313 2468 et
2332 2409 2556 2468 clericus
2582 2409 2784 2467 omissa
2815 2407 2976 2466 turba
3001 2407 3269 2480 populari,
3294 2406 3400 2462 hoc
3425 2412 3534 2472 est,

1955 2503 2308 2561 ecclesmrum
2347 2503 2608 2574 primates
2653 2499 2890 2558 cruciari
2924 2501 3332 2571 imperaverat;
3385 2497 3534 2553 intu-

1955 2611 2202 2652 mescens
2227 2595 2420 2652 crebro
2447 2593 2528 2649 ira
2556 2599 2718 2663 atque
2745 2591 2969 2659 invidia,
2997 2595 3104 2647 non
3129 2595 3232 2662 per
3256 2587 3402 2661 vulgi
3423 2599 3533 2655 ea}-

1955 2691 2098 2755 dem,
2130 2687 2224 2744 sed
2247 2701 2345 2758 per
2373 2685 2604 2762 vulnera
2626 2681 2972 2742 morientium
2991 2684 3300 2756 principum
3334 2695 3404 2740 ac
3435 2693 3536 2752 po-

1953 2787 2164 2838 tentum
2211 2779 2451 2837 exaltata
2497 2779 2602 2836 eSt.
2645 2775 2722 2835 Ibi
2763 2777 2995 2851 septima
3026 2776 3181 2849 plaga
3211 2781 3535 2831 numeratur

1952 2873 2144 2929 Coacta
2198 2883 2359 2945 agere
2388 2869 2593 2940 grando
2641 2867 2886 2940 profusa,
2924 2883 3048 2940 qua
3098 2865 3408 2924 hominibus
3437 2865 3532 2936 ju-

1950 2963 2256 3034 mentisque
2307 2955 2439 3017 satis
2481 2959 2649 3015 exitio
2689 2960 2833 3014 fuit:
2861 2957 2952 3014 hic
2993 2957 3248 3014 similiter
3301 2956 3537 3027 septima

1951 3051 2054 3109 sub
2080 3049 2235 3108 Gallo
2263 3049 2318 3126 et
2344 3047 2658 3116 Velusiano,
2684 3050 2777 3120 qui
2821 3047 3159 3118 persecutori
3201 3046 3366 3101 Decio
3403 3057 3531 3102 mox

1949 3141 2236 3202 interfecto
2263 3151 2654 3207 successerant,
2691 3137 2848 3214 plaga
2867 3139 3095 3196 exstitit.
3121 3135 3258 3193 Nam
3287 3143 3416 3192 time
3436 3149 3534 3208 pe-

252 3243 384 3304 ptus
419 3235 704 3293 verberata
739 3243 824 3294 est
866 3245 1090 3310 propter
1132 3235 1429 3306 Israelitas,
1485 3237 1719 3294 Romani
1758 3255 1846 3296 re-
1873 3229 1922 3306 C
1953 3240 2053 3296 stis
2079 3236 2260 3294 infusa
2299 3245 2382 3293 est
2404 3249 2503 3308 per
2544 3235 2727 3292 omnia
2755 3231 2988 3289 Romani
3027 3230 3182 3304 regni
3224 3229 3294 3284 ab
3318 3229 3535 3285 oriente

254 3328 350 3399 gni
389 3317 698 3398 comparari
754 3329 1104 3400 temporibus,
1163 3330 1292 3401 quia
1338 3327 1457 3386 haec
1512 3331 1568 3386 in
1617 3330 1848 3402 ﬁguram

254 3420 439 3476 nostri
479 3419 622 3476 facta
656 3429 799 3477 sunt.
844 3421 1082 3493 Uterque
1101 3421 1351 3494 populus,
1379 3421 1434 3478 id
1461 3429 1565 3490 est,
1587 3421 1845 3478 Israeliti-

254 3527 360 3568 cus
387 3519 446 3568 et
464 3511 827 3580 Christianus,
850 3514 1010 3569 unius
1035 3511 1130 3569 Dei
1160 3522 1268 3582 est,
1299 3529 1408 3568 una
1430 3511 1614 3586 populi
1647 3514 1848 3569 utrius-

253 3619 368 3673 que
434 3619 620 3660 causa.
673 3592 901 3661 Subdita
968 3603 1071 3661 fuit
1140 3603 1508 3662 Israelitarum
1565 3599 1847 3678 Synagoga

251 3692 555 3767 Egyptiis,
585 3697 799 3752 subdita
818 3695 1252 3754 Christianorum
1279 3695 1523 3753 Ecclesia
1552 3693 1842 3766 Romanis;

251 3790 534 3860 persecuti
567 3797 694 3847 sunt
735 3779 996 3863 Egyptii,
1025 3789 1302 3863 persecuti
1341 3797 1468 3847 sunt
1499 3796 1554 3846 et
1591 3787 1842 3844 Romani.

253 3871 462 3938 Decem
494 3882 572 3938 ibi
601 3883 1053 3939 contradictiones
1081 3877 1341 3939 adversus
1369 3879 1626 3954 Moysen;
1654 3881 1843 3936 decem

253 3977 329 4032 ibi
361 3976 525 4032 editae
566 3975 826 4032 adversus
860 3974 1158 4030 Christum.
1195 3975 1435 4029 Diversae
1483 3973 1632 4028 enim
1679 3971 1848 4044 plagae

249 4064 676 4138 Egyptiorum;
707 4063 932 4120 diversae
961 4063 1048 4120 hic
1074 4062 1416 4118 calamitates
1445 4059 1843 4116 Romanorum.

251 4155 396 4213 Nam
418 4165 480 4211 ut
515 4156 681 4210 etiam
710 4155 855 4226 ipsas
879 4155 1020 4210 inter
1044 4170 1103 4211 se
1126 4153 1331 4226 plagas,
1383 4145 1439 4208 in
1469 4160 1734 4223 quantum
1767 4161 1847 4207 ta-

253 4265 388 4305 men
419 4248 592 4322 ﬁgura
619 4246 808 4303 forma:
849 4247 1154 4319 comparari
1198 4253 1399 4318 potest,
1436 4242 1738 4300 conferam.
1767 4243 1844 4300 lbi

252 4342 440 4414 prima
481 4341 752 4412 correptio
789 4341 978 4410 habuit
1022 4340 1344 4410 sanguinem
1373 4338 1534 4412 vulgo
1572 4335 1660 4393 vel
1690 4351 1843 4393 ema-

255 4451 424 4492 nasse
454 4436 522 4494 de
548 4437 745 4508 puteis,
791 4436 875 4492 vel
911 4436 966 4490 in
1011 4434 1322 4492 ﬂuminibus
1345 4434 1687 4490 concurrisse
1713 4453 1728 4489 :
1755 4433 1846 4490 hic

257 4527 442 4604 prima
483 4524 586 4582 sub
635 4525 850 4584 Nerone
885 4527 1054 4599 exigit
1081 4527 1236 4600 plaga
1271 4533 1331 4581 ut
1368 4527 1571 4597 ubique
1596 4531 1840 4582 morien-

1950 3333 2018 3389 ad
2053 3327 2389 3388 occidentem
2417 3328 2611 3400 Spatia,
2665 3341 2789 3383 cum
2812 3339 2974 3381 omne
3006 3322 3401 3395 prepemodum
3429 3333 3528 3391 ge-

1950 3439 2054 3479 nus
2082 3421 2362 3478 hominum
2390 3418 2513 3476 neci
2546 3417 2723 3485 dedit;
2753 3424 2883 3473 ttinc
2906 3415 3070 3473 etiam
3096 3413 3342 3484 corrupit
3361 3412 3527 3480 latus,

1947 3513 2253 3586 infuditque
2279 3509 2474 3585 pabula
2502 3511 2646 3567 tabo.
2683 3503 2764 3565 ibi
2801 3509 3049 3565 octavam
3076 3504 3298 3578 Egypti
3325 3503 3531 3560 contri-

1949 3607 2154 3664 tionem
2180 3604 2380 3672 facere,
2411 3603 2661 3660 excitatze
2683 3597 2922 3674 undique
2951 3600 3191 3665 locusta,
3236 3605 3533 3654 terrentes-

1947 3717 2055 3772 que
2077 3699 2287 3767 omnia;
2328 3697 2418 3754 hic
2446 3703 2694 3753 octavam
2719 3711 2871 3766 aeque
2900 3691 2954 3750 in
2990 3689 3400 3750 subversionem
3421 3689 3531 3746 lio-

1947 3807 2123 3850 manze
2148 3789 2298 3846 urbis
2329 3789 2595 3854 excitam,
2634 3787 2871 3855 undique
2891 3786 3127 3840 intulere
3152 3795 3360 3856 gentes,
3409 3798 3533 3853 qua

1949 3885 2187 3944 caedibus
2221 3896 2385 3956 atque
2411 3877 2679 3938 incendiis
2708 3889 2931 3936 cunctas
2974 3879 3282 3952 provincias
3319 3878 3533 3935 deleve-

1950 3985 2097 4032 runt.
2135 3974 2216 4032 Ibi
2244 3989 2386 4029 nona
2417 3973 2654 4028 turbatio
2683 3971 2988 4038 diuturnas,
3017 3977 3236 4027 crassas
3270 3977 3335 4026 ac
3363 3983 3532 4042 pene-

1951 4065 2170 4124 trabiles
2201 4063 2454 4122 tenebras
2475 4065 2666 4122 habuit
2697 4083 2709 4118 :
2742 4057 2863 4138 plus
2885 4063 3105 4120 omnino
3135 4062 3360 4134 periculi
3381 4067 3533 4120 eom-

1948 4157 2153 4214 minata
2179 4151 2342 4228 quam
2372 4149 2528 4223 fecit;
2573 4155 2661 4210 hic
2699 4153 2889 4209 eadem
2930 4154 3200 4224 correptio
3232 4151 3356 4222 iuit,
3405 4167 3531 4211 cum

1945 4245 2242 4306 Aureliano
2260 4246 2694 4320 persecutiOnem
2713 4245 3026 4302 decernenti
3047 4241 3180 4302 diris
3197 4243 3532 4315 turbinibus,

1946 4339 2189 4397 terribile
2236 4339 2305 4395 ac
2343 4337 2503 4394 triste
2523 4335 2728 4393 fulmen
2765 4335 2867 4393 sub
2913 4335 3085 4408 ipsius
3121 4335 3351 4409 pedibus
3397 4338 3531 4407 ruit,

1945 4431 2237 4489 ostendens
2262 4429 2391 4502 quid
2412 4445 2532 4486 cum
2557 4425 2693 4486 ultio
2717 4425 2842 4484 talis
2867 4428 3129 4502 exigeret,
3153 4435 3338 4485 tantus
3362 4430 3536 4499 possit

1951 4522 2120 4589 ultor,
2168 4519 2275 4577 nisi
2315 4529 2371 4578 et
2411 4519 2651 4577 clemens
2676 4513 2904 4576 essetet
2925 4518 3140 4590 patiens
3171 4535 3186 4572 :
3215 4531 3530 4588 quanquam

262 4601 410 4671 tium.
427 4616 647 4688 sanguis
675 4624 841 4684 esset,
900 4585 1222 4674 velvmorbis
1249 4615 1305 4670 in
1333 4585 1500 4672 urbe.
1518 4623 1804 4686 correptus
1828 4656 1843 4683 ,
1872 4585 1928 4653 D
1954 4615 2100 4672 intra
2143 4629 2237 4670 sex
2264 4612 2354 4669 hic
2377 4628 2613 4680 menses,
2655 4619 2768 4669 tres
2793 4611 2968 4668 occidi
3011 4610 3387 4681 imperatures,
3421 4611 3531 4670 hoc

264 4708 356 4764 vel
375 4707 534 4764 bellis
553 4708 610 4762 in
632 4709 762 4764 orbe
789 4706 1064 4779 profusus.
1092 4708 1170 4764 lbi
1195 4723 1426 4780 sequens
1463 4705 1622 4780 plaga
1666 4707 1851 4780 prodit

261 4808 668 4872 perstrepentes
745 4801 1213 4872 persultantesque
1283 4799 1340 4856 in
1419 4799 1848 4870 penetrabilibus

270 4907 460 4958 ranas,
498 4892 689 4948 inediae
715 4893 1101 4964 propemodum
1138 4906 1302 4950 causa
1327 4889 1728 4948 habitatoribus
1761 4900 1846 4947 at-

265 4998 373 5053 que
396 4983 548 5039 exitu
580 4982 750 5040 fuisse
787 4984 878 5039 hic
917 4999 1151 5054 sequens
1185 4983 1288 5040 sub
1315 4982 1626 5040 Domitiano
1659 4998 1845 5055 pecua,

265 5073 519 5130 similiter
555 5074 771 5146 quando
801 5073 1094 5130 satellitum
1126 5075 1467 5146 militumque
1495 5075 1614 5148 ejus
1640 5075 1846 5148 impro-

263 5167 350 5226 bis
371 5168 756 5241 eiirenatisque
777 5170 1113 5227 discursibus
1140 5169 1504 5225 cruentissimi
1521 5168 1674 5240 jussa
1695 5169 1846 5242 prin-

266 5260 403 5331 cipis
439 5262 872 5331 exsequentium,
903 5262 971 5316 ad
994 5259 1231 5331 inopiam
1261 5275 1401 5332 pene
1424 5275 1613 5317 omnes
1646 5260 1846 5317 Roma-

265 5366 370 5406 nos
397 5351 550 5409 cives
591 5353 834 5420 adactos,
882 5354 1185 5424 exsilioque
1219 5351 1495 5423 dispersos
1522 5353 1718 5424 coegit.
1765 5352 1844 5410 lbi

267 5446 432 5502 tertia
467 5447 682 5504 vexatio
735 5448 927 5504 habuit
963 5447 1257 5518 sciniphes,
1313 5445 1589 5502 museulas
1639 5447 1846 5504 scilicet

267 5537 617 5606 parvissimas
645 5537 1074 5609 saevissimasque
1114 5556 1127 5591 :
1163 5552 1281 5608 quae
1311 5537 1502 5593 mediis
1535 5551 1678 5607 saepe
1700 5538 1846 5594 aesti-

269 5627 369 5683 bus
393 5644 492 5700 per
530 5629 649 5684 loca
677 5629 919 5700 squalida
972 5628 1314 5686 coadunatim
1344 5629 1610 5685 vibraudo
1653 5629 1847 5686 densa-

273 5727 357 5785 tte,
403 5729 460 5776 et
489 5721 544 5776 in
566 5721 657 5778 illo
686 5721 869 5780 volatu
891 5721 1051 5777 allabi
1091 5720 1284 5789 solent,
1315 5721 1631 5794 capillisque
1664 5721 1844 5778 homi-

274 5826 401 5870 num
442 5827 509 5871 ac
541 5814 816 5898 pecudum.
846 5813 978 5874 setis
1011 5814 1839 5900 ςιιιηψεηξβφοιῖδιξίιξίξιιῖιῖίε

1955 4713 2078 4779 est,f
2097 4701 2440 4773 Aurelianus,
2471 4703 2696 4761 Tacitus
2721 4710 2777 4760 et
2799 4695 3106 4769 Fldri’a'nus,
3134 4699 3365 4761 diversis
3397 4719 3530 4760 cau-

1953 4801 2030 4860 sis
2058 4799 2331 4857 interfecti
2361 4807 2505 4856 sunt.
2529 4797 2606 4854 lbi
2631 4791 2906 4870 postremo
2935 4787 3144 4853 decima
3183 4791 3360 4868 plaga,
3405 4811 3531 4868 qua

1951 4892 2247 4950 novissima
2290 4891 2532 4968 omnium
2570 4889 2690 4956 fuit,
2755 4887 3060 4947 interiectio
3103 4885 3340 4946 ﬁliorum
3393 4905 3534 4962 quos

1951 4987 2158 5060 primos
2187 4984 2386 5057 quique
2411 4994 2744 5058 genuerunt:
2769 4981 2860 5040 hic
2900 4981 3253 5040 nihilominus
3298 4983 3533 5052 decima,

1954 5077 2010 5134 id
2037 5086 2138 5156 est,
2162 5076 2455 5133 novissima
2482 5092 2641 5149 poena
2667 5083 2770 5145 est,
2817 5074 3061 5133 omnium
3104 5073 3341 5148 perditio
3365 5073 3536 5134 idolo-

1952 5187 2094 5237 rum,
2133 5185 2254 5240 qum
2287 5167 2540 5240 primitus
2577 5165 2740 5234 facta,
2786 5165 2842 5224 in
2898 5165 3093 5239 primis
3133 5164 3408 5223 amabant.
3453 5163 3534 5222 Ibi

1953 5277 2050 5320 rex
2077 5260 2380 5333 potentiam
2417 5241 2516 5316 Dei
2554 5251 2743 5325 sentit,
2784 5241 2840 5314 et
2877 5257 3132 5331 probavit
3164 5257 3222 5314 et
3275 5255 3531 5323 credidit,

1953 5371 2017 5412 ac
2039 5371 2140 5428 per
2174 5355 2279 5411 hoc
2321 5349 2580 5428 populum
2615 5343 2714 5428 Dei
2755 5349 2835 5406 ire
2860 5339 3107 5422 permisit
3140 5367 3154 5405 :
3187 5347 3279 5406 hic
3313 5357 3535 5418 perpo-

1950 5425 2177 5507 tentiam
2204 5448 2300 5506 Dei
2322 5425 2490 5506 sentit
2516 5455 2572 5503 et
2593 5425 2842 5521 probavit
2861 5453 2917 5501 et
2939 5437 3189 5521 credidit,
3217 5433 3284 5498 ac
3305 5443 3405 5511 per
3425 5437 3533 5498 hoc

1948 5541 2202 5617 populum
2225 5529 2321 5598 Dei
2347 5539 2426 5596 ire
2451 5515 2683 5595 liberum
2711 5552 2834 5595 esse
2856 5515 3222 5609 permisit.‘iiii
3248 5535 3530 5617 nunquam

1948 5615 2138 5706 postea
2162 5629 2389 5705 populus
2412 5629 2507 5686 Dei
2531 5627 2596 5685 ad
2621 5629 3227 5706 servitutemretractus
3250 5615 3371 5678 :hic
3390 5633 3531 5680 nun-

1948 5703 2111 5800 quam
2147 5703 2335 5798 postea
2376 5707 2604 5798 populus
2646 5713 2744 5779 Dei
2791 5709 2860 5804 ad
2901 5703 3261 5804 idololati‘iam
3307 5705 3529 5804 coaetus

1946 5826 2050 5879 est.
2076 5816 2157 5882 lbi
2205 5815 2586 5893 Egyptiorum
2607 5830 2740 5876 vasa
2773 5803 3013 5888 pretiosa
3043 5799 3286 5871 Hebraeis
3323 5801 3527 5869 tradita
