4020 6352
525 324 596 380 47
1185 318 1248 376 Β.
1286 319 1540 378 RABANI
1577 320 1797 382 MAURI
1836 320 2158 379 ARCHIEP.
2200 321 2510 378 MOGUNT.
2550 321 2835 382 OPERUM
2875 324 3056 382 PARS
3093 326 3136 381 l.
3708 334 3779 390 48

417 497 426 506 _
519 445 670 498 sunt.
699 436 799 492 llic
833 433 1088 492 Ecclesia:
1135 434 1574 493 Christianorum
1608 439 1880 510 praecipua
1927 454 2094 510 paga-
2122 442 2178 502 Α
2200 438 2405 493 dentem
2434 455 2527 510 pro
2553 439 2704 495 dente
2735 439 2930 512 (Exod.
2958 443 3502 516 xx:),praacipiuntur
3527 450 3784 524 exigere;

517 547 716 588 norum
744 529 941 601 templa
964 537 1266 585 cesserunt.
1294 529 1437 585 Sane
1460 531 1609 598 illud,
1639 539 1699 585 ut
1730 531 1862 597 dixi,
1892 532 2099 587 denun-

517 622 764 679 tiandum
797 628 947 691 puto,
977 621 1105 690 quia
1132 619 1272 675 sicut
1299 619 1564 692 Egyptus
1608 631 1731 692 post
1779 623 1877 677 has
1913 623 2098 677 decem

516 712 704 784 plagas
739 711 993 766 dimissos
1036 709 1292 766 Hebrzeos
1336 711 1612 781 persequi,
1643 713 1990 769 molientibus
2023 713 2098 768 ir-

515 807 629 862 ruit
648 821 744 876 per
770 804 1154 874 superductum
1175 818 1327 859 mare
1371 812 1578 859 aeterna
1611 806 1848 875 perditio
1877 820 1891 859 :
1927 805 2001 860 ita
2040 813 2098 862 et

514 913 616 954 nos
640 897 856 967 quidem
877 895 1046 950 libere
1066 895 1497 965 peregrinantes,
1525 905 1916 966 superventura
1931 911 2098 966 quan-

514 989 802 1059 doquidem
851 987 1160 1059 persecutio
1187 986 1470 1057 gentilium
1511 996 1710 1054 manet,
1743 988 1916 1044 donec
1943 1003 2094 1044 mare

510 1079 778 1146 Rubrum,
822 1079 876 1134 id
903 1087 1009 1146 est,
1058 1078 1236 1149 ignem
1281 1076 1492 1146 iudicii,
1541 1079 1659 1149 ipso
1702 1079 1934 1134 Domino
1957 1080 2094 1137 duce

509 1179 572 1225 et
586 1169 791 1240 judice,
821 1177 1184 1224 transeamus.
1222 1167 1288 1221 Hi
1319 1183 1448 1222 vero
1468 1168 1522 1222 in
1549 1184 1684 1238 quos
1712 1168 2092 1240 Egyptiorum

510 1257 688 1315 forma
721 1256 1138 1324 transfunditur,
1175 1257 1438 1327 permissa
1477 1259 1545 1312 ad
1579 1269 1793 1329 tempus
1822 1268 2089 1330 potestate

509 1350 793 1406 saevientes
815 1350 1147 1419 gravissimis
1169 1350 1387 1419 quidem
1410 1351 1675 1420 permissu
1703 1352 1798 1408 Dei
1823 1351 2088 1410 Christia-

508 1455 610 1496 nos
652 1439 981 1496 cruciatibus
1027 1449 1471 1510 persequuntur:
1501 1451 1873 1497 verumtamen
1926 1444 2088 1500 iidem

505 1547 696 1589 omnes
722 1532 926 1588 inimici
950 1531 1148 1588 Christi
1173 1548 1296 1589 eum
1320 1548 1446 1605 rege
1473 1549 1572 1590 suo
1596 1533 1956 1600 Antichristo,
1988 1550 2083 1592 ac-

501 1633 661 1696 cepto
687 1633 876 1698 stagno
905 1625 1046 1698 ignis
1073 1627 1283 1692 aeterni,
1340 1628 1485 1696 quod
1524 1642 1720 1698 magna
1751 1627 2082 1701 impediente

487 1719 731 1790 caligine
755 1721 883 1776 dum
929 1737 1039 1779 non
1085 1722 1382 1787 videretur,
1431 1721 1686 1787 intratur,
1747 1731 2072 1792 perpetuam

2199 538 2252 584 et
2278 532 2599 602 quandoque
2627 542 2808 589 tamen
2832 536 3104 592 revelante
3127 539 3300 606 gratia
3323 546 3555 609 percussi
3582 546 3638 599 in
3667 563 3787 602 ma-

2197 622 2382 677 a'illam
2431 641 2623 691 unam,
2663 625 2884 681 alteram
2916 628 3170 698 jubentur
3195 632 3425 701 pra’bere
3450 634 3669 703 (Matth.
3707 640 3784 708 v).

2197 712 2333 779 Quia
2370 714 2516 768 enim
2542 729 2756 786 semper
2778 716 2898 787 plus
2935 718 3017 772 ira
3060 719 3114 773 in
3149 720 3386 776 vindicta
3421 725 3591 796 exigit
3618 743 3784 797 quam

2196 803 2391 873 injuria
2441 808 2658 878 accipit,
2691 809 2818 863 dum
2846 809 3059 866 discunt
3095 812 3237 867 mala
3276 829 3385 869 non
3428 817 3786 889 multiplicius

2194 897 2454 965 reddere,
2479 897 2694 968 quando
2722 899 2994 956 discerent
3026 916 3090 956 ea
3127 911 3182 957 et
3206 904 3560 974 multiplicata
3589 919 3785 978 sponte

2195 989 2445 1045 tolerare.
2475 991 2614 1047 Hinc
2638 1001 2721 1047 est
2749 996 2892 1063 quod
2939 997 3186 1051 eumdem
3233 999 3420 1054 rudem
3459 1002 3715 1072 p0pulum
3749 1020 3781 1059 a

2192 1081 2513 1149 quibusdam
2533 1084 2827 1152 prohibuit,
2851 1087 3095 1156 quaedam
3120 1103 3249 1144 vero
3269 1092 3319 1145 ei
3346 1091 3399 1146 in
3423 1108 3523 1148 usu
3547 1095 3781 1164 pristino

2191 1172 2464 1238 servavit;
2504 1175 2597 1228 sed
2628 1175 2740 1229 haec
2767 1175 2882 1244 ipsa
2912 1183 3092 1232 tamen
3118 1179 3172 1233 in
3209 1181 3415 1236 meliori
3450 1183 3576 1239 vita:
3602 1186 3778 1257 ﬁgura

2189 1263 2508 1331 composuit.
2537 1262 2703 1318 Bruta
2731 1269 3247 1337 namque-animalia
3274 1271 3430 1328 idolis
3459 1273 3516 1330 in
3537 1275 3778 1349 IEgypto

2188 1354 2504 1409 meetabaut
2543 1356 2702 1427 eique
2737 1357 2790 1412 in
2818 1373 2927 1427 lusu
2956 1364 3296 1428 postmodum
3347 1366 3664 1422 animalium
3691 1369 3776 1424 vi-

2187 1442 2349 1496 ctima
2379 1442 2479 1498 fuit
2504 1462 2516 1498 :
2554 1454 2612 1500 ut
2641 1446 2768 1501 dum
2795 1447 2862 1504 de
2889 1465 2990 1504 usu
3027 1465 3124 1506 suo
3150 1451 3350 1521 aliquid
3387 1455 3770 1527 admitterent,

2187 1533 2597 1590 consolarentur
2624 1535 2742 1606 ejus
2775 1537 2977 1594 inﬁrmi
3011 1555 3109 1610 per
3148 1542 3252 1598 hoc
3279 1545 3423 1613 quod
3451 1547 3517 1601 de
3540 1563 3641 1604 usu
3667 1565 3771 1606 suo

2185 1622 2388 1694 aliquid
2412 1625 2696 1684 haberent.
2727 1629 2860 1685 Mira
2893 1641 3070 1686 autem
3097 1633 3499 1706 dispensatione
3528 1641 3769 1710 consilii,

2184 1715 2326 1783 quod
2367 1717 2416 1770 ei
2447 1716 2708 1774 Dominus
2748 1720 2815 1775 de
2849 1723 3240 1779 consuetudine
3281 1727 3486 1782 carnali
3518 1730 3769 1800 retinuit,

499 1810 860 1880 perditionem
940 1811 1337 1868 immortalibus
1400 1811 1579 1869 arsuri
1639 1811 1919 1884 suppliciis
1981 1827 2080 1884 pa.-
2107 1814 2154 1875 B
2183 1805 2286 1860 hoc
2309 1805 2362 1860 in
2389 1806 2558 1877 ﬁgura
2586 1811 2806 1878 spiritus
2831 1813 3108 1880 potentius
3136 1816 3316 1870 vertit.
3343 1815 3482 1883 Quid
3508 1819 3654 1874 enim
3679 1837 3771 1877 sa-

502 1900 727 1957 ticntur.

1073 1995 1301 2054 CAPUT
1335 1995 1500 2052 XXII.

499 2109 1052 2192 MandatumDomini
1067 2127 1162 2192 per
1187 2110 1402 2192 Moysen
1423 2108 1652 2190 adﬁlios
1675 2107 1847 2164 Israel
1871 2109 2074 2192 datum,

570 2192 628 2234 ut
655 2190 833 2252 petant
863 2200 896 2235 a
921 2181 1104 2237 vicinis
1132 2181 1241 2236 suis
1276 2190 1324 2236 et
1349 2181 1532 2235 amicis
1560 2196 1686 2236 uasa
1725 2195 1886 2234 aurea
1914 2189 1962 2234 et
1991 2196 2080 2233 ar-

566 2260 772 2323 gentea.

568 2363 798 2418 Locutus
821 2372 896 2418 est
925 2363 1184 2418 Dominus
1208 2363 1276 2418 ad
1305 2362 1541 2434 Moysen,
1574 2361 1788 2416 dicens:
1826 2359 1924 2414 Dic
1956 2377 2078 2432 ergo

412 2496 418 2502 -
495 2458 639 2513 omni
673 2455 809 2527 plebi
849 2465 904 2511 ut
943 2456 1166 2527 postulet
1193 2455 1273 2510 uir
1301 2456 1366 2510 ab
1393 2455 1562 2510 amico
1602 2471 1721 2518 suo,
1752 2462 1798 2507 et
1833 2452 2022 2506 mulier
2045 2469 2080 2506 a

496 2549 665 2603 vicina
691 2566 813 2614 sua,
849 2565 975 2602 uasa
1016 2565 1179 2602 aurea
1207 2555 1256 2601 et
1284 2555 1549 2618 argentea.
1580 2545 1736 2600 Dabit
1773 2555 1945 2598 autem
1971 2543 2079 2597 Do-

493 2641 668 2696 minus
689 2642 914 2706 qratiam
933 2639 1124 2711 papulo
1144 2657 1240 2695 suo
1261 2657 1438 2694 coram
1458 2639 1724 2710 Egyptiis
1749 2636 1946 2706 (Exod.
1975 2634 2075 2705 XI).

493 2729 618 2785 Non
647 2731 776 2786 hinc
810 2732 1040 2802 quisque
1067 2731 1387 2786 sumendum
1424 2727 1727 2799 exemplum
1757 2737 1954 2798 putare
1981 2726 2076 2780 de-

489 2820 586 2876 bet
616 2821 686 2875 ad
707 2820 1122 2892 'exspoliandum
1152 2823 1257 2876 isto
1285 2820 1445 2875 modo
1473 2819 1800 2890 proximum.
1835 2815 1942 2886 (Ex
1969 2815 2080 2869 Au-

492 2916 756 2989 gustino.)
800 2917 914 2973 Hoc
948 2917 1102 2971 enim
1135 2917 1277 2972 Deus
1308 2917 1502 2987 jussit,
1547 2916 1639 2985 qui
1683 2922 1904 2970 noverat
1948 2913 2077 2983 quid

491 3023 772 3079 quemque
789 3009 900 3079 pati
930 3017 1238 3079 owner-et;
1273 3021 1374 3065 nec
1410 3009 1667 3064 Israelita:
1694 3006 1899 3062 furtum
1929 3005 2076 3062 iece-

491 3110 646 3164 runt,
698 3102 794 3156 sed
844 3103 954 3156 Deo
997 3100 1207 3170 iubenti
1263 3101 1624 3156 ministerium
1683 3101 2070 3170 praebuerunt:

2182 1893 2385 1950 criﬁcia
2416 1896 2628 1951 illorum
2677 1900 3020 1969 animalium,
3068 1903 3173 1959 nisi
3220 1903 3494 1976 Unigeniti
3533 1919 3769 1967 mortem

2183 1987 2503 2058 designant?
2538 1991 2678 2058 Quid
2719 1993 2986 2048 sacriﬁcia
3027 1995 3243 2051 illorum
3281 1998 3626 2067 animalium,
3659 2004 3769 2059 nisi

2181 2080 2598 2136 exstinctionem
2624 2084 2859 2140 carnalis
2883 2085 3007 2140 vitae
3027 2095 3226 2142 nostrae
3246 2089 3586 2160 signiﬁcant?
3614 2092 3772 2149 Unde

2179 2183 2309 2240 ergo
2332 2171 2687 2228 imbecillitati
2708 2175 2888 2245 populi
2911 2177 3059 2232 rudis
3082 2180 3520 2238 condescendens
3541 2183 3768 2252 dicitur,

2181 2261 2307 2318 inde
2333 2263 2384 2318 ei
2416 2280 2516 2334 per
2542 2267 2893 2324 obumbratas
2930 2269 3309 2343 allegoriarum
3343 2276 3550 2346 species
3588 2276 3771 2347 maior

2178 2349 2439 2410 fortitudo
2468 2355 2690 2425 Spiritus
2715 2359 3014 2413 nuntiatur.

2745 2448 2975 2507 CAPUT
3009 2451 3195 2509 XXIII.

2402 2537 2482 2592 De
2508 2540 2778 2595 sanctione
2804 2540 3025 2597 Pascha:
3049 2545 3104 2598 in
3127 2553 3267 2600 terra
3297 2546 3536 2620 ﬂgypti.

2249 2629 2397 2684 Dixit
2423 2647 2625 2702 quoque
2649 2631 2907 2688 Dominus
2927 2635 2996 2689 ad
3027 2634 3242 2706 Moysen
3266 2648 3314 2691 et
3335 2638 3514 2695 Aaron
3541 2640 3595 2694 in
3619 2649 3766 2695 terra

2179 2720 2440 2792 Egypti:
2481 2722 2676 2778 Mensis
2708 2725 2804 2779 iste
2831 2727 2972 2780 vobis
3005 2729 3316 2799 principium
3342 2732 3620 2798 mensium,
3654 2734 3768 2802 pri-

2177 2828 2294 2865 mus
2334 2815 2433 2866 erit
2465 2815 2519 2867 in
2562 2815 2820 2870 mensibus
2860 2819 3004 2872 anni.
3045 2819 3342 2891 Loquimini
3366 2824 3436 2876 ad
3462 2829 3765 2881 universum

2179 2912 2365 2956 cretum
2390 2903 2622 2973 ﬁliorum
2653 2905 2844 2974 Israel,
2875 2919 2923 2962 et
2951 2909 3110 2964 dicite
3135 2913 3208 2965 eis
3229 2929 3248 2966 :
3272 2913 3485 2970 Decima
3509 2917 3596 2972 die
3619 2935 3764 2972 men-

2175 2996 2249 3050 sis
2291 2997 2451 3066 hujus
2493 2998 2642 3052 tollat
2689 3003 3042 3072 unusquisque
3083 3021 3276 3074 agnum
3317 3023 3410 3076 per
3439 3007 3670 3076 familias
3712 3019 3763 3064 et

2179 3087 2360 3142 domos
2385 3105 2529 3143 suas.
2561 3089 2659 3144 Sin
2685 3101 2858 3146 autem
2883 3095 3056 3147 minor
3082 3104 3156 3149 est
3178 3113 3426 3152 nunterus
3450 3108 3506 3152 at
3531 3101 3764 3170 sufﬁcere

489 3192 947 3264 quemadmodum
995 3165 1121 3247 vam
1170 3193 1419 3246 minis”,
1457 3191 1657 3262 iudicis
1684 3165 1907 3244 ‘0ccidit
1948 3203 2072 3244 eum
2102 3165 2145 3228 C
2179 3194 2281 3232 non
2323 3182 2486 3249 possit
2531 3181 2599 3234 ad
2635 3184 2939 3236 vescendum
2987 3202 3209 3255 agnum,
3260 3203 3489 3245 assumet
3535 3192 3763 3250 vicinum

483 3299 652 3354 quem
674 3283 841 3353 iudex
860 3283 1025 3352 jussit
1054 3283 1262 3350 occidi,
1291 3282 1534 3354 profecto
1561 3283 1609 3337 si
1648 3281 1702 3337 id
1725 3291 1916 3352 sponte
1948 3281 2068 3343 ﬁat,

487 3373 760 3430 homicida
789 3382 876 3430 est
903 3373 1064 3429 etiam
1093 3375 1139 3428 si
1175 3389 1299 3428 eum
1324 3372 1536 3428 occidat
1572 3387 1732 3441 quem
1771 3371 1872 3426 scit
1899 3369 2073 3426 occith'

484 3478 524 3517 a
539 3463 722 3532 iudice
748 3463 1018 3518 debuisse.
1047 3463 1146 3518 Est
1171 3463 1334 3519 etiam
1373 3463 1477 3518 ista
1515 3459 1774 3516 nonnulla
1802 3459 2030 3528 quaestio
2055 3476 2068 3512 :

487 3552 552 3607 Si
583 3567 828 3609 seorsum
856 3555 1176 3609 habitabant
1201 3553 1412 3609 Hebraei
1439 3553 1498 3608 in
1527 3562 1674 3608 terra
1704 3551 1907 3607 Gessen
1929 3591 1942 3614 ,
1981 3550 2072 3605 ubi

485 3657 593 3699 nec
620 3644 792 3715 plagae
828 3644 1028 3700 ﬁebant
1072 3645 1269 3715 quibus
1298 3659 1521 3716 regnum
1549 3642 1847 3699 Pharaonis
1871 3641 2074 3712 aﬁlige-

485 3733 672 3802 batur,
703 3735 988 3806 quomodo
999 3737 1132 3806 petit
1169 3737 1400 3806 quisque
1425 3751 1457 3790 a
1485 3735 1734 3806 proximo
1768 3733 1853 3788 vel
1881 3748 1911 3786 a
1940 3747 2071 3801 pro-

485 3825 632 3881 xima
669 3842 894 3893 aurum,
943 3835 1000 3883 et
1045 3835 1352 3898 argentum,
1397 3833 1454 3881 et
1482 3835 1722 3890 vestem,
1767 3824 2072 3894 praesertim

481 3918 612 3986 quia
643 3919 732 3974 ubi
755 3919 989 3989 primum
1015 3919 1119 3974 hoc
1146 3919 1435 3973 mandatur
1459 3931 1557 3987 per
1580 3915 1830 3986 Moysen,
1863 3915 1943 3970 sic
1970 3928 2070 3983 po-

484 4007 649 4065 situm
677 4017 762 4062 est
789 4027 800 4061 :
841 4017 888 4064 et
915 4007 1103 4063 mulier
1125 4025 1158 4062 a
1185 4009 1352 4062 uicina
1387 4025 1510 4073 sua,
1541 4019 1597 4062 et
1621 4005 1951 4062 concellaria
1988 4003 2071 4058 vel

485 4095 853 4160 concellauia,
903 4095 947 4149 si
993 4096 1069 4149 ita
1098 4095 1384 4151 dicendum
1413 4105 1529 4161 est,
1571 4095 1655 4149 vel
1684 4094 2071 4149 cohabitatrice

488 4201 606 4240 sua.
645 4183 796 4240 Unde
828 4185 1236 4255 intelligendum
1280 4193 1364 4240 est
1403 4185 1568 4239 etiam
1606 4185 1662 4240 in
1693 4193 1840 4238 terra
1866 4183 2070 4238 Gesscn

485 4293 594 4331 nou
624 4276 767 4332 solos
795 4275 1052 4332 Hebraeos
1087 4277 1392 4342 habitasse,
1421 4277 1516 4332 sed
1545 4277 1626 4332 eis
1654 4276 1863 4346 aliquos
1896 4274 2070 4347 :Egy-

485 4368 626 4436 ptios
655 4367 709 4422 in
739 4367 829 4436 illa
863 4375 1008 4422 terra
1043 4367 1442 4426 cobabitatores
1473 4366 1672 4436 fuisse,
1703 4366 1772 4421 ad
1807 4381 1942 4437 quos
1967 4382 2068 4436 po-

2175 3287 2329 3324 suum
2355 3275 2444 3343 qui
2473 3273 2783 3344 conjunctus
2805 3286 2879 3330 est
2908 3277 3085 3330 domui
3115 3295 3226 3334 sua:
3248 3296 3267 3334 :
3287 3281 3446 3350 juxta
3485 3299 3763 3340 numerum

2175 3363 2471 3416 animarum
2501 3382 2616 3436 qua:
2643 3368 2874 3437 sufficere
2909 3379 3126 3438 possunt
3171 3373 3239 3424 ad
3279 3389 3422 3427 esum
3461 3375 3602 3445 agni.
3640 3376 3761 3432 Erit

2175 3461 2349 3506 autem
2388 3471 2555 3524 agnus
2596 3457 2786 3527 absque
2824 3459 3062 3526 macula,
3111 3462 3406 3528 masculus,
3455 3465 3756 3522 anniculus.

2173 3542 2340 3598 Juxta
2367 3562 2518 3616 quem
2550 3548 2708 3601 ritum
2738 3547 2929 3603 tolletis
2949 3559 2996 3604 et
3018 3551 3259 3607 hwdum:
3281 3561 3330 3607 et
3350 3555 3618 3609 servabitis
3639 3573 3760 3610 eum

2174 3652 2334 3705 usque
2369 3637 2439 3690 ad
2463 3648 2707 3708 quartam
2742 3639 2994 3694 decimam
3033 3641 3172 3696 diem
3200 3645 3389 3699 mensis
3424 3646 3619 3715 hujus:
3657 3649 3760 3700 im-

2171 3725 2488 3798 molabitque
2511 3746 2628 3782 eum
2656 3730 2895 3783 universa
2919 3731 3198 3786 multitudo
3222 3734 3456 3802 ﬁliorum
3488 3736 3657 3790 Israel
3684 3739 3758 3794 ad

2172 3832 2436 3887 vesperam
2464 3817 2660 3889 (Exod.
2693 3818 2813 3888 xu).
2845 3819 3040 3875 Mensis
3078 3823 3220 3876 enim
3257 3826 3352 3880 iste
3385 3827 3525 3881 vobis
3560 3829 3760 3898 princi-

2170 3906 2314 3976 pium
2342 3909 2618 3972 mensium,
2645 3908 2843 3978 primus
2865 3911 2962 3963 erit
2981 3911 3036 3964 in
3058 3914 3320 3969 mensibus
3345 3919 3491 3971 anni.
3515 3917 3755 3975 Mensem

2172 3997 2406 4066 primum
2430 4009 2586 4054 vocat
2610 3998 2774 4054 Nisan
2797 4002 3094 4058 secundum
3123 4003 3378 4061 Hebraeos
3401 4007 3452 4061 in
3473 4024 3578 4076 quo
3601 4024 3757 4065 crea—

2173 4101 2287 4146 tum
2312 4102 2396 4147 est
2425 4093 2622 4148 coelum
2650 4102 2705 4149 et
2725 4104 2896 4162 terra,
2924 4105 2980 4151 et
3000 4099 3185 4152 mundi
3212 4099 3418 4152 exstitit
3446 4103 3752 4159 exordium.

2172 4180 2336 4249 Cuius
2362 4183 2564 4239 mensis
2586 4184 2960 4254 plenilunium,
2985 4196 3103 4257 post
3128 4189 3510 4257 mqninoctium
3533 4193 3758 4250 vernale

2172 4287 2389 4343 semper
2416 4275 2580 4330 debet
2607 4277 2813 4332 attendi
2841 4279 2896 4333 in
2937 4293 3026 4344 eo,
3055 4286 3109 4332 et
3144 4278 3296 4349 plebs
3319 4279 3691 4337 lsraclitarum
3717 4299 3755 4339 ι

2172 4365 2432 4422 servitute
2455 4365 2834 4438 Egyptiorum
2873 4368 3102 4424 liberata
3139 4377 3242 4436 est,
3285 4379 3348 4425 et
3363 4385 3534 4443 genus
3562 4374 3756 4430 huma-

488 4469 706 4524 tueruut
728 4461 922 4516 merito
950 4459 1299 4518 Hebraeorum
1335 4461 1498 4516 etiam
1532 4460 1619 4516 illa
1648 4459 1909 4515 beneﬁcia
1937 4477 2068 4531 per-
2093 4520 2140 4531 _
2172 4471 2299 4511 num
2327 4471 2423 4524 per
2448 4456 2649 4513 Christi
2679 4460 2994 4529 sanguinem
3025 4475 3056 4514 a
3091 4467 3356 4528 potestate
3393 4462 3592 4517 diaboli
3631 4477 3754 4519 ere-

485 4521 692 4617 venirc,
725 4561 786 4606 ut
816 4553 904 4608 hic
929 4567 1024 4608 eos
1058 4560 1111 4606 et
1136 4551 1422 4620 diligerent
1446 4552 1606 4607 iidem
1631 4549 1874 4622 Egyptii
1905 4520 2069 4607 colia-
2092 4520 2146 4640 ξ)
2172 4554 2324 4616 ptum
2348 4555 2510 4616 atque
2533 4549 2847 4604 translatum
2874 4557 2974 4604 est.
3004 4549 3221 4604 Decima
3243 4550 3329 4606 die
3352 4553 3553 4608 mensis
3579 4569 3753 4625 agnus

483 4643 781 4708 bitatores,
810 4652 868 4698 et
909 4644 1052 4712 quod
1093 4644 1351 4714 petebant
1394 4641 1553 4698 facile
1585 4643 2064 4698 commendarent:

483 4746 586 4786 nec
615 4739 793 4787 tamen
822 4731 966 4787 Deus
985 4729 1251 4800 iudicavit
1287 4731 1364 4785 ita
1403 4729 1524 4784 illos
1568 4730 1776 4785 alienos
1803 4729 1971 4785 fuisse
1998 4729 2068 4786 ab

485 4821 698 4898 iniuriis
725 4831 780 4880 et
813 4822 1332 4898 contradictionibus
1367 4838 1504 4894 quas
1535 4823 1764 4892 populus
1805 4821 1904 4876 Dei
1947 4836 2070 4890 per-

486 4897 640 4979 tulit,
681 4922 741 4968 ut
779 4901 880 4970 nec
909 4916 1014 4969 isto
1041 4915 1240 4968 damno
1278 4914 1601 4977 ferirentur,
1633 4914 1724 4983 qui
1765 4913 1938 4983 plagis
1963 4911 2070 4967 illis

485 4986 706 5076 propter
720 5007 863 5078 quod
887 5015 1046 5061 terra:
1066 5005 1140 5059 illi
1157 5006 1479 5076 parcebatur
1498 5004 1742 5074 percussi
1763 5018 1870 5058 non
1891 5011 2066 5057 erant.

481 5087 596 5170 (Ea:
612 5083 921 5172 Gregorio.)
953 5094 1050 5152 llic
1076 5110 1288 5165 quoque
1311 5093 1598 5166 diligenter
1618 5092 2070 5148 considerandum

485 5194 576 5244 est
599 5181 743 5256 quod
765 5196 975 5242 mentes
1002 5186 1125 5241 usui
1144 5186 1269 5241 vita:
1293 5185 1524 5242 carnalis
1549 5185 1898 5250 inhaerentes,
1913 5181 2070 5238 evelli

487 5277 554 5332 ab
585 5276 788 5348 intimis
808 5294 917 5336 non
945 5287 1202 5349 possunt,
1240 5278 1348 5335 nisi
1388 5279 1657 5350 gradatim
1687 5279 1847 5334 ducta
1877 5277 2067 5348 praedi-

485 5367 700 5432 catione
721 5371 1024 5444 proﬁciant.
1055 5371 1194 5430 Hinc
1219 5373 1419 5446 quippe
1453 5381 1541 5430 est
1574 5373 1720 5443 quod
1746 5374 1802 5428 in
1831 5371 2067 5443 Egypto

483 5466 698 5536 positis,
727 5465 818 5537 pio
835 5463 1089 5536 iustoque
1117 5466 1526 5531 moderamine,
1569 5465 1770 5522 latente
1811 5465 2066 5535 concupi-

488 5545 694 5614 SCentia
719 5559 1166 5614 condescenditur
1187 5600 1201 5624 ,
1247 5569 1303 5614 et
1346 5558 1648 5614 vicinorum
1672 5573 1891 5613 suorum
1917 5557 2064 5612 vasis

490 5645 670 5701 aureis
687 5648 1064 5720 argenteisque
1084 5647 1334 5713 sublatis,
1359 5647 1638 5702 discedere
1655 5645 1934 5715 iubentur.
1959 5646 2062 5712 Qui

490 5735 559 5796 ad
581 5734 710 5792 Sina
727 5749 960 5795 montem
977 5739 1148 5817 ducti,
1162 5746 1384 5807 accepta
1404 5736 1520 5806 lege
1542 5735 1750 5792 oculum
1771 5753 1865 5808 pro
1885 5737 2056 5806 oculo,

2173 4643 2374 4697 assumi
2390 4643 2610 4713 iubetur
2629 4651 2684 4698 et
2705 4643 2913 4698 servari
2935 4657 3104 4712 usque
3127 4645 3196 4700 ad
3213 4652 3463 4716 quartam
3479 4645 3750 4701 decimam

2172 4733 2316 4789 diem
2345 4733 2548 4789 mensis
2573 4732 2814 4801 eiusdem
2835 4733 2902 4788 ad
2931 4749 3237 4802 vesperam,
3259 4743 3316 4791 et
3339 4735 3418 4790 sic
3446 4735 3745 4790 immolari:

2171 4825 2245 4880 ita
2276 4834 2331 4880 et
2363 4825 2691 4894 Redemptor
2719 4833 2902 4880 noster
2926 4825 3134 4879 decima
3170 4827 3286 4892 die,
3324 4827 3428 4882 hoc
3459 4836 3579 4892 est,
3622 4835 3752 4882 ante

2172 4915 2410 4984 quinque
2434 4914 2549 4968 dies
2576 4913 2796 4968 Paschae
2821 4912 3212 4984 Jerosolymam
3243 4916 3483 4981 veniens,
3524 4917 3579 4970 in
3613 4925 3754 4971 tem-

2168 5004 2257 5074 plo
2292 5013 2454 5073 atque
2483 5003 2538 5058 in
2575 5010 2844 5058 conventu
2884 5003 3252 5060 insidiantium
3283 5003 3590 5059 Judaeorum
3624 5017 3752 5060 ver-

2167 5096 2295 5151 bum
2321 5095 2416 5149 Dei
2432 5095 2652 5158 doeens,
2669 5093 3005 5161 exspectavit
3025 5102 3273 5164 quartam
3287 5093 3556 5150 decimam
3573 5093 3743 5160 diem,

2168 5186 2224 5240 in
2259 5199 2366 5252 quo
2397 5183 2605 5240 Pascha
2634 5183 2922 5255 mysticum
2967 5198 3090 5238 cum
3132 5182 3408 5251 discipulis
3451 5184 3563 5240 suis
3598 5184 3743 5239 cele-

2164 5277 2331 5332 brans
2351 5316 2364 5342 ,
2401 5291 2498 5348 per
2538 5274 2730 5332 Judam
2772 5274 3104 5345 proditorem
3128 5273 3185 5329 in
3212 5288 3406 5329 manus
3434 5272 3744 5330 Judaeorum

2166 5366 2396 5430 traditus
2421 5377 2527 5434 est,
2553 5375 2715 5437 atque
2743 5366 2990 5437 sequenti
3028 5365 3116 5423 die
3148 5365 3203 5420 in
3232 5377 3391 5420 cruce
3418 5372 3503 5420 est
3530 5379 3630 5435 pro
3655 5380 3744 5420 re-

2166 5459 2474 5529 demptione
2507 5468 2694 5516 nostra
2737 5460 3066 5515 immolatus.
3111 5458 3266 5526 Quod
3309 5466 3486 5512 autem
3530 5457 3742 5514 decima

2165 5549 2252 5605 die
2274 5551 2475 5605 mensis
2503 5564 2675 5618 agnus
2705 5549 2934 5615 tollitur,
2964 5549 3061 5604 sed
3096 5563 3201 5604 non
3229 5547 3540 5603 immolatur
3567 5562 3742 5614 usque

2165 5643 2230 5697 ad
2256 5651 2504 5711 quartam
2527 5641 2792 5696 decimam
2813 5641 2979 5706 diem,
2998 5640 3269 5712 signiﬁcat
3287 5641 3432 5710 quod
3450 5653 3547 5708 per
3564 5637 3740 5709 legem

2162 5733 2378 5804 quidem
2415 5731 2618 5787 Christi
2660 5733 2839 5801 passio
2879 5732 3355 5808 pnaeﬁgurabatur,
3402 5741 3583 5788 tamen
3629 5745 3737 5787 non
