4020 6352
243 399 308 454 ιε)
1207 383 1706 442 COMMENTARIA
1743 383 1810 441 lN
1846 382 2153 443 exosum.
2192 415 2263 427 —
2300 383 2428 443 LIB.
2470 386 2512 443 ι.
3413 391 3486 448 so

242 511 342 570 nisi
365 503 640 578 Evangelii
662 507 977 561 coruscante
999 499 1174 573 gratia
1195 500 1512 571 completur.
1543 499 1808 556 Denarius
1833 497 1966 560 Aln
1997 508 2228 576 utroque
2271 506 2471 563 etenim
2517 513 2671 578 poste
2719 505 2840 578 agni
2887 507 3109 577 sanguis
3151 516 3236 564 est
3280 511 3493 582 positus

241 606 379 661 enim
404 614 664 656 numerus
681 605 897 669 propter
923 594 1235 663 decalogum
1259 593 1327 648 ad
1354 592 1530 663 legem
1550 593 1810 662 pertinet,
1834 635 1841 642 .

243 703 295 750 et
338 691 718 765 quaternarius
747 694 965 761 propter
999 692 1232 756 quatuor
1276 682 1566 751 Evangelia
1605 682 1813 738 Novum

240 785 494 860 exprimit
517 779 940 839 Testamentum.
972 779 1087 836 Hoc
1129 778 1294 851 igitur
1336 775 1480 846 quod
1525 774 1816 845 unicuique

243 894 436 952 agnum
459 877 616 948 jubet
641 888 852 931 sumere
875 888 974 945 per
1009 872 1245 928 familias
1273 880 1329 926 et
1353 871 1542 926 domos
1575 881 1732 934 suas,
1761 871 1818 921 et

241 976 285 1031 si
318 974 496 1028 minor
521 971 592 1027 sit
621 985 882 1025 numerus
917 966 1190 1023 edentium
1221 964 1313 1034 qui
1345 978 1449 1018 nou
1485 962 1658 1032 possit
1692 958 1817 1029 agni

239 1082 460 1124 carnem
488 1077 830 1128 consumere,
857 1061 1080 1116 mandat
1108 1059 1347 1114 vicinum
1379 1071 1535 1110 suum
1571 1052 1665 1122 qui
1694 1049 1817 1120 jun-

238 1171 358 1218 ctus
383 1168 468 1215 est
492 1158 672 1213 domui
693 1157 772 1212 eis
800 1168 1079 1212 assumere
1099 1194 1114 1218 ,
1153 1158 1422 1221 quatenus
1456 1145 1725 1203 sufﬁciens
1748 1142 1820 1198 sit

241 1267 502 1308 numerus
535 1251 602 1305 ad
627 1263 778 1304 esum
827 1247 981 1317 agni,
1020 1244 1195 1316 typice
1238 1241 1486 1309 designat
1522 1236 1665 1307 quod
1708 1248 1818 1289 non

237 1342 414 1400 solum
442 1357 508 1395 ex
535 1339 756 1404 Iudaeis,
785 1337 877 1392 sed
907 1337 1068 1392 etiam
1094 1351 1159 1390 ex
1192 1331 1457 1404 gentibus,
1487 1324 1818 1384 convocandi

236 1443 398 1491 erant
433 1434 498 1487 ad
540 1431 698 1498 fidem
744 1429 942 1486 Christi
993 1436 1047 1482 et
1086 1426 1152 1481 ad
1191 1423 1306 1479 veri
1333 1420 1471 1492 Agni
1496 1415 1822 1473 immolatio-

233 1543 386 1584 nem.
415 1525 532 1580 Non
559 1525 702 1579 enim
741 1522 854 1577 sola
881 1519 1179 1576 sufﬁciebat
1203 1530 1334 1588 gens
1360 1513 1544 1568 Judaza
1571 1509 1638 1564 ad
1667 1506 1824 1576 spiri—

235 1618 384 1673 tuale
424 1616 631 1671 Pascha
675 1612 1094 1673 celebrandum;
1132 1607 1263 1676 quin
1293 1604 1456 1658 etiam
1493 1607 1680 1670 gentes
1707 1610 1824 1665 quae

229 1713 433 1766 vicinae
459 1709 675 1763 fuerunt
705 1705 888 1761 domui
915 1701 1066 1756 Judaz
1085 1741 1100 1764 ,
1137 1695 1450 1753 adhibendae
1475 1699 1660 1754 erant,
1687 1704 1822 1758 qua-

229 1810 397 1856 tenus
423 1802 614 1856 domus
640 1796 738 1851 Dei
773 1791 1179 1850 convivantium
1219 1800 1443 1842 numero
1475 1782 1817 1852 impleretur,

227 1899 281 1947 et
307 1891 445 1962 agni
471 1903 665 1944 carnes
693 1885 856 1956 digne
898 1889 1178 1943 comestae,
1219 1876 1464 1931 ﬁdelibus
1510 1873 1566 1927 in
1607 1879 1821 1941 pastum

222 1984 361 2038 vitae
412 1990 632 2036 mtemm
676 1982 1034 2032 verterentur.
1067 1969 1217 2037 Quod
1257 1977 1437 2022 autem
1469 1964 1610 2019 idem
1653 1977 1822 2033 agnus

222 2087 468 2143 vespere
495 2069 698 2126 comedi
721 2065 1043 2134 jubebatur,
1084 2059 1354 2132 signiﬁcat
1390 2056 1592 2113 Christi
1617 2053 1825 2124 passio—

223 2180 361 2222 nem
402 2164 458 2218 in
494 2158 785 2216 novissima
833 2163 990 2209 aetate
1035 2151 1218 2208 saeculi
1263 2165 1383 2205 esse
1425 2146 1820 2218 complendam.

225 2255 487 2324 Denique
508 2251 649 2321 quod
675 2248 858 2303 haedus
881 2244 1133 2301 similiter
1157 2241 1360 2297 assumi
1377 2239 1620 2309 iubetur,
1636 2245 1692 2292 et
1711 2250 1826 2292 ser-

225 2349 349 2404 vari
384 2360 557 2416 usque
576 2344 641 2397 ad
666 2348 914 2411 quartam
939 2337 1205 2393 decimam
1227 2333 1394 2400 diem,
1418 2347 1526 2387 non
1554 2329 1826 2385 immerito

227 2435 633 2497 incarnationis
668 2433 870 2488 Christi
907 2429 1166 2502 mysterio
1197 2426 1480 2503 accipitur.
1513 2424 1651 2492 Quid
1679 2423 1827 2479 enim

229 2545 374 2603 opus
411 2537 531 2584 erat
559 2542 713 2582 ovem
739 2524 824 2579 vel
857 2537 1054 2594 agnum
1085 2522 1153 2575 ab
1181 2520 1370 2575 ovibus
1393 2559 1408 2582 ,
1436 2524 1492 2572 et
1512 2517 1728 2571 haedum
1757 2515 1826 2571 ab

231 2624 416 2679 haedis
441 2617 811 2690 accipiendum
835 2614 1064 2679 moueri,
1088 2612 1193 2668 nisi
1221 2611 1308 2666 ille
1332 2609 1656 2681 ﬁguraretur
1675 2606 1826 2676 cuius

231 2732 366 2773 caro
401 2730 511 2770 non
549 2712 722 2768 solum
747 2726 813 2766 ex
837 2709 1000 2779 justis
1018 2748 1032 2773 ,
1078 2721 1266 2761 verum
1295 2704 1460 2759 etiam
1489 2717 1556 2759 ex
1577 2709 1829 2772 peccato-

229 2808 396 2864 ribus
455 2811 754 2876 propagata
803 2808 924 2855 est:
983 2812 1292 2869 quanquam
1344 2803 1610 2851 conentur
1658 2794 1828 2850 Judaei

231 2897 410 2952 etiam
456 2894 670 2950 btedum
712 2889 1010 2961 intelligere
1052 2887 1423 2957 accipiendum
1450 2886 1517 2939 ad
1549 2884 1830 2940 celebran-

234 2989 365 3044 dum
398 2985 628 3050 Pascha,
661 2991 716 3038 et
741 2983 847 3036 hoc
868 2995 988 3035 esse
1013 2979 1215 3034 dictum
1242 2984 1453 3048 putant,
1477 2975 1546 3029 ab
1566 2973 1757 3030 ovibus
1776 2982 1832 3028 et

233 3080 419 3136 haedis
438 3078 700 3148 accipere,
723 3083 982 3143 tanquam
1003 3070 1209 3125 diceret
1233 3067 1318 3122 vel
1340 3068 1408 3122 ab
1432 3066 1586 3138 agnis
1608 3053 1826 3136 agnum,

232 3173 315 3229 vel
346 3173 428 3226 ab
455 3170 624 3224 haedis
647 3167 858 3222 haedum
885 3205 900 3231 ,
930 3165 976 3219 si
1005 3162 1135 3218 illud
1173 3160 1343 3226 desit,
1390 3159 1526 3215 sumi
1555 3165 1825 3228 oportere.

232 3264 482 3334 Apparet
507 3268 687 3314 tamen
717 3258 770 3312 in
805 3255 1054 3320 Christo,
1102 3251 1263 3308 rebus
1289 3249 1543 3320 impletis,
1569 3248 1698 3319 quid
1737 3248 1830 3304 illo

233 3360 516 3426 przeccpto
538 3350 699 3404 fuerit
720 3348 1041 3420 ﬁguratum:
1068 3342 1138 3398 Et
1163 3351 1365 3397 sument
1388 3341 1452 3394 de
1470 3341 1744 3410 sanguine,
1768 3357 1830 3396 ac

233 3457 433 3521 ponent
461 3464 616 3518 super
643 3455 919 3516 utrumque
944 3451 1161 3514 postem,
1190 3449 1236 3494 et
1261 3439 1316 3493 in
1344 3434 1831 3508 superliminaribus

236 3542 542 3604 domorum,
576 3539 632 3592 in
669 3536 853 3608 quibus
877 3533 1142 3588 comedent
1170 3530 1361 3584 illum:
1396 3537 1444 3584 et
1475 3527 1628 3582 edent
1646 3541 1829 3581 carnes

236 3641 386 3686 nocte
429 3629 528 3682 illa
566 3644 714 3682 assos
756 3627 897 3698 igni,
940 3633 986 3678 et
1025 3640 1236 3694 azymos
1277 3637 1435 3694 panes
1460 3636 1576 3674 cum
1613 3619 1832 3673 lactucis

238 3722 556 3794 agrestibus.
589 3720 713 3774 Non
743 3717 1019 3772 comedetis
1063 3732 1128 3770 ea:
1173 3731 1232 3770 eo
1280 3713 1502 3769 crudum
1539 3711 1696 3783 quid,
1739 3726 1832 3764 nec

237 3825 446 3871 coctum
471 3830 634 3884 aqua,
662 3812 750 3866 sed
780 3827 957 3866 assum
988 3817 1194 3864 tantum
1225 3807 1353 3879 igni.
1393 3806 1563 3876 Caput
1599 3820 1716 3858 cum
1744 3821 1832 3874 pe-

239 3910 391 3963 dibus
423 3917 474 3962 et
501 3905 762 3960 intestinis
789 3901 1052 3966 vorabitis,
1081 3916 1170 3954 nec
1194 3898 1476 3952 remanebit
1505 3913 1569 3950 ex
1593 3912 1652 3949 eo
1676 3894 1832 3966 quid-

237 4015 397 4069 quam
429 4011 593 4066 usque
623 4009 798 4047 mane.
825 3990 884 4045 Si
911 3990 1034 4061 quid
1063 3989 1257 4043 residui
1282 3987 1463 4056 fuerit,
1489 3986 1606 4054 igne
1630 3984 1836 4038 combu-

239 4093 380 4145 retis.
409 4089 546 4156 Quae
568 4095 750 4141 autem
771 4081 1168 4152 superaverint,
1185 4078 1380 4148 inquit,
1397 4077 1466 4132 ab
1487 4091 1552 4132 eo
1576 4077 1628 4132 in
1651 4091 1832 4143 mane,

237 4181 361 4252 igne
413 4175 856 4236 concremabitis.
911 4172 1019 4245 (Ex
1049 4169 1388 4244 Augustino.)
1441 4168 1618 4237 Quaeri
1657 4174 1836 4239 potest

238 4273 518 4344 quomodo
549 4269 752 4339 aliquid
778 4267 1074 4337 superavit,
1106 4280 1231 4321 cum
1259 4265 1364 4320 hoc
1388 4262 1693 4335 praemoniti
1718 4261 1834 4317 fue-

237 4376 384 4432 runt,
420 4372 488 4419 ut
516 4363 564 4418 si
602 4363 792 4418 domus
819 4375 925 4414 non
965 4357 1217 4414 habuerit
1253 4355 1621 4412 consumendo
1650 4353 1834 4424 pecori

237 4457 497 4511 idoneam
546 4452 978 4517 multitudinem,
1005 4449 1172 4504 vicini
1200 4455 1563 4504 assumantur.
1603 4444 1708 4500 Sed
1749 4446 1832 4500 in-
1854 4471 1866 4479 -

236 4551 506 4620 teiligitur
532 4548 788 4618 quoniam
819 4547 1020 4600 dictum
1049 4550 1161 4610 est,
1207 4541 1279 4596 0s
1330 4558 1435 4596 non
1474 4539 1832 4594 comminuetis

237 4658 300 4696 ea:
329 4660 391 4696 eo
409 4682 426 4707 ,
458 4654 780 4695 remansura
807 4639 992 4707 utique
1035 4634 1204 4690 fuisse
1233 4624 1356 4689 ossa
1393 4647 1512 4702 quze
1541 4631 1664 4701 igne
1701 4644 1832 4686 con-

233 4739 619 4789 cremarentur
647 4749 661 4784 :
701 4729 790 4784 Sic
827 4736 1000 4782 autem
1027 4724 1304 4780 comedetis
1333 4722 1483 4776 illum
1507 4734 1523 4773 :
1559 4719 1724 4776 Renes
1748 4737 1833 4774 ve-

235 4835 375 4881 stros
405 4825 714 4894 accingetis,
741 4821 1093 4876 calceamenta
1120 4825 1292 4872 vestra
1330 4814 1583 4870 habebitis
1607 4815 1662 4867 in
1688 4812 1833 4884 pedi-

234 4915 354 4981 bus,
383 4923 616 4970 tenentes
641 4911 852 4967 buculos
886 4913 940 4965 in
976 4909 1217 4965 manibus
1239 4949 1253 4975 ,
1300 4914 1349 4961 et
1383 4904 1660 4960 comedetis
1687 4903 1833 4975 festi-

235 5017 447 5061 nantes.
481 5004 578 5058 Est
610 5004 751 5058 enim
777 5001 968 5065 Phase,
1002 5001 1057 5054 id
1086 5009 1158 5055 est
1192 4999 1445 5054 transitus
1491 4997 1722 5052 Domini.
1760 4995 1830 5051 Et

235 5097 481 5151 transibo
512 5112 603 5165 per
629 5104 823 5148 terram
853 5091 1072 5161 zEgypti
1100 5084 1246 5144 nocte
1277 5090 1369 5144 illa
1391 5131 1406 5156 ,
1444 5089 1833 5160 percutiamque

235 5202 398 5241 omne
426 5185 831 5256 primogenitum
857 5184 914 5236 in
935 5192 1076 5236 terra
1096 5179 1335 5251 /Egypti,
1356 5180 1419 5233 ab
1444 5181 1650 5236 homine
1669 5196 1834 5252 usque

233 5277 305 5330 ad
336 5293 522 5348 pecus,
555 5285 600 5330 et
628 5277 682 5330 in
725 5274 924 5329 cunctis
953 5273 1056 5327 diis
1099 5270 1320 5342 A‘ngpti
1350 5269 1546 5340 faciam
1582 5271 1791 5340 judicia
1813 5288 1834 5327 .'

232 5383 330 5438 ego
364 5365 650 5420 Dominus.
686 5363 805 5437 (Ea:
835 5360 1148 5434 Gregorio.)
1181 5360 1306 5417 Haec
1353 5360 1606 5416 videlicet
1639 5369 1833 5417 cuncta

235 5471 505 5528 magnam
525 5457 682 5511 nobis
710 5454 1121 5511 mdiﬁcationem
1152 5454 1391 5524 pariunt,
1416 5451 1463 5508 si
1497 5449 1700 5506 fuerint
1722 5467 1837 5524 my-

235 5553 383 5607 stica
421 5550 866 5620 interpretatione
887 5548 1149 5604 discussa.
1187 5547 1320 5615 Quis
1354 5559 1589 5616 namque
1617 5545 1689 5600 sit
1713 5559 1860 5600 san-~

236 5645 365 5715 guis
391 5644 540 5714 agni,
572 5659 680 5698 non
709 5642 977 5698 audiendo
1002 5641 1098 5697 sed
1131 5640 1367 5696 bibendo
1389 5639 1695 5695 didicimus.
1733 5636 1836 5704 Qui

229 5735 474 5806 sanguis
501 5750 664 5807 super
687 5744 976 5805 utrumque
1002 5741 1212 5805 postem
1236 5735 1476 5805 ponitur,
1493 5735 1706 5805 quando
1728 5751 1836 5791 non

235 5825 434 5887 solum
461 5838 556 5883 ore
598 5826 876 5898 corporis,
908 5826 1006 5887 sed
1037 5826 1201 5886 etiam
1237 5841 1334 5886 ore
1357 5826 1539 5887 cordis
1563 5829 1842 5906 hauritur,

1911 603 2124 673 quando
2152 608 2551 658 sacramentum
2576 601 2845 672 passionis
2875 601 3018 656 illius
3045 617 3166 657 cum
3197 617 3293 659 ore
3312 605 3382 660 ad
3405 619 3492 660 re-

1913 692 2275 763 demptionem
2301 692 2552 756 sumitur,
2577 694 2644 746 ad
2668 692 3023 748 imitationem
3051 707 3264 764 quoque
3286 694 3492 751 intenta

1912 793 2095 842 mente
2132 785 2416 857 cogitatur.
2465 784 2598 838 Nam
2638 784 2730 853 qui
2768 784 2849 840 sic
2887 783 3266 855 Redemptoris
3317 786 3494 841 nostri

1915 877 2231 948 sanguinem
2256 876 2471 946 accipit,
2503 885 2566 930 ut
2600 875 2802 930 imitari
2845 875 3150 946 passionem
3196 875 3340 933 illius
3368 890 3496 933 nec-

1917 970 2046 1026 dum
2065 969 2213 1033 velit,
2241 969 2296 1023 in
2320 984 2429 1024 uno
2449 977 2603 1040 poste
2623 969 2940 1039 sanguinem
2971 969 3170 1040 posuit.
3207 968 3310 1037 Qui
3331 971 3497 1026 etiam

1916 1058 1974 1113 iu
2021 1057 2525 1128 superliminaribus
2565 1059 2847 1114 domorum
2889 1059 3168 1129 ponendus
3207 1067 3310 1114 est.
3358 1057 3501 1126 Quid

1916 1149 2063 1205 enim
2097 1149 2452 1219 spiritualiter
2488 1148 2698 1215 domos,
2725 1149 2830 1204 nisi
2861 1156 3074 1204 mentes
3101 1158 3318 1204 nostras
3356 1149 3502 1204 acci-

1914 1243 2135 1330 pimus,
2179 1242 2234 1296 in
2282 1242 2480 1311 quibus
2521 1257 2619 1311 per
2665 1241 3044 1330 cogita-tionem
3089 1241 3501 1298 inhabitamus?

1919 1319 2084 1406 Cujus
2117 1336 2306 1391 domus
2335 1334 2778 1406 superliminare,
2829 1314 2911 1388 est
2953 1335 3352 1404 ipsaintentio,
3384 1349 3503 1405 quae

1922 1430 2288 1498 supereminet
2332 1427 2552 1483 actioni.
2603 1426 2706 1493 Qui
2748 1439 2877 1496 ergo
2906 1426 3258 1482 intentionem
3296 1429 3503 1499 cogita-

1924 1522 2088 1577 tionis
2110 1535 2220 1574 suze
2241 1519 2306 1574 ad
2330 1519 2685 1573 imitationem
2705 1518 2998 1572 Dominicze
3017 1519 3282 1588 passionis
3303 1519 3505 1589 dirigit,

1925 1613 1979 1666 in
2015 1611 2430 1681 superliminare
2465 1611 2656 1664 domus
2693 1609 2814 1679 agni
2848 1609 3168 1678 sanguinem
3199 1610 3371 1678 ponit.
3412 1611 3510 1666 Vel

1925 1715 2074 1760 certe
2106 1705 2296 1757 domus
2323 1702 2438 1769 ipsa
2466 1710 2592 1755 sunt
2629 1714 2854 1770 corpora
2875 1739 2890 1763 ,
2921 1700 2973 1752 in
3001 1700 3200 1767 quibus
3230 1715 3513 1770 quousque

1923 1795 2173 1857 vivimus,
2202 1793 2535 1854 habitamus,
2565 1799 2620 1846 et
2649 1791 2701 1845 in
2731 1790 3148 1859 superliminare
3171 1793 3364 1848 domus
3385 1795 3511 1863 agni

1925 1888 2239 1957 sanguinem
2278 1885 2548 1954 ponimus,
2585 1883 2712 1953 quia
2735 1899 2952 1939 crucem
2980 1885 3248 1952 passionis
3275 1885 3419 1940 illius
3455 1887 3511 1942 in

1922 1979 2102 2035 fronte
2129 1987 2427 2048 portamus.
2471 1975 2548 2030 De
2585 1990 2692 2044 quo
2731 1989 2869 2046 agno
2911 1976 3086 2030 adhuc
3129 1977 3413 2031 subditur:
3441 1975 3514 2032 Et

1925 2071 2076 2125 edent
2121 2084 2304 2122 carnes
2334 2073 2480 2122 nocte
2524 2063 2621 2118 illa
2664 2081 2810 2119 asses
2847 2066 2973 2134 igm.
3017 2065 3074 2119 ln
3108 2074 3267 2122 nocte
3314 2067 3516 2138 quippe

1927 2178 2126 2234 agnum
2158 2159 2520 2223 comedimus,
2561 2157 2652 2227 qui
2682 2157 2739 2211 in
2769 2165 3110 2211 sacramento
3137 2158 3298 2213 modo
3333 2159 3514 2215 Domi-

1926 2241 2109 2309 nicum
2139 2266 2337 2320 corpus
2362 2247 2687 2317 accipimus,
2719 2245 2934 2316 quando
2965 2249 3141 2302 adhuc
3179 2249 3248 2302 ab
3282 2249 3516 2307 invicem

1928 2355 2144 2405 nostras
2171 2343 2534 2400 conscientias
2555 2356 2663 2397 non
2684 2341 2954 2395 videmus.
2969 2339 3098 2406 Quae
3120 2348 3297 2394 tamen
3321 2356 3518 2398 carnes

1928 2438 2052 2512 agni
2088 2435 2330 2492 assandae
2374 2442 2532 2498 sunt,
2576 2431 2702 2502 quia
2742 2430 2999 2486 nimirum
3044 2431 3287 2487 dissolvit
3321 2447 3520 2488 carnes

1929 2547 2066 2604 quas
2095 2543 2234 2600 aqua
2263 2527 2508 2591 coxerit;
2547 2539 2684 2595 quas
2704 2539 2836 2580 vero
2870 2524 3011 2594 ignis
3043 2524 3160 2580 sine
3191 2540 3328 2596 aqua
3355 2540 3519 2581 exco-

1929 2624 2065 2695 quit,
2098 2623 2339 2677 roborat.
2372 2617 2577 2674 Carnes
2599 2617 2784 2686 itaque
2809 2617 2932 2686 agni
2967 2617 3137 2672 nostri
3170 2617 3310 2688 ignis
3334 2617 3518 2685 coxit,

1929 2715 2054 2784 quia
2088 2728 2212 2768 eum
2237 2711 2321 2765 vis
2348 2709 2618 2779 passionis
2648 2707 2791 2762 illius
2827 2707 2896 2761 ad
2937 2709 3390 2764 resurrectionem
3416 2725 3518 2763 va-

1927 2804 2211 2860 lentiorem
2241 2800 2505 2865 reddidit,
2531 2807 2692 2869 atque
2729 2799 3191 2868 incorruptionem
3218 2800 3518 2856 roboravit.

1931 2896 2060 2963 Quae
2080 2894 2224 2948 enim
2253 2908 2320 2947 ex
2347 2900 2524 2946 morte
2551 2890 2846 2954 convaluit,
2884 2890 3134 2944 videlicet
3159 2905 3352 2943 carnes
3377 2889 3522 2947 illius

1933 2988 2000 3042 ab
2024 2986 2146 3056 igne
2177 2983 2477 3038 diruerunt.
2510 2979 2665 3035 Undc
2685 2981 2848 3034 etiam
2870 2993 2966 3050 per
2991 2978 3335 3034 Psalmistam
3355 2980 3519 3037 dicit:

1932 3077 2162 3134 Exaruit
2191 3073 2326 3130 velut
2358 3080 2489 3128 testa
2519 3073 2684 3126 virtus
2708 3087 2824 3125 mea
2853 3069 3027 3138 (Psal.
3060 3071 3197 3143 χχι).

2004 3167 2144 3237 Quid
2168 3181 2402 3237 namque
2435 3172 2519 3220 est
2542 3173 2682 3219 testa
2708 3173 2831 3217 ante
2856 3163 3070 3234 ignem,
3112 3165 3214 3220 nisi
3252 3167 3414 3226 molle
3441 3167 3525 3223 lu-

1934 3262 2092 3318 tum?
2126 3260 2218 3316 sed
2245 3260 2294 3314 ei
2325 3275 2391 3314 ex
2417 3257 2540 3329 igne
2567 3255 2748 3328 agitur
2774 3264 2831 3310 ut
2865 3256 3145 3312 solidetur.
3178 3259 3364 3316 Virtus
3391 3274 3526 3330 ergo

1932 3352 2284 3410 humanitatis
2313 3348 2429 3419 ejus
2463 3348 2612 3404 velut
2659 3356 2797 3402 testa
2839 3349 3085 3416 exaruit,
3131 3351 3258 3419 quia
3288 3350 3358 3404 ab
3397 3352 3524 3421 igne

1931 3443 2200 3516 passionis
2221 3441 2288 3496 ad
2315 3442 2568 3496 virtutem
2601 3439 3026 3510 incorruptionis
3054 3442 3243 3495 crevit.
3277 3442 3383 3497 Sed
3410 3442 3526 3497 sola

1933 3533 2310 3604 Redemptoris
2350 3531 2521 3586 nostri
2557 3538 2811 3600 percepta
2851 3541 3192 3587 sacramenta
3231 3535 3300 3588 ad
3341 3549 3525 3590 veram

1934 3625 2330 3682 solemnitatem
2356 3622 2554 3678 mentis
2587 3637 2696 3678 non
2731 3622 3035 3689 sufﬁciunt,
3063 3625 3168 3679 nisi
3201 3625 3284 3681 eis
3311 3640 3529 3696 quoque

1934 3725 1990 3773 ct
2015 3717 2157 3772 bona
2182 3729 2346 3785 Opera
2369 3715 2685 3784 iungantur.
2723 3713 2864 3779 Quid
2902 3715 3046 3768 enim
3077 3716 3301 3784 prodest
3329 3731 3528 3785 corpus

1933 3819 1988 3866 et
2013 3809 2332 3880 sanguinem
2362 3807 2504 3862 illius
2525 3821 2618 3862 ore
2643 3807 2948 3877 percipere,
2975 3815 3030 3861 et
3051 3807 3097 3861 ci
3121 3809 3390 3878 perversis
3412 3823 3530 3864 mo-

1934 3902 2086 3956 ribus
2111 3900 2427 3957 contraire?
2461 3898 2617 3955 Unde
2656 3898 2795 3954 bene
2826 3899 3001 3954 adhuc
3028 3901 3096 3955 ad
3136 3902 3528 3958 comedendum

1937 3991 2226 4047 subditur:
2267 3988 2335 4042 Et
2362 4005 2575 4059 azymos
2599 4005 2760 4058 panes
2796 4007 2914 4045 cum
2955 3991 3174 4053 lactucis
3215 3995 3526 4066 agrestibus.

1937 4082 2112 4139 Panes
2141 4082 2339 4153 quippe
2361 4082 2477 4138 sine
2502 4082 2769 4140 fermento
2792 4085 3048 4153 comedit,
3073 4088 3166 4156 qui
3190 4097 3339 4145 recta
3361 4105 3530 4161 opera

1936 4175 2053 4230 sine
2077 4175 2426 4244 corruptione
2455 4189 2608 4230 vanae
2635 4175 2820 4245 gloriae
2850 4186 3109 4242 exercet;
3144 4180 3236 4250 qui
3272 4181 3529 4237 mandata

1935 4267 2324 4324 misericordia:
2361 4269 2478 4322 sine
2528 4268 2862 4325 admixtione
2910 4271 3118 4340 peccati
3162 4271 3409 4340 exhibet,
3460 4288 3531 4328 ne

1934 4372 2193 4428 perverse
2238 4358 2458 4429 diripiat
2499 4359 2644 4429 quod
2685 4361 2839 4430 quasi
2879 4370 3026 4420 recte
3071 4361 3368 4432 diSpensat.
3412 4363 3527 4420 Hoc

1937 4463 2152 4519 quoque
2177 4449 2386 4518 peccati
2411 4447 2734 4505 fermentum
2755 4450 2911 4507 bonae
2933 4467 3044 4508 suae
3072 4454 3272 4508 actioni
3297 4455 3532 4511 miscue-

1936 4548 2095 4607 runt,
2140 4540 2337 4611 quibus
2380 4541 2658 4612 propheta
2685 4557 2819 4598 voce
2844 4557 2944 4613 per
2969 4544 3394 4614 increpationem
3423 4545 3532 4602 Do.

1937 4632 2117 4689 minus
2143 4631 2305 4688 dicit:
2349 4631 2532 4687 Venite
2557 4633 2626 4687 ad
2650 4632 2863 4698 Betltef,
2896 4641 2944 4689 et
2968 4634 3125 4706 impie
3152 4637 3307 4706 agite.
3349 4630 3537 4711 Atque

1936 4737 2061 4799 post
2090 4742 2290 4797 pauca:
2314 4726 2385 4781 Et
2413 4727 2709 4797 sacriﬁcate
2733 4729 2798 4783 de
2827 4729 3079 4800 fermento
3117 4731 3325 4791 laudem
3347 4736 3534 4814 (Amos

1939 4821 2037 4893 1v).
2071 4820 2148 4876 De
2175 4820 2444 4877 fermento
2468 4835 2704 4890 namque
2723 4820 2934 4879 laudem
2957 4824 3213 4894 immolat,
3244 4829 3340 4900 qui
3363 4831 3531 4887 sacri-

1941 4914 2125 4970 ﬁcium
2155 4911 2267 4969 Deo
2297 4913 2363 4969 de
2397 4912 2585 4982 rapina
2615 4922 2789 4984 parat.
2845 4913 3096 4973 Lactucae
3122 4933 3253 4980 vero
3289 4932 3530 4994 agrestes

1939 5004 2098 5060 valde
2135 5019 2334 5059 amara:
2377 5013 2545 5070 sunt;
2588 5017 2782 5060 carnes
2808 5019 2941 5061 vero
2984 5009 3108 5079 agni
3151 5023 3276 5067 cum
3301 5009 3534 5076 lactucis

1937 5094 2242 5167 agrestibus
2269 5101 2394 5150 sunt
2422 5093 2660 5158 edendm,
2689 5103 2746 5149 ut
2772 5111 2896 5152 cum
2926 5113 3124 5168 corpus
3154 5099 3531 5178 Redemptoris

1937 5189 2252 5260 accipimus,
2283 5203 2385 5244 nos
2415 5203 2512 5258 pro
2548 5189 2789 5260 peccatis
2825 5191 3027 5252 nostris
3064 5194 3118 5249 in
3147 5193 3362 5254 ﬂetibus
3394 5192 3529 5252 ami-

1938 5298 2150 5356 gamus,
2180 5289 2446 5353 quatenus
2473 5281 2587 5352 ipsa
2609 5284 2914 5342 amaritudo
2951 5288 3283 5360 poenitentiae
3317 5291 3529 5345 abster-

1937 5382 2029 5446 gat
2057 5389 2090 5428 a
2119 5374 2316 5431 mentis
2343 5374 2624 5431 stomacho
2660 5389 2930 5446 perversa:
2965 5388 3205 5437 amorem
3233 5381 3378 5435 vitae.
3423 5377 3531 5451 Ubi

1937 5474 1994 5522 et
2017 5467 2294 5522 subditur:
2321 5465 2447 5522 Non
2475 5466 2755 5523 comedetis
2779 5485 2844 5524 ex
2869 5485 2928 5525 eo
2955 5473 3178 5526 crudum
3196 5470 3347 5541 quid,
3363 5485 3530 5545 neque

1937 5566 2140 5613 coctum
2168 5575 2326 5630 aqua.
2355 5557 2496 5614 Ecce
2534 5556 2648 5628 jam
2675 5575 2801 5635 non
2836 5561 2950 5632 ipsa
2979 5563 3146 5618 verba
3173 5561 3415 5622 historia:
3453 5563 3526 5628 ab

1938 5649 2212 5705 intellectu
2255 5649 2517 5706 historico
2560 5651 2844 5722 repellunt.
2895 5652 3148 5724 Nunquid
3194 5652 3528 5718 Israeliticus

1938 5741 2028 5798 ille
2049 5742 2275 5813 pepulus
2306 5742 2361 5797 in
2386 5742 2622 5815 zEgypto
2660 5747 2988 5802 constitutus
3017 5759 3210 5818 agnum
3240 5752 3526 5811 comedere

1938 5835 2166 5895 crudum
2185 5845 2540 5900 consueverat
2585 5845 2648 5896 ut
2675 5837 2755 5897 illi
2781 5837 2870 5896 lex
2891 5835 3065 5920 dicat,
3090 5837 3213 5899 Non
3242 5842 3520 5908 comedetis
