2022 3181
219 193 223 200 ’
262 200 294 229 si
598 183 1418 234 B.RABANIMAUR1ABCHIIP.MOGUNT.0PERUM
1436 205 1526 234 rans
1545 205 1565 234 ι.
1801 236 1802 242 η
1845 206 1880 234 52

258 266 292 294 est
303 257 605 296 ᾳρσηιᾴιῳιᾳιιὶᾴγιὼί
618 262 645 289 et
659 258 777 293 additur.
799 267 880 295 usque
897 264 997 288 coetum
1016 259 1084 291 ίιιΔ
1095 258 1165 287 riam
1178 260 1329 296 pavebit,
1344 261 1378 289 de
1391 261 1513 291 illovoce
1524 261 1663 288 Dominlca
1676 260 1790 293 dictum
1801 260 1881 289 Pota-

217 295 221 350 ρ
258 313 338 341 aque.
351 304 406 341 Sed
416 304 481 342 quid
492 312 562 340 aqua
574 304 627 339 nisi
646 305 791 338 humanam
972 306 1059 335 desk

256 352 342 390 ειιριῖ
356 350 436 384 Juxta
451 352 503 384 hoc
514 351 643 387 illud?“
655 350 826 382 Salomonem
838 352 889 382 sub
902 352 1048 394 baeretico-l

256 405 396 434 rumvcee
407 398 521 429 dicitur:
535 398 617 434 Ausus
625 398 730 433 furtim
739 397 869 429 dulcium
878 403 938 428 sunt
949 398 1039 434 (Prov.

256 443 306 480 Ix).
324 442 394 479 Quid
405 442 496 473 crudae
510 442 573 479 agni
586 450 693 477 carnes,
705 443 759 472 nisi
771 443 999 474 inconsideratam
1008 449 1041 473 ec

254 489 314 518 sine
324 490 474 520 reverentia
484 490 655 526 cogitationis
668 489 794 524 reiectam
809 489 880 520 illius
890 489 1041 519 humanita-

255 538 310 564 tem
323 535 494 571 signiﬁcant?
506 535 592 564 Omne
614 535 685 566 enim
703 535 776 571 Quod
787 535 921 564 subtiliter
938 531 1039 570 ωεξη-

252 589 323 615 mus,
340 581 393 614 hoc
404 586 494 610 mente
506 582 657 618 coquimus.
677 581 730 610 Sed
743 582 804 617 agni
819 589 882 610 caro
895 589 945 609 nec
956 581 1044 625 cruda

252 627 357 658 edenda
373 630 423 660 est,
440 634 491 656 nec
503 635 572 663 aqua
584 631 672 659 meta,
684 627 748 663 quia
763 626 925 661 Redemptor
935 631 1036 659 noster,

251 680 302 701 nec
312 680 397 709 purus
407 672 488 706 homo
495 674 670 707 aestimandus
680 676 825 708 est,neque
834 679 883 707 per
893 673 1036 701 humanam

250 718 410 754 sapientiam
424 719 539 754 qualiter
550 719 686 748 incarnari
704 720 775 747 Deus
796 718 897 753 potuit,
917 718 1037 753 cogitan-

250 764 309 792 dus.
324 763 417 796 Omnis
429 765 501 793 enim
515 765 561 800 qui
580 765 787 800 Redemptorem
801 768 924 792 nostrum
939 770 1034 798 purum

248 810 385 839 hominem
399 810 495 844 credit,
515 810 580 846 quid
601 810 651 838 iste
672 810 745 838 aliud
763 817 844 844 quam
862 809 924 845 agni
941 816 1036 836 carnes

246 854 345 883 crudas
356 854 484 888 comedit,
491 862 558 890 quas
566 854 691 883 videlicet
702 861 819 889 coquere
829 861 877 890 per
887 853 1035 882 divinitatis

246 898 305 934 ejus
318 899 522 934 intelligentiam
535 899 642 927 noluit?
658 898 752 928 Omnis
764 907 830 927 vero
842 898 1033 927 incarnationis

1094 310 1149 334 stas
1163 306 1220 341 ejus
1234 307 1263 334 in
1274 306 1370 335 [mulus
1379 307 1439 342 ejus
1450 307 1530 343 (Job.
1543 306 1677 343 .nxvlu).
1690 305 1740 340 Qui
1755 314 1881 343 ergopa-

1092 353 1158 381 sclta
1173 354 1300 387 comedit,
1315 354 1416 382 habere
1426 361 1504 383 renes
1523 354 1661 383 accinctos
1673 354 1765 387 debet,
1783 358 1814 382 ut
1831 354 1882 390 qui

1092 399 1291 426 solemnitatem
1320 399 1527 427 resurrectionis
1555 403 1637 434 atque
1668 399 1879 434 incorruptionis

1092 445 1157 480 agit,
1173 444 1339 480 eorruptioni
1348 445 1405 479 jam
1418 452 1466 481 per
1481 445 1546 475 vitia
1557 445 1623 473 nulli
1638 444 1792 479 subiaceat,
1805 446 1880 474 volu-

1090 493 1178 524 ptates
1192 490 1309 523 edomet,
1324 497 1432 523 carnem
1448 497 1466 517 n
1485 489 1591 517 hunria
1612 490 1769 525 restringat.
1784 490 1879 526 Neque

1090 535 1163 565 enim
1174 536 1298 571 cognovit
1309 543 1369 570 qua
1380 535 1418 563 sit
1431 535 1587 564 solemnitas
1599 535 1819 569 incorruptionis,
1830 535 1879 570 qui

1089 585 1179 612 adhuc
1189 591 1238 619 per
1249 583 1469 612 incontinentiam
1479 583 1660 618 corruptionis
1670 583 1800 618 subiacet.
1813 582 1878 611 Bac

1089 629 1250 665 quibusdam
1263 629 1330 656 dura
1344 633 1416 662 sunt,
1427 628 1474 657 sed
1484 633 1594 663 angusta
1603 633 1678 663 porta
1689 633 1726 655 est
1736 636 1794 663 qua
1803 628 1878 656 ducit

1088 676 1123 702 ad
1138 675 1228 707 istam,
1239 679 1267 702 et
1279 675 1410 702 habemus
1417 674 1473 709 jam
1492 682 1546 701 non
1557 673 1642 701 multa
1655 673 1777 708 exempla
1790 673 1879 702 conti-

1088 720 1231 748 nentium:
1252 719 1434 747 Calceamenta
1461 720 1586 748 habebitis
1618 720 1645 747 in
1666 719 1783 755 pedibus.
1805 720 1878 753 Quid

1088 770 1151 794 sunt
1160 766 1261 794 etenim
1274 766 1356 801 pedes
1370 766 1456 793 nostri
1473 765 1525 793 nisi
1542 766 1641 800 opera?
1655 765 1724 798 Quid
1742 773 1807 794 vero
1820 765 1878 795 cal-

1087 814 1226 838 ceamenta
1243 810 1294 837 nisi
1307 810 1391 844 pelles
1405 814 1572 838 mortuorum
1584 810 1759 838 animalium?
1769 810 1879 839 Calcea-

1087 860 1179 884 menta
1193 860 1284 883 autem
1296 856 1377 891 pedes
1390 856 1523 883 muniunt.
1536 853 1601 889 Qua:
1612 863 1677 884 vero
1691 860 1755 884 sunt
1767 861 1876 886 mortua

1084 901 1214 929 animalia
1225 909 1259 929 ex
1270 909 1383 936 quorum
1396 901 1509 936 pellibus
1519 901 1604 929 nostri
1616 901 1772 929 minuantur
1781 903 1874 937 pedes,

247 946 307 982 eius
323 947 451 985 mysteria
466 947 545 983 juxta
565 947 710 976 humanam
724 947 883 983 sapientiam
902 947 1037 975 discutere
1050 943 1074 974 Β
1088 946 1140 974 nisi
1153 947 1258 981 antiqui
1272 946 1366 975 Patres
1377 948 1424 982 qui
1433 955 1483 975 nos
1497 948 1530 975 ad
1540 952 1667 975 mternam
1678 947 1793 982 patriam
1804 955 1876 983 prae-

245 996 370 1026 conatur,
385 999 481 1021 carnes
498 992 560 1028 agni
580 1000 649 1028 aqua
662 992 719 1020 vult
735 1000 867 1027 coquere,
888 992 914 1023 id
926 996 968 1019 est
980 992 1034 1021 dis-

244 1036 412 1078 pensationis
422 1040 648 1076 mysterium,per
657 1040 814 1068 dissolutam
825 1039 883 1067 vult
892 1038 1032 1069 scientiam

245 1090 399 1123 penetrare.
415 1086 466 1121 Qui
484 1087 565 1122 igitur
582 1087 718 1121 paschalis
731 1085 820 1122 gaudii
835 1085 1032 1119 solemnitatem

244 1130 383 1162 celebrare
393 1132 539 1166 desiderat,
546 1140 645 1167 agnum
656 1140 743 1167 neque
750 1140 820 1167 aqua
831 1136 939 1166 coquat,
945 1139 1032 1167 neque

243 1176 359 1209 crudum
369 1177 507 1211 comedat;
520 1182 551 1207 ut
562 1185 650 1213 neque
658 1186 707 1213 per
715 1178 860 1206 humanam
872 1176 1030 1211 sapientiam

245 1221 456 1258 profunditatem
465 1222 662 1253 incarnatiOnis
672 1223 744 1253 illius
757 1226 900 1257 penetrare
913 1225 1028 1257 appetat,

245 1274 333 1302 neque
345 1266 374 1298 in
384 1274 445 1295 eum
458 1271 586 1304 tanquam
599 1268 629 1300 in
646 1268 783 1299 hominem
803 1275 900 1302 purum
919 1267 1029 1300 credat;

244 1312 292 1340 sed
302 1316 406 1347 assatas
419 1313 474 1348 igni
488 1321 584 1341 carnes
596 1313 730 1345 comedat,
742 1317 772 1343 ut
781 1312 930 1347 dispensari
940 1311 1031 1341 omnia

240 1365 291 1395 per
308 1359 395 1387 sancti
410 1358 526 1394 Spiritus
541 1360 688 1395 potentiam
709 1359 787 1387 sciat.
809 1359 847 1387 De
869 1366 922 1394 quo
942 1358 1030 1387 adhuc

242 1406 317 1432 recte
338 1403 525 1440 subiungitur:
547 1404 631 1440 Caput
648 1412 706 1431 cum
725 1403 832 1439 pedibus
853 1408 877 1430 et
901 1403 1029 1432 intestinis

241 1449 375 1477 norabitis.
383 1449 473 1484 Quare
484 1449 647 1485 Redemptor
657 1453 749 1479 noster
758 1453 799 1476 est
807 1460 823 1476 α
831 1453 858 1476 et
869 1460 889 1476 ω
897 1447 987 1484 (Apoc.
996 1446 1027 1484 ι).

241 1493 316 1525 Deus
326 1495 453 1527 videlicet
469 1500 534 1523 ante
547 1495 660 1529 saecula,
673 1499 701 1523 et
714 1495 794 1522 homo
808 1494 836 1522 in
851 1494 904 1521 fine
918 1493 1030 1522 saeculo-

241 1548 314 1568 rum.
329 1540 416 1576 Caput
433 1548 497 1577 ergo
510 1542 571 1577 agni
586 1549 696 1575 vorare,
712 1545 754 1569 est
773 1540 941 1569 divinitatem
957 1539 1028 1568 illius

240 1584 294 1614 fide
307 1586 457 1621 percipere.
470 1586 556 1615 Pedes
571 1593 637 1614 vero
655 1586 717 1622 agni
735 1592 846 1619 vorare,
860 1589 901 1613 est
914 1585 1027 1621 vestigia

239 1629 416 1658 humanitatis
441 1629 501 1665 ejus
523 1629 639 1660 amando
658 1635 687 1659 et
710 1631 840 1658 imitando
861 1630 1026 1666 perquirere.

241 1675 311 1711 Quid
322 1684 388 1705 vero
397 1681 461 1705 sunt
473 1677 612 1712 intestina,
620 1678 672 1706 nisi
683 1678 828 1706 verborum
839 1677 911 1705 illius
921 1677 1028 1705 occulta

240 1726 268 1750 et
280 1722 395 1759 mystica
409 1723 555 1752 mandata?
571 1722 637 1757 Quae
650 1727 713 1752 tunc
725 1730 862 1756 voramus,
874 1730 934 1750 cum
945 1722 1028 1750 verba

238 1768 301 1799 vitae
319 1776 381 1797 cum
402 1763 531 1800 aviditate
553 1770 694 1803 sumimus.
716 1769 745 1797 In
770 1776 823 1805 quo
845 1768 1027 1802 devorationis

239 1815 334 1850 verbo,
344 1815 409 1852 quid
421 1812 494 1845 aliud
504 1824 585 1852 quam
596 1820 696 1849 nostra
706 1816 821 1853 pigritiae
832 1820 925 1852 torpor
937 1823 1028 1852 repre-

238 1859 378 1895 henditur,
391 1861 439 1897 qui
450 1861 508 1897 ejus
521 1862 605 1891 verba
617 1867 699 1898 atque
715 1861 855 1898 mysteria,
866 1867 894 1890 et
903 1869 953 1897 per
964 1869 1028 1890 noso

238 1906 367 1943 metipsos
378 1915 434 1936 non
445 1908 610 1944 requirimus
618 1929 630 1943 ,
646 1913 675 1940 et
687 1909 760 1937 dicta
779 1909 814 1937 ab
827 1908 888 1937 aliis
901 1908 1027 1937 audimus

236 1949 337 1979 inviti?
355 1950 417 1980 Non
431 1952 572 1982 remanebit
585 1961 619 1981 ea:
630 1961 662 1981 eo
678 1953 823 1990 quidquam
836 1961 917 1990 usque
931 1961 1025 1987 inane,

237 1996 301 2031 quia
314 1996 372 2031 ejus
385 1997 460 2027 dicta
468 2006 566 2034 magna
580 2003 644 2028 sunt
652 1998 833 2031 sollicitudine
845 1999 1024 2033 discutienda,

236 2046 371 2078 quatenus
387 2042 546 2083 priusquam
559 2044 618 2072 dies
630 2044 836 2074 resurrectionis
847 2048 984 2080 appareat,
995 2044 1025 2072 in

236 2086 291 2116 hac
306 2088 447 2124 praesentis
463 2090 524 2117 vita:
536 2090 679 2120 vocatione
699 2090 791 2119 omnia
810 2090 936 2118 mandata
952 2089 1025 2125 illius

237 2132 411 2169 intelligendo
421 2138 449 2162 et
461 2135 596 2170 operando
606 2139 793 2172 penetrentur.
805 2134 859 2163 Sed
871 2134 934 2170 quia
946 2134 1025 2164 valde

235 2181 280 2206 est
291 2178 398 2208 dillicile
412 2184 442 2209 ut
455 2189 536 2210 omne
556 2182 620 2219 agni
640 2181 778 2218 eloquium
795 2181 881 2217 possit
899 2181 1023 2219 intelligi,

235 2230 264 2256 et
272 2233 351 2254 omne
361 2226 420 2262 ejus
429 2227 590 2267 mysterium
598 2227 744 2263 penetrari,
754 2231 827 2255 recte
838 2227 1020 2264 subjungitur:

234 2268 339 2307 Siquid
350 2276 437 2299 autem
447 2277 615 2305 remanserit,
633 2272 688 2308 igni
705 2272 871 2301 comburetis.
894 2272 970 2308 Quod
988 2281 1021 2301 ex

234 2322 305 2350 agno
317 2321 439 2345 remanet
450 2318 506 2354 igni
519 2317 714 2352 comburimus,
726 2318 832 2354 quando
844 2319 896 2347 hoc
907 2319 979 2354 quod
987 2319 1021 2355 de

235 2361 364 2396 mysterio
382 2362 576 2392 incarnationis
598 2364 656 2399 ejus
676 2363 825 2399 intelligere
840 2369 866 2391 ct
880 2369 1021 2401 penetrare

233 2413 288 2433 non
306 2414 464 2442 possumus,
486 2409 613 2444 potestati
637 2409 753 2445 Spiritus
776 2409 862 2437 Sancti
884 2409 1023 2438 humiliter

234 2459 414 2487 reservamus,
427 2458 457 2481 ut
467 2461 519 2481 non
533 2455 647 2490 superbe
660 2455 720 2490 quis
738 2456 835 2484 audeat
848 2454 890 2482 vel
904 2459 1023 2484 contem-

234 2503 315 2532 nere,
340 2498 382 2526 vel
405 2499 562 2528 denuntiare
581 2501 652 2536 quod
669 2508 722 2528 non
740 2501 882 2536 intelligit;
906 2500 954 2528 sed
970 2500 1022 2528 hoc

233 2543 287 2580 igni
302 2545 393 2579 tradit,
405 2553 466 2573 cum
477 2545 590 2582 Spiritui
603 2551 695 2575 sancto
708 2552 839 2576 reservat.

269 2589 337 2623 Quia
359 2590 440 2627 igitur
459 2592 574 2626 qualiter
586 2593 717 2621 edendum
732 2594 768 2621 sit
780 2594 881 2629 pascha
892 2592 1020 2629 cognovi-

233 2643 309 2670 mus,
329 2644 401 2664 nunc
422 2637 538 2674 qualiter
548 2638 591 2665 edi
605 2638 710 2673 debeat,
723 2646 909 2674 agnoscamus.
923 2636 1019 2674 Sequi-

232 2687 293 2713 tur:
312 2682 357 2712 Sic
368 2688 455 2712 autem
468 2685 605 2713 comedetis
620 2686 710 2713 illum:
725 2695 799 2714 renes
813 2690 908 2712 vestros
926 2684 1016 2710 accin—

231 2735 307 2770 getts.
314 2730 385 2765 Quid
397 2731 425 2765 in
435 2731 543 2760 renibus
553 2733 605 2761 nisi
617 2732 758 2761 delectatio
769 2731 859 2759 carnis
870 2729 1018 2765 accipitur?

231 2775 309 2810 Unde
323 2780 351 2811 et
365 2777 507 2810 Psalmista
519 2779 646 2815 postulat,
659 2778 750 2805 dicens
762 2786 768 2803 ί
786 2776 818 2803 Ut
830 2784 903 2803 renes
916 2780 1018 2805 nostros

231 2821 320 2860 (Paul.
333 2823 408 2861 xxv).
430 2824 458 2853 Si
473 2825 545 2853 enim
557 2824 719 2860 voluptatem
735 2821 852 2849 libidinis
867 2822 895 2849 in
908 2821 1017 2850 renibus

231 2876 292 2898 esse
302 2871 427 2905 nesciret,
439 2879 487 2900 eos
498 2871 541 2899 uri
551 2869 661 2898 minime
673 2869 793 2903 petisset.
807 2867 882 2896 Unde
894 2869 956 2904 quia
969 2876 1017 2905 po-

231 2920 326 2963 testas_
337 2918 437 2953 diaboli
450 2918 483 2961 in
500 2918 617 2959 humano
630 2915 865 2957 genet‘cﬁmaximc
878 2923 927 2954 per
939 2915 1017 2946 luxu-

1085 997 1236 1026 cesserunt,
1251 1000 1364 1027 quorum
1379 993 1443 1020 dum
1453 992 1574 1027 exempla
1584 993 1774 1027 conspicimus,
1787 993 1875 1022 uestri

1084 1041 1175 1075 operis
1189 1040 1271 1075 pedes
1284 1040 1435 1068 munimus?
1446 1039 1632 1067 Calceamenta
1645 1047 1710 1075 ergo
1723 1040 1749 1067 in
1760 1039 1875 1075 pedibus

1084 1086 1184 1113 habere
1204 1089 1245 1113 est
1264 1089 1431 1112 mortuorum
1446 1084 1528 1111 vitam
1544 1084 1714 1118 conspicere,
1735 1089 1761 1111 et
1780 1089 1873 1113 nostra

1083 1131 1198 1166 vestigia
1212 1138 1226 1157 a
1237 1131 1340 1165 peccati
1354 1130 1464 1157 vulnere
1474 1129 1619 1157 custodire.
1632 1129 1756 1159 Tentates
1767 1129 1873 1160 baculo:

1083 1176 1113 1204 in
1126 1176 1257 1203 manibus.
1278 1176 1347 1209 Quid
1366 1175 1410 1203 lex
1431 1183 1479 1210 per
1496 1175 1629 1207 baculum,
1644 1175 1697 1203 nisi
1711 1174 1872 1210 pastoralem

1083 1222 1235 1251 custodiam
1250 1222 1392 1257 designat?
1410 1222 1444 1249 Et
1457 1222 1605 1250 notandum
1618 1222 1689 1255 quod
1708 1222 1784 1256 prius
1801 1228 1872 1256 prate-

1082 1267 1198 1302 eipimur
1208 1275 1288 1295 renes
1302 1267 1452 1303 accingere,
1460 1267 1631 1302 postmodum
1642 1267 1752 1296 buculos
1763 1272 1871 1296 tenere:

1081 1313 1146 1349 quia
1161 1313 1201 1340 illi
1214 1311 1314 1341 debent
1326 1320 1420 1340 curam
1431 1312 1593 1346 pastoralem
1608 1312 1746 1347 suscipere
1758 1312 1805 1347 qui
1814 1311 1873 1349 jam

1082 1359 1110 1386 in
1121 1366 1171 1386 suo
1186 1365 1299 1392 corpore
1311 1356 1401 1385 sciunt
1411 1356 1482 1385 fluxa
1497 1356 1609 1385 luxuriat
1623 1356 1732 1385 domare
1742 1376 1750 1389 ,
1765 1361 1795 1386 ut
1808 1364 1872 1396 cupa

1081 1404 1143 1432 aliis
1157 1403 1238 1432 fortia
1251 1403 1408 1438 praedicant,
1425 1402 1477 1437 ipsi
1495 1402 1635 1431 desideriis
1649 1402 1774 1430 mollibus
1793 1409 1872 1431 ener-

1081 1449 1152 1477 viter
1164 1457 1217 1476 non
1229 1449 1415 1476 succumbant.
1426 1446 1499 1474 Bene
1507 1451 1598 1475 autem
1608 1446 1731 1478 subditur
1742 1446 1793 1480 :_Et
1801 1454 1872 1476 com-

1080 1495 1162 1522 odett's
1183 1494 1346 1530 festinantes.
1365 1492 1517 1521 Notandum
1540 1500 1605 1520 vero
1624 1492 1695 1527 quod
1717 1491 1816 1522 dicitur
1831 1490 1871 1526 fe-

1079 1542 1217 1574 stinantes,
1228 1549 1278 1569 nos
1291 1541 1438 1568 admonere
1450 1546 1503 1574 quo
1520 1539 1647 1566 mandata
1662 1538 1720 1572 Dei,
1741 1538 1869 1573 mysteria

1082 1586 1280 1622 Redemptoris,
1292 1585 1409 1613 caelestis
1420 1584 1510 1612 Patris
1520 1583 1617 1618 gaudia
1629 1591 1689 1611 cum
1700 1583 1870 1614 festinatione

1042 1617 1065 1650 θ
1080 1617 1286 1668 eOgnoscamus,
1300 1635 1328 1659 et
1336 1634 1470 1666 praecepta
1486 1617 1548 1658 vitae
1561 1637 1623 1656 cum
1635 1628 1805 1656 festinatione
1820 1627 1870 1668 iui-

1077 1664 1153 1714 plere
1171 1685 1307 1706 curemus.
1327 1664 1397 1710 Quia
1416 1664 1489 1704 enim
1510 1675 1598 1704 adhuc
1620 1674 1699 1702 hodie
1721 1673 1782 1701 licet
1800 1664 1870 1701 bene

1078 1731 1160 1760 agere
1175 1723 1287 1756 scimus,
1304 1726 1396 1749 utrum
1418 1728 1479 1749 cras
1496 1720 1585 1753 liceat,
1604 1720 1767 1755 ignoramus.
1781 1718 1870 1753 Festi,-

1078 1774 1173 1798 nantes
1184 1776 1248 1804 ergo
1260 1767 1360 1804 pascha
1375 1766 1557 1799 comedamus,
1575 1765 1601 1793 id
1615 1770 1657 1794 est
1671 1765 1869 1792 solemnitatem

1077 1815 1172 1850 patriae
1191 1813 1311 1842 ctelestis
1325 1811 1493 1840 anhelemus.
1509 1810 1593 1837 Nemo
1614 1810 1641 1837 in
1657 1809 1736 1844 hujus
1749 1809 1810 1836 vitae
1823 1808 1866 1843 ἱιῑσ

1077 1869 1142 1890 nere
1155 1864 1273 1896 torpeat,
1283 1866 1318 1888 ne
1328 1859 1355 1887 in
1366 1859 1454 1894 patria
1464 1858 1553 1887 locum
1565 1856 1669 1892 perdat.
1682 1855 1784 1882 Pascha
1794 1854 1869 1892 ωιὶῳ

1076 1910 1199 1935 nostrum
1213 1905 1337 1935 Christus
1356 1909 1408 1938 est,
1422 1904 1505 1932 Paulo
1519 1905 1662 1930 attestante
1676 1901 1721 1936 qui
1735 1900 1774 1928 ait
1794 1909 1801 1927 :
1817 1896 1869 1927 Et-

1075 1954 1145 1981 enim
1155 1951 1252 1988 pascha
1263 1956 1380 1979 nostrum
1386 1949 1536 1980 immolatus
1544 1953 1581 1975 est
1593 1946 1711 1975 Christus
1719 1945 1744 1982 (ι
1755 1945 1816 1973 Cor.
1826 1945 1865 1981 v).

1074 1997 1162 2027 Porro
1176 1996 1249 2032 quod
1262 1996 1383 2030 sequitur
1393 2015 1401 2028 ,
1424 1994 1452 2021 in
1473 1993 1524 2021 diis
1548 2000 1638 2020 eorum
1651 1991 1712 2026 fecit
1721 1989 1865 2030 judicium,

1074 2043 1140 2072 illud
1150 2043 1255 2073 Hebraei
1271 2045 1412 2075 autumant
1426 2040 1497 2075 quod
1516 2042 1595 2066 nocte
1610 2044 1661 2073 qua
1679 2042 1803 2071 egressus
1820 2036 1865 2079 est

1073 2089 1204 2127 populus,
1224 2088 1314 2117 omnia
1334 2087 1362 2115 in
1382 2085 1500 2120 λείῃ)ῐο
1515 2083 1612 2118 templa
1625 2082 1761 2127 destructa
1783 2083 1864 2127 sunt,

1074 2125 1132 2164 sive
1154 2138 1229 2162 motu
1247 2137 1336 2164 terrae,
1354 2131 1411 2159 sive
1425 2134 1498 2158 tactu
1514 2127 1666 2156 fulminum.
1682 2125 1865 2170 Spiritualiter

1074 2185 1164 2210 autem
1178 2179 1293 2208 dicimus
1304 2176 1377 2213 quod
1393 2175 1595 2213 egredientibus
1610 2182 1644 2202 ex
1657 2172 1775 2212 Egypto
1789 2179 1864 2210 erro-

1073 2235 1133 2255 rum
1155 2225 1226 2254 idola
1243 2228 1381 2257 corruant,
1397 2226 1424 2250 et
1443 2221 1532 2250 omnis
1552 2226 1740 2257 perversurum
1753 2218 1864 2253 dogma-

1033 2293 1058 2305 ι
1072 2276 1131 2301 tum
1146 2271 1251 2299 cultura
1262 2270 1409 2305 quatiatur.
1430 2268 1489 2298 Erit
1510 2271 1597 2294 autem
1618 2264 1724 2300 sanguis
1742 2262 1814 2290 vobis
1834 2263 1863 2290 in

1033 2298 1176 2354 Digitum
1194 2318 1222 2344 in
1242 2298 1341 2344 (edibus
1356 2315 1383 2343 in
1395 2313 1487 2350 quibus
1502 2312 1584 2339 eritis.
1605 2310 1640 2337 Et
1653 2298 1742 2337 videbo
1753 2306 1860 2343 sangui-

1072 2373 1130 2393 nem
1143 2372 1175 2392 ac
1191 2362 1307 2390 transibo
1329 2369 1384 2393 vos,
1399 2367 1444 2387 nec
1465 2358 1513 2386 erit
1535 2357 1563 2384 in
1585 2355 1657 2383 vobis
1670 2355 1748 2390 plaga
1763 2354 1860 2389 disper-

1071 2411 1156 2443 dens,
1180 2408 1286 2445 quando
1304 2411 1455 2442 percussero
1480 2408 1576 2431 terram
1600 2400 1720 2436 Egypli.
1747 2398 1862 2434 Sanguis

1072 2455 1174 2485 Christi
1196 2455 1224 2482 in
1244 2454 1350 2487 signum
1364 2454 1406 2477 est
1420 2447 1592 2476 credentibus
1603 2453 1637 2474 ne
1652 2449 1747 2473 noceat
1760 2445 1799 2472 eis
1811 2451 1861 2483 ex:

1072 2501 1241 2532 terminatur,
1262 2497 1325 2533 quia
1346 2495 1464 2524 maxima
1482 2493 1566 2521 tutela
1589 2496 1682 2520 contra
1706 2491 1797 2518 hostes
1820 2493 1862 2517 est

1072 2545 1234 2577 Christianis
1251 2541 1380 2571 memoria
1401 2539 1536 2576 passionis
1550 2537 1660 2565 Christi.
1679 2535 1755 2569 Quod
1769 2538 1861 2562 autem

1071 2594 1144 2622 idem
1165 2589 1291 2626 sanguis,
1306 2589 1392 2616 tincto
1406 2584 1534 2615 fasciculo
1552 2581 1680 2618 hyssopi,
1703 2580 1809 2626 aspergi
1831 2579 1859 2626 in

1070 2624 1320 2673 superliminare,et
1332 2633 1360 2661 in
1373 2636 1518 2666 utrumque
1530 2632 1634 2673 postem
1646 2627 1765 2662 iubetur,
1778 2624 1860 2673 signi-

1070 2669 1153 2716 ficat,
1173 2683 1245 2717 quod
1266 2679 1413 2710 secundum
1435 2676 1517 2705 ﬁdem
1540 2672 1700 2703 catholicam
1725 2669 1860 2707 passionis

1069 2729 1171 2758 Christi
1189 2730 1388 2757 sacramentum
1401 2722 1539 2752 celebrare
1559 2720 1697 2748 debemus.
1720 2717 1858 2753 Hyssopus

1067 2776 1140 2804 enim
1153 2775 1238 2804 herba
1252 2776 1294 2800 cst
1306 2770 1416 2799 humilis
1433 2767 1584 2798 radicibus,
1599 2765 1739 2793 adhaerens
1750 2765 1857 2807 petrae,

1066 2825 1095 2851 et
1108 2819 1253 2857 purgandis
1266 2814 1438 2853 pulmonibus
1452 2817 1531 2849 apta:
1553 2811 1593 2841 sic
1612 2813 1639 2837 et
1662 2809 1728 2857 fides
1743 2805 1855 2839 Christi,

1067 2875 1149 2905 quam
1160 2867 1186 2894 in
1201 2863 1346 2900 Evangelia
1361 2861 1468 2898 (Matth.
1484 2859 1545 2894 xm)
1558 2859 1615 2895 ipse
1628 2856 1759 2885 Dominus
1771 2859 1855 2905 qrqtto

1066 2897 1166 2952 daapis
1181 2897 1328 2947 comparat,
1340 2906 1436 2941 humili
1448 2905 1589 2942 devotione
1600 2905 1745 2940 suscepta,
1760 2903 1790 2930 et
1807 2897 1855 2928 nr-
