4020 6352
501 320 572 378 55
1136 322 1198 378 B.
1241 323 1497 382 RABANI
1533 324 1754 384 MAURI
1789 324 2110 385 ARCHIEP.
2149 327 2462 389 MOGUNT.
2502 327 2788 390 OPERUM
2827 330 3007 388 PARS
3039 329 3081 386 Ι.
3691 336 3766 394 56
3796 285 3811 296 .

500 442 747 500 homines
795 449 854 499 et
894 442 1149 500 animalia
1180 445 1540 518 primogenita
1585 445 1954 502 moriebantur
1985 462 2076 502 oc-
2101 448 2461 511 Asuetudine
2491 450 2732 520 gentium
2760 489 2776 515 ,
2833 463 2940 506 non
2987 445 3164 502 inutili
3225 447 3405 506 studio
3453 449 3760 508 discuntur.

495 533 644 590 culto
668 542 724 590 et
745 534 988 607 angelico
1022 550 1320 608 percussu:
1354 553 1462 592 non
1491 537 1690 608 aliquid
1740 537 1795 591 in
1824 537 1961 593 coelo
1989 537 2078 593 vel
2180 537 2288 594 Sed
2316 539 2428 594 sive
2455 540 2558 597 hoc
2585 540 2872 610 signiﬁcet,
2903 539 3015 595 sive
3040 538 3172 593 illud
3195 540 3339 608 quod
3366 553 3434 595 ex
3470 542 3604 612 ipsis
3633 558 3768 613 gen-

496 623 554 679 in
581 631 729 680 terra
756 622 958 680 factum
984 633 1124 692 erat,
1152 626 1295 681 sicut
1337 642 1488 691 rana,
1519 626 1603 682 vel
1629 625 1853 693 locusta,
1884 627 1968 681 vel
2001 635 2080 682 te-
2177 633 2322 689 tibus
2351 633 2545 689 anima:
2574 634 2824 704 pretiosa:
2856 641 3114 702 tanquam
3134 645 3264 687 vasa
3289 647 3455 688 aurea
3476 642 3533 689 et
3563 649 3766 704 ιιι-εστι-

496 713 699 782 nebrte,
725 715 869 770 unde
903 716 996 787 qui
1050 718 1368 772 habitabant
1390 717 1788 789 afﬂigerentur;
1817 733 1848 773 a
1883 719 2076 776 talibus
2178 732 2284 790 tea,
2315 739 2440 779 cum
2474 724 2586 779 suis
2606 724 2793 794 utique
2834 723 3146 794 corporibus
3177 725 3322 792 quod
3348 732 3554 780 vestem
3597 725 3770 796 signi-

378 850 392 861 .
496 807 643 862 enim
667 806 838 877 plagis
866 821 990 863 cum
1019 816 1162 863 terra
1195 807 1401 866 Gesscn
1442 809 1632 864 fuisset
1663 809 1858 875 aliena,
1889 809 2078 880 procul
2177 815 2364 882 ﬁcant,
2392 815 2687 889 adiungunt
2711 833 2772 873 se
2799 818 2996 888 populo
3017 819 3131 884 Dei,
3165 825 3226 875 ut
3253 818 3414 872 simul
3439 819 3504 873 dc
3537 817 3644 873 hoc
3670 833 3768 873 sa)»

495 900 661 955 dubio
685 900 1031 970 perveniebat
1079 902 1403 956 beneﬁcium
1441 901 1509 956 ad
1551 917 1645 958 eos
1670 899 1954 972 Egyptios
1982 901 2076 971 qui
2175 907 2318 968 culo,
2347 916 2609 979 tanquam
2650 910 2715 964 de
2741 908 2998 980 «Egypto,
3042 912 3362 967 liberentur.
3420 907 3566 964 Tulit
3600 909 3768 980 igitur

495 989 550 1045 in
580 990 768 1046 eadem
798 999 945 1047 terra
983 1007 1106 1048 cum
1132 993 1374 1048 Hebraeis
1394 995 1743 1050 morabantur
1767 1011 1783 1050 :
1815 995 1918 1048 hac
1944 1007 2076 1048 vero
2174 1000 2397 1071 populus
2431 1018 2759 1071 conspersam
2785 1002 3014 1070 farinam
3040 1015 3319 1076 antequam
3335 1003 3764 1074 fermentaretur,

493 1081 978 1151 primogenitorum
1017 1098 1207 1138 omnes
1246 1085 1488 1153 percussi
1527 1092 1672 1140 sunt.
1741 1083 1872 1137 Filii
1900 1092 2074 1137 autem
2174 1100 2223 1143 et
2254 1089 2422 1160 ligans
2457 1093 2513 1145 in
2536 1092 2733 1161 palliis,
2756 1096 2928 1164 posuit
2954 1113 3108 1167 super
3138 1098 3380 1151 humeros
3419 1112 3561 1150 suos.
3607 1095 3765 1163 Quod

492 1169 666 1226 Israel
698 1173 933 1242 fecerunt
959 1174 1090 1228 sicut
1116 1184 1430 1245 praeceperat
1454 1174 1560 1229 illis
1581 1175 1871 1246 Moyses,et
1910 1174 2074 1245 petie-

2179 1198 2306 1239 vero
2335 1185 2412 1239 ait
2454 1184 2720 1241 fermento
2765 1189 2975 1244 sublato
3017 1189 3094 1244 sic
3137 1188 3409 1258 profectos
3458 1203 3579 1244 esse
3623 1189 3766 1244 ﬁlios

494 1269 614 1314 runt
643 1262 707 1315 ab
738 1261 1006 1333 AE'gypliis
1027 1281 1155 1320 vasa
1181 1280 1345 1319 aurea
1386 1272 1434 1318 et
1458 1273 1704 1335 argentea
1755 1275 1804 1318 et
1838 1273 2028 1318 uestem
2052 1278 2073 1318 :
2173 1272 2336 1329 Israel
2367 1275 2432 1330 de
2457 1273 2712 1346 [Egypm’
2758 1278 2861 1333 hoc
2887 1288 2942 1333 et
2972 1295 3002 1332 a
3028 1279 3184 1334 nobis
3210 1279 3386 1333 modis
3413 1279 3692 1343 omnibus,
3718 1279 3767 1334 si

493 1362 542 1406 et
564 1352 821 1409 Dominus
841 1355 982 1409 dedit
1009 1357 1235 1426 gratiam
1255 1356 1447 1428 populo
1468 1373 1563 1411 suo
1586 1373 1763 1411 coram
1785 1355 1859 1411 1E
1864 1356 2071 1427 gyptiis,

2180 1365 2294 1420 ﬁeri
2329 1375 2528 1436 potest,
2560 1367 2947 1424 elaborandum
2982 1377 3085 1434 est,
3113 1377 3174 1423 ut
3197 1377 3455 1424 exeuntes
3503 1384 3534 1422 a
3579 1368 3767 1424 saeculi

494 1452 544 1495 ει
575 1444 1030 1500 εοίπηιοάαυενυηε
1060 1447 1187 1514 ίίίίδ,
1243 1457 1294 1502 ετ
1341 1448 1565 1519 P7034“i
1595 1455 1717 1502 ³³⁸⁷³⁸
1769 1446 2069 1517 ίεθυριίοε-
2173 1455 2333 1525 hujus
2382 1457 2673 1524 illecebris,
2728 1473 2834 1514 non
2864 1459 3200 1514 ambulemus
3251 1459 3307 1512 in
3352 1458 3618 1512 fermento
3664 1473 3765 1512 ve-

491 1532 611 1587 Jam
635 1534 738 1590 hoc
771 1535 975 1592 factum
1009 1537 1187 1593 fuerat
1208 1547 1335 1594 ante
1369 1547 1573 1595 mortes
1589 1538 2074 1610 primogenitorum
2174 1549 2308 1604 teris
2327 1549 2546 1603 malitiae
2567 1558 2622 1604 et
2645 1550 2916 1619 nequitiae,
2935 1551 3028 1604 sed
3052 1550 3104 1604 in
3120 1549 3326 1620 azymis
3347 1549 3680 1603 sinceritatis
3711 1558 3768 1604 et

490 1624 892 1698 Egyptiorum,
941 1629 1036 1684 sed
1060 1644 1205 1685 nunc
1231 1645 1329 1700 per
1354 1631 1852 1701 recapitulationem
1876 1630 2074 1701 repeti-

2179 1640 2435 1704 veritatis,
2464 1641 2609 1709 quod
2638 1649 2723 1695 est
2743 1641 2868 1695 novi
2892 1641 3126 1694 hominis
3165 1639 3528 1704 conversatio,
3568 1639 3766 1696 relicto

489 1724 595 1771 tur.
667 1718 802 1773 Nam
838 1727 1115 1776 narratum
1141 1731 1227 1776 est
1276 1724 1490 1792 quando
1531 1722 1733 1778 factum
1763 1731 1864 1778 est.
1918 1722 2073 1778 Modo
2173 1729 2402 1797 pristino
2427 1729 2643 1783 homine
2665 1743 2790 1784 cum
2817 1729 2965 1783 vitiis
2990 1729 3122 1784 suis.
3161 1727 3303 1783 Sane
3347 1728 3474 1798 quia
3505 1729 3571 1782 ab
3595 1744 3765 1783 exor-

489 1807 632 1861 enim
660 1808 779 1863 ﬁeri
803 1811 1072 1878 quomodo
1091 1820 1275 1882 posset
1295 1823 1354 1868 ut
1379 1814 1435 1869 in
1462 1823 1612 1870 tanto
1652 1813 1799 1868 luctu
1825 1827 1894 1868 ex
1927 1828 2074 1869 mor-

2179 1821 2266 1875 dio
2312 1820 2436 1875 libri
2460 1820 2651 1890 LExodi
2704 1821 3096 1876 incrementum
3126 1819 3308 1890 populi
3367 1818 3652 1876 lsraelitici
3707 1821 3766 1875 in

491 1901 634 1957 tibus
664 1918 883 1958 suorum
918 1906 1393 1962 accommodarent
1443 1907 1546 1963 ista
1592 1907 1717 1962 ﬁliis
1751 1906 1938 1973 lsrael,
1967 1906 2071 1962 nisi
2177 1911 2435 1986 Egypro,
2479 1912 2774 1983 plagasque
2800 1911 3070 1984 Egyptiis
3107 1913 3374 1983 irrogatas
3409 1919 3632 1982 propter
3682 1912 3768 1967 in-

488 1991 628 2046 forte
641 1995 761 2064 quis
783 1995 925 2051 dicat
953 1998 1117 2052 etiam
1141 1997 1245 2054 ista
1269 1999 1424 2072 plaga
1456 2015 1563 2054 non
1589 1999 1756 2054 fuisse
1781 2013 2071 2069 percussos
2177 2003 2541 2059 obedientiam
2565 2001 2957 2068 describentes,
2985 2002 3218 2072 primum
3256 2001 3452 2056 librum
3490 2017 3662 2072 usque
3693 2000 3766 2057 ad

489 2082 772 2155 Egyplios
797 2089 888 2157 qui
911 2103 1034 2144 cum
1061 2088 1302 2146 Hebreis
1324 2091 1698 2146 inhabitabant
1720 2100 1920 2145 terram
1938 2089 2071 2144 Ges-
2177 2096 2339 2168 typici
2367 2095 2587 2151 Paschae
2615 2094 3033 2151 celebrationem
3058 2095 3431 2166 pet-duximus,
3485 2095 3766 2163 sequentis

487 2187 606 2228 sen.
641 2173 750 2245 (Ex
773 2176 1030 2251 Isidoro.)
1082 2179 1222 2248 Quid
1251 2196 1382 2237 vero
1407 2182 1524 2237 haec
1566 2181 2067 2252 prmﬁguravel'unt.
2169 2187 2295 2242 libri
2327 2187 2608 2242 exordium
2630 2187 2699 2241 ab
2749 2188 2898 2241 exitu
2944 2184 3178 2241 ﬁliorum
3231 2186 3397 2242 lsrael
3431 2186 3498 2241 de
3524 2185 3764 2258 {Egypto

486 2263 592 2320 nisi
633 2268 776 2334 quod
810 2268 863 2323 in
891 2285 1026 2326 auro
1056 2280 1111 2326 et
1142 2282 1368 2344 argento
1409 2288 1475 2328 ac
1506 2281 1658 2329 veste
1690 2272 2074 2345 Egyptiontm
2173 2279 2541 2337 inchoandum
2576 2288 2754 2335 ratum
2779 2293 2902 2336 esse
2927 2279 3277 2335 arbitramur.

486 2355 804 2425 signiﬁcata:
827 2369 959 2416 sunt
983 2364 1229 2437 quaedam
1255 2364 1514 2420 doctrinae
1543 2379 1664 2434 qua:
1692 2378 1760 2419 ex
1794 2365 1910 2435 ipsa
1943 2378 2071 2420 con-

495 2496 2098 2531 Μ

1641 2611 1946 2692 LIBER
2020 2609 2581 2691 SECUNDUS.

1075 2813 1466 2892 PREFATIO.
2167 2833 2512 2891 Manifestum
2539 2840 2623 2889 est
2660 2832 2910 2888 homines
2937 2830 3290 2902 signiﬁcatos,
3319 2826 3430 2884 sive
3461 2827 3514 2882 in
3555 2825 3756 2895 servis,

555 2914 740 2976 Omnis
755 2919 1032 2993 Scriptura
1060 2923 1310 2981 divinitus
1334 2927 1600 2994 instituta,
1617 2927 1912 2984 secundum
1925 2926 2066 2998 Apo-
2167 2923 2282 2981 sive
2305 2924 2359 2980 in
2393 2923 2731 2987 mulieribus,
2763 2924 2878 2979 sive
2903 2923 2957 2978 in
2999 2922 3085 2978 his
3109 2921 3374 2977 ‘tetatibus
3402 2933 3522 2988 quae
3550 2918 3763 2974 militia:

480 3007 607 3062 stoli
635 3013 957 3068 sententiam
984 3013 1071 3085 (ΙΙ
1096 3013 1233 3070 Tim.
1262 3015 1370 3089 ιιι),
1388 3017 1532 3073 utilis
1558 3028 1635 3074 est
1657 3019 1726 3074 ad
1747 3019 2060 3086 docendum,
2165 3030 2273 3072 non
2301 3023 2485 3072 essent
2510 3015 2734 3082 idoneae,
2753 3023 2816 3069 ut
2841 3022 3097 3070 sexcenta
3127 3011 3294 3068 millia
3328 3012 3569 3082 peditum
3592 3010 3648 3067 in
3677 3010 3762 3068 eis

481 3099 551 3152 ad
576 3103 922 3172 urguendum,
961 3106 1030 3158 ad
1079 3108 1468 3179 corrigendum,
1498 3111 1590 3164 (ad
1636 3111 1979 3166 erudiendum
2006 3111 2062 3166 in
2166 3107 2297 3166 solis
2322 3107 2682 3179 intelligamus
2697 3107 2788 3177 qui
2810 3114 3036 3176 possent
3053 3104 3274 3160 militari
3295 3103 3512 3175 agmine
3529 3101 3758 3156 armari.

475 3187 702 3308 Ξιξδῐίιίαο
719 3191 1089 3298 ρυεριθοριθι·
1116 3199 1367 3306 quisquis
1382 3200 1602 3305 sedulus
1625 3215 1814 3257 earum
1838 3209 1921 3258 est
1944 3217 2060 3257 me-
2089 3244 2134 3308 C
2167 3199 2344 3304 Quaeri
2375 3207 2559 3302 autem
2596 3197 2735 3254 solet
2760 3207 2942 3300 utrum
2987 3197 3056 3252 ad
3082 3203 3292 3251 tantum
3329 3208 3619 3308 numergm
3646 3192 3760 3308 [le-

478 3281 700 3348 ditator,
717 3284 1038 3357 interneque
1067 3303 1160 3345 eas
1183 3290 1468 3362 conspicit,
1502 3291 1711 3348 invenit
1740 3294 1795 3348 in
1814 3306 2064 3350 sermone
2089 3281 2134 3308 υ
2165 3292 2294 3347 braei
2317 3290 2632 3362 pervenisse
2653 3290 2931 3360 potuerint
2953 3302 3054 3359 per
3076 3301 3170 3342 eos
3201 3300 3373 3342 annos
3417 3285 3473 3340 in
3494 3283 3758 3356 Egypto.

477 3385 643 3427 suave
681 3373 1083 3446 documentum,
1130 3380 1186 3434 in
1212 3396 1377 3437 sensu
1404 3382 1620 3439 salubre
1657 3383 1964 3452 consilium,
2006 3385 2063 3441 in
2163 3381 2306 3438 Dicit
2331 3381 2475 3438 enim
2512 3381 2590 3436 ita
2618 3380 2674 3435 in
2703 3379 3054 3450 sequentibus
3081 3395 3094 3432 :
3126 3376 3401 3430 Habitatio
3421 3384 3597 3430 autem
3616 3374 3762 3444 ﬁlio-

477 3465 739 3535 mysterio
761 3467 1080 3527 honorabile
1105 3478 1552 3530 sacramentum.”
1590 3473 1779 3546 Neque
1799 3476 1942 3531 enim
1977 3491 2064 3532 so-
2165 3492 2281 3530 rum
2307 3475 2479 3530 Israel
2499 3491 2603 3545 qua
2633 3481 2936 3528 manserant
2955 3471 3011 3524 in
3024 3469 3256 3540 Egypto
3278 3467 3378 3538 fuit
3402 3467 3759 3540 quadringen-

475 3552 751 3615 lummodo
772 3560 969 3617 suﬁicit
994 3561 1288 3622 lectoribus
1324 3566 1629 3622 divinorum
1655 3567 1918 3624 librorum
1940 3583 2062 3624 sen-
2163 3572 2338 3619 torum
2371 3565 2585 3635 triginta
2607 3578 2890 3617 annorum.
2950 3559 3153 3625 Quill“8
3191 3557 3406 3628 επρίειίε
3461 3556 3642 3611 eadem
3669 3556 3758 3611 άίθ

475 3660 570 3703 sus
617 3649 931 3720 historicus,
958 3655 1053 3711 sed
1081 3657 1244 3712 etiam
1293 3657 1585 3730 diligenter
1629 3658 1711 3714 eis
1755 3667 1841 3714 est
1884 3660 2061 3716 consi-
2163 3671 2397 3727 egressus
2415 3665 2487 3710 est
2509 3654 2677 3710 omnis
2701 3654 2961 3709 exercitus
2984 3650 3202 3706 Domini
3234 3651 3298 3704 de
3327 3651 3469 3705 terra
3504 3648 3751 3719 Egypti.

473 3735 771 3797 derandum
787 3744 914 3814 quid
933 3760 1032 3816 per
1052 3747 1366 3820 allegoriam
1403 3751 1484 3806 eis
1504 3749 1855 3821 propheticus
1879 3766 2060 3807 sermo
2161 3749 2282 3805 Non
2318 3749 2464 3804 enim
2497 3749 2565 3803 ab
2601 3747 2828 3802 introitu
2863 3743 3030 3801 Jacob
3071 3744 3126 3798 in
3151 3741 3449 3815 Egyptum
3473 3755 3644 3811 usque
3683 3741 3759 3796 ad

473 3826 699 3889 innuere
741 3834 872 3891 velit
899 3855 912 3890 :
948 3838 1088 3894 sicut
1118 3838 1173 3894 in
1201 3841 1458 3911 praesenti
1493 3840 1652 3908 libro,
1701 3842 1918 3912 quando
1961 3857 2062 3912 per
2162 3841 2372 3896 exitum
2401 3839 2638 3896 ﬁliorum
2664 3838 2832 3894 lsrael
2861 3838 2926 3893 de
2953 3835 3208 3907 Egypto,
3239 3834 3486 3904 quisquis
3514 3832 3760 3902 Scriptu-

470 3915 753 3978 historiam
792 3925 1122 3984 audierimus
1153 3939 1378 4001 propter
1411 3930 1786 3987 crudelitatem
1817 3940 2060 3988 exertam
2159 3949 2253 3990 ras
2283 3948 2470 3990 sacras
2509 3932 2794 4004 diligenter
2841 3927 3159 4000 inspexerit,
3203 3934 3414 3982 tantum
3467 3938 3754 3981 numerum

472 4007 702 4065 in.ﬁlios
730 4010 917 4078 lsrael,
947 4022 1003 4069 et
1027 4024 1252 4085 propter
1286 4018 1709 4074 inobedientiam
1741 4033 1848 4090 qua
1875 4020 2058 4076 divino
2161 4039 2427 4079 annorum
2456 4023 2743 4079 invenerit.
2804 4021 3038 4077 Proinde
3067 4018 3157 4073 illa
3183 4018 3438 4073 nimirum
3471 4024 3758 4086 computa-

470 4093 702 4184 imperio
734 4101 992 4154 contrarii
1013 4104 1356 4171 exstiterunt,
1391 4104 1674 4177 Egyptios
1699 4105 1904 4176 justam
1927 4123 2055 4178 pro-

2170 4116 2237 4171 tio
2259 4131 2424 4184 quam
2447 4122 2664 4171 secutus
2697 4121 2780 4168 est
2819 4112 3085 4168 Eusebius
3105 4110 3162 4166 in
3180 4108 3420 4164 historiae
3446 4123 3556 4164 sua:
3577 4106 3757 4163 Chro-

470 4185 736 4241 meruisse
758 4187 1076 4256 vindictam,
1099 4190 1340 4263 cogitare
1373 4194 1632 4249 debemus
1665 4209 1855 4251 eorum
1884 4195 2059 4253 Israe-
2163 4204 2314 4270 nico,
2340 4202 2638 4274 perspicuae
2663 4200 2883 4256 veritati
2917 4201 3148 4256 subnixa
3181 4205 3284 4254 est.
3334 4196 3418 4251 Ab
3459 4196 3550 4252 illa
3601 4196 3754 4253 enim

470 4271 689 4364 litarum
715 4275 1090 4335 liberationem
1121 4281 1188 4336 de
1214 4283 1480 4354 spirituali
1516 4283 1772 4357 Egypto,
1803 4293 1860 4341 et
1890 4287 2062 4342 intro-
2163 4271 2526 4364 promissione
2555 4301 2835 4364 computat
2859 4293 3282 4364 quadringentos
3311 4298 3368 4346 et
3400 4289 3622 4362 triginta
3647 4307 3752 4348 an-

472 4363 777 4423 ductionem
805 4368 861 4425 in
901 4379 1105 4428 terram
1131 4376 1590 4446 repromissionis,
1617 4377 1710 4434 ubi
1737 4378 1845 4433 mel
1888 4387 1944 4434 et
1973 4379 2057 4436 lac
2163 4363 2282 4453 nos,
2299 4400 2406 4457 qua
2427 4385 2640 4441 vocavit
2660 4363 3184 4442 DeusAbrahamiut
3201 4382 3374 4439 exiret
3394 4381 3460 4438 de
3483 4390 3628 4437 terra
3650 4397 3751 4438 sua

469 4455 748 4525 ερίΐίῑυίιῖθ
773 4461 1058 4520 credentes
1103 4466 1305 4537 quique
1349 4465 1674 4524 SUmCiemel‘
1707 4469 2013 4541 perCipiunt
2041 4487 2055 4536 ;
2162 4476 2220 4532 in
2241 4455 2442 4533 ter—ram
2469 4476 2760 4543 Chanaan;
2789 4475 2919 4546 quia
2946 4483 3002 4531 et
3029 4473 3319 4545 Apostolus
3362 4488 3488 4528 cum
3513 4470 3750 4527 Abrahae

470 4547 814 4622 hostiumque
867 4555 1229 4626 spiritualium
1265 4559 1322 4615 in
1356 4558 1700 4631 baptismatis
1729 4563 1871 4619 unda
1896 4602 1912 4630 ,
1957 4577 2057 4635 per
2078 4599 2132 4659 Ι)
2162 4567 2408 4622 laudaret
2441 4577 2498 4624 et
2541 4567 2949 4624 commendaret
2975 4566 3161 4631 ﬁdem,
3206 4565 3262 4620 in
3292 4580 3356 4620 ea
3384 4563 3749 4636 promissione

469 4646 690 4732 manum
715 4644 1102 4715 omnipotentis
1131 4649 1248 4717 Dei,
1302 4649 1538 4706 validam
1567 4651 2001 4708 interfectionem
2033 4672 2048 4722 ;
2078 4644 2128 4659 ”
2155 4675 2260 4731 qua
2283 4659 2558 4716 Christum
2587 4661 2704 4716 vult
2727 4659 2954 4732 intelligi
2982 4659 3390 4730 prophetarum,
3431 4658 3486 4712 id
3507 4664 3612 4723 est,
3637 4671 3747 4726 qua

466 4737 529 4784 ut
549 4730 604 4785 in
623 4733 975 4793 hisomnibus
1001 4738 1465 4814 instructi,parati
1487 4743 1647 4798 simul
1667 4745 1904 4800 adomne
1918 4760 2054 4816 opus
2154 4730 2406 4823 promisit
2453 4753 2594 4808 Deus
2635 4752 2870 4808 Abrahae
2911 4730 3066 4820 quod
3111 4749 3562 4804 benedicerentur
3594 4746 3651 4802 in
3681 4762 3748 4804 eo

465 4823 689 4881 bonum.
721 4826 850 4884 Post
875 4835 1447 4892 commemorationem
1471 4851 1602 4909 ergo
1621 4836 2054 4909 Paschamequi-
2155 4855 2347 4898 omnes
2393 4842 2567 4899 tribus
2621 4849 2797 4897 teme.
2881 4840 3000 4895 Hoc
3024 4849 3199 4894 autem
3229 4837 3368 4903 dico,
3396 4837 3590 4908 inquit,
3618 4837 3747 4908 quia

466 4922 558 4968 tur
585 4930 765 4974 sermo
778 4919 844 4976 de
876 4923 1107 4978 transitu
1130 4925 1362 4982 liliorum
1375 4927 1543 4984 lsrael
1567 4942 1636 4984 ex
1651 4927 1905 5000 Egypto,
1926 4943 2055 4998 pro-
2158 4943 2523 4989 testamentum
2567 4950 2601 4987 a
2624 4932 2734 4988 Deo
2763 4932 3153 5001 conﬁrmatum,
3191 4945 3310 5000 qua:
3337 4936 3453 4999 post
3483 4926 3746 4997 quadrin-

467 5007 608 5064 Ιδίυε
636 5011 730 5067 ita.
2156 5034 2335 5096 gentos
2365 5032 2413 5078 et
2432 5024 2646 5094 triginta
2669 5039 2836 5078 annos
2849 5023 2994 5092 facta
3024 5029 3100 5076 est
3135 5019 3242 5085 lett,
3272 5035 3380 5073 non
3407 5017 3646 5086 inﬁrmat
3674 5018 3745 5071 ad

980 5107 1210 5166 CAPUT
1247 5109 1540 5170 PRIMUM.
2149 5114 2481 5171 evacuandas
2510 5114 2879 5184 promissiones
2905 5109 3049 5185 (Gal.
3073 5109 3177 5182 ιιι).
3228 5109 3310 5164 Ex
3341 5107 3430 5163 illa
3457 5123 3590 5176 ergo
3619 5122 3746 5178 pro-

463 5211 554 5295 De_
576 5215 1150 5295 prgfectioneﬁliorum
1177 5221 1348 5295 Israel
1368 5239 1434 5278 ea:
1452 5221 1686 5295 Egypto
1707 5224 1772 5280 de
1796 5223 2049 5281 Ramesse

2156 5205 2409 5262 missione
2464 5220 2571 5276 qua
2598 5213 2823 5261 vocatus
2869 5210 2955 5259 est
2979 5201 3258 5257 Abraham
3288 5209 3344 5256 et
3365 5199 3598 5255 credidit
3631 5199 3743 5266 Deo

533 5239 544 5267 τ
576 5239 894 5285 prum-uane
918 5239 1150 5288 [morum
1177 5239 1347 5276 Israet
1368 5239 1434 5278 ea:
1452 5239 1564 5295 mg
1599 5239 1686 5294 pro
1707 5239 1772 5280 ae
1796 5239 2049 5281 uamesse
2151 5239 2409 5262 ιιηδδιυιιυ
2464 5239 2571 5276 ιιι-ιι
2607 5239 2823 5261 νυωυυυ
2869 5239 2955 5259 w-
2979 5239 3258 5257 ειν-τιμιω-
3288 5239 3344 5256 w
3366 5239 3598 5255 νιν-ιω·-
3632 5239 3742 5266 ιτυυ

533 5285 602 5368 in‘
625 5283 998 5368 Socolltprima
1025 5291 1326 5360 mansione;
1351 5303 1402 5348 et
1425 5295 1532 5348 ritu
1555 5239 1866 5351 gaschazibi
1890 5313 2051 5367 βεφο-
2149 5303 2274 5368 post
2323 5293 2747 5366 quadringentos
2774 5299 2831 5349 et
2859 5291 3082 5362 triginta
3127 5305 3301 5346 annos
3333 5289 3539 5346 factam
3565 5287 3742 5359 legem

531 5357 636 5411 sita
657 5373 754 5428 per
777 5357 1016 5431 Moysen.
1306 5357 1315 5360 ⁷
1955 5357 1966 5367 ’
2150 5357 2283 5445 dicit
2305 5357 2617 5460 A-postolu‘s,
2664 5401 2770 5439 non
2797 5399 2864 5439 ex
2895 5357 3136 5454 tempore
3178 5397 3285 5452 quo
3320 5379 3488 5438 Jacob
3516 5357 3742 5470 intravit

535 5469 870 5549 Profectique
893 5488 1013 5532 sunt
1045 5478 1144 5548 filii
1165 5477 1339 5535 Israel
1383 5481 1448 5536 de
1470 5475 1715 5538 Ramesse
1745 5483 1801 5537 in
1828 5481 2044 5552 Socolh,
2152 5481 2207 5536 in
2231 5479 2545 5552 Egyptum.
2603 5477 2808 5532 Deinde
2830 5475 2994 5531 etiam
3025 5475 3142 5546 ipsa
3169 5474 3437 5545 scriptura
3457 5473 3628 5528 Exodi
3649 5469 3741 5530 sa-

464 5575 705 5621 sexcenta
736 5569 897 5638 ferme
943 5569 1111 5626 millia
1141 5571 1373 5641 peditum
1404 5572 1656 5640 virorum,
1703 5574 1895 5646 absque
1917 5593 2044 5646 ραν-
2155 5575 2223 5630 tis
2244 5577 2349 5630 hoc
2372 5571 2657 5643 signiﬁcat.
2693 5568 2809 5626 Non
2841 5570 2988 5625 enim
3009 5569 3173 5632 dixit,
3199 5567 3466 5624 incolatus
3495 5565 3735 5624 ﬁliorum

465 5657 599 5712 vulis
644 5671 691 5713 et
723 5663 1061 5731 mulieribus;
1092 5665 1182 5719 sed
1208 5675 1255 5720 et
1279 5664 1461 5736 vulgus
1495 5668 1848 5736 promiscuum
1881 5668 2045 5734 innn-
2150 5667 2312 5723 lsrael
2343 5680 2502 5735 quem
2542 5663 2884 5718 incoluerunt
2909 5662 2963 5715 in
3012 5669 3149 5716 terra
3171 5659 3413 5731 AZgypti,
3443 5657 3570 5714 anni
3600 5673 3739 5726 qua-

469 5751 718 5807 merabile
745 5757 976 5813 ascendit
1002 5775 1118 5814 cum
1140 5757 1560 5830 eis(Exod.xn).
1603 5759 1711 5833 (Ea:
1725 5761 2016 5818 Ambrosio.
2151 5758 2418 5828 dringenti
2438 5755 2782 5828 triginta,sed
2809 5760 2994 5825 aperte
3015 5752 3188 5809 dixit:
3215 5769 3370 5825 quam
3399 5751 3738 5810 incoluerunt
