4020 6352
256 386 321 443 ετ
1240 376 1738 438 COMMENTARIA
1771 379 1841 438 IN
1876 378 2186 440 EXODUM.
2223 412 2296 425 —
2329 380 2458 439 LIB.
2493 381 2541 438 Il
3425 385 3498 445 58

256 503 310 557 in
343 508 483 556 terra
512 497 732 571 Ερυρῆ
758 496 1030 564 Chanaan,
1065 497 1166 569 ipsi
1191 506 1241 553 et
1264 507 1436 571 patres
1478 514 1676 553 eorum.
1743 497 1823 553 Ac
1847 501 1901 563 Α
1925 515 2027 553 non
2070 500 2301 570 propria.
2340 498 2477 567 Quia
2522 498 2637 555 sive
2687 498 2742 553 in
2791 503 2938 555 terra
2982 497 3264 570 Chanaan,
3294 502 3495 562 εἰναλίη

249 605 351 661 per
373 592 478 646 hoc
503 588 846 646 manifestum
883 597 968 644 est
1015 589 1431 660 computandum
1457 603 1577 644 esse
1616 597 1826 659 tempus
1925 590 2160 662 Egypto
2187 591 2531 662 peregrinum
2566 599 2684 647 erat
2722 591 2851 646 illud
2886 605 3091 661 semen,
3117 601 3419 665 antequam
3434 596 3494 654 in

252 679 416 735 etiam
440 679 871 749 patriarcharum
893 677 1144 744 Abrahae,
1176 678 1328 736 Isaac
1351 688 1408 736 et
1425 679 1609 747 Iacob,
1632 696 1698 736 ex
1717 695 1826 752 quo
1923 681 2294 736 hereditatem
2323 689 2562 736 sumeret
2600 697 2669 737 ex
2698 683 3059 752 promissione
3092 683 3214 751 Dei,
3240 688 3385 755 quod
3410 686 3495 743 lae

249 768 583 841 peregrinari
605 768 1054 838 cmpitAbraham
1074 770 1129 825 in
1161 776 1305 826 terra
1338 770 1614 837 Chanaan,
1641 773 1693 827 id
1718 780 1821 841 est,

247 875 314 917 ex
342 859 433 915 illa
460 860 813 930 promissione
840 860 896 914 in
923 876 1029 931 qua
1053 860 1170 930 ejus
1195 862 1354 918 ﬁdem
1378 862 1563 919 laudat
1589 864 1822 933 Aposto-

245 948 355 1013 lus,
403 963 575 1020 usque
609 948 678 1003 ad
702 948 832 1005 illud
866 957 1077 1021 tempus
1098 966 1206 1021 quo
1229 952 1503 1024 ingressus
1530 961 1614 1009 est
1655 953 1821 1009 Israel

241 1039 301 1095 in
331 1039 644 1113 :Egyptum.
725 1041 860 1097 Toto
889 1045 1087 1114 quippe
1112 1045 1217 1100 isto
1237 1053 1477 1117 tempore
1495 1047 1821 1119 peregrinati

238 1141 369 1187 sunt
393 1142 577 1203 patres
600 1134 654 1189 in
679 1142 821 1190 terra
853 1136 1130 1203 Chanaan,
1161 1147 1216 1193 et
1236 1139 1429 1194 deinde
1446 1154 1631 1195 semen
1653 1140 1819 1195 Israel

235 1223 296 1280 in
332 1225 591 1299 Egypto,
623 1243 689 1285 ac
734 1230 813 1285 sic
846 1232 1099 1301 completi
1133 1241 1257 1287 sunt
1292 1232 1669 1303 quadringenti
1711 1233 1814 1287 tri-

233 1314 388 1386 ginta
419 1316 568 1384 anni,
596 1333 627 1373 a
651 1320 1009 1389 promissione
1031 1336 1197 1391 usque
1223 1322 1289 1377 ad
1321 1322 1526 1377 exitum
1554 1323 1718 1378 Israel
1747 1337 1815 1378 ex

228 1404 475 1489 @gypto
497 1410 713 1478 quando
732 1408 874 1466 facta
895 1420 978 1467 est
997 1411 1082 1468 lex
1111 1414 1163 1469 in
1188 1423 1372 1469 monte
1395 1413 1543 1480 Sina,
1569 1430 1688 1485 quae
1707 1430 1815 1470 non

228 1498 477 1556 inﬁrmat
497 1510 877 1559 testamentum
918 1505 986 1560 ad
1030 1508 1370 1564 evacuandas
1399 1510 1812 1579 promissiones.

225 1588 642 1665 Septuagesimo
668 1605 725 1652 et
744 1598 933 1667 quinto
945 1614 1086 1655 anno
1113 1601 1236 1656 vitae
1257 1618 1368 1658 suae
1389 1603 1686 1667 Abraham,
1712 1603 1819 1658 sic—

221 1689 282 1734 ut
308 1680 592 1753 Scriptura
619 1686 750 1741 dicit
775 1686 915 1758 (Act.
951 1688 1072 1760 vn),
1115 1704 1368 1759 egressus
1403 1699 1486 1747 est
1521 1693 1574 1746 in
1614 1701 1812 1747 terram

218 1769 504 1837 Chanaan,
537 1782 593 1829 et
621 1776 814 1845 genuit
868 1776 1020 1832 Isaac
1050 1794 1173 1833 cum
1217 1790 1362 1836 esset
1408 1791 1619 1838 centum
1644 1798 1810 1838 anno-

1921 780 2069 830 ctum
2095 782 2198 837 est,
2249 781 2603 843 posteaquam
2631 787 2699 829 ex
2728 772 2966 845 Egypto
2989 775 3204 831 liberati
3233 784 3398 845 sunt;
3432 785 3495 836 ut

1922 866 2252 936 hyperbaton
2280 865 2368 922 hic
2414 864 2762 935 intelligatur,
2790 874 2847 920 et
2866 866 3001 922 ordo
3053 866 3344 923 verborum
3371 868 3487 924 sit:

1920 955 2144 1011 Sciendo
2199 956 2327 1011 scies
2370 956 2493 1026 quia
2540 956 2870 1026 peregrinum
2918 957 3019 1012 erit
3060 974 3237 1013 semen
3262 967 3406 1013 tuum
3428 965 3489 1015 in

1918 1055 2060 1101 terra
2108 1063 2213 1101 non
2256 1047 2468 1117 propria
2511 1047 2905 1117 quadringentis
2938 1049 3111 1102 annis.
3141 1048 3277 1103 Illud
3305 1060 3488 1105 autem

1916 1137 2295 1208 interpositum
2339 1136 2711 1207 intelligatur:
2744 1137 2813 1191 Et
2838 1140 2893 1191 in
2933 1140 3230 1193 servitutem
3255 1140 3490 1210 redigent

1914 1245 2023 1295 eos,
2050 1236 2100 1281 et
2120 1228 2374 1281 nocebunt
2403 1226 2532 1293 illis,
2586 1228 2662 1281 ita
2688 1237 2748 1282 nt
2772 1228 2838 1282 ad
2865 1232 3285 1301 quadringentos
3311 1246 3487 1288 annos

1913 1318 2019 1373 ista
2045 1318 2386 1388 interpositio
2439 1333 2546 1373 non
2601 1319 2886 1386 pertineat.
2923 1320 2986 1374 In
3036 1330 3279 1377 extrema
3340 1323 3487 1378 enim

1912 1414 2071 1475 parte
2106 1420 2373 1461 annorum
2398 1420 2625 1461 summa:
2660 1405 2841 1474 hujus,
2872 1407 2976 1462 hoc
2998 1418 3080 1464 est
3104 1419 3227 1479 post
3252 1419 3486 1468 mortem

1915 1495 2116 1565 Ioseph
2151 1495 2354 1551 factum
2382 1503 2468 1551 est
2492 1503 2552 1550 ut
2580 1496 2636 1549 in
2664 1495 2901 1567 Egypto
2926 1500 3153 1569 populus
3177 1502 3279 1556 Dei
3295 1501 3486 1559 duram

1916 1595 2205 1658 perageret
2239 1586 2576 1641 servitutem.
2609 1586 2860 1658 Dixitque
2880 1588 3136 1645 Dominus
3167 1591 3235 1644 ad
3269 1590 3485 1661 Moysen

1912 1689 1962 1734 et
1986 1681 2166 1733 Aaron
2187 1693 2207 1730 .·
2240 1678 2371 1733 Htec
2399 1688 2475 1732 est
2515 1678 2697 1748 religio
2739 1679 2902 1748 phase
2921 1693 2942 1730 :
2972 1678 3157 1734 Omnis
3194 1681 3489 1752 alienigena

1911 1785 2015 1823 non
2044 1767 2274 1822 comedet
2300 1783 2445 1847 ex'eo
2470 1785 2489 1833 ;
2517 1769 2686 1822 omnis
2707 1775 2884 1822 autem
2902 1783 3084 1823 servus
3102 1772 3368 1840 emptitius
3388 1776 3491 1825 cin-

215 1879 371 1919 rum.
431 1865 598 1921 Fiunt
632 1868 819 1937 itaque
847 1870 973 1924 anni
1001 1870 1189 1941 viginti
1227 1873 1462 1942 quinque
1491 1888 1556 1927 ex
1582 1876 1812 1944 promis.
1836 1874 1886 1934 Β
1911 1856 2254 1921 cumcidetur,
2295 1867 2345 1911 et
2367 1858 2444 1911 sic
2488 1857 2738 1912 comedet.
2794 1857 3005 1912 Advena
3033 1867 3082 1913 et
3132 1863 3486 1916 mercenarius

211 1954 378 2010 sione
426 1971 602 2025 usque
625 1956 693 2013 ad
719 1966 902 2012 natum
934 1958 1099 2014 Isaac.
1174 1958 1269 2014 His
1310 1960 1580 2016 adduntur
1601 1968 1811 2020 'omnes

210 2046 355 2100 anni
380 2047 511 2101 vitae
536 2062 666 2112 suae,
696 2047 749 2101 id
777 2056 878 2113 est,
914 2057 1129 2103 centum
1149 2050 1446 2121 octoginta,
1476 2060 1531 2106 et
1550 2053 1684 2107 llunt
1711 2054 1810 2109 du-

208 2131 369 2188 centi
402 2131 674 2201 quinque;
706 2140 834 2187 tunc
861 2143 979 2188 erat
999 2132 1166 2189 Iacob
1190 2150 1452 2190 annorum
1478 2147 1696 2193 centum
1723 2140 1807 2195 vi—

212 2221 386 2293 ginti.
425 2219 549 2275 Nati
579 2228 704 2276 sunt
724 2223 867 2276 enim
894 2224 1249 2292 sexagenario
1275 2234 1430 2294 patre
1449 2220 1670 2298 gemini,
1695 2229 1809 2299 ipse

208 2320 263 2366 et
286 2311 466 2366 Esau.
524 2311 655 2367 Post
675 2312 861 2367 decem
891 2321 1074 2369 autem
1105 2328 1277 2370 annos
1303 2316 1527 2372 intravit
1558 2317 1726 2375 Iacob
1750 2320 1807 2375 in

206 2400 542 2473 Egyptum,
564 2418 687 2458 cum
715 2411 861 2458 esset
887 2419 1153 2459 annorum
1199 2415 1417 2462 centum
1440 2408 1683 2477 triginta,
1714 2408 1807 2465 Io-

207 2495 355 2565 seph
375 2502 559 2549 autem
583 2509 706 2550 cum
734 2503 879 2550 esset
904 2496 1125 2566 triginta
1141 2512 1353 2553 novem.
1390 2498 1553 2553 Fiunt
1579 2498 1807 2568 proinde

209 2584 350 2640 anni
398 2599 431 2639 a
471 2586 828 2655 promissione
856 2602 1033 2657 usque
1063 2588 1131 2641 ad
1188 2588 1488 2659 ingressum
1540 2588 1707 2645 Iacob
1750 2592 1804 2646 in

208 2676 517 2751 Egyptum
545 2678 757 2735 ducenti
801 2680 1127 2749 quindecim.
1174 2680 1376 2752 Ioseph
1406 2690 1585 2736 autem
1614 2683 1683 2738 ab
1712 2682 1828 2744 illo,

207 2771 501 2827 tricesimo
524 2778 582 2827 et
614 2785 760 2827 nono
783 2786 926 2827 anno
944 2772 1121 2827 aetatis
1165 2787 1299 2839 suae,
1329 2772 1385 2827 in
1425 2787 1533 2842 quo
1561 2786 1683 2828 eum
1707 2788 1806 2843 pa-

207 2876 292 2920 ter
322 2863 386 2919 in
400 2861 640 2935 Egypto
659 2863 886 2929 invenit,
913 2864 1053 2919 vixit
1072 2864 1411 2936 septuaginta
1434 2872 1490 2921 et
1512 2879 1680 2921 unum
1710 2880 1806 2920 an-

205 2968 369 3019 num,
417 2953 546 3023 quia
586 2953 766 3009 omnis
790 2954 967 3010 aetatis
1011 2954 1128 3023 ejus
1173 2955 1301 3011 anni
1344 2964 1567 3011 centum
1617 2958 1819 3012 decem—

208 3044 457 3101 l’uerunt.
508 3043 644 3100 Cum
674 3045 859 3116 itaque
886 3045 955 3100 ad
983 3045 1245 3102 ducentos
1273 3046 1582 3117 quindecim
1626 3060 1809 3103 annos

208 3134 549 3193 accesserint
583 3135 927 3207 septuaginta
981 3151 1149 3191 unum
1174 3175 1190 3203 ,
1240 3135 1378 3191 ﬁunt
1420 3135 1548 3191 anni
1587 3135 1803 3193 ducenti

1910 1964 2014 2003 non
2046 1948 2201 2003 edent
2229 1964 2294 2003 ea:
2342 1964 2422 2002 eo.
2476 1947 2847 2018 Alicuigenam
2904 1948 3036 2004 dicit
3072 1950 3345 2020 gentilem,
3390 1952 3485 2021 qui

1906 2042 2138 2097 necdum
2195 2056 2353 2097 sacro
2414 2040 2740 2110 baptismate
2789 2051 3009 2097 renatus
3059 2052 3144 2099 est
3173 2061 3188 2095 :
3222 2045 3308 2099 cui
3337 2044 3485 2101 nullo

1906 2134 2068 2189 modo
2093 2149 2294 2203 corpus
2319 2133 2658 2190 Dominicum
2692 2141 2749 2188 et
2783 2135 3004 2204 sanguis
3029 2136 3351 2191 tribuendus
3376 2144 3481 2205 est,“

1908 2224 2033 2295 quia
2056 2226 2196 2280 sicut
2224 2232 2379 2279 extra
2408 2232 2495 2278 est
2520 2223 2799 2294 religione,
2831 2225 2909 2279 sic
2938 2224 3098 2281 debet
3117 2240 3238 2282 esse
3262 2235 3317 2281 et
3336 2242 3487 2283 com-

1906 2315 2183 2369 munione.
2216 2313 2446 2368 Servum
2482 2328 2615 2368 vero
2664 2313 2969 2383 emptitium
2998 2315 3220 2369 mandat
3244 2317 3483 2372 circum-

1906 2407 2031 2474 cidi,
2065 2415 2127 2461 ut
2155 2407 2315 2462 liceat
2340 2406 2390 2461 ei
2432 2406 2633 2476 pascha
2663 2406 2967 2461 comedere.
3017 2404 3157 2472 Quid
3183 2413 3268 2462 est
3295 2421 3486 2465 servus

1904 2496 2183 2566 emptitius
2232 2494 2339 2552 nisi
2392 2494 2439 2550 is
2464 2495 2556 2564 qui
2607 2501 2820 2564 emptus
2848 2500 2932 2549 est
2983 2492 3162 2564 pretio
3205 2495 3487 2567 sanguinis

1906 2585 2147 2643 Christi?
2194 2585 2296 2652 Qui
2325 2586 2560 2655 primum
2611 2584 2768 2640 debet
2820 2583 3158 2650 circumcidi,
3216 2583 3483 2653 spirituali

1902 2680 2089 2748 utique
2124 2678 2537 2734 circumcisione
2575 2691 2685 2731 non
2716 2676 2917 2742 carnis,
2948 2676 3041 2731 sed
3072 2675 3285 2741 cordis,
3312 2683 3367 2732 et
3402 2675 3483 2732 sic

1904 2772 2028 2842 agni
2053 2770 2385 2824 immaculati
2438 2782 2635 2838 corpus
2663 2766 2966 2822 comedere.
3000 2765 3136 2821 Nam
3167 2766 3364 2822 talibus
3397 2765 3482 2821 di-

1906 2864 1983 2919 cit
2008 2864 2202 2919 Petrus
2237 2860 2564 2933 Apostolus:
2602 2857 2872 2914 Succincti
2912 2857 3118 2912 lumbos
3169 2858 3357 2911 mentis
3397 2871 3485 2912 ue-

1906 2964 2053 3022 stra,
2076 2956 2239 3010 sobrii
2261 2954 2489 3026 perfecte
2512 2961 2714 3022 sperate
2757 2951 2815 3005 in
2826 2965 2970 3013 eam,
3010 2965 3127 3019 qua
3153 2949 3374 3017 oﬁettur
3392 2961 3484 3001 ve-

1908 3048 1987 3109 bis
2010 3046 2260 3116 gratiam,
2286 3044 2348 3098 in
2400 3041 2710 3098 reuelatione
2736 3038 2865 3094 Iesu
2884 3037 3092 3093 .Cltristi
3120 3035 3295 3107 (Petr.
3322 3035 3386 3108 ι).
3414 3036 3486 3095 Et

1904 3138 2067 3210 paulo
2096 3144 2220 3207 post
2247 3154 2263 3190 :
2294 3133 2552 3201 Scientes,
2592 3130 2793 3201 inquit,
2823 3129 2964 3202 quod
2980 3146 3091 3185 non
3113 3128 3483 3199 incorruptibi-

207 3228 491 3302 octoginta
514 3242 628 3284 sex.
691 3228 922 3284 Restant
942 3237 1163 3284 centum
1193 3228 1551 3300 quadraginta
1572 3237 1807 3299 quatuor
1833 3229 2048 3311 cliens
2074 3244 2207 3284 aure
2239 3225 2319 3282 vel
2346 3234 2565 3296 argento
2598 3223 2848 3294 redempti
2891 3222 3019 3278 estis
3060 3221 3126 3277 de
3153 3237 3288 3276 uana
3312 3228 3513 3277 vestra.

207 3320 290 3376 vel
323 3320 574 3391 quinque
626 3320 823 3391 quibus
869 3319 1189 3392 intelligitur
1216 3320 1457 3376 servisse
1484 3321 1541 3375 in
1569 3320 1807 3393 Egypto

212 3410 449 3482 populus
472 3410 640 3466 Israel
659 3420 783 3483 post
804 3420 1035 3467 mortem
1054 3410 1275 3482 Ioseph.
1328 3410 1425 3467 llis
1449 3411 1608 3468 annis
1635 3426 1800 3484 quan-

209 3511 325 3560 tum
346 3500 703 3574 multiplicari
748 3511 1061 3576 potuerunt,
1121 3504 1168 3559 si
1212 3503 1516 3569 fecunditas
1566 3504 1804 3560 hominis

210 3592 592 3649 consideretur
614 3632 629 3659 ,
680 3592 969 3664 adjuvante
1018 3593 1111 3649 illo
1155 3592 1249 3664 qui
1298 3608 1393 3649 eos
1435 3592 1609 3649 voluit
1650 3593 1807 3649 valde

213 3684 609 3754 multiplicari,
658 3686 927 3756 reperitur
972 3701 1082 3741 non
1132 3699 1254 3741 esse
1311 3686 1508 3741 mirum
1555 3686 1701 3758 quod
1749 3686 1807 3742 in

214 3773 489 3830 sexcentis
533 3773 772 3830 millibus
797 3774 1035 3846 peditum
1060 3790 1308 3847 egressus
1357 3785 1443 3833 est
1479 3777 1708 3847 populus
1737 3793 1806 3834 ex

214 3863 483 3937 Egypto,
534 3873 761 3936 excepto
792 3873 1074 3935 apparatu,
1110 3866 1203 3921 ubi
1244 3874 1302 3922 et
1351 3867 1574 3922 servitia
1626 3876 1803 3933 erant,

214 3963 267 4011 et
294 3969 466 4011 sexus
517 3955 819 4021 muliebris,
848 3965 908 4011 et
953 3956 1237 4012 imbecillis
1260 3965 1413 4013 aetas.
1495 3957 1646 4025 Quod
1675 3974 1806 4029 ergo

217 4048 349 4104 dixit
378 4048 528 4104 Deus
574 4048 643 4103 ad
670 4047 967 4112 Abraham,
1001 4046 1225 4103 Sciendo
1266 4048 1399 4101 scies
1419 4048 1543 4118 quia
1575 4047 1810 4118 peregri-

218 4152 337 4193 num
357 4138 461 4193 erit
486 4153 663 4193 semen
691 4144 839 4191 tuum
868 4136 924 4191 in
945 4144 1087 4191 terra
1107 4150 1211 4190 non
1234 4136 1483 4208 propria;
1504 4144 1552 4190 et
1568 4136 1624 4192 in
1643 4137 1809 4191 servi-

217 4235 376 4282 tatem
401 4226 636 4298 redigent
645 4243 753 4292 eos,
770 4235 818 4281 et
839 4226 1091 4281 nocebunt
1110 4225 1216 4280 illis
1234 4226 1630 4298 quadringentis
1650 4227 1805 4282 annis

221 4317 506 4391 (Gemxv),
532 4331 643 4374 non
663 4318 744 4374 sic
764 4317 1134 4388 accipiendum
1152 4325 1236 4372 est
1260 4317 1585 4387 tanquamin
1601 4317 1694 4373 illa
1707 4318 1806 4373 du-

218 4412 433 4466 rissima
456 4408 716 4465 servitute
727 4408 1149 4480 quadringentos
1162 4423 1332 4465 annos
1346 4409 1441 4463 Dei
1452 4408 1677 4479 populus
1696 4408 1806 4466 fue-

222 4506 319 4572 rit;
346 4505 448 4561 sed
473 4505 602 4575 quia
620 4504 881 4574 scriptum
901 4509 1005 4567 est,
1034 4501 1103 4556 In
1123 4500 1281 4557 Isaac
1310 4500 1578 4556 vocabitur
1592 4501 1690 4557 tibi
1720 4518 1805 4556 se-

1910 3318 2301 3377 conoersatiotte
2356 3325 2590 3387 paternae
2634 3312 2958 3379 traditionis,
2996 3311 3088 3367 sed
3114 3311 3515 3383 pretiasosana,

1905 3410 2065 3481 guine
2105 3408 2267 3480 quasi:
2282 3407 2408 3478 agni
2458 3402 2785 3461 immaculati
2816 3411 2866 3458 et
2897 3401 3312 3461 incontaminati.
3329 3398 3515 3459 Cissim

1904 3502 1993 3557 sti.
2050 3500 2372 3571 Puecogniti
2395 3497 2606 3571 quidem
2650 3504 2773 3555 ante
2801 3493 3227 3555 constitutionem
3262 3492 3475 3557 mundi,
3504 3526 3513 3541 .

1906 3592 2230 3662 manifestati
2251 3600 2433 3646 autem
2470 3588 2765 3647 novissimis
2789 3584 3106 3656 temporibus
3128 3592 3341 3655 propter
3369 3600 3481 3649 vos,
3508 3616 3513 3629 η

1905 3686 1995 3755 qui
2016 3702 2109 3756 per
2131 3685 2302 3756 ipsum
2327 3682 2508 3752 ﬁdeles
2535 3682 2660 3737 estis
2683 3682 2741 3735 in
2766 3678 2897 3744 Deo,
2936 3678 3029 3749 qui
3054 3676 3328 3732 suscitavit
3362 3691 3517 3731 eum.

1907 3793 1942 3831 a
1973 3775 2218 3840 mortuis,
2246 3782 2296 3829 et
2326 3772 2471 3827 dedit
2500 3773 2547 3826 ei
2571 3770 2816 3841 gloriam,
2857 3777 2912 3821 ut
2945 3768 3077 3835 ﬁdes
3103 3775 3271 3821 uestra
3300 3775 3349 3820 et
3370 3780 3497 3833 φειδ

1906 3876 2037 3923 esset
2066 3867 2123 3920 in
2150 3865 2261 3919 Deo
2286 3881 2305 3929 ;
2342 3862 2546 3917 animas
2567 3869 2761 3915 uestras
2782 3855 3137 3923 castiﬁcantes
3169 3852 3491 3919 inpbedien—

1908 3959 1983 4011 tia
2031 3955 2329 4019 charitatis,
2383 3954 2441 4007 in
2499 3947 2847 4020 fraternitatis
2900 3961 3109 4011 amore,
3157 3943 3487 4016 simplici.”

1909 4045 2065 4100 corde
2093 4043 2315 4097 invicem
2350 4039 2631 4109 diligentes
2658 4036 2932 4101 attentius,
2968 4035 3142 4090 renati
3166 4046 3269 4089 non
3315 4049 3489 4091 casce

1908 4133 2047 4187 mine
2089 4127 2434 4201 corruptibili,
2454 4126 2546 4182 sed
2575 4122 2980 4196 incorruptibili,
3008 4136 3124 4193 per
3142 4120 3486 4179 uerbumDsi

1906 4225 2006 4279 vivi
2028 4233 2077 4279 et
2103 4220 2455 4294 permanentia
2476 4217 2690 4291 (lbid.).
2718 4215 2941 4272 Advcna
2959 4227 3175 4284 quoque
3198 4220 3252 4267 et
3276 4224 3487 4268 merser
3510 4242 3511 4251 ι

1907 4314 2093 4369 uarius
2141 4308 2347 4383 pascha
2381 4309 2543 4364 edere
2570 4320 2680 4362 non
2706 4312 2952 4375 possunt.
2987 4301 3120 4370 Quis
3144 4308 3231 4357 est
3253 4300 3485 4367 advena,

1905 4408 2011 4463 nisi
2035 4406 2127 4476 qui
2156 4419 2330 4475 nuper
2362 4402 2512 4457 venit
2546 4401 2613 4455 ad
2642 4398 2825 4463 ﬁdem,
2850 4411 2955 4454 nec
2980 4396 3167 4451 ﬁrmus
3196 4401 3279 4451 est
3305 4393 3365 4451 in
3389 4405 3499 4449 can.

1906 4498 2107 4554 tholica
2145 4493 2441 4566 religione?
2476 4488 2865 4549 Mercenarius.
2894 4494 3081 4541 autem
3112 4484 3227 4553 ipse
3255 4480 3488 4551 est,.qui

220 4570 672 4669 men(Gen—.xx1),
685 4570 754 4650 ei
775 4609 919 4649 anno
934 4592 1238 4648 nativitatis
1251 4592 1421 4657 Isaac,
1441 4592 1692 4661 usquead
1706 4607 1802 4647 an-
1824 4594 2004 4661 Dpro
2028 4588 2261 4645 terrenis
2290 4593 2498 4643 tantum
2531 4581 2697 4643 lucris
2739 4579 2975 4642 laborat,
3003 4583 3059 4631 et
3082 4573 3293 4669 nullum
3306 4573 3373 4669 in
3401 4570 3489 4633 flb-

222 4702 347 4742 num
373 4686 707 4758 egressionis
730 4698 799 4740 ex
831 4684 1084 4755 Egypto,
1107 4689 1489 4752 computantur
1515 4683 1642 4737 anni
1672 4697 1809 4752 qua-

224 4777 489 4848 dringeuti
503 4776 764 4845 quinque.
785 4774 1064 4845 Cumergo
1074 4774 1143 4829 de
1164 4773 1573 4844 quadringentis
1584 4773 1807 4843 triginta

223 4868 525 4925 detraxeris
547 4867 739 4939 viginti
768 4867 1024 4939 quinque,
1070 4881 1193 4937 qua:
1225 4874 1352 4921 sunt
1381 4880 1412 4919 a
1443 4864 1807 4935 promissione

222 4959 490 5028 usquead
517 4964 704 5013 natum
730 4956 905 5023 Isaae,
955 4971 1065 5011 non
1093 4957 1293 5011 mirum
1330 4963 1435 5020 est,
1463 4954 1512 5011 si
1543 4953 1805 5025 quadrina

223 5054 415 5121 gentos
441 5057 499 5105 et
526 5049 768 5120 quinque
791 5061 987 5112 annos,
1008 5061 1222 5107 summa
1247 5046 1418 5102 solida
1446 5045 1805 5117 quadringen-

222 5147 305 5197 tos
330 5142 508 5198 voluit
559 5140 829 5212 appellare
878 5137 1184 5208 Scriptura,
1219 5138 1513 5208 quaa‘solet
1555 5144 1803 5209 tempora

224 5246 539 5305 nuncupare
570 5246 585 5288 :
616 5242 681 5289 ut
703 5234 846 5304 quod
866 5233 945 5289 de
966 5245 1181 5288 summa
1225 5229 1566 5300 perfectioris
1593 5229 1809 5286 numeri

224 5324 815 5395 pullulum-exarescit
839 5332 934 5380 aut
960 5322 1102 5379 infra
1148 5330 1257 5389 est,
1287 5335 1394 5376 non
1440 5329 1803 5391 computetur.

226 5414 345 5485 Non
369 5418 581 5488 itaque,
633 5418 783 5487 quod
805 5418 901 5481 ait,
939 5414 1010 5468 In
1035 5414 1335 5468 servitutem
1362 5409 1593 5481 redigant
1615 5425 1721 5476 eos,
1756 5416 1807 5466 et

232 5514 491 5567 nocebunt
523 5510 634 5566 illis
658 5511 1071 5582 quadringentos
1099 5524 1288 5572 annos,
1329 5504 1675 5563 referendum
1702 5510 1807 5569 est,

233 5610 487 5676 umquam
516 5614 615 5675 per
652 5600 741 5658 3t0t
769 5616 938 5658 annos
960 5618 1061 5657 eos
1091 5601 1379 5656 habuerint
1406 5600 1460 5652 in
1502 5595 1763 5652 servitute
1790 5610 1806 5658 ;

231 5697 329 5751 sed
356 5695 641 5752 referendi
686 5702 813 5751 sunt
854 5694 1257 5765 quadringenti
1286 5691 1436 5755 anni,
1476 5690 1543 5744 ad
1576 5689 1638 5745 id
1666 5684 1809 5755 quod

233 5780 438 5845 (licitum
465 5794 591 5843 est:
622 5784 964 5858 Peregrinum
1007 5788 1104 5842 erit
1137 5794 1515 5841 sementium
1560 5783 1616 5837 in
1664 5789 1810 5836 terra

1908 4690 2033 4737 tum
2058 4679 2339 4750 praemium
2387 4673 2633 4744 requirit.
2662 4670 2756 4733 Isti
2786 4682 2919 4724 sane
2938 4682 3046 4725 non
3074 4674 3201 4725 sunt
3223 4665 3370 4736 digni
3393 4678 3491 4725 ac:

1908 4774 2091 4845 cipere
2137 4785 2333 4839 corpus
2383 4765 2623 4831 Christi,
2652 4763 2780 4833 quia
2823 4768 2919 4819 aut
2944 4774 3073 4816 eum
3118 4773 3227 4815 non
3255 4756 3484 4845 ﬁrmiter

1909 4843 2163 4928 credunt,
2194 4867 2288 4916 aut
2332 4856 2601 4915 veraciter
2642 4860 2849 4918 amant,
2872 4865 2945 4911 ac
2991 4851 3112 4907 ideo
3142 4847 3347 4918 indigni
3371 4843 3491 4915 eius

1906 4950 2322 5024 participatione
2378 4954 2524 5002 sunt.
2564 4942 2863 5013 Sequitur:
2898 4939 3099 5008 lanna
3132 4936 3286 4993 domo
3314 4951 3489 4995 eamea-

1910 5046 2065 5101 detur
2091 5058 2110 5097 :
2142 5058 2234 5098 nec
2275 5039 2508 5111 efferatis
2557 5037 2622 5090 de
2649 5032 2893 5088 carnibus
2926 5030 3041 5102 ejus
3087 5027 3251 5098 foras,
3301 5042 3393 5085 nec
3414 5041 3484 5093 ιω

1907 5138 2051 5193 illius
2103 5129 2556 5206 confringetis..ln
2608 5144 2717 5185 una
2754 5127 2914 5187 domo
2967 5122 3088 5193 agni
3119 5135 3248 5177 caro
3277 5117 3485 5175 comedi

1901 5230 2156 5301 iubetur,
2183 5227 2309 5297 quia
2342 5226 2398 5281 in
2437 5238 2543 5283 una
2572 5219 2814 5276 Ecclesia
2869 5214 3132 5297 catholica
3168 5210 3511 5301 mysterium?

1909 5296 2181 5392 passionis
2204 5296 2329 5386 ejus
2369 5314 2474 5370 rite
2502 5310 2808 5369 celebratur
2833 5325 2848 5376 ;
2878 5323 2981 5365 nec
3039 5303 3220 5361 ellerrl
3248 5300 3389 5397 licet
3418 5296 3486 5397 de

1914 5385 2169 5469 carnibus
2195 5407 2312 5477 ejus
2354 5406 2501 5462 foras
2530 5445 2544 5469 ,
2578 5402 2705 5472 quia
2735 5415 2835 5456 nec
2870 5396 3090 5470 pagani,
3138 5406 3241 5448 nec
3286 5385 3483 5477 Iudaei,

1910 5517 2011 5558 nec
2039 5474 2304 5565 haeretici,
2331 5511 2433 5553 nec
2488 5493 2562 5550 illi
2585 5489 2808 5547 omnino
2857 5488 2947 5561 qui
2977 5494 3135 5545 extra
3183 5474 3485 5536 Ecclesium

1910 5600 2038 5649 sunt
2065 5591 2131 5649 ad
2158 5590 2300 5657 hanc
2356 5582 2789 5649 communionem
2820 5578 3214 5639 admittuntur;
3254 5578 3484 5657 quorum

1912 5683 2067 5747 fides,
2127 5653 2371 5735 doctrina
2424 5683 2477 5732 ct
2506 5670 2866 5735 conversatio,
2907 5667 3091 5733 aliena
3117 5664 3253 5714 esta
3298 5653 3483 5739 regula

1910 5771 2291 5844 ecclesiastica:
2328 5766 2641 5839 disciplina}.
2676 5763 2789 5818 Nec
2839 5775 2916 5827 os,
2945 5750 3143 5835 inquit,
3176 5748 3320 5809 illius
3354 5760 3488 5835 con:
