2010 3176
244 188 289 231 se

571 185 602 212 Β.
622 183 751 212 RABANI
770 183 879 213 MAURI
897 181 1056 213 ARCHIEE.
1072 179 1235 224 /MOGUNT.
1253 179 1395 210 OPERUM
1414 180 1504 208 PARS
1523 181 1544 209 Ι.

1840 185 1874 212 60

253 245 382 282 fringetis.
404 243 475 277 Quid
492 242 545 270 hoc
567 242 700 278 signiticet
725 241 842 269 Joannes
867 240 1037 276 Evangelista
1050 240 1077 270 Α
1089 238 1178 266 monis
1189 242 1216 265 et
1230 239 1306 265 bona:
1320 239 1486 273 operationis
1499 239 1673 274 processerit,
1683 239 1750 278 iure
1759 239 1875 272 Domino

253 297 368 319 narrans
382 289 417 317 de
431 289 556 325 passione
565 287 673 315 Domini
686 288 712 315 in
725 287 864 322 evangelio
874 295 932 319 suo,
947 290 1037 314 osten—

244 337 293 364 'dit
310 336 422 364 dicens:
441 334 531 363 ludat
547 342 607 370 ergo
627 335 751 369 quoidam
768 342 905 368 parascere
928 337 994 364 erat,
1009 336 1037 358 ut

253 391 306 410 non
318 385 479 409 remanerent
494 381 523 407 in
533 388 610 407 cruce
621 388 731 414 corpora
745 379 853 406 sabbato
870 379 937 415 (erat
951 384 1037 405 autent

244 435 365 463 'magnus
389 426 445 454 dies
474 426 519 453 ille
543 425 655 461 sabbati)
682 430 836 460 rogaverunt
863 424 989 456 Pilatum,
1010 429 1038 451 ut

254 473 438 508 frangerentur
462 480 553 499 eorum
580 479 658 498 crura
684 476 708 497 et
719 470 882 497 tollerentur.
910 469 1038 497 Venerunt

253 527 313 554 ergo
327 518 432 551 milites,
448 523 472 545 et
488 518 566 552 primi
581 517 684 552 quidem
708 517 840 552 fregerunt
855 525 943 549 crura,
962 521 986 542 et
1001 516 1039 543 al-

253 564 343 594 terius,
365 563 409 598 qui
425 562 566 596 cruciﬁxus
591 566 628 588 est
643 570 702 588 cum
717 570 757 588 eo.
773 561 813 588 Ad
836 560 926 588 Iesum
952 565 1038 587 autem

256 616 315 635 cum
329 608 467 640 venissent,
480 613 507 634 ut
533 607 653 634 viderunt
669 614 728 633 eum
749 608 808 641 jam
820 612 965 638 mortuum,
988 614 1038 632 non

254 653 386 688 fregerunt
399 653 455 688 ejus
470 661 547 679 crura
561 659 570 678 .'
587 652 632 680 sed
659 660 726 679 unus
742 651 854 678 militum
867 651 958 678 lancea
970 652 1039 678 latus

254 698 311 732 ejus
337 698 448 732 aperuit,
465 702 488 724 et
512 697 633 724 continuo
648 697 725 724 exivit
743 697 849 731 sanguis
865 701 887 723 et
912 705 990 732 aqua.
1006 697 1039 723 Et

254 745 299 779 qui
312 744 374 771 vidit
394 744 567 771 testimonium
580 744 709 779 perhibuit
724 750 733 769 :
749 747 772 770 et
798 752 885 770 verum
909 747 947 769 est
969 744 1040 769 testi-

254 790 371 816 monium
387 789 466 824 ejus;
491 794 515 816 et
527 789 571 816 ille
589 790 648 821 scit,
664 789 726 824 quin
738 797 798 815 vera
826 789 899 820 dicit,
914 793 941 814 ut
961 794 986 815 et
997 797 1039 816 vos

255 835 378 863 credatis.
395 835 479 863 Facta
493 840 554 862 sunt
580 836 647 862 enim
661 835 725 868 hwc,
754 840 782 861 ut
798 835 935 870 Scriptura
951 835 1042 870 imples

254 885 349 907 retur:
369 878 406 907 οε
419 888 471 906 non
495 880 673 907 comminuetis
699 888 731 907 ea;
746 888 786 907 eo.
812 880 847 907 Et
866 882 960 908 iterum
986 881 1040 909 alia

1090 286 1228 320 competit,
1244 285 1289 320 qui
1304 284 1377 312 dedit
1391 286 1478 320 ipsum
1506 285 1606 313 bonum
1621 287 1690 314 velle
1703 292 1730 319 et
1743 289 1876 322 perﬁcere

1088 338 1137 366 pro
1148 331 1218 357 bona
1228 330 1375 358 voluntate.
1395 330 1539 367 Quidquid,
1555 332 1653 371 inquit,
1682 333 1805 370 habueris
1819 343 1878 369 nta-

1088 376 1183 404 sculini
1204 385 1290 410 sexus,
1322 377 1483 404 consecrabis
1514 377 1638 405 Domino.
1668 378 1876 416 Primogenitant

1089 423 1158 450 asini
1170 423 1282 450 mutabis
1296 431 1350 450 oue.
1369 422 1444 455 Quod
1455 424 1477 450 si
1493 432 1544 450 non
1557 424 1706 458 redemeris,
1721 426 1874 461 inter'ﬁcies.

1089 469 1173 497 Omne
1199 469 1406 505 primogenitum
1434 470 1623 503 masculinum,
1649 470 1738 503 idest,
1756 472 1838 499 virile
1850 477 1877 499 et

1088 515 1238 550 perfectum
1257 523 1336 549 opus,
1361 515 1457 542 divinae
1472 515 1565 550 gratiae
1587 516 1717 544 debemus
1741 517 1877 552 applicare

1090 568 1142 588 non
1155 561 1232 588 nobis
1246 570 1252 587 :
1267 560 1395 595 quidquid
1408 560 1552 588 femineum
1568 566 1594 588 ct
1609 562 1688 589 molle
1703 566 1784 597 atque
1798 563 1877 590 inﬁr-

1089 614 1162 632 mum
1178 610 1220 633 est
1233 606 1259 632 in
1275 610 1367 633 nostra
1388 608 1602 639 conversatione,
1631 612 1731 635 nostra:
1747 609 1878 637 debemus

1089 651 1140 678 hoc
1155 650 1292 685 l‘ragilitati
1304 651 1442 686 deputare,
1460 660 1511 679 non
1525 653 1647 679 Domino.
1664 653 1718 688 (Er
1726 652 1878 688 Gregorio.)

1091 696 1159 729 Quid
1189 704 1238 730 per
1264 697 1368 723 asinum
1397 697 1448 724 nisi
1477 698 1658 730 immunditia,
1683 703 1710 725 et
1737 699 1801 733 quid
1831 706 1880 733 per

1090 750 1167 779 ovem
1183 743 1234 769 nisi
1262 743 1415 770 innocentia
1442 744 1619 779 designatur?
1644 744 1719 771 Asini
1743 752 1809 780 ergo
1823 744 1882 779 pri-

1091 787 1226 822 mogenita
1240 795 1289 814 ove
1304 792 1419 819 mutare,
1434 792 1476 815 est
1493 789 1637 816 immunda:
1650 789 1712 816 vine
1726 790 1878 824 primordia

1092 832 1125 859 ad
1155 833 1315 859 innocentia:
1346 833 1545 868 simplicitatem
1577 839 1744 868 convertere,
1761 840 1790 863 ut
1807 839 1881 871 post-

1092 885 1172 912 quam
1187 879 1230 905 illa
1246 883 1373 913 peccator
1397 879 1453 914 egit
1464 887 1522 914 quae
1538 880 1678 908 immunda
1692 882 1824 909 Dominus
1838 890 1882 910 re-

255 923 392 959 Scriptura
417 925 504 952 dicit:
534 925 663 952 Videbunt
694 926 722 953 in
749 935 823 961 quem
852 927 1039 961 transﬁzerunt
1055 926 1078 956 Β
1093 924 1174 958 spuit,
1190 932 1222 951 ea
1232 924 1289 958 jam
1307 926 1410 960 agemlo
1426 925 1553 960 proferat,
1582 934 1641 961 qua:
1665 927 1711 954 Dei
1739 928 1877 956 sacriﬁcio

257 968 348 1004 (Joan.
371 977 438 1002 xu;
458 969 540 997 Zach.
562 970 623 1006 xu).
640 971 726 998 Aliter
741 981 747 998 :
763 970 799 998 Os
814 972 875 1006 agni
898 980 951 1000 non
965 980 1040 1000 corn-

256 1017 378 1044 minuere
392 1021 434 1044 est
451 1018 478 1044 in
499 1018 699 1052 dispensatione
720 1018 914 1045 incarnationis
928 1018 1040 1051 Christi,

255 1064 336 1091 robur
350 1064 497 1091 divinitatis
512 1072 559 1099 per
568 1065 762 1099 blasphemiam
775 1073 827 1092 non
841 1072 1018 1100 corrumpere
1031 1073 1038 1092 :

256 1109 317 1144 quia
331 1110 402 1138 Deus
429 1115 456 1138 et
472 1112 553 1138 homo
571 1119 640 1138 unus
665 1116 707 1139 est
724 1112 857 1139 Christus.
877 1112 1042 1139 Comminuit

255 1163 319 1190 ergo
335 1164 396 1183 ossa
411 1157 483 1192 agni,
501 1157 546 1191 qui
562 1156 698 1184 Christum
712 1157 777 1184 dicit
791 1158 823 1184 de
840 1157 924 1185 Maria
938 1158 1043 1193 virgine

256 1208 352 1234 purum
366 1201 502 1229 hominem
519 1207 622 1235 natum,
636 1207 665 1230 et
692 1211 745 1230 non
772 1210 867 1230 verum
891 1203 1040 1231 Christum.

258 1245 349 1274 Omnis
372 1254 451 1275 coetus
478 1249 594 1283 ﬁliorum
619 1249 704 1277 Israel
731 1250 810 1284 faciet
835 1250 911 1277 illud.
931 1250 1008 1283 Quod
1020 1251 1043 1277 si

256 1288 314 1327 quis
327 1287 522 1328 peregrinorum
548 1295 575 1322 in
592 1301 702 1323 vestram
715 1296 827 1323 voluerit
841 1297 953 1323 transire
971 1296 1043 1323 colo~

259 1337 343 1371 niam,
360 1342 383 1365 et
397 1337 483 1373 facere
504 1340 584 1375 phase
607 1340 724 1374 Domini,
750 1342 950 1369 circumcidetur
971 1342 1043 1376 prius

259 1390 334 1410 omne
349 1384 523 1411 masculinum
548 1386 614 1420 ejus,
627 1391 651 1413 et
663 1391 724 1414 tunc
749 1388 797 1414 rite
810 1387 967 1421 celebrabit;
982 1389 1045 1415 erit-

259 1438 308 1465 que
322 1430 389 1471 sicut
405 1430 528 1466 indigena
543 1436 629 1459 terra}.
645 1432 721 1466 Quod
736 1437 778 1461 est
790 1438 883 1469 aperte
897 1434 986 1462 dicere
999 1442 1045 1462 ve—

257 1477 295 1505 ris
311 1471 439 1506 lsraelitis
461 1483 489 1506 et
501 1479 599 1515 populo
627 1480 812 1508 ecclesiastico
833 1489 926 1508 verum
942 1482 1043 1516 pascha

258 1524 457 1552 celebrantibus
472 1534 478 1552 :
496 1524 525 1552 Si
541 1526 600 1560 quis
613 1525 731 1554 inﬁdelis
755 1531 782 1554 et
796 1531 924 1555 externus
939 1535 954 1554 a
970 1528 1043 1554 cultu

257 1567 421 1601 Christiano,
438 1569 472 1596 ad
495 1569 564 1597 hanc
592 1572 807 1598 communionem
835 1579 863 1599 se
878 1572 984 1599 sociare
998 1579 1045 1599 vo-

258 1612 571 1650 luerit,exspolietprius
580 1619 700 1643 veterem
716 1617 851 1644 hominem
864 1625 924 1645 cum
939 1617 1044 1645 actibus
1067 1637 1069 1641 ι

257 1658 326 1693 ejus,
346 1663 373 1686 et
386 1660 478 1687 induat
496 1668 606 1694 novum,
621 1661 667 1696 qui
694 1663 841 1689 secundum
860 1663 944 1690 Deum
968 1670 1045 1690 crea—

258 1707 301 1732 tus
318 1709 359 1732 est
388 1705 415 1732 in
438 1705 544 1740 justitia
570 1710 598 1733 et
624 1707 768 1735 sanctitate
796 1708 928 1737 veritatis.
947 1709 1046 1744 Sicque

259 1750 338 1785 digne
363 1751 512 1778 sociabitur
538 1752 658 1780 convivis
675 1753 841 1787 caelestibus,
868 1760 1046 1790 vesceturque

259 1795 313 1823 rite
326 1796 411 1832 epulis
431 1794 609 1831 spiritalibus.
636 1798 736 1825 Eadem
754 1799 796 1826 [ex
810 1800 858 1826 erit
881 1800 1011 1837 indigenti:
1022 1806 1046 1828 et

258 1841 360 1881 colono,
375 1843 419 1879 qui
435 1845 616 1889 peregrinatur
628 1845 698 1880 apud
714 1854 766 1873 vos.
786 1845 853 1882 Quia
867 1854 1045 1882 personarum

258 1893 312 1914 non
327 1891 369 1914 est
381 1887 510 1922 acceptor
528 1887 599 1916 Deus
616 1898 622 1915 :
639 1889 685 1916 sed
699 1890 726 1916 in
749 1891 821 1917 omni
845 1895 935 1926 gente,
949 1892 995 1926 qui
1011 1892 1046 1919 ti-

259 1936 315 1960 met
343 1933 428 1966 Deum
442 1938 473 1967 et,
490 1939 623 1970 operatur
642 1936 786 1971 justitiam,
801 1941 928 1972 acceptus
942 1942 984 1965 est
997 1938 1045 1965 illi.

261 1974 323 2005 Non
336 1980 406 2019 enim
416 1984 455 2014 est
469 1980 600 2019 distinctio
615 1982 703 2009 Judaei
720 1988 797 2019 atque
810 1984 926 2018 gentilis,
940 1985 1008 2012 servi
1022 1989 1046 2012 et

259 2023 354 2068 liberi;
369 2025 414 2062 sed
444 2027 531 2060 omnia
547 2032 572 2054 et
597 2028 624 2055 in
650 2029 768 2057 onmibus
784 2029 903 2058 Christus
922 2031 989 2067 (Act.
1005 2031 1045 2068 Χ).

258 2067 424 2106 Locutusque
432 2076 472 2107 est
484 2072 611 2109 Dominus
626 2075 660 2101 ad
676 2075 795 2109 Moysen,
815 2077 903 2108 dicens
916 2084 925 2101 ἔ
942 2076 1048 2106 Saneti-

258 2115 309 2149 ﬁea
326 2116 388 2142 mihi
400 2124 475 2152 omne
487 2118 697 2153 primogenitum,
724 2120 794 2154 quod
807 2122 890 2156 aperit
900 2121 1006 2157 ,oulvam
1019 2123 1047 2156 in

258 2160 321 2195 ﬁliis
337 2156 433 2197 Israel,
447 2168 501 2190 tam
515 2164 546 2191 de
571 2164 729 2198 hominibus,
753 2174 831 2201 quant
846 2167 877 2193 de
899 2167 1025 2201 jamentis
1037 2174 1047 2193 :

259 2205 320 2242 Hea
332 2212 393 2234 sunt
418 2208 487 2244 enim
503 2210 590 2237 omnia
617 2210 715 2246 (Exod.
732 2213 805 2247 xui),
822 2216 849 2241 et
872 2212 950 2248 rcliq.
967 2212 1047 2241 Com-

251 2253 368 2291 ,mendat
379 2254 478 2290 populo
489 2262 539 2290 per
552 2254 662 2291 Moysen
679 2256 808 2289 Dominus
830 2257 977 2293 ereptionis
991 2265 1045 2285 sua:
1059 2281 1073 2293 ι

259 2281 606 2335 ηιςιηρνῆξιιιᾟιὼέηᾶηωέῦ
618 2305 646 2337 et
668 2301 859 2337 (Egyptiorum
870 2281 1085 2339 interfectio-‘1)

258 2343 311 2379 nis,
331 2348 360 2371 ut
386 2345 488 2381 scirent
507 2346 644 2377 debitores
657 2355 687 2374 sc
712 2355 782 2380 esse,
799 2348 980 2384 primogenita
996 2357 1045 2378 sua

259 2393 286 2425 et
297 2390 475 2426 primogenita
488 2392 671 2428 iumentorum
686 2402 796 2422 suorum
808 2394 921 2424 Domino
935 2396 1043 2432 oﬂjerre,

256 2434 306 2470 qui
333 2435 361 2464 in
374 2443 468 2464 eorum
486 2437 645 2468 liberatione
659 2440 749 2468 omnia
766 2441 946 2476 primogenita
961 2441 1046 2477 [Egy-

245 2479 529 2516 ,ptiorurnuexstinxit.
547 2483 623 2512 Unde
648 2485 862 2519 insequentibus
886 2486 942 2521 ipse
959 2493 1044 2521 popu-

260 2525 302 2560 lus
316 2526 436 2560 dicturus
451 2532 510 2557 est:
532 2528 632 2561 Occidit
651 2529 780 2558 Dominus
796 2539 870 2558 omne
885 2532 1044 2566 primogeni-

261 2571 356 2610 tunytlin
371 2576 440 2600 terra
461 2573 580 2613 ASgypti,
613 2584 629 2602 ιι
642 2576 814 2611 primogenita
838 2577 950 2604 hominis
964 2585 1045 2613 usque

260 2617 296 2652 ad
310 2617 509 2657 primogenitum
521 2620 712 2655 jumentorum.
739 2621 844 2649 Idcirco
868 2623 974 2651 immoto
990 2623 1046 2650 Do-

260 2664 330 2698 mino
343 2673 419 2704 omne
441 2667 510 2701 quod
526 2667 609 2703 aperit
632 2668 735 2696 vulvam
758 2669 897 2705 masculini
918 2678 1007 2703 sexus,
1021 2675 1046 2697 et

262 2712 349 2748 omnia
363 2712 535 2750 primogenita
562 2714 676 2749 ﬁliorum
698 2723 814 2747 meorum
836 2717 918 2751 pretio
947 2717 1045 2746 redimo

262 2754 361 2792 (Esod.
374 2757 430 2795 xv).
447 2757 557 2794 Mystice
578 2765 667 2788 autem
693 2761 871 2797 primogenita
890 2766 982 2796 nostra
994 2763 1046 2791 Do-

262 2803 336 2835 mino
350 2804 497 2839 otl'erimus,
516 2813 577 2833 cum
599 2807 746 2842 primordia
768 2815 879 2842 operum
892 2811 1046 2837 nostrorum

262 2846 301 2884 illi
318 2851 527 2885 sanctiﬁcamus.
543 2852 676 2888 Quidquid
688 2853 760 2881 enim
773 2861 805 2882 ex
819 2853 896 2880 vulva
908 2854 984 2883 bonae
998 2863 1044 2882 vo-

262 2891 375 2925 luntatis
385 2903 418 2925 ac
430 2897 507 2927 bonae
525 2898 707 2935 cogitationis,
731 2899 759 2928 in
773 2903 895 2936 apertum
910 2900 970 2929 sani
986 2909 1045 2930 ser-

1092 970 1219 1004 im-ponat.
1239 969 1339 998 Omnes
1353 971 1424 997 enim
1439 971 1562 998 homines
1576 972 1632 999 nati
1656 973 1682 999 in
1702 973 1823 1007 peccatis
1836 981 1883 1000 su-

1092 1023 1161 1047 mus,
1176 1019 1257 1050 atque
1271 1024 1304 1043 ex
1330 1016 1421 1043 carnis
1437 1016 1613 1043 delectatione
1635 1018 1766 1052 concepti,
1795 1017 1881 1053 culpa:

1092 1062 1231 1089 nobiscqu
1260 1062 1391 1097 originem
1412 1063 1552 1090 traximus.
1577 1062 1652 1090 Unde
1667 1063 1694 1090 ﬁt
1708 1064 1831 1090 utetiam
1847 1071 1880 1091 ex

1092 1107 1229 1134 voluntate
1242 1111 1333 1135 nostra
1348 1108 1467 1142 peccatis
1495 1108 1672 1142 implicentur.
1693 1108 1746 1136 Sed
1759 1109 1883 1143 quisquis

1092 1154 1196 1181 malitia
1225 1154 1316 1181 carnis
1346 1155 1379 1181 ad
1404 1148 1598 1182 innocentiam.
1619 1155 1753 1183 convertit
1780 1155 1882 1188 cordis,

1092 1200 1301 1234 primogenitum
1328 1200 1397 1227 asini
1426 1205 1512 1227 mutat
1536 1208 1596 1233 ove,
1611 1201 1674 1235 quia
1705 1200 1803 1235 prioris
1817 1201 1882 1228 vitae

1093 1245 1292 1272 immunditiam
1313 1245 1346 1272 ad
1375 1245 1557 1272 innocentiam
1574 1247 1717 1273 convertit.
1745 1246 1796 1279 Qui
1810 1246 1883 1273 enim

1093 1290 1182 1325 qualis
1194 1290 1270 1325 prius
1286 1290 1335 1316 fuit
1363 1298 1423 1317 esse
1437 1290 1545 1323 desinit,
1566 1295 1592 1318 et
1605 1291 1774 1326 apprehensa
1791 1292 1884 1320 carnis

1093 1333 1226 1360 munditia
1258 1334 1439 1361 innocentiam
1468 1334 1595 1367 custodit,
1610 1335 1636 1361 in
1668 1335 1803 1362 oblatione
1835 1335 1884 1363 Dei

1093 1380 1302 1414 primogenitum
1330 1380 1398 1406 asini
1414 1380 1448 1407 ad
1473 1388 1550 1407 ovem
1580 1381 1703 1408 mutavit.
1729 1380 1790 1407 Erit
1802 1381 1886 1415 igitur

1094 1426 1168 1461 quasi
1181 1427 1285 1461 signum
1299 1426 1326 1452 in
1338 1434 1419 1452 manu
1445 1431 1501 1459 tua,
1518 1431 1543 1453 et
1563 1427 1638 1462 quasi
1665 1434 1807 1462 appensunt
1819 1426 1885 1462 quid

1095 1471 1126 1498 ob
1140 1471 1345 1499 recordationem
1357 1471 1427 1498 intra
1441 1471 1529 1498 oculos
1542 1478 1600 1499 tuos
1613 1479 1622 1497 :
1638 1481 1668 1499 eo
1681 1473 1750 1507 quod
1761 1473 1788 1499 in
1803 1481 1886 1501 manu

1095 1517 1157 1552 forti
1169 1517 1287 1544 eduxerit
1315 1526 1358 1545 vos
1373 1518 1501 1545 Dominus
1519 1518 1551 1545 de
1578 1519 1703 1554 Ili‘ggpto.
1728 1518 1782 1553 (Ea;
1794 1518 1886 1554 Augu-

1095 1562 1184 1598 stino.)
1200 1562 1269 1596 Quid
1281 1567 1323 1590 est
1336 1564 1408 1597 quod
1422 1564 1470 1596 ait,
1496 1571 1557 1590 cum
1585 1564 1619 1591 de
1642 1564 1742 1599 pascha
1756 1564 1887 1599 praecipe-

1096 1612 1148 1640 ret,
1164 1608 1222 1635 Erit
1235 1609 1283 1635 tibi
1298 1610 1374 1643 quasi
1390 1609 1495 1644 signum
1509 1610 1536 1636 in
1549 1618 1630 1637 manu
1651 1615 1696 1638 tua
1713 1620 1719 1638 :
1739 1611 1797 1638 sive
1805 1611 1887 1645 juxta

1095 1654 1148 1682 alia
1163 1655 1340 1690 exemplaria,
1355 1662 1437 1690 super
1462 1663 1571 1682 manum
1596 1656 1690 1683 tuam?
1711 1663 1744 1682 an
1758 1655 1887 1690 intelligi-

1095 1704 1140 1728 tur
1153 1709 1234 1736 super
1248 1709 1330 1735 opera
1348 1706 1403 1734 tua,
1430 1701 1457 1728 id
1470 1706 1521 1734 est,
1537 1702 1609 1737 quod
1636 1702 1765 1737 praeferre
1786 1702 1888 1730 debeas

1096 1747 1223 1781 Operibus
1238 1747 1291 1774 tuis
1304 1747 1315 1773 ἵ)
1329 1747 1452 1774 Pertinet
1464 1747 1537 1774 enim
1563 1747 1665 1782 pascha
1690 1752 1804 1783 propter
1813 1747 1888 1785 oeci-

1097 1793 1200 1820 sionem
1215 1793 1273 1821 ovis
1290 1794 1323 1820 ad
1339 1793 1418 1821 ﬁdem
1432 1793 1532 1821 Christi
1548 1798 1575 1821 et
1598 1794 1757 1828 sanguinem
1776 1802 1830 1829 quo
1845 1801 1888 1831 re-

1098 1838 1197 1873 dempti
1211 1846 1313 1866 sumus.
1331 1837 1393 1866 Haec
1411 1839 1483 1866 enim
1509 1838 1576 1866 ﬁdes
1589 1839 1717 1874 operibus
1729 1847 1889 1875 praeponen-

1098 1883 1131 1911 da
1146 1888 1188 1911 est
1202 1893 1208 1910 :
1228 1888 1258 1910 ut
1272 1884 1307 1911 sit
1331 1884 1530 1919 quodammodo
1543 1892 1625 1920 super
1634 1879 1744 1912 manum
1757 1885 1889 1912 adversus

1097 1929 1157 1957 illos
1184 1930 1230 1965 qui
1245 1930 1273 1957 in
1297 1930 1423 1965 operibus
1438 1930 1504 1966 legis
1526 1931 1721 1965 gloriabantur.
1737 1932 1775 1958 De
1789 1938 1843 1966 qua
1858 1938 1890 1959 re

1098 1974 1245 2010 Apostolus
1258 1974 1387 2009 loquitur.
1414 1975 1448 2002 Et
1462 1976 1577 2003 multum
1595 1978 1649 2013 agit
1663 1977 1743 2004 ﬁdem
1757 1976 1888 2013 operibus

1099 2016 1272 2056 anteponere,
1286 2025 1316 2049 ut
1331 2029 1365 2049 ex
1380 2021 1425 2049 illa
1440 2022 1575 2058 pendeant
1601 2030 1682 2058 opera
1708 2023 1790 2055 bona,
1806 2027 1890 2061 atque

1098 2066 1133 2093 ab
1147 2073 1179 2093 ea
1193 2061 1402 2101 praeveniantur,
1429 2071 1459 2095 ut
1472 2075 1525 2096 non
1549 2065 1692 2104 ipsa'velut
1717 2067 1889 2104 meritisbo-

1098 2113 1194 2137 narum
1209 2119 1321 2146 operum
1348 2112 1462 2139 retribui
1480 2113 1613 2140 videatur.
1633 2111 1680 2140 llla
1694 2112 1766 2139 enim
1781 2113 1813 2140 ad
1826 2103 1884 2152 gnat

1099 2150 1163 2185 tiam
1179 2158 1313 2196 pertinet.
1325 2157 1352 2185 Si
1368 2163 1457 2186 autem
1485 2159 1593 2197 gratia,
1607 2157 1663 2193 jam
1681 2166 1734 2186 non
1750 2166 1784 2186 ex
1796 2151 1879 2197 operi.

1097 2204 1158 2242 bus,
1175 2200 1294 2238 alioquin
1312 2204 1399 2240 gratia
1410 2205 1465 2241 jam
1482 2213 1536 2234 non
1558 2209 1598 2232 est
1614 2206 1701 2241 gratia
1728 2204 1818 2240 (Rom.

1100 2247 1187 2285 Igitur
1205 2259 1263 2276 eam
1281 2249 1408 2278 emisisset
1430 2250 1536 2278 Pharao
1553 2254 1685 2287 populum,
1712 2259 1763 2278 non
1776 2243 1820 2278 eos
1839 2251 1880 2291 αντ

1097 2289 1143 2322 (εἰί
1156 2295 1285 2322 Dominus
1301 2305 1346 2331 per
1367 2289 1436 2323 viam
1450 2302 1526 2324 terra)
1539 2297 1709 2329 Philisti/tim,
1724 2304 1782 2332 quae
1801 2289 1887 2332 cicini!

1098 2347 1145 2376 est,
1164 2332 1287 2378 reputans
1306 2351 1358 2380 non
1371 2343 1439 2378 forte
1456 2344 1589 2380 paeniteret
1606 2352 1675 2377 eum,
1690 2344 1711 2370 si
1723 2343 1827 2370 vidisset
1840 2343 1889 2379 ad:

1097 2396 1198 2415 versum
1212 2396 1239 2415 se
1254 2386 1321 2415 bella
1343 2397 1509 2424 consurgere,
1526 2393 1550 2415 et
1566 2389 1738 2416 reverteretur
1760 2388 1787 2415 in
1802 2387 1889 2427 Egy—

1096 2439 1193 2469 ptum;
1216 2434 1262 2461 sed
1291 2435 1466 2461 circumduxit
1482 2443 1528 2471 per
1547 2434 1615 2461 viam
1628 2434 1733 2467 deserti,
1764 2441 1823 2469 qua:
1850 2437 1888 2471 est

1094 2480 1173 2515 juxta
1191 2474 1263 2507 mare
1281 2479 1409 2507 Rubrum.
1433 2481 1487 2517 (Er
1506 2479 1653 2515 liregorio.)
1673 2480 1723 2507 Hic
1735 2478 1889 2514 ostenditur

1099 2527 1187 2554 omnia
1200 2525 1257 2553 ﬁeri
1271 2526 1379 2559 debere,
1394 2534 1454 2561 quae
1477 2527 1591 2554 consilio
1606 2531 1677 2554 recte
1691 2525 1748 2553 ﬁeri
1762 2529 1886 2561 possunt,

1099 2574 1133 2602 ad
1147 2574 1271 2602 evitanda
1297 2582 1357 2611 qua:
1376 2575 1489 2602 adversa
1521 2579 1594 2606 sunt,
1619 2574 1701 2602 etiam
1727 2580 1788 2600 cum
1815 2571 1888 2599 Deus

1099 2620 1268 2656 apertissime
1281 2620 1386 2655 adjutor
1401 2624 1451 2649 est.
1469 2620 1544 2655 Saepe
1557 2620 1691 2651 conversi,
1718 2619 1763 2654 qui
1786 2618 1813 2654 in
1827 2618 1889 2654 ipso

1100 2666 1188 2694 adhuc
1212 2667 1286 2694 aditu
1309 2666 1488 2703 inchoatiouis
1512 2673 1567 2694 suae
1594 2665 1636 2693 vel
1661 2663 1887 2703 tranquillitatem

1099 2709 1299 2748 pacatissimam
1314 2712 1413 2744 carnis,
1437 2712 1478 2739 vel
1493 2712 1560 2739 dona
1579 2711 1738 2750 prephetiaz,
1762 2710 1888 2744 velpne-

1100 2758 1249 2786 dicamenta
1274 2757 1414 2789 doctrinm,
1442 2757 1483 2784 vel
1511 2758 1649 2792 signorum
1677 2755 1819 2786 miracula,
1844 2753 1887 2795 vel

1100 2805 1213 2840 gratiam
1227 2802 1374 2830 curationis
1392 2803 1544 2838 accipiunt:
1560 2807 1621 2839 post
1638 2802 1696 2830 hac
1708 2805 1796 2829 autem
1811 2800 1887 2828 duris

1098 2849 1275 2877 tentationum
1289 2848 1490 2883 probationibus
1514 2849 1669 2886 fatigantur,
1684 2854 1701 2874 a
1714 2846 1812 2883 quibus
1825 2850 1886 2874 ten-

1099 2895 1245 2925 tationibus
1261 2894 1349 2923 adhuc
1363 2901 1426 2923 cum
1454 2895 1615 2930 inciperent,
1637 2894 1716 2924 valde
1742 2892 1844 2921 liberos
1855 2898 1887 2920 se
