4020 6352
567 327 637 386 63

1197 336 1259 391 Β.
1301 336 1556 397 BABANI
1590 342 1808 400 MAURI
1842 344 2163 405 ARCHIEP.
2203 349 2515 411 MOGUNT.
2553 357 2840 419 OPERUM
2877 363 3055 425 PARS
3090 369 3133 426 Ι.

3742 386 3815 447 64

558 439 701 494 viam
729 440 922 499 salutis
946 445 1250 503 ostendere.
1285 449 1394 507 Sed
1423 454 1699 513 videamus
1719 460 1848 529 quid
1873 470 1995 532 post
2016 463 2132 519 haec
2156 464 2211 525 Α
2234 481 2388 536 super
2414 468 2542 538 ﬁliis
2574 471 2748 531 Israel
2773 494 2792 532 :
2829 478 3098 537 Coarctati
3137 493 3259 541 sunt
3286 486 3343 544 in
3366 496 3530 564 terra,
3558 499 3817 561 conclusit

558 528 756 564 Αςηςιιιν
787 530 851 564 ml
898 532 1111 564 Mm".--
1144 556 1158 564 .
1209 554 1325 564 -.-μ
1362 542 1445 564 ηε-
1709 549 1742 564 ,Α
1899 551 1931 564 ..
2058 555 2074 564 -
2383 561 2392 564 _

556 528 756 584 dicitur
784 530 852 585 ad
895 532 1158 605 Moysen:
1206 554 1328 609 qua:
1362 542 1450 597 via
1505 528 1816 618 przecipitur
1865 528 2129 622 eligenda.

552 619 785 689 Reversi,
836 624 1032 696 inquit,
1086 639 1526 691 eastrametentur
1552 655 1580 693 e
1621 643 1829 712 regione
1874 619 2133 701 Phihahi-

553 718 691 782 roth,
730 718 1028 790 etreliqua.
1066 721 1144 777 De
1174 722 1350 778 Ethan
1403 727 1601 798 quippe
1635 730 1864 789 Domino
1907 732 2131 802 iubente

552 811 757 866 reversi
780 810 874 866 ﬁlii
898 811 1084 879 Israel,
1136 820 1509 873 castrametati
1554 831 1681 877 sunt
1703 838 1733 877 e
1754 825 1982 909 regione
2002 827 2131 882 Phi-

552 896 831 969 hahirotb,
856 916 975 971 quae
1000 910 1086 959 est
1112 904 1257 960 inter
1306 907 1611 980 Magdalum
1652 922 1707 969 et
1735 929 1905 981 mare,
1936 896 2128 974 contra

546 985 905 1061 Beelsephon,
935 1002 1115 1050 castra
1143 1007 1409 1066 ponentes
1456 1018 1617 1074 super
1650 1021 1820 1063 mare.
1870 1009 2128 1067 Phihahi-

547 1084 690 1151 roth,
718 1102 777 1140 os
798 1087 1104 1145 nobiliumo:
1143 1092 1468 1178 Magdalum,
1518 1102 1681 1157 turris
1702 1117 1722 1155 :
1763 1104 2116 1178 Beelsephon,

543 1168 803 1229 Dominus
846 1177 1074 1248 aquilas.
1108 1181 1177 1237 Et
1202 1173 1341 1240 bene
1368 1195 1453 1242 est
1488 1196 1551 1244 ut
1595 1206 1691 1248 ore
1716 1168 1997 1253 doctorum
2039 1201 2122 1255 iu-

542 1268 804 1333 structus,
834 1271 1096 1327 ascendas
1148 1275 1344 1329 turrim
1384 1278 1668 1351 virtutum,
1701 1294 1755 1341 et
1806 1292 2119 1349 memineris

542 1350 643 1407 tibi
691 1364 880 1413 contra
929 1359 1217 1420 Dominum
1261 1369 1556 1438 aquilonis,
1611 1376 1667 1431 id
1718 1388 1801 1434 est
1845 1383 2114 1442 diabolum

539 1441 836 1514 principem
893 1449 1212 1522 inﬁdelium,
1285 1473 1501 1532 semper
1560 1480 1680 1522 esse
1740 1477 2110 1541 pugnandum.

536 1527 697 1586 Juxta
728 1536 890 1593 aliam
921 1549 1102 1599 autem
1126 1527 1419 1607 editionem
1439 1554 1515 1609 ita
1544 1527 1778 1629 legitur-z
1810 1527 1886 1618 De
1909 1566 2110 1637 Othon,

533 1618 730 1691 inquit,
761 1633 1033 1699 conversi,
1072 1635 1178 1691 iter
1210 1637 1375 1696 facite
1422 1644 1567 1700 inter
1597 1618 1922 1723 VEpauleum,
1950 1667 2006 1713 et
2031 1618 2113 1714 in:

530 1715 617 1763 ter
665 1712 992 1787 Magdalum,
1027 1726 1173 1793 quod
1219 1737 1305 1784 est
1352 1743 1541 1789 contra
1582 1712 1933 1813 Beelsephon’.
1983 1712 2109 1808 Hice

531 1810 713 1859 autem
763 1808 1196 1882 interpretantur
1250 1822 1547 1894 Epauleum
1591 1808 1808 1903 quidem
1860 1816 2183 1903 ascensioB

528 1898 774 1954 tortuosa
822 1916 839 1955 :
876 1902 1180 1992 Magdalum
1245 1917 1431 1974 turris.
1481 1898 1817 1997 Beelsephon
1860 1940 2107 1997 ascensio

523 1986 758 2053 speculae
782 1992 868 2048 vel
922 1985 1133 2057 habens
1161 2006 1457 2073 speculam.
1514 2013 1593 2069 Tu
1636 1985 1884 2080 fortassis
1919 2029 2105 2086 crede-

521 2072 624 2133 bas
648 2080 772 2149 quia
798 2083 903 2141 iter
928 2091 1073 2158 quod
1126 2072 1388 2156 Dominus
1415 2107 1651 2162 ostendit
1688 2111 1909 2180 planum
1958 2130 2104 2178 esset

843 2184 899 2233 et
946 2180 1080 2237 nihil
1124 2200 1347 2255 prorsus
1392 2193 1619 2252 haberet
1647 2200 1979 2266 difﬁcultatis
2007 2221 2101 2267 aut

518 2256 744 2320 laboris.
791 2267 1051 2329 Ascensio
1095 2286 1201 2346 est,
1256 2290 1311 2338 et
1360 2290 1610 2346 ascensio
1664 2301 1951 2356 tortuosa:
1989 2319 2097 2361 non

515 2350 661 2406 enim
687 2358 928 2417 proclive
972 2363 1079 2420 iter
1101 2376 1206 2436 est,
1236 2387 1345 2442 quo
1368 2380 1607 2436 tenditur
1628 2384 1697 2439 ad
1725 2387 1975 2457 virtutes,
2001 2397 2097 2452 sed

515 2446 845 2505 ascenditur.
875 2452 1013 2511 Audi
1048 2460 1211 2518 etiam
1266 2465 1552 2528 Dominum
1601 2475 1656 2532 in
1696 2478 1985 2555 Evangelio
2015 2489 2096 2544 di-

511 2544 764 2594 centem:
798 2541 971 2607 Quam
1005 2560 1155 2606 arcta
1200 2565 1248 2610 et
1277 2572 1501 2630 angusta
1548 2567 1634 2621 via
1672 2581 1771 2638 est,
1801 2541 1918 2645 qua:
1948 2578 2091 2635 ducit

509 2628 581 2681 ad
618 2629 773 2685 vitam
804 2632 1022 2704 (Matth.
1063 2642 1185 2717 vn).
1216 2645 1313 2703 Est
1350 2628 1487 2724 ergo
1519 2654 1626 2712 iter
1649 2628 1769 2729 quo,

510 2720 760 2777 ascensio
794 2731 1064 2798 tortuosa,
1093 2741 1149 2788 et
1198 2742 1446 2798 ascensio
1474 2749 1727 2818 speculae,
1761 2753 1847 2809 vel
1886 2756 2089 2817 habens

503 2811 799 2879 speculam.
837 2816 1099 2878 Ascensio
1153 2828 1222 2882 ad
1255 2840 1409 2889 actus
1462 2811 1723 2908 pertinet,
1774 2849 1990 2915 specula
2019 2852 2087 2908 ad

500 2900 683 2959 ﬁdem.
737 2906 986 2968 Ostendit
1041 2931 1173 2990 ergo
1222 2924 1351 2993 quia
1407 2900 1543 2985 et—in
1571 2900 2084 3001 actibus‘etvinmﬁde

499 2994 668 3051 multa
713 3007 798 3054 est
844 3002 1151 3076 diﬁicultas,
1193 3020 1249 3067 et
1281 3017 1486 3075 multus
1514 3021 1690 3080 labor.
1724 2994 2080 3091 Multteenim

498 3086 654 3142 nobis
689 3093 1018 3151 tentationes
1054 3113 1386 3162 occurrunt:
1428 3113 1601 3170 multa
1630 3117 1951 3178 olfendicula
1983 3140 2078 3182 vo-

494 3172 733 3233 lentibus
770 3194 931 3252 agere
968 3188 1215 3256 quaedam
1260 3204 1405 3252 sunt.
1447 3199 1585 3256 Tum
1637 3172 1951 3267 deindein“
1970 3172 2077 3272 ﬁde

494 3264 663 3321 multa
698 3267 943 3329 invenies
979 3282 1247 3351 tortuosa,
1284 3284 1545 3353 plurimas
1567 3299 1911 3369 quaestiones,
1939 3307 2077 3362 mul—

491 3369 577 3420 tas
612 3366 945 3437 obiectiones
984 3377 1384 3452 haereticorum,
1436 3392 1637 3450 multas
1685 3403 2073 3462 contradictio-

490 3471 590 3514 nes
623 3459 940 3523 inﬁdelium.
981 3468 1097 3528 Hoc
1159 3474 1265 3531 iter
1317 3483 1585 3552 agendum
1651 3496 1735 3545 est
1794 3498 2072 3565 sequenti-

487 3546 590 3605 bus
629 3550 837 3624 Deum;
878 3561 973 3617 sed
1009 3573 1095 3620 est
1130 3575 1185 3622 et
1219 3546 1386 3629 turris
1423 3573 1479 3630 in
1514 3577 1620 3634 hoc
1666 3546 1889 3642 itinere:
1940 3588 2070 3657 Quae

485 3647 570 3693 est
589 3641 693 3699 ista
717 3648 917 3705 turris?
935 3651 1033 3708 Illa
1054 3655 1311 3716 nimirum
1333 3679 1495 3734 quam
1519 3669 1654 3726 dixit
1675 3672 1730 3728 in
1752 3641 2064 3750 Evangelio.

483 3728 624 3788 Dicit
642 3736 841 3809 quippe
871 3757 884 3795 :
916 3739 1048 3809 Quis
1077 3757 1307 3806 vestrum
1331 3728 1509 3812 volens
1530 3763 1723 3816 turrim
1754 3728 2021 3837 wdiﬁzare
2045 3786 2065 3824 :

480 3835 651 3878 nonne
673 3829 824 3896 prius
858 3832 1055 3889 sedebit
1082 3846 1131 3892 et
1156 3845 1475 3913 computabit
1523 3861 1765 3922 sumptus
1784 3894 1799 3921 ,
1834 3829 1883 3911 si
1910 3859 2067 3916 habet

480 3914 619 4014 unde
646 3919 878 3987 perﬁciet
901 3922 1052 3995 (Luc.
1081 3929 1239 4002 xxv)?
1272 3933 1382 4006 [Ex
1408 3914 1664 4017 1sidoro.j
1686 3914 1796 4002 Ista
1819 3957 1904 4005 est
1931 3914 2063 4025 ergo

480 4002 668 4070 turris,
688 4008 845 4063 sedes
870 4015 1036 4068 ardua
1061 4026 1117 4071 et
1139 4002 1351 4080 excelsa
1373 4002 1662 4088 virtutum:
1690 4033 1811 4093 Jam
1843 4048 1957 4097 tum
1984 4002 2063 4100 ξι.

476 4089 635 4145 detur
654 4093 916 4154 Dominus
937 4110 1097 4158 nocte
1119 4105 1173 4160 in
1196 4110 1443 4169 columna
1471 4119 1629 4189 ignis,
1647 4134 1702 4178 et
1719 4140 1817 4195 per
1841 4130 1982 4186 diem
2003 4134 2059 4188 in

475 4181 727 4240 columna
755 4189 915 4246 nubis
942 4198 1253 4264 praecedens
1300 4181 1576 4277 populum,
1614 4181 1683 4268 tet

474 4269 705 4329 itineris.
753 4275 937 4336 Nubes
971 4283 1073 4338 ista
1100 4269 1411 4356 praecedens

1728 4217 1836 4273 dux
1882 4220 2058 4280 factus

1459 4296 1709 4359 Christus
1757 4316 1860 4363 est.
1908 4310 2056 4367 Idem

2233 574 2321 613 eos
2357 561 2659 622 desertum:
2694 578 2742 623 et
2771 571 3029 629 indurabo
3061 594 3153 632 cor
3195 580 3334 651 ejus,
3382 596 3433 640 et
3477 605 3818 665 persequetur

2233 640 2414 718 vos,et
2442 656 2668 727 reliqua.
2698 659 2813 718 Non
2843 666 2990 721 enim
3020 668 3125 723 iter
3150 640 3274 728 vitae
3299 675 3418 732 sine
3446 640 3815 747 tentationum

2229 737 2483 801 ﬂuctibus
2534 748 2733 818 agitur,
2777 754 2919 810 sicut
2947 756 3241 828 Apostolus
3267 765 3400 823 dicit
3439 787 3453 824 :
3487 737 3813 851 Omnes—qui

2229 832 2405 888 volunt
2431 837 2514 907 pie
2543 840 2711 895 vivere
2735 844 2792 897 in
2823 844 3052 916 Christo,
3097 859 3506 923 persecutionem
3533 832 3813 935 patiuniur

2229 921 2317 992 (ΙΙ
2353 923 2487 980 Tim.
2522 928 2628 999 ιιι).
2666 930 2927 992 ίΕειίιιιίιι
2975 921 3190 999 Pharao
3234 961 3358 1003 cum
3399 921 3597 1023 ingerit
3622 921 3809 1027 perse-

2226 1014 2471 1072 cutiones
2491 1026 2547 1073 et
2569 1032 2809 1079 coarctat
2837 1027 3295 1102 tribulationibus,
3323 1014 3602 1109 quodvcito
3622 1014 3811 1117 possit

2223 1108 2541 1166 subvertere
2569 1127 2601 1166 a
2631 1113 2735 1171 ﬁde
2767 1116 3134 1180 Christianum
3171 1146 3183 1180 ε
3216 1131 3310 1186 sed
3339 1133 3385 1187 si
3424 1108 3650 1208 Moysen
3676 1182 3694 1209 ,
3753 1145 3808 1200 id

2222 1206 2305 1253 est
2332 1199 2506 1271 legem
2553 1203 2672 1273 Dei,
2713 1222 2945 1279 sequens
2974 1229 3104 1284 agas
3136 1217 3239 1275 hoc
3268 1222 3393 1290 iter,
3420 1199 3716 1299 Egyptiu’s
3752 1199 3805 1290 te

2220 1290 2437 1358 quidem
2482 1298 2826 1365 persequitur
2875 1310 2931 1357 et
2979 1304 3297 1364 insectatur.
3355 1311 3463 1369 Sed
3496 1290 3636 1374 Vvide
3672 1322 3804 1391 quid

2219 1380 2332 1437 ﬁat.
2362 1383 2570 1441 Levavit
2604 1406 2693 1455 se,
2723 1391 2917 1462 inquit,
2952 1399 3169 1468 angelus
3212 1402 3445 1472 Domini,
3474 1410 3565 1479 qui
3593 1380 3804 1470 antece-

2216 1469 2367 1527 debat
2397 1484 2569 1529 castra
2595 1476 2852 1546 Israel,et
2882 1486 3008 1539 abiit
3031 1499 3148 1559 post
3174 1491 3327 1547 illos:
3351 1505 3398 1549 et
3569 1517 3631 1555 eo
3652 1505 3802 1572 pari-

2214 1570 2294 1617 ter
2318 1565 2562 1623 columna
2590 1573 2766 1641 nubis,
2790 1577 2967 1645 priora
2979 1578 3259 1649 dimittens,
3283 1597 3399 1656 post
3428 1599 3632 1661 tergum
3652 1565 3799 1651 stetit

2212 1655 2544 1715 inter'castra
2564 1662 2939 1735 1Egyptiorum
2968 1680 3017 1726 et
3030 1655 3418 1734 Israelitarum.
3437 1655 3563 1739 Haec
3587 1685 3798 1743 colum-

2212 1763 2281 1801 na
2308 1752 2469 1806 nubis
2514 1756 2712 1825 populo
2737 1760 2953 1829 quidem
2996 1764 3093 1821 Dei
3118 1767 3351 1827 eﬁicitur
3376 1790 3588 1844 murus,
3617 1778 3793 1852 Egy—

2209 1838 2338 1908 ptiis
2374 1857 2504 1897 vero
2538 1846 2925 1907 obscuritatem
2980 1854 3209 1927 imponit
3260 1869 3317 1917 et
3349 1838 3622 1924 tenebras.
3670 1838 3793 1928 lion

2208 1932 2354 1985 enim
2386 1933 2713 1993 transfertur
2741 1940 2992 1999 columna
3026 1946 3169 2019 ignis
3188 1953 3256 2007 ad
3285 1951 3591 2026 Egyptios,
3623 1968 3686 2015 ut
3716 1960 3795 2016 vi-

2206 2021 2369 2077 deant
2421 2024 2627 2095 lucem;
2686 2031 2783 2087 sed
2834 2035 2891 2089 in
2936 2038 3181 2096 tenebris
3233 2021 3597 2115 permanent,
3658 2051 3791 2121 quia

2204 2111 2510 2170 dilexerunt
2539 2119 2711 2191 magis
2739 2125 2990 2183 tenebras
3030 2145 3192 2201 quam
3225 2111 3420 2191 lucem.
3453 2137 3521 2192 Et
3546 2111 3603 2193 tu
3630 2111 3786 2212 ergo,

2202 2202 2247 2256 si
2276 2204 2342 2259 ab
2376 2205 2647 2279 Egyptiis
2698 2215 2946 2283 recedas,
2984 2228 3312 2290 potestatem
3351 2227 3656 2285 dtemonum
3693 2202 3786 2288 fu;

2199 2293 2337 2362 gias,
2362 2296 2486 2353 vide
2508 2308 2710 2369 quanta
2740 2303 2841 2359 tibi
2868 2306 3129 2366 divinitus
3156 2325 3532 2385 prreparantur
3554 2320 3781 2389 auxilia,

2196 2384 2321 2440 vide
2349 2390 2567 2458 quantis
2594 2391 2936 2461 adiutoribus
2963 2400 3136 2458 uteris
3161 2421 3175 2457 :
3218 2384 3429 2461 tantum
3455 2417 3540 2464 est
3566 2419 3627 2466 ut
3653 2426 3783 2482 per-

2193 2490 2417 2535 maneas
2444 2479 2603 2538 fortis
2632 2483 2687 2538 in
2714 2485 2842 2553 ﬁde,
2888 2504 2991 2545 nec
3019 2498 3074 2546 te
3098 2490 3476 2565 Egyptiorum
3503 2479 3785 2570 equitatus

2192 2574 2247 2621 et
2297 2571 2686 2641 quadrigarum
2717 2575 2949 2635 formido
2976 2591 3316 2654 perterreat;
3366 2606 3470 2647 nec
3513 2593 3783 2655 reclames

2189 2666 2380 2714 contra
2435 2660 2687 2734 Moysen,
2725 2667 2828 2723 hoc
2863 2679 2947 2725 est
2972 2671 3146 2743 legem
3171 2676 3311 2744 Dei,
3350 2687 3406 2734 et
3440 2680 3592 2739 dicas
3636 2687 3781 2744 sicut

2188 2750 2409 2819 quidam
2448 2767 2515 2807 ex
2544 2753 2649 2810 illis
2677 2757 2973 2817 dixerunt:
3008 2761 3280 2836 Tanquam
3325 2787 3433 2827 non
3483 2785 3655 2831 essent
3694 2796 3780 2834 se-

2185 2842 2370 2913 pulcra
2402 2845 2459 2899 in
2487 2846 2741 2919 Egypto,
2777 2852 2853 2905 ita
2877 2852 3106 2911 eduxisti
3132 2875 3247 2928 nos,
3281 2871 3339 2916 ut
3368 2865 3424 2918 in
3449 2866 3652 2923 deserto
3674 2870 3777 2926 hoc

2184 2933 2495 2990 moriamur.
2534 2936 2727 2994 Melius
2751 2941 2927 3011 fuerat
2959 2962 3053 3002 nos
3082 2951 3275 3007 servire
3313 2954 3582 3029 xquptiis
3612 2978 3775 3032 quam

2181 3026 2317 3078 mori
2364 3026 2420 3080 in
2464 3027 2668 3085 deserto
2700 3031 2818 3088 hoc.
2866 3033 2996 3093 Haec
3025 3036 3329 3099 fatiscentis
3381 3026 3772 3110 intentatione

2182 3115 2349 3171 animi
2379 3120 2543 3175 verba
2590 3130 2738 3178 sunt.
2788 3123 2896 3182 Sed
2939 3130 3061 3199 quis
3098 3132 3175 3188 ita
3202 3134 3397 3193 beatus
3424 3148 3509 3195 est
3542 3143 3635 3211 qui
3683 3144 3770 3200 sic

2180 3209 2546 3267 tentationum
2573 3215 2787 3284 pondus
2814 3221 3069 3289 expediat
3095 3264 3111 3290 ,
3158 3234 3220 3281 ut
3270 3228 3418 3285 nulla
3452 3209 3576 3301 eius
3595 3239 3767 3293 menti

2178 3301 2437 3370 cogitatio
2479 3306 2852 3378 ambiguitatis
2919 3311 3188 3385 obrepat?
3233 3318 3369 3376 Vide
3434 3340 3628 3397 magno
3685 3328 3765 3384 illi

2173 3390 2434 3453 Ecclesia:
2479 3397 2830 3458 fundamento
2876 3413 2933 3460 et
2968 3415 3138 3477 petrae
3184 3390 3550 3484 solidissima:
3597 3435 3766 3492 super

2174 3501 2339 3557 quam
2379 3488 2628 3548 Christus
2666 3492 2919 3552 fundavit
2957 3498 3280 3573 Ecclesiam,
3308 3507 3440 3577 quid
3467 3488 3682 3567 dicatur
3726 3528 3762 3570 a

2171 3575 2403 3635 Domino
2455 3599 2468 3636 :
2517 3580 2746 3640 Modica:
2777 3626 2792 3653 ,
2844 3587 3056 3659 inquit,
3105 3590 3250 3660 ﬁdei,
3300 3575 3466 3667 quare
3504 3599 3759 3659 dubitasti

2172 3666 2386 3738 (Matth.
2435 3671 2601 3746 xxv)?
2633 3675 2835 3732 Verum
2881 3687 3065 3735 tamen
3100 3684 3229 3754 quia
3273 3666 3501 3756 dicunt,
3560 3690 3758 3748 Melius

2167 3758 2343 3829 fuerat
2386 3778 2481 3818 nos
2517 3766 2712 3820 servire
2757 3767 3025 3844 ﬁgyptiis
3052 3790 3213 3845 quam
3243 3779 3380 3833 mori
3428 3782 3484 3835 in
3532 3798 3705 3838 eremo
3733 3825 3752 3853 ,

2169 3851 2485 3910 tentationis
2510 3863 2566 3912 et
2611 3854 2925 3930 fragilitatis
2962 3863 3081 3918 haec
3109 3866 3275 3922 verba
3313 3876 3479 3936 sunt,
3510 3851 3754 3944 alioquin

2163 3940 2360 3999 falsum
2388 3952 2475 4001 est
2499 3985 2516 4013 ,
2550 3944 2707 4018 longe
2729 3949 2879 4004 enim
2922 3953 3116 4010 melius
3135 3963 3221 4011 est
3258 3956 3316 4012 in
3365 3973 3549 4017 eremo
3583 3963 3750 4032 mori,

2162 4049 2324 4106 quam
2348 4037 2555 4093 servire
2575 4036 2868 4111 Egyptiis.
2893 4040 2995 4110 Qui
3037 4046 3181 4101 enim
3200 4047 3258 4102 in
3285 4064 3466 4107 eremo
3491 4055 3747 4125 moritur,

2161 4125 2267 4182 hoc
2291 4128 2409 4197 ipso
2428 4129 2575 4198 quod
2608 4139 2891 4200 separatus
2917 4142 3002 4191 est
3024 4137 3092 4193 ab
3119 4136 3393 4211 Egyptiis
3416 4151 3474 4199 et
3498 4144 3750 4205 discessit

2159 4234 2193 4274 a
2246 4222 2553 4277 rectoribus
2592 4224 2940 4282 tenebrarum
2980 4237 3037 4285 et
3070 4230 3138 4286 de
3174 4240 3443 4303 potestate
3482 4235 3699 4296 Satanae
3724 4281 3742 4308 ,

2158 4308 2351 4365 habuit
2402 4312 2638 4383 aliquem
2692 4316 2998 4385 profectum
3026 4359 3045 4387 ,
3081 4321 3293 4379 etiamsi
3351 4325 3421 4381 ad
3470 4325 3743 4401 integrum

471 4363 636 4419 etiam
674 4365 923 4426 columna
946 4414 964 4441 ,
1009 4376 1135 4445 quia
1166 4390 1348 4440 rectus
1374 4394 1429 4441 et
1461 4386 1679 4461 ﬁrmus,
1732 4405 1789 4451 et
1824 4397 2054 4462 fulciens

472 4452 717 4476 an“.--
737 4468 749 4476 .

2310 4363 2345 4365 η
2407 4363 2638 4383 μηηῇ
2693 4363 2806 4385 r--.

2193 4402 2442 4459 ervenire
2467 4420 2574 4459 non
2609 4408 2806 4476 potuit.

471 4452 842 4517 inﬁrmitatem
881 4476 1158 4539 nostram;
1190 4488 1288 4543 per
1314 4487 1527 4535 noctem
1555 4482 1758 4550 lucens,
1788 4505 1889 4560 per
1910 4494 2050 4552 diem
2076 4521 2087 4582 1

471 4561 576 4582 nnn
606 4549 791 4582 hum..."
822 4572 835 4582 .
880 4567 938 4582 ..ι
994 4562 1078 4582 ---ε
1111 4581 1136 4582 η
1159 4580 1171 4582 _
1280 4567 1291 4579 .
1315 4568 1329 4582 .
1410 4578 1420 4582 _
1533 4573 1545 4582 .
1568 4575 1582 4582 -

2204 4452 2419 4550 iMelius
2448 4505 2531 4553 est
2565 4452 2710 4553 enrim
2746 4500 3043 4571 perfectam
3065 4504 3234 4562 vitam
3265 4509 3529 4578 quaerenti
3558 4510 3617 4567 in
3647 4511 3740 4569 iti-

470 4561 579 4602 non
606 4549 794 4609 lucens
822 4572 845 4609 ι
880 4567 942 4613 ut
988 4562 1081 4630 qui
1110 4580 1219 4620 non
1238 4567 1425 4624 vident
1449 4612 1465 4638 ,
1494 4573 1742 4645 videant;
1768 4591 1825 4638 et
1848 4586 1941 4654 qui
1968 4589 2050 4643 vi-

468 4636 596 4691 dent
618 4678 633 4705 ,
664 4644 793 4698 caeci
826 4644 977 4702 ﬁant.
1009 4651 1195 4710 Potest
1221 4658 1387 4714 etiam
1416 4677 1523 4717 non
1556 4664 1852 4741 incongrue
1876 4677 2050 4750 accipi

468 4723 669 4750 Ωιι-ξμς
700 4747 743 4750 --
773 4749 776 4750 ν
996 4748 1002 4750 -

1719 4723 1771 4741 υ-
1790 4723 1850 4729 *ν
1877 4723 2043 4750 “““’“¹Ί¹¹

466 4723 672 4785 Christi
695 4747 1125 4809 sacramentum,
1152 4753 1407 4818 tanquam
1430 4752 1484 4807 in
1517 4761 1728 4816 terrore
1756 4773 2043 4835 nocturno,

464 4824 590 4892 quia
647 4834 775 4885 tunc
820 4834 923 4888 erit
976 4852 1173 4909 magna
1237 4845 1513 4905 tribulatio
1558 4855 1741 4910 seaculi

2154 4600 2285 4640 nere
2324 4587 2498 4654 mori,
2540 4604 2703 4659 quam
2740 4605 2809 4646 ne
2845 4594 3120 4663 proﬁcisci
3165 4597 3381 4667 quidem
3435 4598 3505 4655 ad
3549 4600 3735 4671 perfe-

2152 4675 2390 4732 ctionem
2428 4682 2796 4749 quaerendam.

2223 4766 2377 4823 Unde
2410 4776 2465 4825 et
2492 4784 2683 4826 eorum
2710 4772 2822 4828 falli
2845 4774 3060 4831 videtur
3079 4777 3262 4847 opinio
3290 4780 3382 4849 qui
3405 4781 3533 4837 dum
3565 4782 3732 4841 nimis

1782 4865 2042 4931 tanquam
2149 4859 2377 4914 arduum
2407 4860 2514 4916 iter
2536 4862 2756 4919 virtutis
2780 4875 3096 4936 exponunt,
3123 4870 3358 4940 dumque
3386 4872 3583 4929 multas
3608 4875 3731 4946 eius

1924 4912 2042 4919 _-__
2551 4912 2754 4919 .-ηπ-
2784 4912 3058 4936 “Tum...
3079 4912 3096 4934 ,
3124 4912 3357 4940 ..ι-...νυ
3386 4912 3583 4929 ,ιιι-...ιο
3608 4912 3727 4946 tgna

463 4912 623 4983 ignis,
673 4927 729 4971 et
756 4919 957 4979 lucebit
994 4925 1181 4997 iustis,
1215 4941 1269 4988 et
1296 4938 1506 4995 ardebit
1536 4943 1772 5013 injustis.
1803 4912 2040 5008 Ruisum
2146 4949 2487 5008 difﬁcultates
2513 4954 2790 5026 multaque
2818 4959 3054 5028 pericula
3081 4969 3138 5018 et
3164 4961 3346 5033 lapsus
3379 4977 3727 5039 enumerant,

463 5004 526 5039 rh)
556 5004 656 5039 lum
703 5011 945 5039 1min".--
976 5017 1107 5039 2....2,
1154 5030 1192 5039 ,.
1304 5026 1317 5039 .
1343 5028 1353 5039 .
1482 5033 1495 5039 -
1545 5033 1595 5039 .-.
1631 5036 1641 5039 _

1930 5004 2040 5008 ~~—-
2158 5004 2162 5005 ν
2272 5004 2278 5005 κ
2514 5004 2790 5026 "wn—1"
2818 5004 3054 5028 τν--ν---ι
3081 5004 3138 5018 ν.
3164 5004 3346 5033 ...ιω-..τ
3380 5004 3721 5039 manuum“,

460 5004 526 5058 de
556 5004 657 5060 hac
702 5011 948 5069 columna
975 5017 1113 5088 ignis
1142 5030 1198 5076 et
1226 5026 1386 5083 nubis
1415 5004 1606 5088 subtili
1628 5036 2042 5111 investigatione
2142 5056 2211 5095 ne
2250 5041 2541 5098 ineundum
2573 5046 2789 5115 quidem
2818 5047 2873 5104 id
2909 5059 3004 5106 aut
3047 5051 3411 5122 incipiendum
3449 5053 3721 5124 iudicant.

460 5090 758 5124 r‘hannonnm
808 5103 977 5124 :_._no
1022 5108 1033 5120 .
1114 5119 1124 5124 ,
1203 5113 1236 5124 ..

457 5090 760 5153 discussum
808 5103 1035 5178 intelligi
1075 5119 1131 5164 et
1169 5113 1324 5172 aliter
1370 5131 1569 5190 potest.
1611 5127 1752 5194 Quid

1785 5141 1871 5187 est
1908 5150 2037 5206 ergo
2142 5129 2249 5187 Sed
2273 5133 2445 5188 multo
2473 5136 2666 5194 melius
2694 5146 2815 5209 est,
2851 5157 2922 5198 ne
2949 5143 3005 5198 in
3036 5144 3141 5200 hoc
3178 5145 3375 5203 itinere
3415 5147 3501 5203 vel
3533 5149 3675 5204 mori
3699 5189 3721 5219 ,

455 5189 599 5255 (ιιιοά
643 5190 890 5249 COlumna
928 5202 1123 5271 nubis,
1168 5222 1289 5277 quae
1314 5189 1584 5273 inrcrcmo
1610 5189 1837 5290 praeibat
1863 5189 2036 5297 popu-

455 5272 562 5309 ι.....
618 5279 1057 5309 ηαλμ---
1234 5301 1245 5309 .
1332 5302 1365 5309 -.
1534 5307 1547 5309 _

2543 5189 2549 5190 ,
2585 5189 2663 5194 ἡ
2699 5189 2777 5196 τ--
2800 5189 2815 5209 ,
2851 5189 2920 5198 ,η
2950 5189 3005 5198 .._
3036 5189 3140 5200 _--
3179 5189 3375 5203 .-.μνη
3427 5189 3501 5203 ....
3533 5189 3675 5204 ...νη
3699 5189 3720 5219 ,

2222 5223 2296 5276 ita
2331 5240 2555 5283 necesse
2582 5238 2687 5297 est,
2718 5247 2883 5302 quam
2911 5233 3055 5289 inter
3084 5234 3364 5308 IEgyptios
3392 5252 3720 5309 permanen-

1184 5272 1203 5277 ...
1562 5272 1571 5273 ί
1610 5272 1636 5290 ι’
1653 5272 1837 5281 “"""'
1863 5272 2006 5297 rvr“

454 5272 585 5345 lum,
617 5279 901 5352 splendore
928 5289 1069 5359 ignis
1095 5311 1203 5352 non
1232 5301 1286 5355 in
1315 5302 1423 5370 die,
1455 5307 1549 5361 sed
1586 5309 1641 5364 in
1670 5322 1831 5369 nocte
1854 5317 2036 5373 radia-

451 5367 545 5424 bat
573 5412 589 5437 ,
640 5375 745 5430 nisi
776 5378 901 5447 quia
940 5381 1270 5459 Redemptor
1318 5404 1505 5451 noster
1535 5439 1550 5463 ,
1590 5416 1700 5457 suae
1736 5418 2029 5464 conversa-

451 5464 614 5523 tionis
645 5473 891 5543 exemplo
935 5477 1189 5536 ducatum
1239 5491 1590 5555 sequentibus
1632 5510 1690 5548 se
1715 5508 1982 5566 praestans
2010 5543 2026 5568 ,

451 5553 516 5608 de
535 5554 744 5623 iustitia
772 5581 869 5621 sua
897 5569 1294 5632 conﬁdentibus
1317 5553 1463 5636 nulla
1492 5584 1609 5639 luce
1637 5588 1852 5657 claruit,
1900 5608 2029 5662 pec-

449 5655 691 5706 catorum
723 5672 939 5716 suorum
973 5667 1225 5724 tenebras
1271 5678 1689 5741 agnoscentibus
1744 5681 1894 5753 ignes
1942 5689 2024 5743 sui

2137 5321 2248 5370 tem
2276 5320 2480 5387 necari,
2509 5328 2565 5377 et
2587 5322 2742 5380 falsis
2772 5333 2935 5394 atque
2964 5329 3166 5385 amaris
3192 5329 3445 5388 ﬁuctibus
3465 5331 3643 5389 obrui.

2755 5437 2987 5496 CAPUT
3021 5440 3110 5497 ΙΙΙ.

2129 5520 2208 5576 De
2248 5526 2475 5599 transitu
2529 5524 2762 5595 ﬁliorum
2825 5529 2996 5585 Israel
3038 5533 3108 5587 ad
3144 5551 3290 5589 mare
3347 5534 3611 5599 Rubrum,
3657 5542 3710 5591 et

2390 5596 2763 5666 {Egyptiorum
2793 5602 3138 5670 su/foeatione
3165 5606 3219 5658 in
3254 5606 3424 5676 aquis.

2158 5666 2177 5678 ”
2198 5685 2268 5739 Ετ
2297 5688 2371 5740 ait
2397 5687 2601 5757 Moyses
2623 5690 2693 5744 ad
2718 5666 2966 5763 populum
2988 5711 3007 5749 :
3042 5695 3220 5752 Nolite
3260 5700 3475 5763 timere;
3503 5705 3637 5752 state
3656 5706 3706 5752 et

445 5742 650 5799 amoris
697 5744 945 5811 iufulsit?
973 5755 1232 5830 Sequitur
1255 5781 1271 5820 :
1300 5764 1658 5839 Dicturusque
1687 5742 1792 5831 estV
1803 5773 2022 5838 Pharao
2124 5780 2290 5837 videte
2313 5780 2581 5853 magnalia
2608 5784 2821 5841 Domini
2840 5803 2956 5859 qua?
2977 5785 3215 5858 facturus
3238 5797 3314 5845 est
3336 5789 3511 5845 hodie.
3534 5788 3706 5863 digg-
