4020 6352
239 387 309 446 65
1203 371 1708 434 COMMENTARIA
1745 369 1815 426 IN
1853 364 2168 426 EXODUM.
2207 393 2275 406 —
2313 361 2443 420 LIB.
2484 362 2548 416 II.
3434 366 3505 422 66

235 508 370 578 ptios
419 503 596 569 enim,
636 517 767 573 quos
822 513 959 555 nunc
1005 497 1211 566 videtis,
1294 506 1624 565 nequaquam
1677 487 1821 540 ιιιινα
1848 478 2366 578 Δίη-Ρνοίωξάαζην
2402 485 2456 530 ei
2487 475 2714 578 reliqui}-
2770 473 2983 578 Riaum
3019 481 3118 578 ,θεῖ
3162 490 3323 578 διιῆξὲ
3351 479 3504 578 filioli

236 577 472 653 videbitis
518 611 682 666 usque
731 595 787 648 in
847 591 1260 662 sempiternum,
1293 595 1398 642 etc.
1431 580 1630 654 (Exod.
1680 577 1814 647 xlv).

236 687 346 762 [Ex
401 683 744 758 Augustino.]
794 681 1077 751 Quomodo
1133 675 1448 748 accipienda
1507 680 1635 730 sunt
1705 669 1820 723 haec

231 785 424 849 verba,
453 796 580 838 cum
607 779 846 835 viderint
875 785 1069 850 postea
1093 773 1352 830 Israelitce
1391 764 1720 840 ,Ἑωριὶοεῖ
1749 778 1819 817 an

229 877 357 949 quia
387 875 499 940 isti,
529 873 622 945 qui
649 882 776 927 tunc
804 871 1098 933 videbant,
1150 882 1259 921 non
1307 878 1402 919 eos
1440 858 1668 915 ulterius
1708 869 1818 909 non

229 968 526 1032 viderunt,
575 963 704 1034 quia
732 971 786 1016 et
816 960 894 1015 illi
921 968 1047 1016 sunt
1093 955 1341 1020 mortui,
1381 952 1474 1024 qui
1522 961 1818 1016 conseque-

225 1059 430 1114 bantur
460 1073 475 1112 :
503 1066 560 1114 et
583 1058 671 1113 isti
699 1070 910 1122 omnes,
942 1052 1316 1123 unusquisque
1338 1047 1427 1102 die
1451 1043 1645 1101 mortis
1668 1039 1817 1097 suze?

222 1149 366 1206 Nam
394 1151 596 1222 posteri
639 1164 831 1205 eorum
877 1147 1134 1202 viderunt
1159 1150 1408 1214 posteros
1440 1137 1676 1193 illorum.
1703 1133 1816 1188 An-

221 1258 336 1298 non
381 1258 478 1299 eos
515 1242 772 1298 videbitis
815 1241 960 1295 sicut
993 1236 1156 1293 hodie
1187 1276 1202 1302 ,
1254 1228 1662 1299 intelligendum
1692 1224 1815 1281 est?

219 1335 346 1390 Non
398 1335 544 1391 sicut
597 1333 761 1388 hodie
795 1335 1186 1401 persequentes
1240 1323 1510 1388 inimicos,
1563 1327 1619 1374 et
1665 1324 1815 1372 tanto

214 1434 349 1496 post
395 1441 495 1482 vos
543 1425 757 1496 agmine
805 1423 1110 1485 venientes,
1160 1426 1221 1472 ut
1277 1415 1500 1471 omnino
1552 1410 1703 1466 nulla
1743 1409 1816 1464 sit

215 1517 476 1587 quzestio,
508 1531 610 1572 nec
630 1516 698 1570 de
724 1522 929 1570 aeterno
977 1521 1223 1582 tempore
1261 1507 1407 1578 quod
1449 1506 1542 1560 hic
1581 1501 1770 1574 posuit
1799 1539 1816 1566 ,

212 1607 351 1678 quia
378 1615 435 1664 et
457 1607 504 1662 si
526 1606 789 1662 videbunt
808 1620 869 1661 se
893 1604 1078 1674 utique
1100 1611 1349 1672 tempore
1370 1592 1815 1658 resurrectionis,

210 1715 330 1755 non
359 1699 438 1754 sic
461 1698 721 1755 videbunt
741 1697 930 1766 utique
956 1702 1020 1748 ut
1052 1693 1235 1748 hodie.
1264 1689 1374 1760 (Ea:
1401 1683 1673 1757 Origene.)
1708 1681 1815 1737 Sed

209 1791 442 1845 interim
501 1790 707 1845 clamat
765 1786 980 1857 Moyses
1043 1784 1110 1838 ad
1161 1781 1474 1838 Dominum.
1531 1773 1812 1844 Quomodo
1840 1812 1890 1874 Β

206 1878 463 1933 clamat?
491 1878 651 1932 Nulla
676 1875 794 1946 ejus
821 1891 929 1931 vox
960 1874 1216 1930 clamoris
1256 1871 1476 1926 auditur
1498 1908 1513 1932 ,
1545 1874 1600 1922 et
1630 1874 1814 1920 tamen

205 1968 353 2022 dicit
381 1967 454 2021 ad
481 1982 609 2021 eum
633 1967 776 2021 Deus
802 1983 815 2019 :
849 1964 990 2030 Quid
1012 1963 1211 2016 clamas
1232 1959 1302 2014 ad
1323 1975 1404 2014 me
1427 1959 1452 2011 f’
1476 1956 1651 2012 Velim
1674 1955 1816 2010 scire

203 2056 499 2126 quomodo
545 2054 718 2110 sancti
761 2054 878 2110 sine
927 2067 1058 2107 voce
1106 2051 1344 2106 clamant
1402 2048 1470 2103 ad
1502 2047 1812 2102 Dominum.

202 2148 514 2220 Apostolus
539 2147 698 2202 docet
723 2143 924 2218 (Galat.
953 2144 1027 2216 ιν)
1049 2184 1064 2210 ,
1087 2143 1216 2213 quia
1241 2142 1383 2196 Deus
1407 2140 1550 2194 dedit
1571 2139 1816 2208 spiritum

203 2238 352 2294 Filii
375 2241 462 2294 sui
486 2241 543 2294 in
571 2237 816 2293 cordibus
841 2237 1056 2300 nostris,
1084 2234 1424 2298 clamantem,
1453 2229 1600 2285 Abba
1629 2228 1812 2282 Pater.

202 2330 274 2388 Et
304 2331 524 2386 addidit
554 2349 567 2385 :
603 2329 725 2399 Ipse
751 2327 982 2398 Spiritus
1011 2323 1310 2395 interpellat
1359 2339 1453 2393 pro
1481 2321 1626 2374 nobis
1647 2318 1815 2390 gemi-

202 2421 355 2476 tibus
407 2417 870 2475 inenarrabilibus.
921 2417 986 2472 Et
1035 2416 1236 2470 iterum
1291 2413 1472 2484 (Rom.
1520 2410 1638 2483 vm)
1666 2429 1678 2464 :
1711 2408 1817 2475 Qui

203 2520 396 2567 autem
434 2517 706 2564 scrutatur
743 2507 906 2561 corda
938 2547 953 2573 ,
985 2505 1082 2560 scit
1112 2505 1239 2574 quid
1262 2502 1530 2556 desiderat
1561 2500 1813 2571 Spiritus,

204 2603 338 2673 quia
373 2600 662 2655 secundum
694 2598 862 2653 Deum
909 2596 1139 2668 postulat
1177 2612 1272 2665 pro
1304 2594 1518 2648 sanctis.
1555 2591 1646 2646 Sic
1686 2605 1816 2661 ergo

208 2691 601 2764 interpellante
625 2687 832 2761 Spiritu
863 2697 1052 2744 sancto
1082 2687 1226 2757 apud
1255 2685 1422 2740 Deum
1457 2724 1471 2748 ,
1508 2698 1607 2753 per
1645 2681 1813 2736 silen-

208 2785 354 2842 tium
400 2791 714 2839 sanctorum
755 2783 962 2837 clamor
998 2781 1238 2835 auditur.
1280 2779 1347 2834 Et
1372 2778 1501 2849 quid
1526 2784 1648 2846 post
1674 2777 1816 2831 hoc?

204 2875 447 2932 Jubetur
471 2874 684 2946 Moyses
708 2875 864 2944 virga
884 2882 1172 2944 percutere
1198 2887 1370 2937 mare,
1398 2879 1460 2925 ut
1486 2868 1816 2941 ingredienti

206 2968 418 3040 populo
447 2967 544 3023 Dei
575 2967 824 3023 dehiscat
867 2975 923 3021 et
966 2966 1164 3031 cedat,
1209 2980 1273 3020 ac
1313 2963 1583 3019 voluntati
1622 2962 1816 3016 divinae

206 3059 611 3114 elementorum
671 3054 1004 3111 famulentur
1033 3054 1295 3123 obsequia
1322 3094 1336 3119 ,
1391 3060 1447 3107 et
1497 3067 1651 3122 aquae
1695 3066 1814 3122 quae

211 3151 592 3216 timebantur,
625 3150 816 3204 dextra
845 3147 1088 3217 laevaque
1122 3145 1342 3201 famulis
1370 3145 1463 3201 Dei
1495 3160 1686 3200 murus
1731 3141 1812 3200 ef-

207 3241 390 3307 fectae,
417 3257 527 3295 non
558 3239 733 3295 solum
760 3237 1062 3308 perniciem
1090 3237 1370 3302 nesciant,
1399 3237 1494 3291 sed
1527 3245 1583 3291 et
1632 3235 1811 3289 muni-

208 3349 336 3388 men
351 3332 671 3388 exhibeant.
688 3329 1231 3402 SequiturzCumque
1262 3328 1574 3384 extendisset
1603 3327 1810 3398 Moyses

209 3437 433 3475 manum
469 3437 626 3491 super
668 3436 814 3474 mare
837 3460 852 3486 ,
891 3419 1106 3473 abstulit
1137 3419 1274 3473 illud
1303 3419 1562 3473 Dominus
1584 3459 1598 3483 ,
1648 3420 1810 3488 ﬂante

210 3522 362 3569 vento
392 3511 680 3567 vehementi
719 3521 767 3565 et
797 3511 971 3566 urenti
999 3520 1110 3564 tota
1139 3520 1309 3576 nocte,
1338 3520 1387 3564 et
1414 3511 1564 3564 vertit
1606 3509 1661 3562 in
1705 3510 1810 3564 sic-

210 3617 353 3669 cum,
381 3611 491 3658 etc.
527 3600 668 3669 Quid
707 3608 791 3657 est
819 3600 1037 3671 Moysen
1075 3615 1298 3655 manum
1326 3600 1622 3656 extendere
1647 3615 1810 3669 super

212 3709 391 3761 mare,
420 3693 528 3748 nisi
559 3693 730 3749 solam
759 3692 934 3764 legem
963 3708 1064 3764 per
1103 3691 1441 3763 Scripturam
1471 3693 1812 3748 demonstra-

215 3799 292 3849 re,
329 3785 386 3838 in
419 3783 580 3852 aquis
608 3781 860 3838 eﬂ‘ectum
886 3797 1008 3838 esse
1037 3783 1230 3838 divinae
1253 3783 1555 3851 potentiae?
1584 3783 1811 3838 Abstulit

216 3875 346 3930 illud
379 3874 640 3929 Dominus
670 3875 831 3944 ﬂante
858 3884 1006 3929 vento
1037 3875 1321 3928 vehementi
1365 3885 1414 3928 et
1444 3875 1658 3939 urenti,
1717 3875 1810 3930 illo

216 3969 408 4038 utique
431 3976 596 4022 vento
625 3967 692 4022 de
717 3982 827 4036 quo
857 3967 913 4021 in
941 3966 1166 4036 psalmis
1207 3967 1414 4020 dictum
1445 3975 1530 4020 est
1555 3985 1569 4020 :
1605 3966 1674 4019 In
1699 3966 1811 4034 spi-

218 4063 318 4115 ritu
357 4059 646 4115 veleementi
688 4068 924 4113 conteres
962 4074 1114 4113 naves
1154 4056 1369 4110 Tharsis
1397 4055 1570 4128 (Psal.
1618 4055 1809 4125 xnvu).

218 4151 280 4206 Et
322 4153 384 4208 in
415 4151 642 4207 Actibus
689 4150 1060 4221 apostolorum
1095 4149 1358 4220 scriptum
1401 4158 1484 4204 est
1526 4149 1667 4218 quod
1720 4162 1811 4203 re-

218 4242 602 4298 cumbentibus
646 4242 704 4296 in
750 4241 1032 4298 caenaculo
1091 4240 1225 4297 Sion
1286 4240 1567 4311 discipulis
1617 4241 1672 4294 in
1725 4240 1813 4296 die

221 4332 594 4398 Pentewstes‘,
617 4332 790 4387 subito
811 4333 982 4402 factus
1011 4343 1084 4387 est
1108 4347 1270 4386 sonus
1299 4332 1362 4386 de
1389 4331 1537 4398 caelo,
1562 4341 1812 4402 tanquam

220 4427 436 4494 spiritus
496 4425 839 4490 vehementis,
900 4435 948 4480 et
999 4424 1225 4496 implevit
1271 4434 1436 4478 totam
1473 4424 1684 4477 domum
1721 4423 1814 4476 ubi

1923 573 2172 627 columna
2204 569 2347 641 ignis
2375 576 2431 624 et
2459 567 2620 623 nubis
2645 566 2979 638 signiﬁcaret
3017 567 3193 636 ipsum
3247 568 3508 626 Mediato-

1920 679 2035 719 rem
2057 662 2153 717 Dei
2191 671 2247 717 et
2273 661 2558 716 hominum
2583 699 2598 725 ,
2639 659 2899 715 blandum
2939 657 3104 728 justis
3130 700 3145 725 ,
3206 661 3506 717 terribilem

1919 758 2298 829 peccatoribus
2322 796 2338 822 ,
2385 754 2698 810 fulcientem
2727 753 2848 826 pios
2873 763 2930 809 et
2957 753 3378 810 interﬁcientem
3401 755 3508 810 im-

1919 851 2058 922 pios.
2089 851 2229 921 Ergo
2250 847 2434 919 vigilia
2460 848 2752 913 matutina,
2795 848 3011 918 quando
3043 847 3292 904 Salvator
3319 857 3506 905 noster

1920 943 2283 1012 triumphator
2305 941 2498 996 mortis
2529 941 2599 995 ab
2627 939 2816 996 inferis
2855 942 3175 1008 ascendens,
3205 943 3507 1000 resurrexit

1919 1035 1973 1090 in
2001 1035 2175 1106 gloria
2197 1076 2212 1101 ,
2245 1035 2386 1090 bene
2413 1034 2618 1089 dictum
2645 1040 2729 1089 est
2756 1033 2900 1103 quod
2936 1034 2992 1088 in
3021 1035 3207 1106 vigilia
3235 1035 3504 1092 matutina

1917 1125 2178 1181 Dominus
2204 1125 2477 1196 aSpiciens
2496 1139 2659 1193 super
2676 1133 2857 1180 castra
2879 1123 3261 1196 Egyptiorum
3291 1140 3391 1195 per
3411 1141 3506 1182 co-

1916 1217 2159 1272 lumnam
2186 1217 2326 1288 ignis
2346 1215 2588 1271 et~nubis
2608 1254 2623 1280 ,
2666 1214 2934 1270 interfecit
2961 1215 3262 1270 exercitum
3290 1231 3501 1272 eorum.

1916 1309 2193 1366 Interfecit
2205 1309 2407 1380 quippe
2419 1308 2724 1365 exercitum
2749 1309 3109 1378 spiritualium
3124 1309 3504 1382 Egyptiorum

1917 1417 2044 1457 cum
2077 1416 2210 1456 vero
2246 1399 2556 1465 Pharaone,
2591 1399 2808 1468 quando
2839 1400 3110 1455 diabolum
3140 1408 3196 1456 et
3243 1401 3506 1458 satellites

1919 1490 2060 1560 ejus,
2086 1505 2210 1544 cum
2232 1497 2348 1544 tota
2370 1489 2645 1559 spirituali
2671 1489 2914 1560 nequitia
2935 1499 2992 1544 et
3012 1490 3358 1547 multitudine
3380 1507 3509 1564 pee-

1921 1589 2169 1636 catorum
2215 1581 2271 1635 in
2313 1579 2472 1650 aquis
2519 1579 2924 1651 spiritualibus,
2968 1581 3062 1637 ubi
3091 1582 3375 1639 credentes
3409 1599 3509 1656 per

1917 1669 2330 1725 similitudinem
2369 1671 2562 1725 mortis
2604 1669 2722 1738 ejus
2753 1669 3017 1742 baptizati
3056 1687 3088 1726 a
3113 1681 3290 1729 morte
3317 1688 3509 1744 pecca—

1916 1770 2099 1819 torum
2139 1770 2473 1833 resurgunt,
2529 1762 2826 1818 submersit
2874 1771 2932 1819 et
2969 1771 3178 1820 aeterno
3225 1767 3510 1823 damnavit

1918 1853 2182 1920 interitu;
2215 1866 2316 1908 nec
2360 1853 2440 1908 eis
2482 1867 2644 1908 veros
2682 1851 2978 1920 lsraelitas,
3006 1855 3100 1925 qui
3133 1855 3507 1926 praedestinati

1917 1955 2045 2002 sunt
2074 1946 2144 2000 ad
2184 1945 2354 2000 vitam
2397 1953 2683 2012 aeternam,
2716 1946 2818 2001 sub
2848 1961 2946 2001 sua
2981 1956 3251 2018 potestate
3279 1949 3508 2006 ulterius

1919 2037 2342 2103 baberelicebit,
2358 2038 2484 2107 quia
2514 2053 2651 2107 quos
2678 2039 3020 2108 prmscientia
3034 2039 3216 2095 divina
3229 2041 3509 2110 praedest-

1917 2131 2089 2196 navit,
2117 2131 2218 2185 bos
2248 2139 2302 2186 et
2330 2130 2582 2194 vocavit;
2606 2137 2661 2184 et
2691 2146 2830 2200 quos
2858 2132 3092 2197 vocavit,
3120 2132 3240 2188 illos
3269 2142 3324 2187 et
3347 2132 3510 2202 justi-

1916 2223 2102 2279 ﬁcavit
2127 2242 2140 2277 :
2175 2238 2310 2293 quos
2339 2230 2522 2278 autem
2557 2221 2895 2290 iustiﬁcavit,
2931 2223 3052 2278 illos
3078 2234 3135 2279 et
3158 2225 3502 2296 gloriﬁcavit.

1987 2312 2435 2384 Fugientibusque
2464 2312 2756 2383 Egyptiis,
2787 2325 3128 2369 occurrerunt
3159 2331 3328 2386 aqum,
3352 2324 3401 2370 et
3421 2316 3508 2371 in-

1919 2404 2075 2462 volvit
2115 2422 2203 2459 eos
2243 2405 2502 2459 Dominus
2539 2406 2592 2458 in
2639 2405 2826 2459 mediis
2863 2406 3143 2474 fluctibus;
3189 2423 3510 2478 reversusque

1916 2507 2039 2551 sunt
2092 2514 2264 2567 aqum,
2297 2505 2346 2550 et
2387 2506 2700 2566 operuerunt
2746 2513 2936 2551 currus
2982 2506 3032 2552 et
3087 2499 3280 2569 equites
3335 2499 3509 2553 cuncti

1916 2589 2174 2643 exercitus
2220 2587 2541 2653 Pharaonis,
2581 2589 2670 2658 qui
2709 2599 2975 2659 sequentes
3031 2590 3254 2659 ingressi
3292 2590 3507 2660 fuerunt

1915 2696 2080 2734 mare.
2101 2679 2187 2734 Ne
2213 2696 2350 2733 unus
2372 2680 2582 2750 quidem
2609 2680 2868 2750 superfuit
2897 2698 2962 2735 ea:
2982 2682 3075 2736 eis.
3104 2681 3212 2754 (Ex
3235 2681 3506 2754 Origene.)

1915 2773 2141 2843 Cogitur
2170 2772 2317 2828 enim
2363 2771 2560 2828 ﬂuctus
2589 2773 2644 2828 in
2677 2759 2956 2830 cumulum
2983 2815 2998 2840 ,
3031 2783 3087 2829 et
3131 2775 3277 2830 unda
3321 2775 3375 2830 in
3422 2791 3509 2831 se-

1914 2865 2201 2934 metipsam
2255 2879 2510 2934 repressa
2576 2876 2838 2921 curvatur
2867 2909 2882 2934 ,
2941 2867 3269 2923 soliditatem
3314 2868 3508 2938 recipit

1915 2955 2096 3024 liquor
2121 2997 2136 3021 ,
2169 2964 2225 3010 et
2251 2955 2427 3010 solum
2474 2958 2644 3011 maris
2694 2958 2893 3013 arescit
2924 2958 2979 3011 in
3014 2958 3314 3028 pulverem.
3345 2957 3510 3013 Boni~

1917 3053 2086 3101 tatem
2125 3045 2222 3102 Dei
2251 3047 2541 3103 -creatoris
2569 3047 2826 3118 intellige,
2861 3048 2906 3102 si
2952 3049 3220 3104 voluntati
3261 3049 3378 3120 ejus
3412 3053 3510 3107 ob-

1838 3165 1886 3230 C
1917 3149 2228 3212 temperes;
2273 3141 2321 3197 si
2369 3142 2543 3213 legem
2601 3139 2718 3210 ejus
2774 3143 3040 3212 sequaris,
3093 3143 3211 3214 ipsa
3258 3145 3355 3200 tibi
3396 3145 3508 3201 ele-

1916 3245 2101 3292 menta
2133 3237 2299 3291 etiam
2329 3245 2520 3291 contra
2553 3236 2636 3292 sui
2665 3244 2919 3291 naturam
2956 3237 3162 3293 servire
3210 3239 3504 3308 compellit.

1913 3327 2047 3383 Filii
2077 3338 2251 3384 autem
2279 3329 2451 3384 Israel
2471 3340 2812 3401 perrexerunt
2847 3348 2939 3401 per
2983 3331 3211 3386 medium
3246 3333 3371 3386 sicci
3395 3349 3510 3387 ma—

1913 3424 2010 3490 ris,
2049 3433 2099 3479 et
2151 3441 2303 3495 aqum
2342 3425 2416 3478 eis
2453 3433 2604 3479 erant
2642 3424 2796 3495 quasi
2833 3441 2928 3495 pro
2967 3441 3118 3478 muro
3150 3443 3183 3478 a
3230 3425 3430 3480 dextris
3459 3433 3509 3480 et

1912 3532 1946 3569 a
1986 3515 2235 3569 sinistris.
2263 3514 2458 3570 Audivi
2483 3530 2514 3568 a
2542 3515 2839 3584 majoribus
2868 3515 3123 3570 traditum
3156 3516 3299 3586 quod
3326 3517 3380 3570 in
3404 3516 3508 3571 ista

1913 3607 2252 3680 digressione
2283 3609 2452 3664 maris
2475 3607 2702 3678 singulis
2727 3608 3033 3678 quibusque
3068 3609 3319 3663 tribubus
3337 3608 3505 3664 Israel

1913 3701 2140 3771 singula:
2189 3715 2456 3769 aquarum
2485 3699 2779 3754 divisiones
2817 3699 2972 3754 facta:
3007 3699 3138 3766 sint,
3182 3709 3237 3754 et
3281 3699 3504 3769 propria

1912 3790 2207 3860 unicuique
2255 3789 2419 3843 tribui
2475 3789 2531 3842 in
2575 3788 2714 3843 mari
2773 3797 2961 3857 aperta
3029 3789 3102 3842 sit
3161 3789 3290 3853 via,
3345 3789 3511 3858 idque

1913 3882 2126 3937 ostendi
2172 3897 2240 3936 ex
2289 3896 2355 3936 eo
2399 3879 2543 3950 quod
2593 3879 2649 3933 in
2679 3877 2904 3948 psalmis
2951 3877 3212 3947 scriptum
3241 3885 3367 3933 est:
3403 3877 3509 3943 Qui

1915 3971 2087 4023 divisit
2121 3987 2266 4022 mare
2298 3968 2539 4022 Rubrum
2566 3969 2620 4020 in
2650 3968 2930 4021 divisiones
2961 3967 3133 4039 (Psal.
3161 3967 3381 4040 cxxxv),
3410 3983 3509 4038 per

1915 4059 2060 4127 quod
2085 4059 2270 4127 plures
2298 4057 2595 4112 divisiones
2621 4056 2884 4112 docentur
2909 4057 3088 4124 factm,
3113 4073 3217 4113 non
3239 4074 3366 4113 una.
3399 4056 3507 4115 Sed

1914 4157 1971 4204 et
1994 4164 2092 4218 per
2120 4150 2223 4204 hoc
2253 4150 2396 4219 quod
2441 4149 2658 4217 dicitur,
2704 4149 2789 4203 Ibi
2835 4148 3119 4221 Benjamin
3160 4151 3410 4220 juvenior
3448 4152 3505 4205 in

1913 4251 2146 4312 stupore.
2169 4240 2448 4312 Principes
2481 4240 2518 4295 J
2523 4241 2652 4308 uda,
2684 4241 2842 4296 duces
2865 4259 3047 4296 corum
3074 4244 3374 4313 :principes
3401 4241 3506 4296 Za-

1917 4335 2093 4400 bulon,
2119 4335 2378 4410 principes
2409 4335 2750 4406 Nep/cthalim
2779 4335 2951 4408 (Psal.
2994 4335 3162 4409 van’)
3188 4377 3200 4398 ,
3235 4335 3508 4391 nihilomi-

1916 4444 2019 4482 nus
2076 4428 2367 4497 unicuique
2415 4428 2578 4483 tribui
2628 4428 2882 4498 proprius
2928 4427 3235 4482 enumerari
3291 4427 3507 4481 videtur

221 4527 365 4572 erant
389 4517 650 4585 sedentes,
693 4526 746 4572 et
772 4526 1134 4589 apparuerunt
1159 4517 1268 4572 illis
1297 4517 1585 4588 dispertita:
1619 4515 1813 4586 linguis
1838 4525 1896 4594 D
1920 4515 2221 4588 ingressus.
2255 4516 2384 4572 Haac
2412 4532 2442 4571 a
2470 4515 2774 4587 majoribus
2805 4518 3093 4573 observata
3120 4515 3176 4570 in
3208 4513 3505 4586 Scripturis

222 4621 472 4684 tanquam
502 4613 663 4683 ignis,
695 4612 930 4683 seditque
956 4627 1114 4684 super
1139 4609 1375 4682 singulos
1401 4625 1602 4674 eorum,
1634 4617 1692 4664 et
1727 4623 1813 4664 re-

224 4701 366 4772 liqua
415 4704 554 4772 (Act.
585 4703 671 4774 ιι).
702 4702 939 4759 Abstulit
976 4717 1107 4774 ergo
1135 4701 1399 4758 Dominus
1445 4715 1602 4755 mare
1649 4698 1813 4756 ﬂante

224 4805 388 4851 vento
409 4796 730 4851 vehementi
757 4803 813 4851 et
839 4795 1020 4850 urenti
1055 4802 1170 4849 tota
1213 4801 1374 4849 nocte
1402 4833 1417 4859 ,
1466 4801 1522 4847 et
1556 4791 1722 4846 vertit
1753 4791 1811 4845 in

222 4886 426 4942 siccum
447 4927 462 4952 ,
511 4901 650 4941 eum
685 4901 784 4956 per
829 4901 990 4942 omne
1022 4895 1233 4956 tempus
1263 4885 1423 4940 istius
1456 4885 1581 4939 vitae
1607 4923 1621 4949 ,
1666 4883 1812 4953 quod

223 4992 326 5034 nox
349 4979 629 5048 signiﬁcat
653 5020 668 5044 ,
709 4978 949 5050 Spiritus
991 4980 1166 5034 sancti
1205 4979 1380 5050 gratia
1405 4992 1576 5048 aquas
1608 4977 1813 5047 baptis-

223 5069 384 5122 matis
433 5068 697 5124 meabiles
739 5068 1088 5124 credentibus
1139 5069 1300 5134 facit,
1351 5075 1411 5122 ut
1445 5067 1553 5122 illis
1581 5082 1680 5137 per
1718 5078 1813 5122 eas

225 5161 636 5217 transeuntibus
653 5162 727 5216 ede
761 5159 1030 5231 spirituali
1051 5158 1288 5231 Egypto
1317 5161 1371 5214 in
1399 5167 1600 5216 terram
1630 5174 1815 5230 repro-

226 5253 522 5320 missionis,
552 5253 810 5312 bostium
843 5253 900 5308 in
941 5252 1138 5308 eodem
1174 5252 1443 5307 elemento
1463 5255 1815 5324 subsequens

225 5344 518 5400 sutl‘oeaur
537 5345 839 5400 exercitus.
870 5343 1094 5400 Necnon
1117 5351 1176 5398 et
1205 5343 1294 5398 illa
1323 5343 1458 5397 hora
1486 5345 1681 5411 noctis,
1707 5359 1813 5414 qua

227 5436 327 5494 iste
355 5438 621 5494 transitus
646 5438 822 5495 factus
850 5445 956 5508 est,
983 5438 1123 5496 bene
1146 5437 1397 5508 congruit
1424 5436 1607 5492 divino
1634 5453 1815 5494 sacra-

227 5539 430 5590 mento.
475 5531 616 5590 Nam
648 5531 894 5603 sequitur
927 5549 940 5587 :
969 5531 1263 5587 Advenerat
1301 5530 1476 5601 vigilia
1507 5531 1768 5586 matutina
1795 5547 1814 5587 :

227 5633 272 5678 et
301 5642 417 5680 ecce
459 5626 739 5695 respiciens
767 5625 1025 5680 Dominus
1053 5641 1208 5695 super
1235 5634 1407 5677 castra
1438 5623 1812 5694 Ai‘gyptiorum

226 5729 315 5783 per
353 5714 654 5770 columnam
703 5716 838 5787 ignis
885 5723 932 5770 et
970 5714 1118 5769 nubis
1144 5754 1158 5779 ,
1215 5713 1474 5783 interfecit
1523 5715 1812 5769 exercitum

228 5821 408 5863 eorum
433 5849 449 5876 ,
498 5815 548 5866 et
581 5808 829 5866 subvertit
868 5815 1010 5865 rotas
1060 5821 1312 5863 curruum
1335 5847 1350 5875 ,
1410 5806 1812 5879 ferebanturque

1921 4610 2118 4666 divinis
2144 4651 2160 4676 ,
2207 4609 2523 4682 religiosum
2559 4609 2765 4666 credidi
2807 4625 2916 4665 non
2953 4617 3157 4664 tacere.
3199 4606 3338 4675 Quid
3375 4622 3507 4681 ergo

1920 4719 2020 4759 nos
2060 4703 2319 4758 docemur
2362 4718 2463 4773 pcr
2489 4704 2605 4758 hate
2637 4716 2758 4772 qua:
2789 4699 2905 4770 jam
2939 4701 3190 4771 superius
3218 4699 3457 4755 diximus
3487 4741 3503 4766 ,

1920 4796 2013 4865 qui
2046 4795 2120 4848 sit
2145 4794 2201 4848 in
2230 4793 2316 4848 bis
2343 4792 2588 4862 Apostoli
2627 4792 2866 4846 sensus?
2894 4791 3227 4861 Baptismum
3270 4792 3372 4846 hoc
3407 4805 3507 4844 no-

1919 4889 2091 4942 minat
2121 4887 2173 4940 in
2208 4885 2427 4957 Moysen
2457 4893 2889 4940 consummatum
2918 4885 2970 4939 in
3004 4884 3147 4939 nube
3175 4891 3229 4938 et
3253 4884 3308 4938 in
3338 4881 3501 4947 mari,

1916 4988 1976 5033 ut
2014 4991 2068 5034 et
2117 4988 2174 5032 tu
2219 4978 2312 5047 qui
2360 4976 2658 5046 baptizaris
2704 4977 2758 5031 in
2789 4977 3004 5032 Christo
3045 4976 3099 5029 in
3131 4991 3272 5045 aqua
3301 4983 3358 5030 et
3383 4974 3506 5046 Spi-

1917 5069 2025 5124 ritu
2054 5075 2244 5123 sancto
2278 5067 2423 5122 scias
2447 5065 2704 5121 insectari
2736 5074 2922 5136 postea
2950 5063 3253 5136 Egyptios,
3286 5071 3342 5118 et
3361 5063 3504 5119 velle

1919 5167 1972 5213 te
2023 5151 2284 5215 revocare
2332 5155 2399 5211 ad
2433 5156 2715 5210 servitium
2767 5172 2923 5211 suum
2954 5173 2968 5209 :
2999 5164 3244 5211 rectores
3295 5153 3501 5210 scilicet

1918 5249 2081 5320 hujus
2121 5249 2309 5303 mundi
2354 5256 2410 5303 et
2461 5247 2768 5317 spirituales
2815 5248 3104 5318 nequitias,
3134 5249 3330 5319 quibus
3375 5252 3503 5300 ante

1919 5341 2203 5398 deservisti
2231 5379 2246 5408 ,
2284 5355 2404 5411 qum
2447 5347 2714 5397 conantur
2739 5340 2957 5412 quidem
3011 5341 3267 5411 insequi,
3303 5337 3400 5394 sed
3437 5343 3500 5390 tu

1915 5433 2201 5489 descendis
2241 5431 2297 5488 in
2352 5446 2584 5502 aquam,
2629 5439 2687 5486 et
2731 5431 2917 5488 evadis
2951 5431 3239 5488 incolumis
3265 5469 3279 5493 ,
3335 5436 3498 5496 atque

1916 5524 2112 5579 ablutis
2137 5523 2390 5580 sordibus
2415 5531 2758 5594 peccatorum
2789 5564 2802 5588 ,
2835 5523 3000 5578 homo
3026 5534 3195 5575 novus
3227 5516 3497 5585 ascendis,

1917 5625 2139 5686 paratus
2191 5617 2259 5671 ad
2310 5614 2637 5671 cantandum
2685 5615 2955 5670 canticum
2993 5625 3213 5667 novum.
3258 5607 3499 5681 [Egyptii

1917 5727 2048 5767 vero
2085 5719 2209 5781 post
2244 5719 2299 5766 te
2328 5710 2679 5780 insequentes
2722 5709 3102 5776 demergentur
3133 5703 3189 5758 in
3215 5703 3494 5775 abyssum,

1918 5805 2131 5865 etiamsi
2180 5805 2433 5864 videntur
2481 5817 2676 5876 rogare
2719 5799 2931 5868 Jesum.
2992 5812 3061 5855 nc
3125 5809 3222 5856 eos
3273 5794 3493 5857 interim
