4020 6352
208 365 234 396 ρ
245 373 248 376 .

209 401 224 418 λ
231 399 233 404 .

206 594 378 666 ⁸ἳρέοδ
403 591 594 647 currui
611 603 708 644 suo
725 587 1015 657 subiungit,
1029 585 1085 640 in
1107 583 1240 655 ipsis
1261 580 1434 637 fertur
1454 587 1507 634 et
1527 575 1736 639 volitat,
1751 584 1806 630 et

205 665 448 756 t'apertos
461 681 723 737 Scelerum
737 692 953 748 campos
968 674 1150 732 etinsis
1166 687 1258 729 eos
1282 672 1394 743 agit
1405 669 1650 725 habenis.
1667 665 1806 720 Sunt

201 773 320 832 “alii
345 765 504 830 electi
529 767 1044 835 ascensores,electi
1068 768 1188 822 sine
1210 765 1372 820 dubio
1411 761 1478 818 ad
1519 760 1802 815 malitiam.

201 867 338 922 “Sed
366 865 479 935 jam
511 864 576 918 de
603 859 978 917 ascensoribus
1004 871 1166 927 supra
1186 856 1437 919 diximus,
1470 865 1614 907 nunc
1641 850 1806 906 etiam

201 957 322 1028 ‘qui
361 957 473 1012 sint
523 953 662 1008 terni
721 957 954 1006 statores
1003 947 1303 1002 videamus.
1365 943 1494 998 Mihi
1554 941 1808 996 videntur

193 1045 379 1101 e-‘terni'
403 1052 634 1100 statores
653 1034 750 1113 pro
774 1055 840 1096 eo
867 1040 974 1096 dici
999 1037 1149 1109 quod
1168 1036 1366 1108 triplex
1385 1041 1470 1091 est
1497 1030 1806 1089 hominibus

193 1136 489 1209 1*peccandi
511 1134 618 1188 via.
643 1133 752 1187 Aut
778 1131 923 1188 enim
952 1132 1007 1186 in
1035 1131 1179 1185 facto
1203 1172 1217 1195 ,
1264 1135 1357 1183 aut
1391 1127 1446 1181 in
1482 1126 1628 1180 dicto
1655 1166 1669 1189 ,
1715 1130 1808 1178 aut

192 1229 286 1283 uin
302 1227 628 1297 cogitatione
649 1231 924 1294 peccatur,
952 1229 1007 1277 et
1026 1219 1146 1276 ideo
1168 1219 1305 1274 terni
1327 1225 1556 1272 statores
1581 1229 1677 1285 per
1697 1214 1807 1269 sin-

197 1320 385 1391 "gulos
412 1330 654 1388 quosque
679 1316 934 1370 dicuntur
955 1313 1047 1383 qui
1092 1320 1200 1366 tres
1251 1311 1384 1364 iStas
1423 1309 1477 1380 in
1504 1307 1661 1361 nobis
1686 1317 1807 1374 pec-

192 1451 196 1462 .
226 1409 390 1465 eandi
433 1409 716 1464 obsideant
759 1405 906 1470 vias;
936 1411 991 1460 et
1027 1401 1368 1473 speculentur
1408 1410 1622 1467 semper
1647 1406 1809 1464 atque

217 1501 443 1556 insidiis
471 1507 652 1571 agant,
689 1505 748 1552 ut
780 1505 870 1551 aut
895 1496 982 1550 ille
1022 1509 1088 1548 ex
1117 1495 1319 1548 misero
1344 1489 1563 1545 homine
1604 1501 1812 1542 sermo-

234 294 301 352 69
1189 229 1688 339 coitnen'ranu
1727 270 1791 326 IN

1922 272 2152 360 onum.
2184 303 2253 358 τ-
2290 272 2418 360 LIB.
2461 272 2526 328 n.
2607 349 2610 352 ρ
2653 357 2656 360 ῃ
3403 278 3471 336 -ιο

265 414 428 475 iores,
447 409 502 464 in
519 406 746 462 avaritia
760 399 1097 468 tetriores,in
1117 398 1392 468 impietate
1406 389 1799 464 ﬂagitiosiores,
1830 384 1881 446 Α
1905 403 2006 456 que
2031 387 2247 443 sulfuris
2290 387 2613 460 condignum
2641 381 2851 447 meritis
2895 406 3085 448 eorum
3126 385 3471 468 impenditur,

206 497 367 561 ascito
397 503 496 556 hos
520 499 584 555 de
615 496 892 569 quadrigis
926 509 1044 550 esse
1068 490 1368 546 Pharaonis
1399 507 1411 541 :
1457 486 1587 556 ipsis
1613 482 1761 537 sedet
1787 523 1801 547 ,
1821 483 1836 514 ί

1905 479 2003 532 sub
2035 493 2141 548 quo
2175 480 2407 535 demersi
2436 489 2655 552 gemunt
2699 479 2752 538 in
2789 493 3128 554 perpetuum.
3189 485 3297 543 Sed
3347 487 3473 559 quia

1904 570 2019 625 hzec
2047 586 2204 640 poma
2228 572 2294 626 ad
2314 571 2580 642 integrum
2608 572 2662 627 in
2691 573 2983 629 novissimo
3005 576 3250 631 examine
3270 578 3476 648 persol-

1904 663 2073 717 venda
2103 662 2226 728 erit,
2251 669 2305 717 et
2332 662 2467 718 hora
2508 663 2756 718 vindicta!
2801 655 2975 720 adhuc
3017 666 3334 737 preteln‘tur,
3373 667 3474 724 lio-'-

1895 751 2078 808 "stibus
2121 751 2374 808 videntur
2421 755 2760 809 occasionem
2805 751 3162 825 persequendi
3191 751 3436 811 tribuere
3459 773 3472 813 :

1907 844 1996 913 qui
2021 843 2277 912 patientia
2300 843 2394 898 Dei
2421 846 2732 911 abutuntur,
2755 845 3184 900 thesaurizantes
3211 844 3316 900 sibi
3340 845 3478 900 iram

1899 935 1963 990 in
1993 935 2078 988 die
2109 935 2206 990 irae
2246 943 2300 990 et
2334 934 2675 990 revelationls
2693 933 2827 1004 justi
2851 933 3038 1007 judicil
3064 933 3180 1003 Dei,
3201 933 3334 992 ’c’nm
3365 935 3481 1008 ipSe

1909 1035 2089 1083 tamen
2124 1028 2424 1084 certissime
2467 1029 2645 1084 veniet
2674 1031 2875 1084 sanctis
2921 1029 3034 1084 suis
3074 1029 3300 1085 reddere
3332 1035 3483 1100 prce-

1906 1122 2014 1174 mia
2068 1129 2285 1175 mtcrna:
2332 1117 2674 1174 beatitudinis
2717 1127 2773 1175 et
2819 1119 3144 1175 adversariis
3188 1118 3307 1174 suis
3350 1111 3484 1175 dare

1905 1211 2196 1267 vindictam
2241 1211 2294 1265 in
2341 1209 2556 1263 ﬂamma
2604 1209 2761 1279 ignis.
2813 1209 2966 1265 Unde
2995 1210 3286 1280 seqmtur:
3321 1205 3478 1264 Stetit

1907 1303 2052 1359 unda
2074 1302 2264 1373 ﬂuens,
2295 1309 2622 1374 congregata:
2657 1309 2777 1355 sunt
2811 1300 2983 1372 abyssi
3008 1301 3064 1355 in
3109 1300 3281 1354 medio
3319 1297 3483 1353 mari.

1909 1393 2056 1447 Dixit
2077 1393 2339 1458 inimicus,
2373 1390 2668 1462 Persequar
2693 1400 2742 1446 et
2763 1391 3191 1462 comprehendam
3211 1431 3226 1458 ,
3255 1389 3483 1444 dividam

1912 1487 2112 1558 spolia,
2151 1486 2446 1556 implebitur
2483 1487 2663 1540 anima
2722 1500 2859 1539 mea.
2911 1481 3210 1554 Evaginabo
3253 1481 3488 1551 gladium

188 1605 354 1645 rnem
373 1591 575 1645 malum
595 1589 794 1651 eliciat,
818 1593 910 1641 aut
928 1586 1014 1640 ille
1041 1585 1284 1653 iniquum
1310 1593 1444 1650 opus
1467 1581 1809 1645 extorqueat,
1913 1593 2101 1641 meum,
2130 1577 2404 1646 interﬁciat
2431 1594 2516 1631 eos
2545 1591 2730 1631 manus
2757 1591 2896 1630 mea.
2928 1573 3106 1629 Flavit
3131 1575 3346 1645 spiritus
3368 1585 3487 1628 tuus

224 1689 327 1735 aut
354 1679 446 1735 ille
487 1679 869 1751 cogitationem
904 1676 1196 1748 pessimam
1226 1673 1419 1742 rapiat.
1467 1668 1709 1738 Denique
1758 1672 1812 1720 el
1841 1748 1877 1751 _
1912 1682 1959 1725 et
1987 1670 2188 1740 operuit
2226 1685 2311 1723 eos
2341 1686 2484 1722 mare
2503 1683 2521 1720 :
2543 1668 2799 1723 submersi
2828 1676 2949 1722 sunt
2969 1669 3122 1738 quasi
3140 1666 3408 1736 plumbum
3434 1665 3492 1720 in

187 1775 406 1824 t-semen
429 1748 579 1824 uerbi
596 1769 717 1834 Dei,
732 1768 824 1823 ubi
839 1767 1048 1820 caditet
1071 1763 1304 1832 deperit,
1330 1759 1521 1830 triplex
1551 1755 1811 1813 describi-

1922 1762 2062 1832 aquis
2090 1759 2487 1815 vehementibus.
2532 1758 2638 1829 (Ea:
2660 1757 3002 1827 Augustino.)
3032 1756 3225 1810 Misisti
3249 1756 3492 1826 spiritum

167 1861 671 1916 "tur-iocuszunus
697 1873 844 1912 secus
859 1859 994 1912 viam
1021 1854 1268 1917 refertur,
1286 1853 1373 1921 qui
1391 1849 1724 1904 conculcatur
1745 1846 1809 1900 ab
1835 1844 1842 1874 ⁵
1913 1861 2058 1905 tuum
2079 1891 2093 1914 ,
2118 1859 2168 1902 et
2201 1848 2464 1918 cooperuit
2495 1863 2580 1901 eos
2617 1863 2782 1900 mare.
2812 1844 2952 1902 Ecce
2979 1847 3170 1915 quinto
3197 1844 3313 1916 jam
3339 1855 3489 1900 com-

193 1985 198 1988 -
215 1950 554 2015 horninibus,
571 1949 710 2003 alius
730 1949 784 2001 in
811 1947 993 2017 spinis,
1014 1945 1148 1998 alius
1165 1944 1214 1995 in
1229 1941 1578 2012 petrosis,cte
1592 1945 1808 1993 contra-

195 2078 198 2080 η
216 2041 305 2094 rio
333 2049 481 2093 terra
498 2040 632 2092 bona
653 2039 841 2106 afferre
858 2035 1051 2088 dicitur
1069 2031 1322 2101 triplicem
1339 2029 1587 2098 fructum,
1605 2028 1683 2082 vel
1695 2043 1814 2082 cen—

185 2131 499 2192 .-tssimum,
522 2127 596 2182 uel
619 2125 1016 2194 sexagesimum,
1042 2120 1116 2174 vel
1136 2119 1453 2173 tricesimum
1473 2115 1689 2187 (Matth.
1711 2115 1810 2187 tv).

180 2249 197 2271 ;
215 2218 321 2273 isti
351 2231 486 2287 ergo
516 2215 656 2270 terni
679 2221 914 2269 statores
935 2219 1062 2286 sunt
1088 2209 1264 2281 angeli
1295 2221 1527 2277 nequam
1563 2206 1629 2261 de
1663 2219 1818 2260 exer-

183 2313 344 2370 écitu
392 2309 712 2372 Pharaonis,
756 2306 848 2377 qui
894 2311 1037 2360 stant
1059 2303 1114 2358 in
1153 2300 1522 2371 hujuscemodi
1557 2299 1680 2362 viis,
1713 2298 1813 2352 ob-

180 2435 198 2467 ;.
217 2409 516 2457 servantes
561 2410 998 2467 unumquemque
1037 2401 1282 2449 nostrum
1308 2406 1407 2461 per
1431 2393 1546 2445 haec
1573 2401 1734 2460 agere
1759 2388 1814 2442 in

185 2537 196 2548 ι
220 2500 550 2564 peccatum:
576 2504 711 2559 quos
732 2489 1003 2558 demerget
1017 2485 1276 2539 Dominus
1296 2485 1350 2536 in
1374 2497 1524 2537 mare
1545 2473 1812 2544 Rdbrum,

221 2591 278 2638 et
328 2581 518 2653 ignitis
561 2594 655 2634 eos
681 2579 735 2633 in
761 2576 949 2646 judicii
990 2577 1078 2631 die
1104 2574 1355 2629 ﬂuctibus
1391 2573 1589 2638 tradet,
1618 2587 1682 2627 ac
1706 2583 1819 2642 pte-

221 2690 430 2731 aarum
457 2673 646 2744 pelago
674 2678 835 2742 teget.
877 2669 1064 2739 Abgssi
1115 2674 1430 2738 operuerunt
1462 2681 1569 2720 eos.
1620 2664 1816 2734 Abyssi

187 2817 190 2819 Α
223 2767 426 2836 utique
468 2765 544 2819 illi
578 2764 646 2818 de
676 2763 872 2832 quibus
897 2760 952 2815 in
981 2758 1112 2824 Job,
1135 2758 1226 2812 ubi
1260 2759 1326 2812 de
1345 2756 1664 2811 Leviatbam
1690 2769 1818 2808 nar-

191 2899 195 2910 .
224 2867 391 2914 ratur
416 2858 680 2926 scriptum
717 2863 800 2916 est
825 2873 836 2909 :
864 2852 1170 2908 £stimam‘t
1202 2852 1447 2921 abyssum
1481 2850 1635 2919 quasi
1672 2863 1819 2902 sene-

224 2962 483 3006 scentem.
534 2949 602 3002 Et
630 2949 686 3002 in
718 2946 1007 3018 Evangelio
1033 2945 1295 3016 rogabant
1335 2943 1607 2998 dmmones
1635 2928 1819 2996 Iesum

1912 1949 2246 1999 memoratur
2288 1939 2508 2009 Spiritus
2534 1939 2648 2001 Dei,
2681 1947 2744 1993 ut
2773 1939 2826 1992 in
2857 1938 2961 1993 hoc
2989 1945 3214 1992 numero
3256 1935 3494 2005 accipia-

1911 2047 2032 2089 mus
2057 2033 2200 2104 quod
2218 2033 2421 2087 dictum
2437 2037 2518 2085 est
2543 2046 2556 2084 :
2580 2029 2788 2100 Digitus
2811 2028 2998 2082 Deiest
3018 2028 3102 2081 hic
3125 2016 3322 2096 (Exod.
3345 2023 3489 2096 vm).

1914 2121 2098 2179 Primo
2120 2123 2211 2177 ubi
2251 2123 2513 2192 scriptum
2542 2129 2646 2186 est,
2677 2119 2891 2189 spiritus
2917 2117 3018 2172 Dei
3041 2117 3307 2186 ferebatur
3337 2117 3495 2186 super

1916 2229 2080 2285 aquas
2109 2210 2260 2285 (Gen.
2292 2212 2352 2284 1).
2387 2212 2657 2275 Secundo,
2671 2207 2761 2263 ubi
2785 2210 3129 2273 dicitur,non
3169 2206 3493 2278 permanebit

1917 2306 2100 2360 inistis
2121 2304 2416 2359 hominibus
2447 2302 2663 2372 spiritus
2685 2317 2852 2365 meus,
2873 2298 3122 2371 quoniam
3144 2313 3328 2352 carnes
3347 2301 3493 2352 sunt.

1918 2395 2102 2452 Tertio
2131 2396 2224 2451 ubi
2265 2395 2475 2449 Pharao
2502 2393 2634 2448 dicit
2668 2391 2734 2448 ad
2761 2390 2981 2461 Joseph,
3005 2391 3256 2461 quoniam
3280 2389 3495 2461 spiritus

1917 2487 2016 2541 Dei
2040 2497 2114 2541 est
2138 2488 2192 2541 in
2221 2495 2270 2541 te
2302 2484 2454 2558 (Gen.
2485 2485 2794 2556 vn).Quarto
2824 2483 2916 2538 ubi
2939 2484 3306 2538 incantatores
3333 2479 3499 2554 Egy-

1917 2577 2152 2648 ptiorum
2201 2576 2384 2630 dicunt
2412 2596 2424 2629 :
2452 2574 2658 2645 Digitus
2691 2573 2790 2629 Dei
2831 2583 2908 2628 est
2937 2573 3042 2628 hic.
3085 2571 3283 2640 Quinto
3307 2572 3369 2626 in
3395 2571 3499 2628 hoc

1919 2667 2160 2725 cantico:
2183 2666 2376 2721 Misisti
2401 2668 2645 2737 spiritum
2674 2675 2844 2729 tuum,
2865 2673 2913 2718 et
2935 2661 3206 2734 cooperuit
3221 2665 3312 2716 eos
3337 2660 3494 2715 mari.

1920 2760 2226 2818 Memineris
2250 2767 2430 2812 autem
2455 2757 2704 2828 spiritum
2745 2756 2840 2811 Dei
2872 2769 2979 2809 non
3012 2753 3186 2809 solum
3229 2747 3299 2808 ad
3331 2752 3500 2806 bene-

1900 2853 2060 2918 ﬁcia,
2089 2865 2277 2906 verum
2304 2849 2466 2902 etiam
2493 2849 2560 2902 ad
2587 2846 2879 2901 vindictam
2900 2841 3332 2900 commemorari.
3364 2833 3502 2894 Nam

1922 2943 2054 3014 quid
2087 2943 2230 2996 aliud
2261 2940 2423 2994 etiam
2473 2952 2635 3007 supra
2663 2937 2820 3001 dixit,
2853 2935 2958 2988 Per
2984 2931 3350 3003 spiritamira:
3399 2936 3504 2984 tute

225 3055 300 3098 ne
333 3040 628 3110 imperaret
653 3037 757 3092 illis
782 3044 843 3091 ut
874 3015 928 3090 in
954 3015 1209 3107 abyssum
1237 3036 1398 3089 irent.
1431 3031 1818 3087 Descenderunt
1854 3099 1892 3110 Α
1923 3034 2092 3088 divisa
2120 3041 2193 3086 est
2223 3027 2402 3100 aqua?
2425 3029 2530 3083 iste
2559 3027 2740 3095 itaque
2761 3025 2984 3096 spiritus
3010 3021 3104 3077 Dei
3132 3021 3187 3075 in
3217 3015 3502 3090 Egyptios

225 3135 280 3188 in
313 3099 644 3203 profundum
671 3130 824 3202 quasi
841 3129 994 3199 lapis.
1020 3099 1128 3198 (Ea:
1165 3122 1502 3195 Augustino.)
1534 3121 1714 3188 Quare
1735 3133 1818 3176 ce-
1846 3099 1892 3164 C
1921 3125 2026 3181 fuit
2047 3125 2270 3196 spiritus
2304 3123 2399 3177 irae
2429 3122 2545 3192 ejus
2575 3138 2588 3174 :
2617 3118 2815 3190 quibus
2843 3117 3031 3173 nocuit
3058 3127 3322 3186 aquarum
3368 3109 3505 3176 diri-

228 3223 493 3278 ciderunt
519 3221 575 3276 in
604 3217 930 3290 profundum
989 3225 1246 3286 tanquam
1298 3215 1472 3286 lapis?
1521 3212 1657 3280 Quia
1710 3225 1838 3267 non-

229 3325 399 3372 erant
421 3314 560 3369 tales
605 3313 810 3383 lapides
839 3313 905 3366 de
933 3310 1128 3380 quibus
1173 3308 1426 3363 suscitari
1474 3313 1694 3377 possent
1723 3304 1822 3360 lilii

231 3409 540 3472 Abraham,
595 3407 692 3461 sed
736 3405 870 3460 tales
899 3403 992 3474 qui
1019 3411 1268 3458 amarent
1293 3400 1618 3472 profundum
1673 3407 1732 3456 et
1756 3399 1822 3454 li-

197 3573 202 3577 ,
235 3502 469 3574 quidum
499 3499 783 3570 diligerent
828 3497 1176 3562 elementum,
1206 3495 1259 3549 id
1296 3503 1398 3560 est,
1450 3493 1541 3562 qui
1579 3506 1821 3546 amaram

235 3604 289 3649 et
316 3593 530 3648 ﬂuxam
579 3589 924 3661 praesentium
954 3597 1135 3641 rerum
1185 3593 1447 3656 cuperent
1469 3584 1818 3652 voluptatem.

219 3687 474 3744 Dextera
508 3695 626 3751 tua,
658 3681 903 3748 Domine,
923 3680 1261 3751 magniﬁcata
1294 3687 1369 3732 est
1397 3679 1452 3731 in
1474 3676 1779 3744 fortitudine
1802 3692 1821 3730 :

239 3781 461 3834 dextera
508 3785 622 3842 tua,
671 3775 913 3837 Domine,
958 3771 1209 3842 percussit
1247 3770 1537 3824 inimicum.
1583 3767 1713 3834 Quir.
1741 3773 1826 3822 est

241 3872 347 3926 ista
371 3871 597 3926 dextera
625 3868 729 3923 nisi
760 3867 849 3921 illa
878 3865 945 3921 de
976 3881 1081 3936 qua
1105 3865 1162 3918 in
1193 3863 1400 3934 psalmo
1425 3863 1688 3931 scriptum
1716 3868 1823 3926 est,

217 3963 476 4037 Dextera
503 3959 717 4014 Domini
743 3957 865 4028 fecit
887 3957 1152 4019 uirtutem,
1173 3955 1401 4022 fdextera
1440 3952 1656 4006 Domini
1678 3949 1826 4004 exal-

240 4054 371 4108 tari:
422 4067 507 4105 me
555 4047 727 4120 (Psal.
765 4045 978 4118 cxvn)?
1019 4045 1151 4112 Qua:
1204 4040 1482 4098 inimicum
1536 4053 1723 4094 verum
1773 4045 1828 4092 et

244 4146 532 4214 antiquum
583 4127 809 4196 hostem
837 4153 936 4207 per
962 4135 1138 4191 crucis
1173 4135 1489 4205 mysterium
1533 4129 1826 4195 interiecit,

245 4244 299 4290 et
328 4249 430 4306 per
461 4239 691 4288 mortem
722 4227 989 4285 destruxit
1035 4242 1160 4283 eum
1205 4226 1298 4295 qui
1350 4223 1585 4280 habebat
1632 4222 1824 4278 mortis

243 4328 566 4401 imperium,
597 4325 654 4380 id
676 4332 760 4379 est
803 4322 1099 4387 diabolum,
1123 4315 1361 4388 alligans
1384 4317 1580 4373 fortem
1607 4325 1664 4371 et
1694 4329 1826 4371 vasa

211 4475 214 4480 .
245 4422 364 4495 ejus
387 4422 678 4492 diripiens,
702 4428 865 4490 atque
892 4417 1202 4478 draconem,
1235 4421 1544 4482 serpentem
1576 4411 1828 4466 videlicet

250 4519 577 4588 antiquum:
609 4513 702 4583 qui
755 4511 926 4566 cauda
955 4524 1052 4564 sua
1097 4505 1332 4562 detraxit
1364 4505 1575 4559 tertiam
1617 4509 1839 4596 partem!

249 4613 516 4674 siderum,
555 4613 612 4664 et
658 4604 806 4661 misit
851 4603 906 4658 in
954 4608 1201 4672 stagnum
1247 4599 1386 4670 ignis
1427 4597 1685 4661 ardentis,
1737 4597 1850 4667 qui

217 4760 220 4761 ,
250 4712 476 4778 paratus
506 4705 592 4756 est
619 4698 722 4755 sibi
765 4702 820 4752 et
853 4693 1057 4766 angelis
1083 4692 1220 4762 ejus.
1250 4690 1403 4748 Unde
1430 4689 1677 4761 sequitur
1706 4704 1721 4743 :
1759 4689 1829 4744 Et

251 4803 305 4857 in
331 4795 670 4854 multitudine
691 4790 869 4863 σίου-ξω
892 4799 996 4843 tua:
1018 4785 1301 4856 deposuisti
1320 4783 1646 4839 adversarios
1666 4797 1829 4838 meos.

1853 4461 1906 4520 D

253 4893 439 4951 Gloria
470 4889 657 4957 utique
684 4879 1100 4940 resurrectionis
1122 4878 1430 4942 Dominicae,
1457 4874 1702 4932 confusio
1731 4873 1835 4931 fuit

255 4979 486 5047 diaboli,
541 4979 634 5048 qui
681 4991 805 5032 cum
860 4970 1058 5028 Judmis
1111 4970 1402 5025 meditatus
1463 4976 1545 5023 est
1603 4973 1834 5022 mortem

254 5074 480 5132 Christi.
523 5067 721 5131 Misisti
766 5069 901 5120 iram
930 5073 1094 5128 tuam,
1123 5077 1240 5133 qua:
1281 5060 1542 5116 devoravit
1574 5075 1661 5114 eos
1704 5060 1838 5113 sicut

253 5166 529 5240 stipulam.
581 5157 726 5218 Ultio
778 5153 1068 5213 novissima
1115 5165 1235 5221 quae
1293 5149 1503 5209 diabolo
1535 5157 1592 5205 et
1633 5149 1840 5221 angelis

257 5265 376 5334 ejus
418 5258 696 5331 inﬂigitur,
743 5253 959 5310 videtur
1001 5247 1328 5321 patientibus
1350 5244 1464 5314 jam
1501 5246 1637 5300 iram
1682 5260 1835 5312 esse;

254 5360 356 5418 sed
412 5367 592 5413 tamen
621 5353 691 5408 ab
719 5349 807 5406 illo
835 5345 926 5418 qui
975 5345 1230 5400 universa
1283 5356 1404 5397 cum
1452 5340 1839 5410 tranquillitate

253 5451 490 5526 iudicat,
513 5447 633 5504 sine
657 5442 1065 5516 perturbatione
1088 5437 1257 5494 animi
1282 5436 1363 5492 sui
1384 5435 1529 5505 juste
1545 5435 1840 5504 peccatori-

259 5546 364 5601 bus
391 5545 682 5612 irrogatur,
714 5551 833 5609 qua
875 5549 967 5590 eos
997 5533 1138 5588 sicut
1161 5530 1411 5600 stipulam
1440 5528 1682 5590 devorat,
1713 5526 1839 5596 quia

264 5633 480 5690 fortiter
511 5631 758 5687 devastat
779 5634 832 5681 ct
859 5643 926 5680 ex
957 5622 1102 5681 omni
1136 5630 1288 5692 parte
1314 5619 1538 5676 cruciat.
1566 5616 1634 5670 Et
1665 5616 1715 5668 in
1743 5616 1841 5684 spi-

267 5727 372 5780 ritu
397 5725 592 5796 furoris
631 5722 705 5778 tui
727 5726 1049 5792 congregata:
1075 5724 1195 5772 sunt
1234 5729 1402 5784 aqum.
1437 5710 1700 5784 Stagnum
1728 5708 1836 5763 uti-

1923 3222 2023 3287 sio,
2050 3229 2108 3275 ut
2138 3219 2403 3273 intrantes
2443 3219 2665 3286 possent
2712 3212 2868 3283 aquis
2905 3209 3254 3266 redeuntibus
3300 3205 3455 3262 obrui
3486 3222 3501 3260 :

1923 3313 2050 3368 ﬁliis
2100 3321 2228 3366 vero
2277 3305 2461 3370 Israel,
2497 3305 2692 3377 quibus
2718 3301 2944 3374 profuit,
2987 3299 3133 3371 quod
3164 3313 3304 3368 aqua
3333 3295 3506 3352 divisa

1924 3414 2026 3472 est,
2061 3419 2169 3458 non
2200 3401 2300 3455 fuit
2326 3399 2414 3454 ille
2448 3397 2672 3468 Spiritus
2699 3395 2795 3449 ira:
2818 3392 2936 3448 Dei.
2972 3390 3125 3447 Unde
3172 3386 3505 3458 signiﬁcatur

1923 3506 2144 3574 propter
2184 3495 2424 3550 diversas
2474 3488 2820 3561 Operationes
2857 3491 2914 3539 et
2959 3480 3204 3545 eii‘ectus,
3254 3476 3506 3549 spiritum

1923 3571 2021 3649 Dei
2064 3589 2399 3646 dissimiliter
2436 3581 2720 3655 appellari,
2753 3591 2878 3636 cum
2919 3575 2990 3632 sit
3016 3589 3156 3629 unus
3177 3579 3342 3642 atque
3363 3571 3506 3625 idem

1923 3686 2013 3742 ille
2067 3683 2344 3742 duntaxat,
2372 3677 2462 3747 qui
2497 3677 2662 3730 etiam
2704 3671 2942 3742 Spiritus
2976 3663 3278 3723 sanctus-in
3303 3661 3510 3715 unitate

1926 3772 2211 3831 Trinitatis
2234 3763 2764 3836 accipitur.Proinde
2786 3769 2892 3836 non
2912 3756 3148 3810 arbitror
3163 3751 3331 3806 alium
3343 3763 3507 3817 quam

1927 3864 2177 3922 eumdem
2207 3834 2522 3930 signilicari,
2555 3852 2644 3906 ubi
2675 3848 2805 3904 dicit
2849 3834 3160 3916 Apostolus.
3208 3838 3332 3893 Non
3372 3837 3510 3892 enim

1929 3954 2201 4024 accepistis
2242 3927 2483 4020 spiritum
2524 3941 2787 3998 servitutis
2837 3939 3026 3994 iterum
3055 3935 3132 3989 .in
3159 3933 3381 3996 timore;
3420 3927 3511 3984 sed

1931 4021 2198 4115 accepistis
2223 4040 2466 4112 spiritum
2487 4033 2808 4105 adoptionis,
2827 4032 2886 4086 in
2903 4031 3006 4102 qu'o
3037 4021 3511 4092 etamamus,Abba

1931 4109 2094 4194 Pater
2143 4109 2315 4209 (Rom.
2349 4129 2488 4202 vni).
2522 4128 2660 4198 Quia
2709 4127 2900 4183 eodem
2949 4121 3142 4195 spiritu
3188 4119 3304 4186 Del,
3336 4109 3391 4174 id
3431 4123 3515 4172 est

1931 4235 2100 4307 digito
2127 4230 2246 4298 Dei,
2276 4244 2382 4300 quo
2408 4227 2494 4281 lex
2522 4225 2575 4279 in
2607 4217 2802 4277 tabulis
2829 4215 3056 4290 lapideis
3077 4212 3515 4307 conscriptae“,

1930 4300 2092 4384 timor
2121 4325 2370 4380 incussus
2399 4324 2482 4374 eSt
2500 4317 2582 4372 eis
2601 4314 2692 4384 qui
2723 4309 2952 4384 gratiam
2976 4305 3218 4364 nondum
3251 4300 3515 4372 intellige-

1930 4421 2085 4484 bant,
2112 4424 2173 4471 ut
2200 4414 2265 4469 de
2285 4429 2382 4468 sua
2410 4407 2726 4464 inﬁrmitate
2754 4407 2916 4474 atque
2937 4395 3179 4471 peccatis
3205 4401 3304 4463 per
3335 4391 3515 4461 legem

1937 4505 2411 4568 convincerentur,
2438 4505 2494 4556 et
2529 4499 2615 4554 lex
2663 4496 2819 4550 ﬁeret
2869 4491 2992 4547 illis
3031 4488 3354 4558 paadagogus
3406 4495 3516 4551 quo

1937 4603 2360 4678 perducereutur
2382 4591 2448 4648 ad
2468 4591 2718 4662 gratiam,
2749 4592 2871 4656 quae
2892 4587 2978 4636 est
3003 4578 3056 4633 in
3080 4570 3335 4678 ﬁde‘Jesu

1937 4661 2028 4753 sti.
2061 4695 2138 4748 De
2165 4693 2267 4746 hoc
2291 4661 2687 4753 autemispiritu
2711 4672 3013 4746 adoptionis
3031 4678 3089 4728 et
3115 4663 3326 4741 gratiae,
3355 4661 3411 4721 id
3431 4669 3515 4726 est

1940 4789 2006 4845 de
2033 4787 2137 4841 hoc
2165 4796 2324 4852 opere
2352 4775 2572 4848 spiritus
2608 4769 2724 4834 Dei,
2757 4779 2864 4838 quo
2904 4760 3215 4852 impartitur
3240 4757 3430 4831 gratia
3449 4764 3516 4816 et

1940 4848 2280 4953 regeneratio
2309 4872 2364 4926 in
2393 4867 2562 4924 vitam
2585 4870 2870 4934 aeternam,
2906 4856 3144 4913 dicitur:
3175 4848 3402 4922 Spiritus
3420 4865 3517 4904 att-

1938 4939 2037 5029 tem
2085 4963 2342 5037 viviﬁcat;
2382 4975 2507 5017 cum
2556 4971 2717 5026 supra
2767 4953 3058 5012 diceretur,
3087 4942 3290 5000 Littera
3325 4939 3515 5037 pceidit

1941 5027 2026 5137 (Π
2053 5027 2375 5127 ϐον.ἰι),⁴ἰὰ
2418 5059 2499 5106 est
2550 5046 2855 5114 conscripta
2898 5033 3274 5137 tantummodo
3318 5027 3514 5136 iubens

1940 5124 2058 5213 sine
2090 5124 2361 5221 adiutorio
2413 5142 2617 5216 gratiae.
2646 5138 2753 5212 (Ea:
2781 5129 3048 5204 Origene.)
3093 5124 3332 5184 Demersi
3371 5129 3515 5186 sunt,

1941 5247 2133 5316 inquit,
2156 5216 2432 5312 ttanquam
2477 5233 2744 5308 plumbum
2781 5229 2838 5284 in
2871 5237 3063 5298 aquam
3117 5216 3513 5276 validissimam.

1944 5310 2264 5394 Peccatores
2287 5310 2485 5402 graves
2511 5332 2652 5383 sunt.
2683 5319 2926 5391 Denique
2951 5322 3026 5372 et
3051 5310 3313 5402 iniquitas
3333 5314 3518 5402 super

1945 5430 2205 5485 talentum
2233 5387 2438 5496 plumbi
2483 5417 2672 5476 sedere
2696 5387 3518 5496 monstratur,sicut‘Zacharias

1943 5518 2206 5589 propheta
2232 5485 2377 5568 dicit.
2441 5504 2591 5571 Vidi,
2623 5501 2814 5572 inquit,
2844 5496 3115 5552 mulierem
3143 5485 3402 5589 settlement
3429 5495 3522 5544 su-

1945 5572 2061 5681 perl
2084 5607 2334 5663 talentum
2382 5599 2601 5672 plumbi,
2626 5605 2673 5650 et
2704 5590 2853 5648 dixi:
2887 5589 3018 5657 Qua:
3041 5590 3114 5638 est
3139 5579 3248 5632 hau:
3269 5575 3292 5615 ⁹
3423 5585 3518 5678 ,τες-

1946 5664 2175 5776 rspondit,
2201 5664 2460 5768 Iniquitas
2492 5691 2677 5765 (Zaclt.
2709 5687 2784 5760 ν).
2814 5683 2941 5740 Inde
2985 5684 3070 5734 est
3096 5686 3222 5743 ergo
3245 5666 3400 5742 quod,
3421 5664 3519 5740 ini-
