4020 6352
483 296 551 356 ⁸11
956 282 967 288 ’
1125 289 1189 349 Β.
1231 290 1490 349 RABANI
1523 288 1745 348 MAURI
1780 286 2101 347 ARCHIEP.
2140 283 2449 344 MOGUNT.
2489 282 2775 343 OPERUM
2811 280 2991 340 PARS
3027 281 3069 339 Ι.

3670 280 3769 339 72

484 408 576 484 qui
630 408 686 462 in
735 403 1061 483 profundum
1098 402 1331 458 demersi
1359 410 1485 459 sunt
1510 402 1650 459 sicut
1676 401 1954 474 plumbum
2003 400 2060 453 in
2086 401 2139 461 Α
2167 397 2274 470 (Ex
2298 397 2563 471 Origene.)
2590 398 2787 468 Impios
2811 396 3027 468 quidem
3061 403 3117 451 et
3138 394 3299 451 hodie
3322 395 3550 452 devorat
3574 403 3764 453 terra.

485 516 627 572 aqua
656 496 1011 553 validissima.
1063 495 1247 552 Sancti
1278 504 1460 551 autem
1508 511 1618 551 non
1665 496 2068 566 demerguntur,

486 596 580 653 sed
609 589 894 648 ambulant
944 604 1108 659 super
1148 604 1338 658 aquas,
1365 589 1493 660 quia
1521 586 1668 643 leves
1694 596 1821 643 sunt
1870 594 1923 642 et
1950 599 2075 655 pec-

486 687 595 744 cati
640 684 881 756 pondere
926 696 1037 738 non
1079 687 1396 750 gravantur.
1446 678 1693 750 Denique
1727 676 1992 733 Dominus
2016 682 2075 731 et

490 775 747 832 Salvator
788 787 953 843 super
996 785 1168 840 aquas
1190 766 1511 825 ambulavit.
1541 768 1661 839 Ipse
1688 768 1834 824 enim
1866 774 1952 821 est
1981 766 2076 837 qui

489 881 619 923 vere
645 871 929 937 peccatum
980 861 1176 917 nescit.
1204 859 1518 916 Ambulavit
1545 867 1600 916 et
1628 859 1923 931 discipulus
1959 855 2075 927 ejus

490 958 708 1024 Petrus,
739 956 869 1014 licet
889 954 1108 1028 paulum
1136 953 1509 1023 trepidaverit.
1554 951 1673 1007 Non
1717 952 1861 1007 enim
1891 959 2076 1007 tantus

492 1056 614 1108 erat
648 1057 705 1107 et
733 1048 877 1115 talis,
906 1047 1001 1118 qui
1028 1046 1161 1102 nihil
1188 1045 1411 1100 omnino
1459 1046 1527 1101 de
1547 1045 1726 1116 specie
1750 1043 1955 1114 plumbi
1980 1044 2077 1099 ha-

490 1140 676 1199 buerit
709 1139 1028 1195 admixtum.
1058 1136 1201 1208 Ignis
1227 1136 1495 1205 decoquat
1515 1142 1574 1191 et
1603 1133 1858 1201 resolvat,
1884 1144 1945 1190 ut
1965 1134 2079 1190 elﬁ-

494 1233 710 1289 ciantur
761 1245 953 1287 omnes
1009 1243 1202 1284 aurum
1237 1226 1460 1295 bonum,
1490 1228 1620 1299 quia
1668 1241 1864 1282 aurum
1913 1237 2075 1283 terra:

495 1324 639 1381 illius
664 1324 866 1380 bonum
888 1337 1008 1379 esse
1027 1320 1248 1387 dicitur,
1272 1334 1438 1391 quam
1467 1319 1709 1375 habituri
1735 1326 1862 1374 sunt
1882 1316 2076 1373 sancti.

496 1415 568 1472 Et
597 1415 743 1472 sicut
785 1413 981 1469 fornax
1029 1410 1227 1482 probat
1251 1425 1444 1466 aurum
1462 1450 1478 1477 ,
1514 1410 1590 1465 ita
1621 1409 1872 1466 homines
1902 1406 2082 1478 iustos

498 1506 747 1563 tentatio.
779 1502 1121 1561 Veniendum
1144 1510 1231 1559 est
1244 1515 1375 1574 ergo
1387 1492 1637 1557 omnibus
1663 1501 1732 1557 ad
1756 1500 1956 1572 ignem.
1971 1496 2081 1554 Ve-

2170 492 2255 548 An
2289 508 2399 548 non
2431 493 2527 547 tibi
2555 493 2772 547 videtur
2793 508 2826 547 a
2850 501 2994 547 terra
3021 492 3265 547 devorari
3296 490 3385 546 ille
3411 491 3504 562 qui
3534 506 3768 565 semper

2172 586 2237 643 de
2263 595 2408 644 terra
2443 587 2665 659 cogitat,
2706 586 2798 659 qui
2825 600 3039 655 semper
3084 592 3332 640 terrenos
3360 591 3515 639 actus
3562 584 3768 651 habet,

2171 678 2264 752 qui
2300 678 2367 733 de
2403 685 2550 732 terra
2576 676 2837 747 loquitur,
2859 676 2925 732 de
2968 683 3115 732 terra
3147 674 3344 746 litigat,
3396 683 3599 730 terram
3652 674 3765 731 de-

2171 769 2394 837 siderat,
2416 776 2471 825 et
2488 783 2706 824 omnem
2734 783 2889 839 spem
2922 782 3074 823 suam
3104 767 3255 838 ponit
3284 767 3341 822 in
3366 775 3532 835 terra,
3559 767 3655 838 qui
3682 768 3765 823 ad

2174 861 2370 919 calum
2412 876 2521 916 non
2560 860 2803 931 respicit,
2833 860 2927 930 qui
2945 859 3128 915 futura
3150 875 3258 916 non
3286 860 3510 930 cogitat,
3537 861 3633 930 qui
3656 859 3761 928 ju-

2174 952 2376 1007 dicium
2422 950 2518 1007 Dei
2544 966 2652 1006 non
2690 944 2909 1017 meruit,
2948 965 3067 1011 nec
3106 951 3265 1006 beata
3319 948 3438 1020 ejus
3483 951 3766 1022 promissa

2175 1041 2463 1108 desiderat,
2519 1042 2614 1097 sed
2666 1056 2881 1112 semper
2935 1042 3000 1097 de
3050 1041 3412 1112 praesentibus
3458 1041 3665 1112 cogitat
3703 1050 3769 1098 et

2177 1145 2392 1192 terrena
2427 1136 2682 1207 suspirat.
2737 1134 2921 1191 Talem
2964 1150 3087 1191 cum
3139 1135 3362 1202 videris,
3409 1135 3576 1191 dicito
3630 1136 3769 1206 quia

2176 1226 2458 1283 devoravit
2505 1241 2631 1282 eum
2660 1234 2830 1284 terra.
2883 1225 2989 1282 Sed
3037 1236 3093 1283 et
3121 1228 3169 1283 si
3220 1228 3509 1298 quemdam
3557 1228 3771 1284 videris

2177 1317 2406 1374 luxuriae
2427 1310 2609 1375 carnis
2644 1328 2701 1375 et
2736 1318 3102 1390 voluptatibus
3125 1320 3371 1391 corporis
3412 1318 3678 1385 deditum,
3706 1320 3770 1376 in

2179 1421 2287 1478 quo
2305 1407 2519 1464 animus
2547 1408 2683 1465 nihil
2710 1407 2872 1473 valet,
2906 1409 3002 1465 sed
3030 1415 3201 1465 totum
3221 1408 3387 1465 libido
3404 1410 3591 1466 carnis
3621 1409 3772 1465 obti-

2181 1499 2319 1566 nuit,
2359 1498 2526 1555 dicito
2573 1507 2629 1555 et
2676 1499 2743 1555 de
2794 1499 2898 1555 hoc
2951 1500 3078 1571 quia
3112 1499 3393 1556 devoravit
3415 1514 3541 1555 eum
3595 1508 3767 1557 terra.

497 1596 755 1653 niendum
783 1594 853 1650 ad
872 1592 1271 1649 conﬂatorium.
1321 1591 1431 1648 Sed
1468 1599 1526 1647 et
1551 1591 1698 1664 enim
1721 1590 1985 1646 Dominus
2028 1596 2085 1644 et
2181 1586 2375 1646 Adhuc
2418 1604 2504 1644 me
2548 1596 2732 1646 movet
2771 1589 2917 1660 quod
2945 1589 3024 1644 ait
3072 1606 3087 1644 :
3141 1586 3442 1645 Extendisti
3491 1588 3771 1645 dexteram

498 1687 701 1743 conﬁat
732 1692 789 1741 et
813 1691 1010 1756 purgat
1034 1682 1175 1738 ﬁlios
1200 1680 1357 1736 Juda.
1394 1679 1502 1736 Sed
1527 1680 1654 1737 illuc
1681 1696 1804 1735 cum
1844 1681 2081 1746 venitur,
2186 1688 2356 1746 tuam,
2379 1688 2429 1734 et
2452 1680 2716 1736 devoravit
2744 1697 2833 1736 eos
2861 1689 3025 1747 terra,
3073 1680 3229 1751 quasi
3275 1687 3336 1735 ut
3375 1680 3775 1737 devorarentur

505 1775 552 1832 si
600 1775 723 1845 quis
770 1772 939 1828 multa
980 1785 1146 1841 opera
1180 1771 1322 1826 bona
1346 1777 1404 1825 et
1434 1784 1627 1838 parum
1653 1769 1859 1839 aliquid
1884 1770 2085 1840 iuiqui-
2187 1785 2219 1825 a
2251 1780 2415 1836 terra,
2455 1771 2573 1827 haec
2615 1786 2779 1828 causa
2828 1770 2997 1826 fuerit
3042 1769 3187 1841 quod
3235 1770 3478 1827 extendit
3502 1768 3772 1826 Dominus

504 1866 637 1921 tatis
666 1864 930 1933 attulerit,
971 1863 1103 1920 illud
1121 1878 1314 1934 parum
1348 1870 1606 1933 tanquam
1649 1862 1931 1934 plumbum
1975 1862 2085 1933 igni

507 1956 802 2013 resolvitur
823 1971 887 2011 ac
917 1962 1199 2027 purgatur,
1226 1961 1282 2011 et
1300 1961 1473 2009 totum
1501 1961 1747 2009 remanet
1774 1968 1966 2009 aurum
1993 1968 2091 2023 pu—

502 2062 646 2103 rum.
674 2046 744 2102 Et
773 2047 819 2103 si
848 2046 970 2116 quis
991 2046 1113 2115 plus
1142 2045 1271 2101 illuc
1296 2045 1501 2115 plumbi
1523 2044 1795 2109 detulerit,
1836 2043 1958 2113 plus
1995 2058 2090 2100 ex-

503 2135 700 2201 uritur,
729 2142 788 2189 ut
832 2134 1066 2204 amplius
1115 2134 1469 2203 decoquatur,
1498 2141 1560 2190 ut
1586 2133 1632 2188 si
1665 2148 1857 2203 parum
1887 2132 2093 2203 aliquid

503 2226 649 2294 auri,
703 2235 990 2300 purgatum
1047 2234 1230 2282 tamen
1280 2224 1535 2281 resideat.
1588 2223 1743 2291 Quod
1789 2224 1837 2279 si
1894 2223 2093 2294 aliquis

504 2318 634 2375 illuc
685 2326 830 2375 totus
869 2318 1157 2389 plumbeus
1185 2317 1416 2383 venerit,
1440 2315 1534 2371 ﬁet
1574 2316 1642 2371 de
1670 2315 1761 2370 illo
1795 2315 1901 2371 hoc
1947 2315 2093 2385 quod

506 2411 769 2482 scriptum
817 2418 905 2467 est
952 2428 966 2465 :
1026 2410 1373 2480 Demergitur
1421 2409 1477 2462 in
1535 2406 1801 2478 profundo
1833 2416 2094 2478 tanquam

506 2501 790 2575 plumbum
838 2503 895 2557 in
923 2517 1064 2573 aqua
1100 2501 1457 2557 validissima.
1488 2500 1643 2567 Quis,
1678 2500 1874 2570 inquit,
1905 2500 2107 2579 similis

506 2595 602 2651 tibi
624 2594 681 2649 in
721 2594 847 2661 diis,
873 2593 1136 2649 Domine?
1177 2594 1293 2665 quis
1338 2592 1526 2648 similis
1575 2592 1691 2659 tibi,
1736 2591 1994 2663 gloriosus
2038 2593 2095 2645 in

508 2686 729 2752 sanctis,
779 2683 1038 2739 mirabilis
1061 2684 1118 2738 in
1158 2683 1543 2754 majestatibus,
1571 2681 1770 2751 faciens
1811 2679 2097 2753 prodigia?

510 2775 664 2844 Quod
712 2776 864 2842 dicit,
896 2775 1027 2842 Quis
1056 2775 1241 2831 similis
1266 2776 1358 2829 tibi
1398 2776 1454 2828 in
1499 2774 1623 2840 diis,
1653 2789 1761 2829 non
1791 2771 2099 2828 simulacris

509 2863 752 2934 gentium
782 2872 1062 2935 comparat
1105 2864 1299 2930 Deum,
1352 2878 1455 2919 nec
1492 2862 1823 2918 dmnionibus
1873 2861 1965 2931 qui
1993 2861 2099 2917 sibi

508 2954 648 3013 falso
677 2957 901 3013 deorum
950 2971 1150 3013 nomen
1194 2956 1498 3023 assiscunt;
1530 2956 1626 3011 sed
1652 2955 1783 3011 deos
1820 2954 1941 3009 illos
1968 2953 2100 3008 dicit

510 3045 606 3115 qui
632 3060 729 3116 per
750 3049 977 3118 gratiam
1005 3056 1060 3103 et
1095 3048 1569 3119 participationem
1615 3045 1713 3100 Dei
1756 3044 2100 3114 appellantur

513 3132 608 3188 dii.
634 3115 734 3189 De
756 3115 972 3205 ‘quibus
1016 3144 1073 3191 et
1096 3115 1246 3190 alibi
1284 3115 1566 3204 Scriptura
1590 3133 1769 3188 dicit:
1802 3130 1917 3203 Ego
1964 3132 2100 3196 dixi,
2127 3115 2174 3179 C

514 3223 605 3278 Dii
627 3225 750 3279 estis
775 3224 947 3297 (Psal.
972 3226 1115 3298 xm).
1144 3226 1209 3280 Et
1235 3226 1467 3281 iterum:
1492 3223 1634 3279 Deus
1655 3225 1794 3278 stetit
1817 3224 1873 3277 in
1893 3238 2106 3294 congre-

517 3315 727 3385 gatione
774 3315 991 3369 deorum
1050 3315 1264 3389 (lbid.).
1325 3315 1434 3370 Sed
1483 3314 1541 3370 hi
1589 3314 1838 3386 quamvis
1879 3328 2106 3385 capaces

521 3407 630 3464 sint
676 3407 794 3474 Dei,
821 3417 874 3464 et
896 3410 1001 3465 hoc
1024 3409 1245 3464 nomine
1271 3408 1461 3463 donari
1486 3422 1584 3479 per
1608 3407 1841 3479 gratiam
1885 3406 2108 3462 videan-

521 3506 628 3565 tur,
660 3498 840 3555 nullus
876 3508 1059 3555 tamen
1087 3497 1201 3555 Deo
1242 3499 1436 3554 similis
1478 3497 1775 3564 invenitur,
1802 3497 1889 3552 vel
1928 3498 1982 3551 in
2011 3512 2111 3567 po-

530 3590 724 3656 lentia,
755 3590 842 3646 vel
880 3590 936 3645 in
972 3599 1190 3646 natura.
1253 3590 1323 3645 Et
1366 3588 1495 3644 licet
1544 3588 1785 3645 Joannes
1832 3574 2109 3659 apostolus

524 3678 701 3734 dicat:
724 3677 932 3746 Filioli,
962 3681 1196 3735 nondum
1223 3680 1417 3735 scimus
1442 3680 1570 3752 quid
1615 3679 1785 3749 futuri
1812 3696 2012 3734 sumus.
2046 3677 2111 3734 Si

519 3778 695 3823 autem
748 3768 1034 3824 revelatum
1074 3769 1220 3826 nobis
1271 3771 1454 3841 fuerit,
1508 3771 1574 3825 de
1622 3768 1852 3825 Domino
1882 3769 2110 3836 scilicet,

518 3862 713 3919 similes
745 3861 825 3917 illi
875 3862 1071 3917 erimus
1111 3862 1164 3935 (I
1207 3861 1371 3917 Joan.
1403 3860 1510 3932 ιιι).
1562 3860 1870 3916 Similitudo
1928 3869 2113 3916 tamen

519 3953 638 4010 haec
687 3970 795 4008 non
844 3954 915 4008 ad
951 3964 1229 4021 naturam,
1265 3956 1361 4011 sed
1390 3952 1457 4008 ad
1502 3953 1733 4024 gratiam
1779 3962 2108 4008 revocatur:

520 4044 676 4102 verbi
723 4060 887 4099 causa
917 4053 980 4099 ut
1020 4046 1066 4101 si
1102 4047 1344 4103 dicamus
1396 4047 1666 4117 picturam
1708 4045 1941 4102 similem
1992 4062 2116 4104 esse

524 4133 643 4205 ejus
668 4137 821 4205 cujus
842 4135 1021 4206 imago
1048 4136 1103 4190 in
1130 4138 1343 4206 pictura
1376 4138 1591 4192 videtur
1618 4153 1898 4211 expressa,
1944 4153 2116 4207 quan-

525 4235 640 4283 tum
689 4227 758 4282 ad
814 4229 1045 4299 gratiam
1103 4229 1380 4299 pertinet,
1424 4228 1574 4285 visus
1623 4230 1817 4285 similis
1878 4231 2113 4299 dicitur;

526 4327 787 4390 quantum
842 4321 913 4375 ad
967 4320 1324 4376 substantiam
1351 4361 1366 4389 ,
1427 4318 1586 4392 longe
1644 4320 1958 4376 dissimilis.
2022 4322 2116 4378 Illa

527 4412 672 4468 enim
728 4412 938 4483 species
999 4412 1182 4468 carnis
1223 4420 1308 4470 est
1345 4419 1401 4468 et
1440 4412 1684 4483 corporis
1709 4413 1852 4479 vivi,
1884 4414 1989 4468 ista
2026 4428 2120 4470 co-

526 4503 702 4559 lorum
734 4478 890 4586 incus
923 4511 1025 4571 est,
1055 4511 1113 4560 et
1133 4512 1354 4571 caetera,
1385 4478 1582 4558 tabulis
1609 4518 1771 4561 sensu
1802 4478 2115 4560 carentibus
2140 4478 2193 4538 Ῑ)

526 4596 886 4664 superposita.

598 4682 788 4740 Nullus
815 4699 947 4755 ergo
994 4684 1050 4740 in
1078 4686 1181 4742 diis
1227 4685 1420 4743 similis
1456 4687 1705 4745 Domino.
1736 4688 1924 4746 Nullus
1968 4690 2117 4746 enim

529 4774 837 4843 invisibilis,
884 4775 1065 4832 nullus
1115 4777 1504 4849 incorporeus,
1530 4780 1710 4837 nullus
1740 4780 2113 4850 immutabilis,

531 4868 709 4924 nullus
740 4869 858 4925 sine
906 4870 1061 4926 initio
1111 4879 1168 4925 et
1214 4873 1330 4927 sine
1359 4872 1489 4940 ﬁne,
1520 4872 1699 4929 nullus
1751 4882 1969 4930 creator
1994 4890 2115 4930 om-

530 4959 705 5026 nium,
728 4961 831 5016 nisi
858 4960 1019 5017 Pater
1034 4977 1156 5018 cum
1185 4961 1325 5018 Filio
1350 4971 1407 5018 et
1433 4962 1641 5036 Spiritu
1679 4974 1889 5022 sancto.
1922 4966 2124 5021 Exten-

530 5049 658 5107 disti
707 5052 980 5108 dexteram
1030 5064 1197 5122 tuam,
1254 5064 1304 5111 et
1356 5056 1624 5112 devoravit
1672 5074 1759 5113 eos
1814 5068 1979 5113 terra.
2014 5058 2123 5131 (Ea:

534 5143 868 5218 Augustino.)
894 5146 1062 5201 Terra
1081 5163 1182 5217 pro
1210 5164 1350 5219 aqua
1372 5151 1629 5206 nimirum
1657 5160 1741 5208 est
1764 5153 1963 5224 posita.
1987 5153 2124 5210 Tota

535 5237 733 5309 quippe
780 5254 909 5308 pars
939 5241 1044 5296 ista
1093 5249 1338 5297 extrema
1367 5243 1452 5297 vel
1481 5244 1699 5301 inﬁrma
1739 5247 1925 5302 mundi
1962 5254 2125 5302 terra:

535 5329 753 5385 nomine
776 5340 1048 5399 censetur,
1077 5332 1375 5389 secundum
1404 5333 1456 5390 id
1502 5336 1648 5405 quod
1702 5351 1844 5407 saepe
1886 5337 2122 5394 dicitur?

534 5416 677 5475 Deus
699 5420 792 5492 qui
841 5421 964 5491 fecit
1013 5421 1198 5478 cretum
1227 5434 1276 5478 et
1305 5434 1500 5480 terram
1549 5425 1722 5497 (Psal.
1753 5428 2016 5502 cxnvm);
2068 5437 2124 5486 et

537 5510 592 5565 in
612 5514 756 5571 illius
783 5516 978 5586 psalmi
1006 5517 1413 5587 distributione,
1455 5525 1900 5581 commemoratis
1952 5526 2119 5581 coele-

538 5602 728 5671 stibus,
778 5606 1034 5679 Laudate,
1080 5610 1276 5681 inquit,
1306 5612 1591 5669 Dominum
1626 5614 1691 5669 de
1735 5624 1877 5671 terra
1907 5633 1926 5671 :
1974 5627 2028 5674 et
2055 5634 2122 5676 ea

542 5699 856 5768 exsequitur
890 5700 944 5757 in
973 5702 1131 5760 laude
1158 5719 1279 5777 quae
1304 5704 1468 5761 etiam
1492 5708 1560 5763 ad
1594 5723 1766 5780 aquas
1790 5711 2118 5781 pertineant.

2189 1863 2472 1920 dexteram
2522 1878 2699 1920 suam.
2736 1863 2798 1920 Si
2825 1863 3138 1920 consideres
3182 1862 3452 1934 quomodo
3484 1862 3773 1928 Dominus,

2188 1954 2459 2011 exaltatus
2486 1954 2541 2010 in
2566 1969 2751 2021 cruce,
2787 1962 2903 2011 tota
2925 1955 3015 2011 die
3042 1954 3287 2010 extendit
3312 1969 3506 2010 manus
3545 1968 3679 2010 suas
3704 1952 3777 2009 ad

2189 2046 2444 2117 populum
2466 2062 2573 2102 non
2602 2048 2915 2103 credentem
2946 2054 3001 2103 et
3028 2046 3511 2114 contradicentem,
3538 2054 3596 2102 et
3642 2060 3778 2115 qua-

2191 2135 2318 2193 liter
2364 2136 2637 2194 inﬁdelem
2683 2137 2961 2207 populum,
3015 2138 3108 2208 qui
3157 2137 3433 2203 clamavit,
3488 2136 3778 2207 Cruciﬁge,

2193 2227 2445 2299 cruciﬁge
2471 2244 2589 2283 eum
2637 2227 2855 2300 (Matth.
2902 2228 3060 2303 xvn),
3108 2244 3255 2285 mors
3292 2228 3514 2285 admissi
3554 2228 3779 2284 sceleris

2192 2320 2465 2390 oppressit
2493 2359 2511 2386 ,
2561 2319 2844 2377 evidenter
2903 2319 3148 2376 invenies
3205 2320 3473 2391 quomodo
3530 2318 3784 2375 extendit

2195 2409 2472 2465 dexteram
2500 2424 2677 2477 suam,
2706 2420 2763 2466 et
2813 2412 3093 2467 devoravit
3120 2424 3215 2467 eos
3242 2418 3388 2465 terra
3418 2428 3432 2463 :
3463 2421 3564 2465 nec
3595 2418 3782 2464 tamen

2194 2502 2411 2571 penitus
2448 2501 2844 2573 desperandum
2873 2511 2975 2558 est.
3020 2501 3285 2558 Possihile
3314 2515 3548 2570 namque
3587 2508 3674 2555 est
3722 2507 3784 2554 ut

2196 2595 2244 2651 si
2270 2593 2410 2650 forte
2437 2596 2726 2665 resipiscat
2751 2594 2847 2666 qui
2892 2595 3184 2651 devoratus
3212 2601 3319 2661 est,
3347 2608 3566 2649 rursum
3606 2591 3787 2663 possit

2196 2689 2375 2744 evomi
2421 2690 2562 2744 sicut
2590 2688 2779 2744 Jonas.
2833 2686 3115 2743 Deduxisti
3145 2686 3363 2757 justitia
3407 2695 3500 2739 tua
3529 2683 3786 2756 populum

2197 2789 2349 2835 tuum
2376 2782 2516 2835 hunc
2545 2797 2700 2851 quem
2727 2779 2982 2836 liberaui.
3016 2778 3329 2835 Consolatus
3364 2795 3419 2834 es
3449 2778 3641 2843 virtute
3664 2785 3785 2845 tua,

2198 2881 2249 2927 et
2271 2873 2329 2927 in
2345 2873 2520 2944 requie
2539 2882 2723 2928 sancta
2743 2882 2856 2927 tua.
2878 2873 3139 2928 Dominus
3152 2871 3408 2945 populum
3426 2886 3604 2937 suum,
3620 2883 3789 2941 quem

2200 2965 2451 3021 liberavit
2470 2981 2569 3037 per
2593 2966 2870 3024 lavacrum
2894 2965 3347 3036 regenerationis,
3373 2963 3590 3020 deducit
3618 2963 3676 3017 in
3704 2959 3791 3030 ju-

2205 3058 2356 3114 stitia
2385 3076 2400 3112 :
2429 3058 2739 3115 consolatur
2761 3058 2927 3114 etiam
2951 3073 3075 3114 eum
3093 3073 3192 3128 per
3216 3054 3643 3113 consolationem
3672 3052 3793 3126 Spi-

2204 3149 2346 3207 ritus
2381 3150 2557 3206 sancti
2594 3150 2651 3205 in
2683 3150 2885 3206 virtute
2925 3165 3024 3207 sua
3053 3158 3109 3207 et
3155 3150 3213 3205 in
3241 3149 3433 3220 requie
3469 3164 3586 3204 sua.
3616 3146 3793 3203 Futu-

2207 3255 2394 3297 rorum
2446 3255 2682 3310 namque
2734 3238 2858 3311 sp'es
2911 3240 3287 3297 laborantibus
3336 3239 3579 3310 requiem
3623 3237 3793 3309 parit,

2208 3330 2352 3388 sicut
2396 3339 2453 3387 et
2480 3332 2535 3386 in
2560 3347 2735 3403 agone
2752 3333 2946 3404 positis
2976 3332 3217 3390 dolorem
3249 3331 3536 3389 vulnerum
3577 3329 3799 3401 mitigat

2208 3437 2336 3494 spes
2358 3439 2593 3484 curante.

2279 3518 2575 3573 Audierant
2596 3529 2769 3589 gentes
2789 3527 2838 3574 et
2863 3520 3016 3575 irata:
3037 3528 3160 3576 sunt
3178 3533 3196 3572 :
3213 3518 3419 3575 dolores
3449 3517 3797 3590 comprehen-

2212 3607 2400 3664 derunt
2418 3605 2713 3665 habitantis
2744 3608 3091 3666 Philistihim.
3124 3608 3270 3664 Tunc
3295 3609 3673 3680 festinaverunt
3694 3609 3802 3662 du-

2214 3716 2298 3755 ces
2338 3696 2512 3755 Edom
2540 3710 2590 3756 et
2614 3701 2874 3773 principes
2900 3700 3258 3756 Moabitarum
3288 3716 3307 3756 :
3333 3698 3672 3772 apprehendit
3708 3716 3800 3754 eos

2212 3798 2428 3858 tremor,
2454 3791 2734 3847 tabuerunt
2768 3808 2945 3848 omnes
2968 3792 3263 3847 habitantes
3294 3791 3571 3861 Chanaan.
3608 3788 3801 3858 Quan-

2214 3892 2332 3940 tum
2360 3884 2430 3939 ad
2470 3884 2757 3941 historiam
2790 3885 3047 3955 pertinet,
3077 3884 3284 3941 nullum
3315 3898 3383 3939 ex
3411 3883 3499 3940 his
3544 3881 3801 3954 gentibus

2214 3972 2533 4031 interfuisse
2583 3974 2925 4031 mirabilibus
2977 3988 3098 4045 quae
3152 3972 3298 4032 facta
3347 3981 3508 4039 sunt,
3559 3978 3799 4027 constat.

2215 4067 2495 4133 Quomodo
2546 4081 2682 4138 ergo
2726 4067 3054 4123 videbuntur
3102 4073 3340 4122 tremore
3386 4062 3664 4121 deterrita:
3714 4060 3805 4118 vel

2215 4156 2523 4223 festinasse,
2572 4165 2636 4211 ut
2688 4156 2840 4224 dicit,
2886 4157 2971 4210 vel
3022 4158 3177 4213 iratae
3206 4171 3328 4213 esse
3371 4153 3703 4211 Philistihim
3745 4160 3806 4208 et

2217 4246 2466 4303 Moabitae
2487 4256 2543 4303 et
2561 4246 2754 4315 Edom,
2779 4255 2834 4304 et
2868 4248 3089 4319 reliquae
3132 4264 3271 4319 quas
3295 4254 3583 4304 enumerat
3624 4245 3807 4301 natio-

2217 4339 2352 4394 nes?
2376 4336 2484 4393 Sed
2507 4338 2553 4394 si
2580 4339 2865 4395 redeamus
2894 4338 2963 4394 ad
2990 4321 3401 4410 intelligentiam
3439 4334 3802 4407 spiritualem,

2221 4429 2464 4485 invenies
2494 4430 2622 4499 quia
2656 4428 3004 4495 Philisthiim,
3040 4429 3096 4483 id
3123 4436 3211 4484 est
3234 4437 3469 4485 caventes
3511 4424 3721 4498 poculo,
3747 4432 3808 4481 et

2218 4518 2391 4574 Edom
2411 4519 2504 4589 qui
2529 4518 2920 4589 interpretatur
2938 4528 3193 4584 terrenus,
3215 4517 3508 4589 trepidant,
3531 4524 3587 4572 et
3606 4516 3805 4571 horum

2219 4611 2461 4666 omnium
2473 4610 2745 4682 principes
2754 4611 3025 4667 cursitant
3047 4619 3102 4666 et
3126 4617 3319 4683 pavent
3343 4606 3621 4665 constricti
3645 4607 3803 4662 dolo-

2221 4701 2373 4757 ribus
2399 4716 2522 4757 cum
2551 4701 2738 4758 vident
2766 4716 2936 4774 regna
2975 4717 3092 4768 sua,
3130 4716 3252 4772 quae
3291 4700 3350 4755 in
3398 4698 3612 4755 inferno
3655 4706 3802 4764 sunt,

2220 4801 2503 4863 penetrata
2528 4794 2596 4849 ab
2621 4807 2687 4849 eo
2715 4792 2809 4864 qui
2835 4793 3117 4849 descendit
3164 4792 3221 4848 in
3260 4791 3520 4848 inferiora
3548 4796 3707 4867 terrae
3744 4794 3808 4844 ut

2221 4884 2414 4955 eripiat
2434 4900 2529 4941 eos
2556 4884 2649 4954 qui
2672 4885 3091 4955 possidebantur
3114 4901 3147 4941 a
3174 4892 3369 4941 morte.
3402 4882 3503 4938 Hic
3528 4896 3623 4937 eos
3649 4893 3807 4936 com-

2223 4977 2513 5048 prehendit
2562 4976 2730 5033 timor
2756 4984 2813 5033 et
2838 4984 3062 5046 tremor,
3098 4977 3226 5049 quia
3270 4981 3561 5034 senserunt
3597 4971 3782 5043 magni

2227 5070 2469 5125 tudinem
2506 5069 2718 5126 brachii
2740 5069 2877 5142 ejus.
2914 5069 3053 5127 Hinc
3084 5070 3251 5126 etiam
3280 5069 3575 5124 tabuerunt
3617 5077 3811 5120 omnes

2225 5163 2538 5219 habitantes
2575 5161 2856 5230 Chanaan,
2904 5165 2997 5235 qui
3045 5161 3335 5218 mutabiles
3382 5160 3811 5228 interpretantur

2225 5261 2280 5309 et
2316 5254 2561 5322 mobiles,
2604 5272 2729 5313 cum
2755 5256 2944 5311 vident
2990 5255 3198 5312 moveri
3249 5268 3417 5326 regna
3447 5267 3564 5317 sua,
3596 5249 3811 5322 alligari

2224 5345 2442 5414 fortem,
2475 5356 2531 5403 et
2574 5363 2705 5403 vasa
2753 5345 2869 5416 ejus
2922 5347 3101 5418 diripi.
3142 5345 3330 5402 Veniat
3370 5360 3490 5417 ergo
3529 5359 3686 5415 super
3718 5357 3811 5397 eos
3848 5371 3867 5387 -

2224 5437 2380 5493 timor
2399 5447 2447 5493 et
2483 5448 2681 5492 tremor
2699 5438 3074 5508 magnitudinis
3099 5438 3299 5493 brachii
3322 5438 3419 5493 tui.
3448 5435 3588 5503 Quid
3620 5434 3814 5490 timent

2225 5530 2514 5593 daemones,
2538 5528 2669 5598 quid
2696 5530 2968 5584 tremunt?
3002 5529 3132 5585 Sine
3154 5530 3319 5585 dubio
3335 5542 3556 5584 crucem
3577 5525 3808 5593 Christi,

2224 5622 2281 5676 in
2309 5635 2417 5690 qua
2460 5620 2775 5689 triumphati
2807 5628 2950 5688 sunt,
2982 5621 3038 5675 in
3066 5636 3174 5691 qua
3202 5621 3351 5675 exuti
3378 5627 3504 5676 sunt
3538 5617 3812 5689 principa-

2226 5723 2311 5770 tus
2331 5728 2521 5769 eorum
2546 5721 2600 5770 et
2628 5721 2944 5784 potestates.
2976 5712 3163 5771 Timor
3180 5729 3310 5786 ergo
3332 5721 3388 5771 et
3416 5723 3622 5771 tremor
3649 5709 3812 5768 cadet
