4044 6362
209 356 286 415 75
1179 352 1686 412 COMMENTARIA
1721 352 1794 410 IN
1831 351 2144 410 EXODUM.
2181 381 2252 395 --
2288 353 2417 412 LIB.
2457 353 2522 413 II.
3414 356 3487 414 74

212 484 382 542 super
435 483 552 535 eos,
605 483 729 525 cum
786 469 998 542 signum
1044 469 1101 526 in
1145 471 1302 528 nobis
1349 472 1529 528 crucis
1562 470 1800 527 viderint
1825 474 1879 536 Α
1906 473 2160 536 tanquam
2187 481 2316 522 suos
2340 468 2560 539 quidem
2587 466 2861 539 recepisse
2882 480 3022 538 quos
3047 476 3346 536 creaverat,
3369 477 3489 526 tan—

215 564 449 622 ﬁdeliter
485 563 672 629 ﬁxum,
710 571 765 618 et
798 565 1225 636 magnitudinem
1253 566 1460 622 brachii
1489 565 1634 622 illius
1655 565 1801 636 quod

214 657 480 713 Dominus
519 657 780 727 expandit
828 657 883 712 in
934 673 1118 725 cruce,
1158 659 1300 715 sicut
1349 658 1518 715 dicit:
1552 657 1684 712 Tota
1718 657 1803 711 die

213 749 446 822 σατραπάὶ
492 766 682 804 manus
733 766 875 805 meas
900 751 970 805 ad
995 752 1245 822 populum
1287 769 1390 807 non
1421 752 1713 806 credentem
1754 759 1802 804 et

211 842 660 898 contradicentem
697 842 824 897 mihi
857 841 1037 916 (Rom.
1087 844 1166 916 χ).
1224 843 1343 900 Νοη
1374 854 1428 901 ιε
1463 861 1593 918 ergo
1646 844 1803 900 aliter

212 931 510 997 timebunt,
554 949 656 990 nec
685 933 844 990 aliter
887 943 1094 991 tremor
1116 943 1245 992 tuus
1275 938 1458 993 veniet
1492 952 1658 1010 super
1685 954 1799 1007 eos,

215 1022 325 1079 nisi
352 1023 574 1081 videant
605 1027 660 1082 in
687 1035 739 1082 te
785 1043 1002 1084 crucem
1038 1027 1262 1097 Christi,
1295 1031 1402 1086 nisi
1433 1041 1489 1088 et
1517 1041 1573 1088 tu
1600 1035 1806 1104 poteris

217 1115 404 1172 dicere
433 1131 449 1170 :
483 1116 616 1172 Mihi
641 1127 817 1173 autem
845 1119 978 1175 absit
1002 1120 1242 1192 gloriari,
1273 1123 1374 1177 nisi
1414 1124 1469 1178 in
1509 1141 1663 1180 cruce
1694 1125 1805 1181 Do-

213 1209 350 1263 mini
385 1211 486 1264 mei
511 1209 641 1265 Jesu
662 1210 875 1278 Christi,
908 1230 1001 1284 per
1020 1231 1172 1285 quem
1209 1216 1338 1269 mihi
1365 1217 1592 1272 mundus
1633 1219 1806 1274 cruci-

211 1300 362 1370 ﬁxus
383 1312 479 1368 est,
506 1312 554 1356 et
574 1319 666 1375 ego
692 1305 888 1358 mundo
921 1302 1122 1376 (Galat.
1162 1305 1260 1376 γι).

199 1429 204 1452 ς
291 1391 458 1447 Fiant
478 1403 728 1465 tanquam
755 1395 911 1468 lapis,
941 1397 1105 1452 donec
1125 1407 1357 1454 transeat
1403 1402 1626 1473 populus
1660 1412 1802 1470 tuus,

213 1485 464 1554 Domine,
496 1489 660 1543 donec
683 1497 918 1545 transeat
941 1490 1165 1562 populus
1190 1501 1312 1548 tuus
1335 1494 1419 1548 hic
1439 1512 1594 1567 quem
1627 1498 1808 1569 acqui-

213 1579 354 1632 sisti.
383 1578 526 1634 Fieri
565 1587 818 1651 tanquam
863 1581 1118 1653 lapidem,
1165 1600 1272 1640 non
1320 1593 1403 1641 est
1444 1595 1638 1642 natura
1684 1604 1806 1644 esse

215 1669 478 1740 lapidem.
526 1671 645 1727 Non
672 1674 816 1728 enim
844 1673 1000 1730 ﬁeret
1026 1675 1131 1731 nisi
1169 1677 1315 1747 quod
1365 1692 1471 1733 non
1506 1687 1643 1734 erat.
1692 1679 1806 1736 Hoc

213 1771 440 1833 propter
466 1764 586 1820 illos
634 1765 864 1821 dicimus
890 1768 982 1838 qui
1011 1769 1166 1823 malae
1211 1777 1420 1825 natura:
1465 1771 1803 1828 Pharaonem

1903 573 2065 628 quam
2119 557 2324 615 alienos
2375 568 2556 616 autem
2605 561 2903 631 acquisisse
2949 559 3043 630 qui
3097 560 3333 618 alienum
3385 564 3490 620 sibi

1903 648 2178 705 dominum
2205 652 2481 720 peccando
2512 653 2896 722 quiesiverant.
2926 651 3024 708 Set
3065 651 3298 710 fortasse
3342 665 3493 712 recte

1902 743 2119 814 quidem
2153 743 2350 799 dicitur
2375 743 2671 800 redemisse
2697 759 2796 800 nos
2824 743 3092 811 Christus,
3121 746 3213 815 qui
3256 746 3493 816 pretium

1903 835 2078 892 nostri
2115 837 2432 908 sanguinem
2463 853 2621 893 suum
2647 837 2812 892 dedit.
2862 835 3001 903 Quid
3051 837 3157 892 tale
3206 845 3389 893 autem
3434 845 3496 892 ut

1903 943 2004 983 nos
2029 937 2388 998 mercaretur,
2410 931 2576 986 etiam
2610 931 2858 988 diabolus
2889 931 3070 987 dedit?
3098 930 3240 1001 Ergo
3270 931 3314 986 si
3345 931 3496 986 vide-

1905 1029 1996 1077 tur
2021 1022 2306 1078 ausculta:
2347 1022 2711 1079 Homicidium
2739 1024 2973 1096 pecunia
3017 1023 3216 1078 diaboli
3251 1031 3354 1078 est.
3405 1022 3498 1078 ille

1904 1115 2050 1171 enim
2099 1116 2168 1171 ab
2204 1115 2360 1171 initio
2403 1116 2672 1172 homicida
2711 1127 2814 1173 est.
2867 1116 3068 1173 Fecisti
3120 1115 3494 1183 homicidium,

1907 1209 2104 1265 diaboli
2157 1210 2448 1280 pecuniam
2500 1210 2818 1281 suscepisti;
2880 1209 3243 1278 adulterium,
3295 1209 3497 1266 diaboli

1905 1302 2136 1372 pecunia
2173 1309 2258 1356 est
2292 1319 2306 1355 :
2339 1301 2540 1358 diaboli
2569 1303 2714 1357 enim
2741 1303 2796 1358 in
2824 1318 2888 1358 eo
2910 1303 3090 1373 imago
3115 1311 3200 1358 est
3227 1311 3283 1358 et
3309 1317 3500 1374 super-

1907 1395 2152 1466 scriptio.
2192 1393 2526 1450 Commisisti
2554 1395 2874 1450 adulterium
2900 1437 2915 1462 ,
2942 1397 3200 1466 accepisti
3227 1412 3258 1449 a
3289 1395 3502 1451 diabolo

1907 1487 2218 1543 numisma:
2251 1487 2490 1555 furtum,
2537 1487 2729 1543 falsum
2777 1488 3167 1556 testimonium,
3210 1489 3502 1560 rapacitas,

1908 1579 2202 1647 violentia,
2235 1582 2353 1636 haec
2380 1581 2564 1637 omnia
2609 1581 2808 1636 diaboli
2846 1597 3042 1637 census
3084 1589 3168 1637 est
3210 1591 3265 1637 et
3305 1583 3504 1638 diaboli

1909 1677 2221 1733 thesaurus.
2253 1677 2399 1732 Talis
2431 1677 2577 1732 enim
2615 1677 2844 1747 pecunia
2873 1675 2940 1731 de
2970 1675 3086 1744 ejus
3123 1684 3342 1732 moneta
3380 1692 3505 1746 pro-

1909 1768 2070 1824 cedit.
2101 1767 2215 1824 Hac
2249 1768 2417 1840 igitur
2453 1768 2682 1838 pecunia
2727 1767 2861 1821 emit
2888 1766 2975 1820 ille
3003 1781 3139 1836 quos
3165 1767 3316 1832 emit,
3350 1774 3404 1820 et
3428 1766 3505 1820 ef-

213 1853 306 1912 τοι
337 1854 621 1928 Egyptios
647 1857 834 1914 dicunt
861 1858 1056 1927 fuisse;
1085 1869 1139 1917 et
1165 1878 1273 1918 non
1295 1877 1361 1918 ex
1387 1863 1598 1919 arbitrii
1643 1865 1806 1922 liber-
1832 1842 1882 1904 Β
1910 1859 2024 1915 ﬁcu
2047 1859 2148 1915 sibi
2173 1875 2361 1916 Servos
2380 1859 2700 1930 οωηθδνίιυί
2726 1858 2792 1912 de
2814 1855 3186 1926 hujuscelmdi
3209 1873 3372 1914 080$"
3388 1855 3505 1926 eius

215 1950 406 2004 tatein
431 1950 548 2005 haec
576 1965 696 2006 esse
736 1952 1016 2019 deductos,
1065 1955 1160 2010 sed
1202 1962 1256 2008 et
1300 1963 1522 2026 propter
1568 1971 1662 2014 eos
1713 1959 1808 2028 qui

215 2051 526 2098 creatorem
574 2044 742 2100 Deum
801 2055 1060 2102 accusant
1108 2056 1366 2120 tanquam
1415 2066 1648 2118 saevum,
1701 2068 1808 2124 quo

213 2132 467 2188 homines
496 2143 779 2192 vertantur
799 2138 853 2192 in
882 2139 1104 2208 lapides.
1121 2140 1190 2195 Ili
1209 2157 1338 2215 ergo
1357 2144 1672 2216 priusquam
1693 2146 1810 2202 bla-

217 2227 533 2298 sphement,
560 2231 904 2286 considerent
926 2249 1137 2288 summa
1168 2234 1487 2293 liberatione
1529 2255 1650 2308 qua:
1676 2241 1811 2296 scri-

217 2329 308 2389 pta
351 2329 498 2374 sunt.
545 2319 664 2376 Non
696 2323 841 2377 enim
881 2323 1035 2392 dixit,
1082 2324 1244 2382 Fiant
1285 2337 1536 2400 tanquam
1569 2329 1724 2402 lapis,
1755 2341 1812 2388 et

219 2411 425 2477 tacuit;
468 2415 565 2468 sed
610 2422 821 2484 tempus
847 2418 1055 2484 statuit,
1099 2427 1156 2475 et
1191 2435 1504 2476 mensuram
1553 2425 1811 2479 condem-

218 2504 458 2560 nationis
485 2506 750 2562 decernit.
774 2508 867 2564 Ait
887 2511 1032 2565 enim
1067 2529 1079 2566 :
1112 2512 1276 2568 donec
1328 2525 1564 2571 transeat
1584 2516 1810 2589 papulas

217 2605 360 2651 tuus.
393 2596 513 2665 Quo
538 2599 748 2656 scilicet
775 2603 1005 2658 transitu
1036 2605 1220 2677 populi
1249 2622 1359 2662 non
1411 2609 1520 2664 sint
1550 2616 1811 2680 tanquam

215 2688 462 2759 lapides;
498 2693 553 2746 in
595 2709 700 2764 quo
742 2695 877 2751 mihi
914 2697 1130 2754 videtur
1153 2701 1454 2772 prophetia:
1498 2701 1702 2774 aliquid
1733 2704 1812 2758 ιε..

217 2787 354 2836 tere.
389 2781 560 2838 Video
601 2785 743 2839 enim
775 2786 902 2857 quia
929 2790 1080 2858 prior
1114 2792 1367 2862 populus,
1405 2795 1498 2864 qui
1542 2795 1648 2851 fuit
1686 2805 1811 2852 ante

215 2886 338 2939 nos,
362 2872 542 2930 factus
589 2884 671 2931 est
719 2884 974 2949 tauquam
1000 2881 1136 2952 lapis
1166 2884 1336 2941 durus
1383 2895 1439 2942 et
1461 2888 1807 2958 incredulus;

215 2980 412 3022 verum
442 2983 550 3022 non
578 2979 802 3026 eatenus
829 2981 890 3027 ut
925 2974 981 3028 in
1028 2975 1228 3046 lapidis
1253 2987 1446 3034 natura
1467 2992 1809 3050 permaneat,

217 3059 316 3114 sed
346 3060 519 3117 donec
568 3070 810 3120 transeat
842 3067 1072 3138 populus
1101 3070 1209 3138 hic,
1258 3073 1488 3142 populus
1518 3090 1680 3145 quem
1722 3091 1814 3134 ac-

217 3151 457 3221 quisisti.
506 3154 734 3212 Caecitas
781 3160 926 3213 enim
951 3175 1020 3216 ex
1053 3172 1216 3232 parte
1261 3166 1488 3238 contigit
1537 3168 1593 3222 in
1643 3168 1812 3225 Israel

216 3245 521 3300 secundum
562 3263 806 3318 carnem,
838 3252 1007 3308 donec
1047 3254 1324 3325 plenitudo
1363 3259 1605 3329 gentium
1630 3261 1812 3317 subin-

217 3345 412 3394 traret.
439 3339 570 3395 Cum
591 3345 732 3397 enim
751 3345 1022 3416 plenitudo
1041 3351 1271 3419 gentiam
1291 3351 1670 3422 subintroiertt,
1687 3365 1811 3411 tunc

215 3431 378 3484 etiam
415 3434 582 3487 omnis
611 3433 802 3503 Israel,
830 3438 922 3508 qui
971 3454 1070 3510 per
1114 3441 1508 3500 incredulitatis
1556 3447 1812 3502 duritiam

215 3520 397 3578 factus
421 3522 603 3580 fuerat
635 3527 776 3583 sicut
815 3529 966 3599 lapis,
994 3532 1284 3588 salvabitur
1314 3535 1492 3607 (Rom.
1517 3537 1617 3611 χι).
1641 3539 1710 3593 Ει
1733 3541 1816 3596 vis

215 3611 406 3667 videre
435 3619 706 3683 quomodo
727 3623 1057 3678 satvabitur?
1084 3623 1282 3684 Potens
1312 3637 1412 3694 est,
1439 3630 1635 3700 inquit,
1668 3631 1813 3687 Deus

217 3704 287 3760 de
332 3705 607 3776 lapidibus
648 3714 912 3765 suscitare
948 3716 1087 3768 ﬁlios
1133 3717 1382 3775 Abrahze.
1416 3721 1638 3776 Manent
1683 3738 1813 3792 ergo

219 3796 430 3868 lapides
463 3815 626 3866 nunc,
662 3799 824 3856 donec
863 3811 1093 3859 transeat
1117 3807 1341 3877 populus
1385 3819 1526 3875 tuus,
1565 3811 1811 3878 Domine,

219 3891 443 3961 papulas
486 3901 611 3947 tuus
653 3894 736 3948 hic
763 3912 915 3965 quem
959 3898 1250 3969 acquisisti.
1283 3898 1390 3956 Sed
1412 3903 1458 3957 si
1493 3903 1609 3973 ipse
1634 3904 1817 3959 Domi-

221 3999 323 4040 nus
350 3993 570 4041 creator
586 3993 671 4040 est
688 3987 951 4053 omnium,
973 3989 1262 4046 videndum
1295 4002 1380 4048 est
1411 3998 1680 4064 quomodo
1727 3999 1817 4053 hic

221 4079 529 4151 acquisisse
578 4078 789 4134 dicatur
822 4098 943 4152 qua;
993 4100 1090 4140 sua
1135 4101 1256 4142 esse
1289 4104 1397 4144 non
1443 4091 1664 4147 dubium
1709 4102 1814 4149 est.

220 4169 436 4226 Dicitur
467 4179 524 4226 et
544 4171 600 4226 in
629 4170 735 4227 alio
756 4173 970 4230 cantico
1001 4175 1448 4236 Deuteronomii:
1487 4181 1682 4237 Nonne
1731 4184 1816 4238 hic

222 4263 328 4333 ipse
366 4263 511 4318 Deus
551 4273 688 4330 tuus,
720 4267 809 4336 qui
849 4266 971 4336 fecit
998 4277 1068 4333 te,
1111 4279 1158 4324 et
1183 4272 1376 4326 creavit
1399 4281 1470 4340 te,
1499 4283 1548 4328 et
1593 4275 1818 4346 acquisi-

223 4356 287 4407 vit
317 4364 369 4407 te
391 4353 572 4436 (Deut.
597 4356 809 4426 xxxu)?
837 4357 1061 4414 Videtur
1093 4360 1240 4416 enim
1281 4365 1655 4435 unusquisque
1683 4365 1816 4421 illud

222 4449 514 4520 acquirere
543 4451 684 4517 quod
710 4467 818 4506 non
840 4451 943 4508 fuit
969 4470 1146 4509 suum.
1179 4454 1308 4510 lude
1342 4454 1574 4527 denique
1617 4463 1673 4512 et
1711 4457 1818 4511 hae-

1911 1951 2451 2024 quantulumcunque
2473 1951 2837 2022 susceperint.

1983 2046 2296 2101 Introduces
2347 2056 2396 2101 et
2445 2045 2710 2117 plantabis
2757 2061 2846 2100 eos
2873 2045 2929 2099 in
2965 2054 3138 2100 monte
3179 2043 3505 2100 hwreditatis

1909 2149 2033 2195 tuaz.
2063 2139 2182 2194 Non
2221 2139 2337 2194 vult
2363 2155 2463 2194 nos
2493 2139 2636 2193 Deus
2657 2139 2712 2193 in
2738 2136 2976 2210 Egypto
3003 2137 3272 2208 plantare,
3303 2151 3406 2193 nec
3449 2139 3506 2193 iu

1910 2230 2138 2300 dejectis
2169 2240 2225 2288 et
2249 2232 2547 2288 humilibus
2573 2231 2730 2297 locis,
2755 2232 2849 2286 sed
2881 2231 2938 2286 in
2961 2240 3145 2285 monte
3170 2228 3507 2285 hereditatis

1910 2340 2022 2381 sum
2073 2325 2191 2380 vult
2217 2324 2465 2396 plantare
2523 2339 2662 2394 quos
2707 2323 2938 2394 plantat.
2985 2323 3257 2394 Propheta
3300 2322 3435 2380 dicit
3485 2339 3501 2375 :

1925 2415 2138 2473 Vineam
2189 2434 2253 2473 ea:
2298 2417 2530 2489 /Egypto
2553 2415 2890 2482 transtulisti,
2943 2415 3192 2488 expulisti
3234 2424 3409 2486 gentes
3456 2425 3507 2470 et

1908 2512 2164 2586 plantasti
2187 2531 2325 2569 eam.
2351 2512 2605 2568 Pervium
2629 2513 2730 2568 iter
2747 2511 2935 2582 fecisti,
2965 2520 3087 2566 ante
3109 2528 3223 2566 eam
3253 2510 3508 2583 plantasti

1912 2607 2115 2662 radices
2136 2607 2275 2678 ejus,
2296 2617 2344 2661 et
2367 2605 2578 2677 replevit
2602 2615 2818 2660 terram.
2847 2604 3065 2677 Operuit
3087 2613 3287 2658 montes
3319 2603 3507 2657 umbra

1910 2697 2047 2769 ejus,
2093 2709 2141 2754 et
2175 2700 2392 2754 arbusta
2437 2699 2553 2770 ejus
2599 2699 2781 2754 cedros
2811 2697 2909 2752 Dei
2951 2696 3126 2770 (Psal;
3157 2697 3364 2770 LXXIX).
3398 2697 3509 2751 Ad-

1910 2789 2082 2844 vertis
2125 2788 2242 2858 jam
2291 2791 2562 2860 quomodo
2591 2789 2804 2860 plantat
2851 2790 2994 2844 Deus
3025 2799 3081 2843 et
3131 2789 3222 2844 ubi
3258 2788 3510 2859 plantat?

1912 2879 2031 2936 Non
2059 2881 2269 2952 plantat
2317 2881 2370 2935 in
2400 2881 2651 2947 vallibus,
2683 2879 2778 2936 sed
2808 2880 2864 2934 in
2908 2881 3204 2944 montibus,
3244 2880 3300 2934 in
3333 2879 3510 2934 excel~

1913 2973 1990 3029 sis
2015 2981 2070 3028 et
2111 2973 2432 3030 sublimibus
2471 2974 2623 3029 locis.
2663 2973 2810 3041 Quos
2847 2975 2990 3029 enim
3024 2974 3207 3029 educit
3235 2989 3300 3028 ex
3343 2971 3512 3043 Egy-

1912 3073 2026 3136 pto,
2051 3064 2194 3134 quod
2221 3065 2287 3119 de
2317 3064 2513 3120 smculo
2535 3066 2756 3120 adducit
2783 3065 2855 3119 ad
2902 3065 3088 3131 fidem,
3119 3081 3228 3119 non
3257 3064 3370 3119 vult
3414 3079 3512 3119 eos

1917 3156 2114 3210 iterum
2153 3156 2210 3211 in
2240 3156 2533 3211 humilibus
2559 3156 2850 3223 collocare,
2893 3158 2989 3212 sed
3033 3157 3508 3212 conversationem

1915 3264 2106 3304 eorum
2133 3249 2250 3304 vult
2267 3265 2388 3304 esse
2414 3249 2722 3305 sublimem.
2751 3248 2878 3304 Vult
2901 3263 3002 3304 nos
3029 3249 3084 3303 in
3111 3249 3390 3305 montibus
3423 3250 3515 3303 ha-

1913 3343 2113 3410 bitare,
2159 3343 2255 3398 sed
2307 3351 2363 3397 et
2396 3343 2452 3397 in
2493 3342 2627 3413 ipsis
2678 3341 3038 3397 nihilominus
3079 3341 3359 3397 montibus
3404 3356 3516 3396 non

1914 3437 2032 3492 vult
2057 3451 2159 3492 nos
2183 3451 2282 3508 per
2320 3444 2523 3491 terram
2570 3450 2793 3506 repere;
2825 3450 2927 3490 nec
2972 3434 3116 3489 ultra
3145 3433 3262 3489 vult
3299 3434 3513 3489 vineam

1915 3545 2072 3584 suam
2100 3528 2251 3584 humi
2278 3525 2517 3596 dejectos
2545 3527 2750 3583 habere
2773 3527 3000 3591 fructus,
3033 3527 3128 3582 sed
3164 3525 3280 3580 vult
3319 3525 3516 3596 palmi-

1916 3631 1999 3676 tes
2020 3619 2136 3689 ejus
2153 3636 2370 3676 sursum
2402 3620 2546 3686 duci,
2577 3621 2632 3674 in
2653 3619 2762 3675 alto
2790 3619 3068 3683 collocari,
3096 3619 3350 3674 traduces
3372 3617 3513 3682 lieri,

1916 3727 1972 3772 et
2012 3716 2263 3771 traduces
2290 3730 2400 3769 non
2431 3715 2488 3768 in
2535 3714 2950 3783 quibuscunque
2978 3711 3273 3766 humilibus
3302 3709 3518 3763 arbori-

1915 3810 2038 3875 bus,
2070 3810 2167 3864 sed
2194 3809 2250 3863 in
2280 3806 2509 3862 excelsis
2535 3813 2591 3860 et
2627 3801 2912 3858 altissimis
2953 3801 3129 3855 cedris
3159 3801 3276 3855 Dei.
3310 3800 3518 3856 Cedros

1919 3901 2013 3955 Dei
2062 3915 2161 3972 ego
2213 3900 2512 3970 prophetas
2537 3905 2594 3952 et
2640 3893 2918 3965 apostolos
2959 3901 3130 3963 puto:
3163 3893 3360 3962 quibus
3415 3908 3518 3948 nos

1919 3993 2278 4064 adjungamur
2298 3993 2450 4058 vitis,
2475 4007 2638 4062 quam
2669 3991 2735 4046 de
2769 3987 3005 4061 Egypto
3029 3989 3307 4044 transtulit
3330 3989 3512 4056 Deus;

1919 4097 1976 4143 et
2003 4101 2100 4158 per
2123 4101 2305 4141 ramos
2331 4100 2521 4140 eorum
2546 4082 2718 4138 nostri
2740 4080 2992 4152 palmites
3019 4079 3410 4146 dilluudantur,
3436 4089 3517 4135 at-

1919 4192 2024 4248 que
2078 4177 2134 4230 in
2183 4176 2318 4246 ipsis
2360 4175 2549 4241 innisi,
2604 4174 2859 4228 traduces
2906 4172 3126 4242 quidem
3177 4172 3515 4240 efﬁciamur,

1919 4270 2205 4326 charitatis
2258 4269 2326 4324 ad
2372 4269 2606 4324 invicem
2659 4265 2896 4322 vinculis
2925 4265 3072 4330 nexi,
3126 4264 3366 4320 fructum
3393 4266 3513 4322 sine

1920 4364 2085 4420 dubio
2123 4363 2420 4434 plurimum
2467 4360 2766 4418 aﬂ‘erimus.
2828 4359 2971 4414 Nam
3009 4359 3177 4413 omnis
3210 4360 3369 4413 arbor
3399 4377 3516 4430 qua:

1922 4474 2026 4510 non
2069 4457 2198 4526 facit
2247 4456 2515 4525 fructum,
2558 4454 2831 4509 excidetur
2877 4461 2924 4506 et
2965 4453 3021 4504 in
3057 4451 3228 4520 ignem
3279 4451 3515 4504 mittetur

224 4542 382 4603 retici
431 4540 618 4595 dicunt
640 4540 706 4596 de
735 4544 1016 4602 Salvatore
1045 4547 1171 4618 quia
1198 4564 1307 4603 non
1357 4559 1517 4604 erant
1543 4549 1626 4605 sui
1679 4564 1816 4621 quos
1841 4582 1896 4642 D
1922 4548 2136 4622 (Matth.
2167 4547 2270 4620 Ill).
2296 4547 2364 4601 In
2387 4556 2688 4618 prwparata
2716 4543 3040 4598 habitatione
3063 4552 3175 4608 tua,
3195 4559 3352 4614 quam
3383 4558 3520 4611 pric-

224 4633 538 4702 aequisivit.
557 4631 693 4686 Dato
717 4633 918 4687 etenim
939 4633 1115 4703 pretio
1147 4649 1418 4691 mercatus
1437 4651 1522 4695 est
1544 4641 1815 4707 homines,

224 4740 364 4794 quos
412 4722 642 4778 Creator
671 4724 904 4791 fecerat;
949 4732 1004 4780 et
1034 4733 1248 4781 certum
1277 4735 1382 4794 est,
1412 4728 1587 4796 aiunt,
1625 4747 1822 4785 unum-

226 4832 500 4886 quemque
526 4815 655 4870 illud
683 4829 865 4872 emere
887 4818 1031 4889 quod
1057 4833 1216 4873 suum
1244 4834 1352 4874 non
1397 4828 1501 4876 est.
1531 4820 1822 4891 Apostolus

227 4912 375 4966 enim
394 4911 502 4964 ait:
523 4909 700 4964 Pretio
723 4912 880 4982 empti
896 4913 1016 4966 estis
1050 4911 1100 4985 (Ι
1129 4911 1252 4967 Cor.
1278 4914 1354 4985 v).
1399 4914 1506 4971 Sed
1541 4918 1667 4972 audi
1691 4918 1821 4988 quid

229 5005 365 5061 dicit
392 5006 658 5076 propheta
687 5019 702 5058 :
735 5005 974 5060 Peccatis
1018 5009 1198 5061 vestris
1241 5009 1524 5063 venundati
1570 5012 1726 5075 estis,
1771 5020 1820 5066 et

227 5115 322 5170 pro
343 5097 707 5168 iniquitatibus
719 5100 900 5154 vestris
912 5099 1089 5153 dimisi
1107 5109 1326 5155 matrem
1343 5111 1561 5156 vestram
1586 5103 1639 5176 (Ι
1642 5121 1722 5158 sa.
1740 5103 1792 5177 ι.)
1801 5144 1814 5158 .

232 5191 398 5248 Vides
419 5206 551 5262 ergo
581 5191 705 5261 quia
737 5191 834 5247 Dei
861 5191 1080 5262 quidem
1103 5199 1368 5248 creaturae
1392 5208 1582 5250 omnes
1605 5211 1817 5263 sumus,

232 5283 610 5353 unusquisque
636 5299 768 5338 vero
810 5285 1052 5355 peccatis
1081 5284 1194 5340 suis
1239 5287 1603 5352 venundatur,
1639 5296 1696 5342 ct
1723 5303 1823 5358 pro

1927 4642 2154 4712 parasti,
2183 4640 2427 4694 Domine.
2456 4640 2592 4696 Vide
2619 4639 2900 4694 clementis
2931 4635 3140 4692 Domini
3168 4635 3466 4691 bonitatem
3503 4653 3517 4691 :

1929 4750 2035 4788 non
2067 4733 2179 4789 vult
2225 4741 2275 4788 te
2323 4733 2579 4788 inducere
2621 4733 2688 4787 ad
2731 4731 2996 4799 laborem,
3033 4746 3141 4786 non
3178 4730 3292 4785 vult
3319 4737 3379 4784 ut
3405 4730 3519 4800 ipse

1893 4821 1900 4830 ’
1930 4826 2025 4881 tibi
2075 4825 2246 4880 facias
2277 4823 2668 4890 habitaculum,
2698 4822 2812 4894 jam
2860 4831 2914 4879 te
2942 4823 3007 4877 ad
3039 4833 3398 4894 praeparatam
3427 4822 3521 4878 de-

1929 4918 2077 4973 ducit
2101 4918 2512 4973 habitationem.
2535 4917 2675 4974 Audi
2706 4918 2993 4972 Dominum
3029 4916 3086 4971 in
3128 4917 3419 4988 Evangelio
3446 4917 3522 4971 di-

1929 5017 2140 5064 centem
2177 5028 2188 5063 :
2226 5007 2331 5062 Alii
2363 5008 2755 5075 laboraverunt,
2793 5017 2840 5063 et
2866 5026 2953 5063 vos
2991 5009 3044 5063 in
3073 5007 3304 5063 laborem
3339 5026 3521 5065 eorum

1921 5099 2176 5154 introistis
2236 5098 2419 5171 (Joan.
2463 5097 2560 5170 iv).
2616 5099 3061 5166 Sanctimonium,
3092 5099 3337 5164 Domine,
3383 5099 3522 5172 quod

1923 5200 2351 5261 prwparaverunt
2403 5207 2592 5245 manus
2645 5199 2770 5245 ture.
2821 5189 3254 5246 Sanctimonium
3303 5186 3516 5242 Domini

1926 5281 2339 5335 tabernaculum
2379 5280 2500 5348 Dei,
2543 5281 2692 5336 velut
2724 5281 2985 5348 templum
3034 5277 3176 5347 quod
3203 5277 3272 5331 ab
3296 5293 3360 5332 eo
3392 5291 3518 5330 san-

233 5374 615 5445 iniquitatibus
665 5376 778 5431 suis
813 5391 844 5430 a
884 5377 1102 5448 proprio
1127 5378 1388 5434 Creatore
1428 5380 1678 5436 discedit.
1728 5381 1826 5438 Dei
1927 5370 2241 5426 ctilicantur
2264 5372 2610 5426 accedentes.
2648 5371 2766 5424 Hoc
2795 5385 2904 5424 non
2934 5368 3070 5424 dicit
3091 5385 3253 5422 manu
3287 5366 3522 5421 hominis

233 5479 361 5537 ergo
405 5481 615 5531 sumus,
661 5467 956 5522 secundum
983 5468 1128 5538 quod
1162 5469 1230 5524 ab
1275 5485 1340 5525 eo
1381 5471 1552 5526 creati
1601 5486 1820 5538 sumus;

234 5555 412 5613 eﬂ'ecti
463 5573 596 5613 vero
643 5573 829 5614 sumus
879 5559 1024 5614 servi
1076 5559 1294 5626 diaboli,
1343 5561 1642 5618 secundum
1682 5561 1827 5634 quod

235 5649 476 5718 peccatis
525 5648 726 5705 nostris
767 5650 1061 5706 venundati
1100 5666 1308 5708 sumus.
1360 5652 1602 5712 Veniens
1641 5662 1827 5710 autem

238 5740 493 5798 Christus
519 5743 752 5798 redemit
780 5759 902 5808 nos,
948 5760 1071 5798 cum
1111 5745 1444 5801 serviremus
1489 5746 1566 5800 illi
1609 5747 1829 5802 domino

1929 5465 2154 5531 factum,
2193 5467 2286 5522 sed
2313 5483 2478 5523 manu
2507 5466 2622 5521 Dei.
2655 5465 2794 5533 Quid
2821 5466 2998 5538 ergo?
3025 5472 3251 5537 propter
3287 5471 3342 5516 te
3379 5461 3522 5518 Deus

1932 5566 1988 5612 et
2015 5555 2221 5627 plantat
2264 5566 2319 5614 et
2371 5557 2606 5614 aediﬁcat
2641 5576 2654 5611 :
2691 5556 2930 5625 agricola
2985 5555 3236 5618 eilicitur,
3282 5561 3523 5612 structor

1933 5647 2184 5715 efﬁcitur,
2215 5666 2284 5706 ne
2307 5648 2404 5705 tibi
2430 5649 2630 5718 aliquid
2659 5649 2818 5705 desit.
2849 5647 2991 5702 Audi
3017 5653 3072 5700 et
3089 5645 3313 5701 Paulum
3338 5648 3522 5705 dicen-

1935 5751 2085 5799 tem:
2124 5743 2224 5800 Dei
2268 5745 2620 5816 agricultura,
2650 5742 2748 5797 Dei
2791 5737 3074 5809 wdiﬁcatio
3120 5741 3246 5796 estis
3296 5741 3348 5814 (I
3395 5743 3517 5797 Cor.

239 5837 329 5896 cui
349 5835 713 5904 nosmetipsos
739 5839 1010 5904 peccando
1038 5840 1397 5897 vendidimus.
1426 5841 1492 5893 Et
1517 5841 1589 5894 ita
1616 5841 1830 5895 videtur
1938 5840 2041 5912 in).
2075 5841 2212 5908 Quid
2254 5859 2381 5915 ergo
2428 5841 2568 5897 istud
2605 5847 2689 5893 est
2736 5836 3174 5906 sanctimoniam,
3225 5840 3367 5912 quod
3411 5854 3518 5895 non

569 5933 844 5994 Ρλτιιοι..
889 5929 1083 5992 CVIII

3049 5934 3087 5995 3
