4020 6352
244 333 327 390 lli
512 375 528 386 .
1164 324 1666 382 COMMENTARIA
1704 323 1770 380 IN
1807 323 2120 383 EXODUM.
2160 358 2231 369 ——
2267 327 2396 384 LIB.
2440 326 2526 385 III.

3358 334 3465 390 ειη

246 437 548 504 tabernaculi
610 439 777 506 illius,
831 438 1054 510 singulae
1095 454 1324 510 quisque
1375 448 1502 495 sunt
1537 453 1782 509 personae
1808 441 1859 501 Α
1885 437 2091 505 blimia,
2118 440 2348 495 necdum
2376 450 2538 512 prout
2560 442 2789 515 dignum
2813 453 2961 512 erat,
2990 444 3460 517 ωρεωιινιιαωιδ

241 534 498 608 spirituum
518 531 823 598 beatorum,
848 546 915 586 ex
935 532 1132 600 quibus
1147 531 1399 587 omnibus
1427 531 1543 600 ipsa
1562 529 1785 586 Jerusa-

242 626 332 681 lem
352 636 461 691 qua:
485 628 572 676 est
607 628 783 675 mater
810 629 1057 675 nostrum
1080 621 1342 686 omnium,
1383 620 1439 675 in
1484 635 1612 675 vera
1651 635 1788 691 pace

238 724 287 772 et
305 713 496 770 unitate
527 710 793 766 consistit.
823 709 1240 780 Notandnmque
1276 710 1604 781 diligentius,
1642 710 1787 781 quod

239 804 579 864 sanctuarium
606 802 832 858 Domino
848 801 1027 858 facere
1053 801 1150 857 ﬁlii
1177 802 1340 857 Israel
1366 802 1642 871 jubentur,
1678 819 1787 858 non

237 911 290 951 ex
314 899 461 964 parte
488 891 680 955 simile,
716 891 811 946 sed
828 889 983 960 juxta
1016 904 1232 946 omnem
1271 890 1678 947 similitudinem
1706 901 1786 946 ta-

234 984 507 1050 bernaculi,
548 984 690 1054 quod
741 984 977 1039 ostendit
1016 983 1205 1054 Moysi,
1240 985 1587 1054 omniumque
1628 999 1787 1040 vaso-

234 1092 341 1132 rum
362 1076 418 1131 in
462 1076 666 1131 cultum
701 1073 837 1144 ejus.
863 1074 1018 1143 Quod
1062 1076 1108 1132 si
1156 1074 1300 1131 forte
1328 1075 1560 1145 requiris
1594 1075 1647 1130 in
1677 1090 1784 1146 quo

232 1169 325 1224 hoc
349 1167 743 1222 tabernaculum
779 1167 1023 1232 eccleste,
1052 1183 1086 1223 ο
1113 1168 1273 1222 homo
1300 1167 1595 1238 terrigena,
1625 1168 1785 1237 spiri-

234 1258 429 1314 tualiter
456 1257 657 1312 imitari
681 1258 887 1321 valeas,
912 1257 1183 1328 diligendo
1206 1260 1376 1313 Deum
1401 1266 1457 1313 et
1478 1260 1782 1329 proximos,

229 1347 322 1403 hoc
346 1348 583 1414 imitare;
616 1347 983 1402 subveniendo
1018 1348 1253 1413 miseris,
1280 1349 1405 1403 etsi
1436 1362 1544 1403 non
1581 1349 1787 1419 angelis

226 1438 308 1508 qui
334 1453 517 1493 omnes
539 1438 684 1492 beati
711 1446 861 1504 sunt,
883 1448 1030 1495 certe
1054 1439 1384 1503 hominibus,
1416 1440 1520 1494 hoc
1550 1439 1786 1493 imitare.

227 1526 455 1582 Humiles
488 1536 634 1593 sunt,
664 1528 824 1583 mites
848 1539 995 1595 sunt,
1036 1529 1270 1585 invicem
1305 1528 1504 1599 placati
1530 1539 1677 1595 sunt,
1708 1530 1792 1584 di-

226 1617 352 1672 vinis
408 1626 599 1687 parent
625 1615 795 1685 jussis
835 1620 984 1674 :hoc
1033 1621 1088 1674 in
1129 1628 1391 1690 quantum
1435 1620 1585 1676 vales
1611 1660 1626 1685 ,
1673 1620 1790 1675 imi-

225 1714 348 1761 tare.
375 1706 519 1761 Nihil
538 1708 691 1774 mali,
714 1696 852 1763 nihil
874 1709 1057 1774 otiosi,
1091 1709 1227 1765 nihil
1251 1710 1544 1780 loquuntur
1565 1710 1781 1779 injuste,

1890 527 2042 584 Unde
2065 537 2122 584 et
2148 530 2215 585 de
2240 531 2563 601 quibusdam
2589 534 2834 607 mysticis
2873 534 2991 608 ejus
3031 539 3240 598 actibus
3280 540 3466 611 spelitb

1887 616 2089 673 dictum
2119 628 2221 674 est.
2256 618 2386 676 Hac
2416 638 2522 676 non
2560 635 2911 693 cognouerunt
2944 625 3197 697 discipuli
3212 629 3465 703 eiuncti-

1887 722 2054 776 mum,
2092 711 2183 766 sed
2210 714 2421 783 quando
2448 714 2774 785 gloriﬁcdtttl
2804 725 2880 772 est
2928 716 3461 795 Issus‘“(:loaitmir).

1890 799 2153 857 Similiter
2180 812 2236 857 et
2276 805 2342 861 de
2382 804 2546 861 lictis
2574 806 3468 870 illiusrsublimiorimmrﬂmltu

1886 892 2099 947 verbum
2139 894 2278 948 istud
2304 894 2665 952 absconditum
2682 901 2755 952 ab
2776 899 2949 964 ρετινετ
2977 902 3466 975 honintailigsb'.

1886 998 2007 1052 quis
2033 985 2345 1040 dicebantur
2370 986 2521 1058 (Luc.
2552 990 2635 1059 tt).
2665 989 2910 1047 Habebat
2936 1006 3064 1053 arca
3094 995 3471 1052 dum“

1886 1073 2263 1145 longitudinis,
2294 1078 2423 1146 quia
2452 1080 3469 1152 Dominusin'carnczdsrusev'amm

1886 1164 2099 1220 actibus
2124 1166 2442 1235 apparebat.
2460 1167 2716 1225 'llabebat
2738 1180 2800 1226 et
2814 1173 3469 1249 admirantium“

1884 1255 2047 1310 etiam
2082 1257 2392 1313 tarditatem
2423 1247 3467 1339 discipulorum,.qul'ueotumtder§uti

1890 1347 2032 1402 dicta
2064 1348 2148 1403 vel
2174 1357 2294 1404 acta
2337 1351 2508 1420 ipsius
2549 1368 2745 1422 capere
2787 1356 3066 1423 poteranti,
3096 1358 3473 1429 longaner

1889 1435 2115 1492 ferebat.
2149 1438 2319 1495 Unius
2347 1451 2466 1496 erat
2493 1443 2659 1499 cubiti
2692 1444 3123 1504 latitudonarcar
3144 1446 3473 1522 «bardum-

1892 1528 2154 1584 sationem
2200 1531 2369 1602 ipsius
2408 1533 2701 1591 Dominica:
2744 1536 3475 1612 ‘cltarltatis,"-qus'dcm

1888 1633 2017 1675 suos
2046 1621 2101 1675 in
2136 1620 2247 1677 Deo
2276 1622 2513 1682 adunare
2543 1627 2770 1681 curavit.
2818 1627 2945 1684 lima
2989 1628 3475 1702 ergO'Iarou'umim

1886 1709 2126 1764 cubitum
2171 1711 2333 1767 habet
2373 1722 2430 1767 et
2470 1715 2799 1771 dimidium:
2832 1719 2985 1788 quia
3012 1718 3472 1781 nominatim!“

223 1803 396 1866 agunt,
422 1796 681 1868 cogitant,
721 1798 920 1854 divinis
957 1799 1211 1855 indefessi
1238 1799 1505 1865 laudibus,
1533 1801 1700 1856 verbo
1726 1810 1783 1857 et
1811 1796 1858 1857 B
1884 1814 1984 1854 nos
2016 1799 2217 1870 pietate
2254 1802 2358 1857 sibi
2397 1817 2462 1860 ac
2485 1804 2632 1860 Patri
2668 1806 3473 1883 associandoydiligitt'idt'aw-

218 1896 391 1943 mente
431 1889 714 1944 assistunt.
769 1888 885 1945 Hoc
931 1898 1189 1961 quantum
1234 1900 1409 1961 potes,
1449 1890 1694 1957 imitare;
1732 1900 1790 1948 et

218 1979 583 2034 sanctuarium
630 1980 857 2036 Domino
881 1981 1036 2049 juxta
1083 1983 1389 2051 exemplum
1436 1984 1578 2053 quod
1618 1983 1788 2056 Moysi

215 2071 263 2125 in
309 2081 500 2126 monte
542 2081 899 2128 monstratum
944 2084 1050 2140 est,
1100 2075 1401 2131 aulitieasti.
1446 2077 1790 2147 Veniensque

218 2163 469 2219 Dominus
494 2172 550 2218 et
579 2163 831 2222 Salvator
859 2176 1043 2223 noster
1075 2183 1200 2223 cum
1231 2167 1414 2235 Patre,
1446 2171 1789 2227 mansionem

218 2255 347 2325 apud
376 2265 430 2310 te
472 2254 636 2321 facit;
674 2257 807 2326 quin
851 2268 906 2313 et
930 2267 1054 2328 post
1100 2260 1242 2315 hanc
1276 2261 1447 2316 vitam
1473 2261 1528 2316 in
1558 2261 1689 2317 illud
1735 2269 1790 2317 te

222 2349 624 2404 tabernaculum
652 2351 803 2419 quod
827 2351 1151 2418 imitaberis,
1174 2362 1439 2425 perpetuo
1462 2354 1679 2411 beatum
1704 2355 1791 2410 in-

220 2440 474 2495 troducet.
508 2439 798 2510 Sequitur:

832 2532 1059 2592 CAPUT
1098 2536 1167 2591 Χ.

217 2621 498 2702 Descriptio
529 2641 682 2702 arcte
707 2627 970 2702 quomodo
1012 2627 1258 2696 facienda
1291 2636 1403 2683 erat
1421 2645 1452 2702 A:
1480 2631 1789 2702 propitiato-

450 2695 921 2763 rium,clterubim,
951 2695 1043 2752 nec
1077 2714 1181 2752 non
1219 2709 1267 2753 et
1304 2695 1542 2755 vectium.

280 2805 459 2878 Sicque
481 2811 693 2879 facietis
720 2810 853 2866 illud
877 2826 896 2864 :
925 2813 1117 2867 Arcam
1151 2814 1217 2868 de
1242 2813 1400 2885 lignis
1435 2815 1620 2869 sethim
1647 2831 1789 2870 com-

217 2897 410 2968 pingite.
455 2899 607 2955 Area
652 2916 773 2969 qum
812 2902 989 2972 primo
1035 2904 1279 2958 omnium
1327 2904 1384 2958 in
1437 2905 1790 2960 tabernaculo

218 2987 320 3042 ﬁeri
336 2986 585 3057 jubetur,
612 3007 720 3046 non
747 2992 1044 3062 incongrue
1065 2993 1235 3063 ipsam
1278 2993 1492 3049 Domini
1517 3001 1573 3049 et
1602 2992 1791 3049 Salva-

217 3079 338 3133 toris
364 3082 537 3136 nostri
586 3081 1017 3137 incarnationem
1059 3083 1306 3155 designat

1886 1898 2015 1945 atrae
2057 1905 2272 1961 quoque
2330 1895 2685 1963 capacitatem
2732 1898 3472 1977 dilectionis,'quttliseutt'dite

1888 1980 1942 2034 in
1966 1980 2071 2037 hac
2098 1982 2209 2037 vita
2236 1998 2357 2040 esse
2382 1994 2591 2055 potest;
2618 2003 2771 2058 seque
2788 2030 2793 2035 .
2811 1991 2900 2061 pia
2942 1990 3473 2065 Wlth

1886 2070 2163 2140 plectitur,
2194 2073 2366 2131 donec
2387 2077 2455 2133 ad
2482 2078 2601 2148 ejus
2626 2080 2911 2146 visionem,
2939 2084 3029 2138 ubi
3062 2080 3209 2140 eum}
3239 2082 3472 2145 saltm

1888 2162 2074 2229 corde,
2106 2172 2217 2220 tota
2253 2166 2466 2235 anima,
2499 2176 2610 2224 tota
2650 2170 2859 2227 virtute“
2901 2173 3188 2246 diligamus
3206 2171 3473 2241 alumne

1888 2267 2217 2311 mereamur.
2246 2258 2491 2315 Altitudo
2518 2274 2734 2332 quoque
2757 2278 2898 2320 arere
2922 2266 3204 2337 aptissime
3229 2276 3472 2325 erattun-

1887 2343 1989 2399 biti
2013 2345 2176 2401 unius
2211 2354 2268 2403 et
2306 2348 2515 2405 dimidii
2543 2372 2557 2404 :
2585 2351 2839 2408 videlicet
2860 2356 3083 2425 prbpter
3117 2357 3471 2428 significatita-

1888 2449 2015 2491 nem
2042 2438 2219 2494 unicae
2240 2440 2376 2511 spei,
2404 2455 2511 2511 qua
2537 2441 2623 2497 vel
2646 2443 2908 2500 Dominus
2932 2444 3051 2515 ipse
3070 2459 3197 2501 cum
3216 2444 3471 2504 essentia

1888 2542 2054 2584 carne
2080 2529 2362 2587 nobiscum
2398 2532 2594 2590 lutum
2633 2535 3470 2608 resurrectio’riisetvpoaleﬂoris

1888 2620 2074 2690 gloriae
2100 2622 2518 2692 praestolabatur
2540 2634 2814 2695 eventum,
2845 2627 2929 2684 vel
2950 2644 3057 2684 nos
3076 2627 3467 2685 lnterud'veiim

1887 2710 2323 2784 saeculi,propter
2353 2714 2658 2773 futurorum
2683 2717 2905 2789 prmmla
2936 2717 3473 2791 bonorumjgautlere

1891 2815 2109 2873 semper
2134 2805 2411 2861 admonet.
3156 2834 3159 2841 -
3194 2852 3199 2857 .
3230 2834 3235 2851 ι
3262 2808 3301 2859 σι
3334 2826 3362 2859 ω
3392 2826 3417 2855 ιι
3444 2836 3453 2851 υ

1960 2889 2031 2945 Et
2060 2891 2485 2948 deaurabiseam
2510 2913 2664 2962 auro,
2691 2897 3278 2952 mundissimam“
3308 2899 3468 2969 rimis.

1890 2978 2083 3036 Facies
2105 2983 2318 3053 insuper
2343 3000 2592 3039 coronam
2627 3001 2841 3041 auream
2872 3002 2966 3057 per
2990 2987 3291 3045 similam
3316 2989 3470 3053 Area

1354 3097 1370 3137 ε
1413 3083 1468 3138 in
1504 3099 1611 3154 quo
1662 3092 1789 3140 ευηι
1833 3152 1845 3154 _
1892 3071 2039 3129 intus
2071 3082 2127 3129 et
2155 3074 2290 3131 foris
2324 3091 2460 3131 auro
2487 3078 2842 3135 mundissimo
2870 3079 3191 3147 deseratur,
3216 3082 3469 3152 .qtintass-

215 3173 653 3229 omnesthesauri
672 3173 951 3244 sapientiae
976 3182 1032 3229 et
1058 3152 1303 3230 scientia:
1317 3152 1787 3243 absconditi.Quae
1814 3152 1859 3215 C
1890 3173 2103 3234 summa
2137 3180 2168 3220 ³
2199 3164 2337 3222 ΡΠίο
2366 3166 2463 3223 θεῖ
2499 3167 2733 3222 humana
2769 3177 2983 3234 nam”:
3009 3178 3065 3225 α
3092 3170 3237 3228 im
3266 3173 3471 3232 νᾶτῐῠω

216 3264 449 3323 videlicet
472 3283 611 3324 arca
645 3269 783 3324 bene
807 3270 874 3324 de
918 3270 1080 3340 lignis
1105 3271 1301 3327 sethim
1332 3273 1600 3344 compingi
1626 3273 1787 3344 jube-

218 3361 309 3408 tur.
360 3356 526 3428 Ligna
573 3358 775 3429 quippe
815 3360 1014 3414 sethim
1055 3359 1189 3416 levis
1233 3369 1395 3432 atque
1443 3361 1791 3432 imputribilis

218 3442 447 3501 [ematur
469 3463 604 3503 esse
628 3456 871 3513 natura},
901 3464 1008 3503 non
1041 3450 1270 3505 multum
1303 3467 1335 3505 a
1370 3452 1632 3522 qualitate
1652 3453 1791 3509 alba:

217 3532 364 3600 spina:
390 3536 677 3595 distantia.
700 3536 841 3593 Area
867 3554 998 3610 ergo
1025 3540 1091 3594 de
1117 3540 1276 3612 lignis
1300 3543 1496 3597 sethim
1519 3542 1659 3598 facta
1682 3552 1787 3611 est,

217 3623 326 3688 quia
357 3642 557 3698 corpus
588 3629 933 3685 Dominicum
962 3646 1030 3685 ex
1060 3633 1320 3687 membris
1334 3635 1788 3690 constabatomni

215 3713 448 3773 vitiorum
474 3720 607 3776 labe
639 3722 971 3777 carentibus.
999 3722 1066 3777 Et
1094 3724 1209 3778 hare
1234 3725 1425 3781 eadem
1465 3737 1593 3780 sunt
1640 3727 1789 3797 ligna

217 3803 369 3872 spinis
399 3810 726 3866 simillima:
755 3812 882 3882 quia
914 3821 969 3867 et
1021 3814 1070 3866 si
1120 3829 1225 3868 non
1264 3814 1321 3868 in
1365 3832 1523 3870 carne
1567 3818 1785 3886 peccati,

214 3900 368 3953 tamen
402 3901 459 3957 in
499 3902 857 3958 similitudine
898 3904 1034 3958 venit
1086 3905 1259 3958 carnis
1298 3906 1531 3976 peccati,
1558 3917 1618 3961 ut
1652 3907 1794 3976 Apo-

216 3986 365 4042 stolus
394 3991 471 4045 ait
505 3991 697 4065 (Rom.
726 3991 803 4063 v).
835 3991 1135 4064 Sequitur:
1165 3992 1331 4063 Cujus
1374 3993 1645 4064 longitudo
1690 4004 1790 4049 ha-

216 4071 330 4129 bebit
358 4079 490 4136 duos
522 4082 689 4137 semis
724 4081 927 4136 cubitos
958 4098 978 4138 :
1007 4082 1232 4137 latitudo
1278 4082 1509 4137 cubitum
1541 4093 1589 4137 et
1634 4085 1792 4138 dimi-

214 4163 341 4221 dium
362 4187 381 4224 :
416 4172 652 4228 altitudo
675 4172 905 4228 cubitum
934 4174 1177 4229 similiter
1197 4178 1271 4228 'ac
1306 4176 1592 4230 semissem.
1623 4175 1788 4247 Cujus

216 4264 374 4317 autem
404 4263 738 4334 quantitatis
759 4264 831 4319 sit
862 4264 1078 4320 cubitus
1115 4265 1223 4330 ille,
1250 4264 1516 4336 Iosephus
1548 4268 1599 4321 in
1629 4268 1784 4321 Anti-

213 4347 460 4413 quitatum
484 4352 638 4408 libro
670 4352 957 4408 manifeste
982 4355 1221 4409 ostendit
1250 4355 1437 4410 dicens
1468 4373 1480 4408 :
1511 4355 1676 4411 Facta
1702 4364 1787 4412 est

216 4448 376 4513 autem
402 4452 457 4507 et
485 4460 620 4501 arca
647 4444 999 4514 longitudinis
1028 4446 1266 4515 quinque
1313 4445 1635 4515 palmorum,
1666 4445 1787 4499 lati-

1890 3257 2062 3311 sancti
2091 3255 2324 3327 Spiritus
2355 3258 2513 3329 plena
2544 3268 2662 3314 erat
2681 3268 2734 3315 et
2760 3258 2910 3327 foris,
2944 3262 3251 3319 hominibus
3280 3274 3470 3335 epeute
3548 3316 3551 3319 .

1891 3344 2127 3416 Spiritus
2155 3349 2327 3403 sancti
2354 3364 2517 3419 opera
2562 3351 3033 3420 prxmonstrabat.
3080 3353 3175 3408 Cui
3213 3356 3471 3410 nimirum

1888 3448 2030 3494 arae
2053 3439 2190 3496 bene
2213 3457 2412 3498 corona
2436 3455 2602 3497 aurea
2613 3456 2775 3511 supra
2792 3444 3470 3519 circumdari-principium

1888 3532 2013 3602 quia
2039 3548 2304 3603 apparens
2331 3535 2385 3588 in
2412 3542 2799 3605 carne,‘atque
2828 3538 2903 3592 ad
2920 3537 3343 3608 redemptionem
3377 3541 3474 3595 hu-

1888 3624 2033 3678 mani
2060 3625 2275 3694 generis
2300 3626 2524 3681 veniens
2546 3625 2714 3680 Filius
2745 3626 2864 3693 Dei,
2890 3631 3474 3698 ccrtumcuspeetilbat

1891 3719 2105 3782 tempus
2126 3721 2182 3766 et
2203 3713 2396 3767 horam
2417 3714 2634 3782 quando
2663 3724 2966 3784 susceptum
3000 3732 3099 3786 pro
3126 3718 3286 3772 nobis
3325 3730 3475 3775 urer-

1892 3811 2021 3870 tem,
2052 3820 2176 3860 cum
2206 3805 2323 3874 ipso
2367 3806 2558 3860 mortis
2598 3815 2835 3861 auctore.
2854 3814 3166 3877 superarat,
3192 3812 3475 3880 utquam!

1889 3892 2106 3948 Patrem
2132 3894 2308 3947 victor
2332 3894 2386 3947 in
2409 3893 2576 3948 corios
2603 3894 2938 3959 ascenderet.
2957 3895 3026 3953 Et
3051 3899 3471 3967 φακκωςκσὲνάιι-

1892 3981 1969 4036 los
1996 3998 2183 4035 aureos
2213 3999 2339 4053 quos
2361 3998 2522 4053 pones
2553 3993 2899 4057 pet-«quatuor
2916 3985 3470 4057 αιωιοημόοάίτθωο

1893 4073 2078 4127 circuli
2114 4075 2219 4128 sint
2250 4075 2302 4129 in
2328 4074 2491 4131 latere
2518 4086 2725 4139 uneyct
2757 4076 3473 4148 .duo‘inLaIldIOnQIalum'

1891 4165 2079 4220 circuli
2106 4161 2259 4220 aurei
2288 4176 2519 4236 quatuor
2545 4177 2671 4223 sunt
2710 4156 3471 4247 Evangeliorumnlihriﬁﬂui

1889 4258 2084 4311 merito
2107 4259 2257 4314 aurei
2283 4268 2409 4315 sunt
2434 4267 2655 4330 propter
2684 4259 2997 4319 claritatem
3040 4262 3469 4334 capiundas.an

1890 4348 2114 4420 fulgent.
2148 4349 2341 4406 Merito
2379 4352 2602 4408 circulis
2622 4353 2948 4423 comparati,
2970 4354 3471 4425 quintanorum

1890 4440 2006 4510 ipsa
2046 4441 2142 4496 Dei
2165 4443 2431 4511 sapientia
2457 4458 2623 4513 quam
2653 4444 2955 4512 ριπαίριηι
2970 4443 3469 4515 meq“,me

216 4508 395 4601 tudinis
422 4503 616 4601 trium.
654 4503 808 4588 Unde
853 4542 1004 4604 patet
1029 4503 1335 4599 manifeste;
1365 4535 1491 4604 quia
1520 4503 1667 4588 illum
1696 4534 1785 4589 de~
1810 4503 1863 4563 Β
1887 4503 1954 4590 ex
1996 4503 2261 4604 tempore,
2294 4503 2614 4606 neqtleesse
2651 4503 2905 4591 desinens
2946 4542 3147 4590 caterua
3190 4503 3468 4604 amna},

214 4618 370 4688 Sixﬁat
397 4627 673 4691 cubitum,
704 4640 865 4696 quem
888 4627 993 4682 duo
1028 4626 1190 4696 palmi
1220 4626 1515 4695 complent.
1559 4625 1784 4697 Mystice

214 4719 376 4787 alitem
401 4714 691 4786 longitudo
729 4730 892 4781 arcte,
919 4716 1285 4787 longanimem
1312 4715 1525 4771 Domini
1569 4732 1633 4771 ac
1674 4715 1774 4771 Re-

214 4799 489 4874 demptoris
520 4809 698 4865 nostri
725 4808 1063 4879 patientiam,
1090 4825 1192 4878 qua
1218 4809 1363 4864 inter
1391 4808 1640 4869 homines
1659 4823 1785 4863 con-

214 4904 439 4965 versatus
468 4910 577 4966 est,
599 4901 857 4959 insinuat.
890 4900 1160 4965 Latitudo,
1177 4901 1587 4971 amplitudinem
1610 4902 1781 4971 ipsam

208 4972 501 5067 ,Clt'aritatis,
525 4991 745 5059 quaIad
774 5006 871 5053 nos
899 4991 1085 5047 venire
1116 5002 1171 5047 et
1208 4993 1350 5047 inter
1393 5008 1495 5048 nos
1544 4993 1792 5048 habitare

211 5074 380 5132 voluit.
422 5080 696 5149 Altitudo,
719 5099 869 5152 spem
916 5083 1111 5138 futurae
1151 5085 1526 5150 sublimitatis,
1560 5101 1666 5154 qua
1706 5090 1790 5143 vel

213 5162 430 5232 seipsum
478 5179 611 5239 post
652 5175 961 5243 passionem
1006 5189 1159 5229 suam
1209 5174 1623 5244 gloriﬁcandum
1649 5217 1664 5240 ,
1701 5176 1788 5232 vel

210 5252 629 5321 gloriﬁcaturum
654 5279 773 5335 esse
806 5266 1071 5334 pricvidit.
1095 5265 1245 5321 Unde
1278 5274 1335 5320 et
1362 5274 1485 5334 apte
1512 5266 1785 5336 longitudo

212 5359 334 5415 me
361 5353 604 5413 duorum
622 5365 746 5415 erat
782 5359 1109 5423 cubitorum,
1134 5366 1357 5428 propter
1401 5358 1651 5413 videlicet
1690 5359 1785 5414 do-

211 5439 513 5515 ctrinamet
538 5428 706 5515 opera
733 5447 930 5518 quibus
974 5448 1270 5520 refulgebat
1299 5450 1352 5505 in
1377 5449 1600 5505 mundo.
1632 5448 1787 5516 Quod

209 5538 325 5603 νρτο
349 5526 475 5603 post
502 5537 647 5599 duos
673 5540 907 5606 cubitos,
928 5542 1090 5597 etiam
1121 5542 1402 5598 semissem
1429 5558 1558 5599 arca
1589 5540 1643 5596 in
1668 5542 1787 5597 lon-

208 5616 437 5686 RiUldine
462 5626 729 5694 habebat,
758 5638 936 5699 potest
966 5630 1033 5684 ad
1065 5631 1312 5687 humanae
1338 5632 1648 5688 tarditatem
1674 5632 1785 5687 l'ra-

211 5707 419 5777 gilitatis
438 5716 664 5781 ,rel‘erri
696 5737 708 5775 :
734 5734 855 5791 quae
879 5720 1024 5777 dicta
1063 5721 1148 5777 vel
1176 5735 1338 5792 opera
1363 5721 1663 5780 Salvatoris
1694 5739 1784 5780 su-

1885 4638 2047 4692 quam
2074 4624 2236 4678 homo
2264 4624 2511 4681 Christus
2535 4625 2763 4695 accepit.
2795 4624 2955 4697 Unde
2974 4624 3469 4685 inminuerunt

1884 4730 1998 4771 sua:
2018 4716 2304 4785 passionis,
2334 4725 2587 4785 precatur
2613 4716 2831 4773 Patrem
2850 4716 3470 4777 dicensrciEenmula-

1884 4806 2036 4875 riﬁca
2066 4823 2166 4872 me,
2197 4816 2252 4859 tu
2277 4805 2469 4873 Pater,
2493 4807 2635 4876 apud
2661 4807 3464 4883 temetipsunu'tclattilﬂtombt

1884 4897 2068 4965 habui,
2088 4899 2392 4969 priusquam
2423 4898 2649 4952 mundus
2668 4899 3067 4969 esset-apud.“
3093 4898 3463 4971 (Joanuxvu).

1893 4987 2138 5061 Quatuor
2163 4989 2387 5060 angulos
2416 4997 2593 5044 autem
2616 4989 2790 5044 habet
2813 5005 2973 5056 arca,
2993 4990 3120 5061 quia
3156 5002 3468 5051 sacrauim-

1895 5085 2004 5131 tum
2036 5078 2330 5134 Dominica:
2355 5078 2743 5133 incarnationis
2768 5093 2866 5148 per
2900 5082 3309 5139 omnesmundi
3349 5082 3464 5152 pla-

1891 5187 1985 5242 gas
2014 5172 2069 5226 in
2113 5172 2309 5241 quibus
2353 5178 2540 5226 sancta
2588 5170 2831 5226 Ecclesia
2885 5168 3465 5237 dilatatur,.celebrarc

1888 5278 1997 5317 non
2024 5261 2226 5317 desinit
2255 5281 2266 5315 :
2300 5271 2357 5316 et
2385 5276 2482 5330 per
2520 5260 2745 5321 eosdem.
2783 5261 3465 5333 angulos-,quatuarrqun-

1888 5361 2013 5408 tuor
2042 5352 2227 5409 circuli
2263 5361 2384 5408 sunt
2415 5352 2574 5421 positi
2599 5393 2613 5418 ,
2648 5353 2775 5423 quia
2804 5354 2858 5408 in
2890 5354 3100 5415 cunctis
3124 5349 3465 5413 ωηεῶηηηὶ-
3546 5417 3559 5425 ⁹

1884 5442 1987 5499 bus
2019 5443 2359 5515 Evangelium
2387 5443 2590 5500 Christi
2618 5443 2889 5499 salvandis
2918 5440 3460 5508 ﬁdeliumcot‘dibus,

1884 5534 2229 5604 praedicatur.
2271 5534 2387 5590 Duo
2412 5544 2595 5591 autem
2619 5534 2807 5590 circuli
2846 5534 2899 5590 in
2938 5534 3113 5595 latore
3136 5539 3331 5593 uno.“
3350 5532 3462 5591 duo

1887 5635 2014 5683 sunt
2038 5628 2091 5682 in
2121 5627 2329 5683 altero:
2364 5628 2448 5683 vel
2468 5629 2597 5697 quia
2640 5628 2751 5686 duo
2773 5624 3458 5697 evangelista‘zvdisuipula.

1886 5720 1963 5777 tui
2000 5718 2299 5776 Salvatoris
2325 5718 2575 5776 in'carne
2604 5715 2949 5790 prmdicantis
2977 5721 3047 5789 et
3076 5714 3337 5791 miractda
3383 5717 3460 5773 fa-
