4020 6352
533 274 659 337 153,

1173 270 1243 327 Β.
1280 268 1793 335 MBANI,,MAUBI
1828 264 2149 335 ARCIIIEP.
2192 263 2502 353 lthCUNT.
2539 268 2827 328 OPEliUM
2866 273 3047 331 PARS
3082 274 3125 330 l.

3684 285 3783 339 iiii}

530 393 650 451 dm:
684 390 757 449 ibi
784 398 1043 463 perpetuo
1079 389 1546 462 clcemosynarum
1591 398 1675 445 est
1713 388 1920 445 fructus
1962 385 2101 441 reci-
2126 384 2179 445 Α
2202 384 2424 454 singulis
2445 387 2731 441 secundum
2757 405 2912 455 opera
2940 389 3169 458 ipsorum
3203 389 3375 460 (Pam.
3409 394 3541 465 ur).
3575 394 3786 455 Utrum-

531 482 776 555 piendus.
805 481 946 539 Sunt
968 481 1098 564 item
1132 481 1237 537 alia
1262 497 1381 551 qua:
1412 489 1653 552 tempore
1683 478 1893 535 Veteris
1920 477 2101 531 Testa-

530 575 700 635 menti
730 573 1032 643 diligenter,
1071 570 1295 641 jubente
1323 572 1550 627 Domino
1571 578 1805 634 servata,
1839 583 1981 623 nunc
2011 582 2102 623 co-

529 675 783 726 ruscante
820 681 920 737 per
953 664 1140 721 orbem
1174 664 1492 735 Evangelio,
1534 678 1640 718 non
1663 661 1816 731 juxta
1838 660 2097 726 litteram,

526 758 647 815 sed.
662 757 820 828 juxta
863 772 1081 815 sensum
1114 756 1421 828 mysticum,
1464 756 1518 810 in
1558 753 1796 811 Ecclesia
1839 750 2100 821 jubentur

527 848 833 914 observari,
881 855 943 902 ut
978 855 1064 902 est
1101 847 1344 903 custodia
1380 846 1612 911 sabbati,
1642 854 1700 900 ut
1736 844 1872 899 ritus
1893 844 2097 898 bostia-

524 952 670 1002 rum,
702 944 758 993 et
784 937 1007 1008 sanguis
1027 936 1151 1007 agni
1181 935 1481 1005 paschalis,
1510 941 1813 1002 caeteraque
1842 933 2096 1004 hujusce-

524 1030 671 1086 modi
696 1043 817 1099 qua:
842 1043 943 1086 suo
980 1028 1196 1098 quidem
1242 1035 1479 1098 tempore
1518 1025 1747 1080 solerter
1774 1024 2041 1080 custodita
2067 1039 2097 1077 a

524 1121 719 1193 populo
747 1121 879 1186 Dei,
917 1121 1113 1192 quibus
1137 1119 1405 1191 ellycbnia
1436 1119 1491 1174 in
1525 1119 1760 1175 lucernis
1787 1118 2097 1175 candelabri

522 1212 806 1278 ardebant,
836 1212 1012 1268 infusa
1038 1212 1156 1267 oleo
1184 1213 1286 1283 piae
1315 1210 1637 1276 devotionis,
1657 1219 1713 1265 et
1734 1211 1952 1267 incensa
1972 1211 2097 1283 igne

521 1303 672 1359 verbi
725 1302 983 1359 cmlestis.
1029 1302 1161 1358 Cum
1204 1317 1334 1357 vero
1360 1302 1427 1357 ab
1467 1301 1725 1371 apostolis
1758 1309 1921 1370 atque
1962 1316 2095 1372 apo-

518 1392 727 1448 stolicis
779 1393 908 1448 viris
947 1392 1382 1463 praalicaturbis
1424 1401 1478 1447 ct
1501 1390 1807 1461 bujusmodi
1841 1394 2098 1448 observa-

521 1481 754 1538 tionibus
782 1481 942 1537 ﬁnem
970 1498 1001 1537 a
1025 1483 1251 1539 Domino
1281 1483 2098 1555 impositum,cunctaquespiri-

518 1573 738 1629 tualiter
759 1576 934 1646 magis
969 1575 1022 1629 in
1052 1576 1297 1632 Ecclesia
1335 1591 1499 1646 quam
1528 1575 1685 1644 juxta
1707 1575 1944 1632 litteram
1975 1592 2096 1633 esse

515 1667 781 1721 servanda
804 1708 819 1733 ,
870 1667 1066 1738 quibus
1114 1667 1523 1738 emulgebantur
1551 1668 1818 1739 cllycbnia
1848 1668 2097 1723 candela-

2202 490 2309 547 que
2335 486 2512 533 tamen
2533 487 2589 534 et
2612 478 2891 549 plumbum
2916 481 3123 536 scilicet
3146 491 3200 535 ct
3226 497 3441 550 aurum,
3473 485 3661 540 talenti
3691 488 3781 541 ba-

2200 565 2293 621 bet
2317 585 2626 623 mensuram
2647 610 2663 635 ,
2712 572 2836 640 quia
2881 579 2936 626 et
2971 572 3023 625 in
3057 572 3361 629 damnando
3388 575 3616 645 impios,
3646 586 3697 632 et
3728 578 3782 634 in

2201 658 2459 714 salvando
2489 675 2555 716 ac
2587 662 2897 717 eoronando
2929 663 3156 730 electos,
3181 663 3324 734 justa
3352 678 3437 720 cst
3462 670 3635 722 nostri
3667 685 3783 723 scn-

2200 749 2368 803 tcntia
2398 750 2951 823 conditoriszlnspice
2977 762 3025 807 et
3056 753 3142 823 fac
3173 756 3461 809 secundum
3490 757 3776 827 exemplar,

2196 841 2337 911 quod
2357 841 2450 896 tibi
2475 843 2531 896 in
2557 852 2729 898 monte
2749 852 3096 899 monstratum
3123 855 3218 901 est.
3252 844 3423 918 Hujus
3460 846 3791 919 mysterium

2197 930 2449 1002 praecepti
2462 972 2476 996 ,
2498 931 2750 989 facillime
2768 949 2833 989 ex
2850 935 2929 989 eis
2948 950 3068 1005 qum
3088 936 3339 1005 superius
3361 928 3608 1007 exposita
3633 926 3791 1004 sunt,

2197 1030 2366 1091 patet.
2398 1020 2685 1079 Ostensum
2713 1041 2948 1094 namque
2978 1034 3064 1081 est
3088 1025 3255 1099 Moysi
3298 1027 3351 1083 in
3390 1036 3573 1084 monte
3598 1044 3781 1084 exem-

2196 1111 2317 1181 plar
2342 1113 2652 1170 candelabri
2677 1116 2818 1187 quod
2848 1116 3087 1184 faceret,
3130 1119 3255 1189 quia
3300 1119 3352 1173 in
3382 1119 3670 1189 altitudine
3698 1121 3778 1175 in-

2199 1201 2343 1257 tima:
2404 1205 2915 1275 contemplationis,
2980 1208 3169 1264 didicit
3228 1220 3417 1281 aperte
3483 1209 3779 1265 multifaria
3866 1218 3875 1225 ‘

2197 1294 2397 1351 Christi
2438 1306 2492 1352 et
2537 1298 2791 1353 Ecclesia:
2837 1286 3178 1355 sacramenta
3217 1320 3229 1355 :
3276 1318 3396 1372 qua:
3440 1312 3623 1357 tamen
3675 1320 3778 1357 non

2196 1393 2382 1453 aperte
2404 1385 2599 1455 populo
2621 1402 2782 1455 quem
2807 1388 3086 1443 erudiebat
3107 1430 3121 1453 ,
3150 1389 3395 1459 proferre
3421 1390 3655 1456 valebat,
3689 1392 3781 1446 sed

2198 1476 2373 1548 typice
2401 1477 2581 1546 potius
2609 1492 2707 1546 per
2735 1478 2962 1548 ﬁgurant
2990 1487 3045 1533 et
3080 1496 3217 1551 opus
3245 1480 3555 1537 candelabri
3591 1496 3657 1536 ac
3688 1498 3780 1536 va-

2195 1581 2380 1621 sorum
2407 1568 2551 1639 ejus,
2583 1569 2865 1641 signabat,
2916 1572 3087 1627 donec
3124 1574 3335 1627 veniret
3374 1575 3489 1643 ipsc
3517 1574 3780 1628 Dominus

2197 1673 2262 1714 ac
2284 1658 2612 1732 Redemptor
2647 1670 2832 1716 noster
2861 1662 2913 1717 in
2943 1678 3122 1726 carne,
3156 1665 3248 1735 qui
3290 1660 3602 1720 interiorem
3632 1658 3793 1733 e'jn'so'

514 1755 622 1819 bri,
653 1765 712 1810 ut
741 1737 992 1826 reparata
1023 1758 1214 1812 melius
1242 1737 1511 1823 lucerent,
1554 1737 1680 1827 quia
1708 1759 1991 1815 sublimius
2017 1761 2095 1814 in—
2122 1737 2169 1796 Β
2198 1750 2318 1805 dem
2347 1752 2532 1824 ﬁgura?
2555 1768 2792 1821 sensum.
2821 1754 3077 1809 Εεοῖοδῖίῐὲ
3105 1772 3215 1810 sum
3252 1755 3375 1810 (1³1³
3404 1758 3576 1810 sane”
3607 1748 3791 1843 Silil‘i:

515 1845 726 1900 tell'ceta
757 1862 853 1916 per
881 1846 1131 1916 spiritum
1170 1856 1370 1903 sancta:
1408 1847 1662 1903 Ecclesia:
1693 1848 1867 1903 lucem
1895 1849 2095 1905 doctri-

513 1949 598 1990 nae
620 1936 871 1991 salutaris
895 1938 1225 2006 praebebant.
1263 1939 1611 1995 Emuuctoria
1641 1955 1771 2011 ergo
1798 1948 1853 1996 et
1880 1956 2007 1996 vasa
2035 1942 2090 1996 in

512 2026 707 2096 quibus
738 2043 858 2098 qua:
897 2040 1146 2084 entuncta
1188 2041 1315 2085 sunt
1361 2034 1800 2104 exstinguuntur,
1849 2033 1984 2089 ﬁunt
2026 2036 2093 2092 de

510 2130 647 2171 auro
672 2117 980 2187 purissimo,
1031 2120 1154 2188 quia
1197 2129 1254 2176 et
1301 2120 1479 2176 divina
1516 2130 1641 2176 sunt
1668 2124 1852 2191 verba,
1894 2124 2092 2195 quibus

514 2208 748 2261 cessatio
774 2210 1216 2265 caeremoniarum
1245 2210 1493 2282 legalium
1531 2213 1876 2281 prwdicatur,
1912 2225 1965 2269 et
1996 2216 2092 2271 Dei

509 2297 680 2366 gratia
711 2308 837 2353 sunt
859 2298 1123 2356 illustrata
1154 2315 1344 2356 eorum
1374 2304 1560 2367 corda,
1595 2304 1647 2357 in
1678 2305 1873 2373 quibus
1899 2308 2092 2363 eadem

509 2390 741 2460 ﬁgurata
788 2391 925 2460 legis
976 2395 1319 2452 adumbratio
1366 2396 1526 2452 ﬁnem
1554 2399 1787 2469 accipit,
1821 2408 1877 2454 ut
1905 2416 2094 2456 succe-

507 2479 641 2534 dens
673 2480 947 2554 Evangelii
980 2485 1180 2540 veritas
1206 2486 1406 2541 clarius
1445 2488 1645 2543 mundo
1674 2490 1899 2544 luceret.
1956 2490 2092 2546 Item

507 2573 637 2644 quia
665 2572 815 2628 ﬁnita
847 2577 1079 2641 mortali,
1110 2579 1502 2633 etsuccedente
1517 2579 2093 2648 vitaimmortali,ccs-

509 2664 710 2720 sabunt
736 2669 970 2722 maxima
1007 2684 1072 2726 cx
1101 2678 1254 2740 parte
1283 2686 1449 2740 opera
1483 2674 1570 2728 vel
1609 2675 1749 2729 dona
1778 2676 1936 2741 luris,
1973 2678 2095 2746 qui-

510 2753 614 2811 bus
632 2772 775 2814 nunc
800 2759 1021 2827 utimur,
1052 2769 1111 2815 ut
1135 2772 1432 2831 sequantur
1450 2773 1669 2821 aeternae
1688 2767 1909 2837 praemia
1931 2767 2091 2835 lucis,

509 2847 564 2903 in
599 2844 888 2919 prtesentia
917 2854 1111 2909 divinae
1145 2855 1397 2921 visionis,
1437 2857 1525 2911 illa
1568 2858 1977 2929 Scripturarum
2009 2871 2093 2917 te-

510 2939 789 3007 stimonia,
821 2956 941 3011 qua:
964 2943 1081 2999 lucc
1111 2944 1287 2999 futura
1325 2962 1447 3002 esse
1479 2956 1769 3015 testantur,
1806 2960 2090 3007 emuncto-

507 3032 587 3085 ria
616 3033 870 3088 nimirum
903 3046 1030 3090 sunt
1059 3052 1221 3093 aurea
1248 3057 1261 3093 :
1292 3040 1417 3109 quia
1452 3041 1568 3111 ipse
1594 3042 1792 3098 ﬂaturae.
1818 3046 2086 3102 claritatis

506 3124 702 3178 eximia
730 3135 873 3180 sunt.
904 3129 1041 3184 Vasa
1061 3143 1274 3200 quoque
1302 3132 1356 3186 in
1383 3133 1579 3202 quibus
1600 3148 1663 3190 ea
1690 3146 1810 3205 quae
1831 3145 2087 3192 emuncta

507 3225 639 3268 sunt
661 3216 1110 3286 exstinguuntur,
1153 3235 1384 3290 corpora
1421 3223 1607 3294 utique
1642 3233 1799 3292 sunt,
1829 3235 1885 3282 et
1920 3228 2086 3283 corda

506 3303 750 3359 omnium
783 3303 1052 3373 iustorum
1098 3310 1446 3366 immortalia.
1510 3313 1578 3367 Et
1617 3314 1739 3371 ideo
1780 3316 2087 3375 rectissime

506 3408 641 3449 auro
670 3396 986 3466 assimilata,
1021 3399 1078 3453 in
1098 3401 1293 3469 quibus
1313 3403 1722 3471 exoptatissima
1750 3406 1865 3462 bazc
1886 3407 2084 3462 immu-

508 3486 643 3540 tatio
681 3486 794 3552 ﬁet,
827 3495 883 3541 ut
911 3498 1033 3560 post
1062 3492 1376 3563 temporalia
1406 3494 1501 3549 Dei
1524 3494 1817 3563 beneﬁcia,
1841 3500 1909 3553 ad
1928 3507 2088 3554 teter-

506 3591 573 3629 na
598 3579 935 3645 perveniant.
973 3580 1144 3639 (bime
1170 3583 1374 3652 pondus
1407 3585 1713 3641 candelabri
1739 3604 1857 3643 eum
1884 3590 2086 3645 univer-

503 3665 577 3720 sis
629 3668 765 3722 rasis
804 3669 952 3735 suis,
1004 3671 1210 3725 habebit
1261 3672 1516 3729 toleratam
1557 3678 1679 3731 auri
1723 3679 2080 3737 mundissimi.

503 3760 675 3815 Omne
700 3763 914 3831 pondus
954 3766 1261 3823 candelabri
1302 3783 1424 3825 cum
1460 3771 1731 3828 universis
1761 3775 1908 3831 vasis
1946 3776 2081 3842 suis,

503 3867 670 3910 omne
716 3852 917 3910 Christi
960 3872 1159 3927 corpus
1201 3867 1287 3914 est
1312 3900 1329 3925 ,
1378 3875 1500 3915 cum
1533 3862 1649 3931 ipso
1674 3864 1852 3934 capite
1896 3876 2084 3925 nostro

506 3944 804 4001 mediatore
848 3946 945 4002 Dei
989 3958 1044 4003 et
1077 3950 1390 4018 hominum,
1433 3968 1557 4007 cum
1596 3955 2083 4016 nniversisclectis
2143 4012 2147 4016 .

504 4033 635 4096 suis,
663 4048 692 4085 a
721 4036 950 4091 summis
977 4053 1148 4107 usque
1170 4041 1239 4093 ad
1264 4040 1501 4108 inﬁmos,
1525 4043 1594 4098 ab
1618 4045 1706 4101 bis
1734 4046 1931 4116 quibus
1960 4065 2080 4105 ma-

501 4120 749 4188 iorintcr
776 4132 933 4179 natos
967 4127 1251 4182 mulierum
1282 4146 1441 4186 nemo
1464 4142 1579 4201 est,
1608 4152 1778 4206 usque
1805 4140 1871 4193 ad
1894 4156 1989 4196 eos
2014 4141 2081 4197 de

506 4213 697 4280 gibus
724 4213 872 4273 dicit.
919 4215 1129 4283 Videte,
1159 4234 1227 4272 ne
1269 4222 1640 4280 condemnatis
1682 4243 1849 4281 unum
1879 4230 1947 4287 de
1982 4246 2082 4299 pu-

554 4305 790 4365 llis.istis
812 4309 918 4377 .qui
951 4308 1118 4378 inme
1145 4312 1394 4369 credunt.
1446 4313 1547 4380 Qui
1575 4316 1834 4373 nimirum
1866 4335 2076 4387 omnes,

501 4394 555 4449 in
581 4395 816 4457 obversis,
836 4395 962 4453 licet
985 4400 1261 4469 gradibus,
1289 4403 1570 4472 aetatibus,
1598 4407 1853 4475 sexibus,
1885 4412 2077 4467 condi-

499 4488 756 4557 tionibus,
784 4492 1031 4563 ingeniis,
1056 4497 1411 4565 temporibus,
1436 4499 1531 4555 uni
1548 4500 1843 4571 eidemque
1866 4506 2079 4561 auctori

522 4598 565 4638 .c
598 4584 779 4638 datori
816 4594 1105 4655 perpetua:
1127 4587 1296 4653 lueis,
1324 4628 1325 4633 η
1349 4605 1449 4647 suo
1472 4592 1695 4662 ,quique
1735 4600 1979 4664 tempore
2013 4612 2083 4653 ae

498 4673 619 4728 loco
644 4674 838 4753 quibus
875 4679 1199 4735 candelabro
1229 4682 1534 4737 aureolixa
1561 4684 1742 4741 radice
1771 4688 1971 4742 mentis
1997 4690 2080 4745 in-

499 4763 729 4829 luerent,
773 4782 889 4835 quo
904 4767 1145 4837 ejusdem
1183 4772 1475 4843 participes
1520 4774 1656 4832 lucis
1696 4775 1815 4832 ﬁeri
1847 4781 2074 4849 possint.

499 4855 653 4923 Quod
707 4856 971 4913 videlicet
1000 4861 1416 4929 candelabrum,
1468 4875 1615 4921 recte
1658 4868 1917 4924 talentum
1957 4873 2076 4927 auri

498 4946 839 5003 mundissimi
871 4947 1089 5004 habere
1132 4950 1335 5007 debere
1379 4964 1731 5015 memoratur.
1791 4960 2073 5017 Talentum

502 5050 736 5105 namque
782 5038 991 5107 pondus
1036 5039 1253 5108 plenum
1300 5058 1365 5103 ac
1414 5046 1719 5115 perlectum
1771 5058 1888 5117 est,
1945 5053 2073 5121 quia

492 5123 677 5194 justus
700 5127 959 5186 Dominus
994 5131 1048 5185 in
1091 5134 1350 5191 omnibus
1370 5138 1477 5193 viis
1512 5139 1648 5195 suis.
1688 5139 1757 5193 Et
1788 5142 1881 5211 qui
1920 5157 2101 5203 suam,

496 5219 728 5289 gratiam
758 5218 810 5273 in
839 5220 942 5275 hac
963 5222 1074 5276 vita
1100 5222 1610 5285 ﬁdelibus-uLbcne
1647 5233 2071 5300 operenturtri-

496 5307 639 5375 buit,
664 5308 779 5379 ipse
802 5323 1071 5367 coronam.
1089 5314 1397 5383 justitianin
1431 5316 1523 5373 illa
1557 5319 1665 5379 vita
1697 5321 1854 5381 bonis
1883 5336 2073 5387 eorum

498 5400 1001 5469 cperibusureddit.
1055 5404 1154 5459 Cui
1186 5414 1382 5463 contra
1422 5408 1723 5469 Zacharias
1766 5412 2070 5484 propheta,

499 5490 826 5561 iniquitatem
854 5510 1027 5562 super
1067 5493 1561 5568 ιαιεκιωηυφιωιώὶ
1602 5502 1780 5563 sedem
1817 5504 2095 5569 inscribit.

502 5575 687 5649 (Zaelr.
712 5582 766 5654 v)
793 5598 811 5637 :
835 5585 1037 5654 quiaet
1057 5587 1302 5657 mprobis
1323 5588 1378 5643 in
1407 5590 1775 5665 eodenujustq
1786 5596 2077 5663 culmine.

495 5665 652 5739 juxta
673 5682 826 5730 actus
848 5675 1085 5748 ipsorum
1106 5679 1371 5751 restituit;
1397 5683 1521 5757 quia
1540 5692 1598 5737 lu
1632 5684 1813 5741 redde:
1831 5725 1847 5751 ,
1866 5685 2071 5758 inquit,

2102 4449 2157 4509 D

2196 1850 2283 1897 tus
2308 1843 2479 1914 gratia
2511 1854 2801 1899 reseraret.
2859 1844 3287 1900 Tabernaculum
3324 1848 3465 1916 quod
3508 1846 3637 1901 fecit
3676 1844 3781 1901 Do-

2194 1937 2342 1993 mino
2374 1936 2583 2009 Moyses
2624 1938 2678 1992 in
2722 1938 3041 2005 solitudine,
3086 1941 3225 1994 sicut
3256 1948 3309 1994 et
3347 1926 3780 2027 t-uquuinqimd

2194 2028 2320 2082 fecit
2351 2027 2604 2083 Salomon
2639 2028 2691 2082 in
2721 2027 3021 2084 Jerusalem
3042 2070 3057 2097 ,
3092 2038 3290 2085 statum
3333 2040 3535 2087 sancta:
3563 2030 3783 2085 univer-

2193 2119 2322 2174 salis
2361 2120 2616 2175 Ecclesia:
2652 2121 2929 2190 designat,
2967 2138 3085 2192 quae
3130 2122 3324 2191 partim
3366 2120 3479 2191 jam
3521 2138 3645 2177 cum
3672 2122 3781 2175 Do-

2193 2212 2341 2267 mino
2371 2222 2562 2283 regnat
2583 2214 2636 2267 in
2666 2213 2841 2279 caelis,
2874 2214 3069 2284 partim
3102 2215 3154 2268 in
3180 2215 3433 2285 praesenti
3462 2212 3643 2269 adhuc
3669 2210 3779 2268 vita

2192 2302 2578 2359 decedentibus
2632 2320 2698 2359 ac
2744 2304 3160 2360 succedentibus
3203 2305 3303 2360 sibi
3348 2304 3611 2359 membris
3641 2306 3779 2368 suis,

2192 2394 2572 2465 peregrinatur
2621 2410 2653 2448 a
2694 2394 2945 2449 Domino.
3012 2393 3081 2449 Et
3130 2396 3347 2465 quidem
3394 2396 3447 2450 in
3493 2397 3783 2466 utriusque

2192 2483 2600 2539 constructione
2631 2484 2843 2549 domus,
2874 2485 2990 2539 bmc
3018 2484 3333 2555 principalis
3362 2484 3501 2540 solet
3536 2501 3659 2540 esse
3703 2487 3783 2541 di-

2193 2570 2393 2627 stantia
2444 2570 2780 2642 ﬁgurarum,
2828 2572 2972 2642 quod
3029 2573 3434 2629 tabernaculum
3494 2576 3784 2645 prrcsentis

2191 2660 2480 2717 aediﬁcium
2500 2659 2779 2726 Ecclesiae,
2813 2678 2922 2732 quo
2947 2664 3188 2734 quotidie
3216 2664 3268 2718 in
3301 2664 3577 2721 laboribus
3616 2682 3781 2721 exer-

2191 2760 2366 2815 cetur,
2394 2749 2651 2819 templum
2682 2749 2877 2807 futura:
2909 2754 3150 2822 requiem
3181 2755 3459 2825 designet,
3488 2773 3609 2826 qtnc
3638 2774 3781 2826 quo—

2191 2840 2394 2895 tidiana
2440 2839 2744 2894 animarum
2792 2841 2919 2897 hinc
2953 2853 3075 2911 post
3102 2844 3313 2899 labores
3352 2847 3669 2901 exeuntium
3697 2862 3783 2901 re—

2190 2934 2440 3004 ccptione
2502 2934 2803 3005 perﬁcitur.
2871 2936 3008 3002 Quia
3056 2937 3313 2992 nimirum
3366 2939 3781 2996 tabernaculum

2191 3024 2402 3095 Moyses
2427 3041 2550 3081 cum
2576 3026 2775 3097 populo
2805 3025 2900 3082 Dei
2925 3027 2979 3081 in
3006 3029 3089 3082 via
3110 3028 3287 3083 adhuc
3310 3031 3539 3099 positus,
3570 3047 3677 3101 qua
3713 3033 3782 3089 ad

2113 3088 2159 3152 δ
2192 3123 2396 3169 terram
2430 3115 2867 3185 repromissionis
2897 3117 3175 3188 pergebat,
3202 3121 3479 3176 condidit:
3513 3121 3779 3179 Salomon

2189 3216 2372 3261 autem
2415 3206 2674 3277 templum
2723 3208 2838 3279 ipsa
2881 3209 2995 3280 jam
3032 3218 3175 3266 terra
3220 3213 3693 3282 repromissionis,
3728 3222 3783 3271 et

2188 3312 2355 3370 regno
2386 3298 2441 3352 in
2472 3313 2534 3353 ea
2574 3298 2777 3368 potitus
2804 3341 2817 3366 ,
2846 3303 3166 3357 construxit.
3219 3303 3429 3375 Moyses
3458 3306 3784 3362 tabernacu-

2188 3387 2298 3442 lum
2346 3388 2400 3443 in
2449 3387 2760 3455 solitudine,
2797 3388 3051 3446 Salomon
3091 3394 3347 3463 templum
3376 3394 3427 3448 in
3451 3393 3777 3464 Jerusalem,

2187 3495 2308 3550 qua:
2337 3480 2733 3550 interpretatur
2772 3482 2899 3537 visio
2936 3484 3101 3552 pacis.
3142 3483 3405 3551 Quoniam
3439 3486 3525 3540 hic
3556 3488 3779 3556 quidem

2187 3572 2428 3628 Ecclesia
2460 3574 2514 3629 in
2540 3573 2723 3629 labore
2764 3584 2819 3630 et
2859 3591 3100 3631 mrumna
3138 3579 3262 3634 vita:
3304 3578 3536 3636 labentis
3558 3623 3573 3645 ,
3604 3581 3657 3634 in
3687 3582 3778 3637 siti

2184 3672 2242 3718 et
2277 3664 2457 3719 esurio
2487 3668 2637 3737 regni
2682 3668 2935 3736 perennis
2980 3669 3282 3724 aediﬁcatur
3311 3687 3324 3725 :
3353 3671 3462 3727 illic
3500 3682 3681 3726 tamen
3720 3674 3777 3727 in

2186 3755 2395 3811 visione
2442 3773 2507 3812 ac
2558 3759 2905 3827 perceptione
2953 3776 3097 3816 vene
3143 3764 3293 3833 pacis
3339 3774 3774 3820 consummatur.

2187 3845 2341 3901 Unde
2370 3848 2505 3902 bene
2529 3846 2583 3902 in
2621 3849 2805 3918 templi
2834 3855 3238 3908 constructione
3267 3855 3468 3909 dictum
3496 3863 3602 3921 est,
3628 3856 3777 3928 quod

2184 3939 2413 3994 malleus
2439 3948 2495 3994 ct
2518 3942 2742 4007 securis,
2773 3952 2827 3998 et
2851 3959 3013 3999 omne
3044 3944 3457 4013 ferramentum,
3507 3965 3614 4003 non
3643 3958 3775 4004 sunt

2185 4034 2367 4089 audita
2397 4034 2528 4089 ineo
2550 4050 2670 4090 cum
2694 4036 3074 4093 aediﬁcaretur.
3098 4037 3421 4110 Praeparatis
3440 4047 3595 4095 extra
3616 4036 3778 4095 Jeru-

2184 4124 2351 4179 salem
2377 4127 2587 4182 cunctis
2609 4127 2879 4198 lapidibus
2902 4145 2965 4185 ac
2988 4129 3411 4202 lignis,atquein
3441 4134 3774 4204 positionem

2183 4218 2392 4273 ordinis
2421 4219 2503 4273 sui
2527 4219 2784 4293 decenter
2814 4223 3013 4294 aptatis
3050 4240 3171 4294 qua:
3216 4224 3290 4279 ibi
3322 4222 3776 4296 facillime-atque

2186 4308 2580 4376 indubitanter,
2603 4326 2701 4366 suo
2722 4327 2948 4383 quaeque
2973 4312 3089 4370 loco
3120 4314 3352 4380 reddita,
3380 4312 3471 4369 a‘iit
3502 4314 3776 4372 crerneuto
3862 4372 3874 4387 ,

2183 4409 2531 4457 necterentur
2558 4411 2651 4457 aut
2673 4403 2859 4459 clavis.
2900 4406 3036 4472 Quia
3065 4405 3311 4460 videlicet
3337 4407 3388 4461 in
3413 4423 3547 4477 pace
3572 4404 3791 4478 'super-‘

2185 4509 2268 4548 na:
2295 4493 2675 4558 beatitudinis,
2712 4510 2819 4550 non
2852 4505 2935 4551 est
2957 4498 3395 4554 tribulationibus
3420 4508 3605 4553 nostra
3637 4498 3777 4556 eia;

2184 4587 2437 4642 minanda
2480 4586 2615 4641 ﬁdes
2656 4597 2751 4642 aut
2775 4590 2884 4642 vita
2913 4589 3190 4667 probanda
3218 4632 3232 4656 ,
3265 4592 3360 4645 sed
3390 4607 3508 4661 qum
3539 4591 3591 4645 in
3622 4582 3789 4661 pm'

2186 4680 2324 4735 senti
2367 4680 2566 4735 saeculo
2609 4681 2909 4751 castigata,
2949 4691 3004 4735 et
3051 4674 3361 4737 cmlestibrs
3392 4692 3509 4739 erat
3545 4676 3771 4742 sedibus

2186 4771 2509 4843 regulariter
2559 4782 2741 4844 aptata
2770 4815 2784 4840 ,
2833 4774 2905 4829 ibi
2959 4775 3161 4845 glutine
3203 4784 3259 4831 et
3296 4777 3523 4832 vinculis
3561 4787 3772 4835 mutua:

2183 4863 2487 4928 charitatis,
2516 4880 2584 4918 ne
2618 4875 2879 4935 perpetuo
2903 4866 3124 4921 dissolvi
3167 4875 3350 4938 queat,
3386 4869 3438 4924 in
3470 4856 3770 4940 conspectu

2181 4957 2343 5015 etiam
2384 4958 2464 5011 sui
2500 4958 2796 5011 conditoris
2842 4974 2904 5013 ac
2942 4960 3105 5031 regis,
3146 4959 3212 5013 ad
3246 4959 3476 5014 invicem
3503 4961 3774 5032 copulan-

2180 5045 2268 5100 da.
2304 5046 2434 5127 item
2470 5046 2639 5117 ﬁgura
2670 5048 2952 5118 utriusque
2991 5052 3283 5105 sanctuarii
3317 5060 3511 5129 potest
3535 5050 3793 5129 genera-f

2182 5118 2409 5213 literita
2432 5136 2798 5209 distinguunt
2830 5156 2966 5211 opus
2998 5118 3330 5197 tabernaculi
3363 5118 3772 5231 templuvs‘s‘y‘na-l

2182 5244 2353 5298 gogrc,
2387 5230 2489 5284 hoc
2515 5240 2598 5284 est
2621 5232 2857 5302 antiqua:
2884 5233 2977 5287 Dei
3014 5233 3206 5302 plebis,
3230 5250 3364 5315 opus
3393 5222 3795 5319 vero'tetnpli,‘

2181 5316 2479 5401 Ecclesium
2504 5360 2518 5384 ,
2565 5320 2614 5374 id
2653 5329 2767 5381 est,
2802 5321 2945 5401 illam
2983 5323 3277 5407 electorum
3332 5316 3767 5409 multitudinem,

2180 5392 2301 5483 quae
2325 5421 2448 5483 post
2470 5398 2897 5487 incarnationem
2927 5394 3265 5505 Dominican'i.
3300 5419 3366 5499 ad
3385 5399 3789 5513 'ﬁdcr‘n'venitﬁz

2181 5502 2450 5579 signiﬁcet
2473 5521 2486 5557 :
2514 5485 2793 5587 quomodo
2825 5485 3089 5587 videlicet
3109 5485 3515 5591 tabernaculum
3539 5485 3791 5599 11)ξᾷξὲῥὲ

2180 5612 2303 5659 cum
2334 5596 2457 5667 sola.
2478 5582 2825 5653 Hebraeorum
2857 5582 3010 5679 plebe
3040 5582 3461 5679 consmnmavit,
3484 5582 3785 5679 “teptplutit'

2180 5684 2621 5761 γυιῖοηὲίιιοιιιοιι
2685 5684 2910 5761 collecta
2950 5670 3364 5759 'prosclvtorum
3414 5670 3768 5787 multitudine
