4020 6352
240 294 341 350 I57

1173 295 1668 354 COMSIENTARIA
1708 298 1775 356 IN
1815 300 2123 358 EXODUM.
2161 335 2234 345 —
2271 305 2397 364 LIB.
2441 308 2525 365 III.

3376 322 3476 382 158

233 415 495 486 perfecit,
531 413 819 485 adjuvante
844 428 966 469 cum
1001 430 1126 485 rege
1156 414 1317 487 Tyrio
1346 432 1469 473 eum
1500 418 1801 475 artiﬁcibus
1829 419 1881 479 A
1904 426 2054 473 extra
2110 422 2289 477 velum
2336 422 2508 480 altare
2567 426 2951 497 thymiamatis.
3020 417 3152 486 item
3198 431 3254 488 in
3301 438 3479 493 medio

234 508 350 562 suis
377 507 467 577 qui
489 522 662 576 neque
688 513 877 560 natura
901 504 1068 561 Judaei
1088 548 1103 573 ,
1130 522 1306 576 neque
1334 508 1668 578 professione
1692 510 1807 566 fuc-

233 606 381 652 runt.
424 597 647 653 Constat
670 597 814 652 enim
842 638 857 661 ,
904 598 1027 666 quia
1065 598 1234 668 priori
1265 597 1359 654 Dei
1396 600 1592 670 populo
1619 601 1805 655 docto-

232 701 352 752 res,
406 704 513 743 non
555 688 657 743 nisi
683 704 750 742 ex
785 688 897 758 ipsa
925 704 1111 744 eorum
1153 697 1312 761 gente
1344 691 1694 759 praefuerunt.
1733 691 1804 747 At

228 797 359 836 vero
411 780 665 836 Ecclesia:
709 789 950 836 rectores
995 781 1157 852 primi
1203 783 1418 852 quidem
1474 782 1692 839 fuerunt
1738 785 1804 840 de

226 871 511 938 Hebraeis;
538 888 730 927 verum
776 888 901 928 mox
956 882 1236 928 crescente
1285 888 1349 928 ea
1395 889 1461 929 ac
1501 874 1665 929 dilata
1704 890 1805 946 per

226 964 441 1031 orbem,
465 965 628 1018 etiam
645 964 709 1018 de
728 964 976 1034 gentibus
997 971 1294 1018 structores
1321 971 1447 1019 sunt
1467 964 1581 1035 ejus
1602 967 1799 1032 exorti,

223 1054 361 1110 adeo
394 1063 458 1110 ut
497 1056 610 1126 ipse
659 1071 873 1126 quoque
913 1056 1242 1127 evangelista
1286 1055 1492 1122 Lucas,
1543 1064 1597 1111 et
1619 1057 1802 1112 Timo-

222 1147 384 1202 theus
413 1162 480 1202 ac
506 1148 659 1202 Titus
685 1147 787 1203 viri
816 1147 1121 1218 apostolici,
1147 1146 1212 1201 de
1230 1148 1510 1203 vocatione
1534 1150 1796 1219 gentium,

219 1236 287 1292 ad
316 1239 675 1307 praesulatum
720 1238 836 1308 ejus
866 1239 1229 1308 pervenerint.
1279 1240 1477 1295 Verum
1513 1241 1557 1295 si
1582 1241 1800 1312 diligen-

218 1329 326 1383 tius
374 1329 765 1399 inspiciamus,
816 1329 1094 1398 utriusque
1134 1329 1325 1383 domus
1360 1330 1795 1397 aediﬁcationem,

215 1428 271 1474 et
295 1420 469 1476 totius
500 1420 757 1475 Ecclesia:
799 1421 1081 1490 praesentis
1111 1428 1311 1475 statum
1341 1426 1565 1493 mystice
1596 1422 1801 1478 descri-

213 1513 315 1577 bit,
362 1529 493 1583 quae
538 1515 606 1568 ab
649 1514 803 1567 initio
834 1514 1120 1568 mundame
1158 1514 1502 1580 conditionis,
1540 1529 1710 1583 usque
1734 1513 1802 1568 ad

211 1601 468 1658 ultimum
515 1605 605 1674 qui
654 1605 708 1659 in
752 1603 857 1659 ﬁne
885 1604 1067 1659 saeculi
1092 1605 1403 1659 nasciturus
1432 1612 1516 1659 est
1544 1604 1797 1670 electum,

211 1708 434 1763 semper
460 1693 731 1750 aediﬁcare
758 1711 865 1749 non
890 1695 1112 1759 desinit,
1143 1702 1197 1750 et
1229 1693 1423 1749 futurm
1448 1711 1661 1765 quoque
1686 1695 1799 1767 glo-

1906 511 2077 581 ipsius
2108 517 2408 571 sanctuarii
2437 558 2451 583 ,
2497 518 2882 575 candelabrum
2928 522 2981 576 in
3023 531 3179 591 parte
3208 528 3428 584 australi
3459 548 3475 586 :

1902 614 2086 658 mensa
2129 621 2261 660 vero
2301 607 2477 662 stabat
2522 609 2575 662 in
2620 611 3050 680 septentrionali.
3102 612 3291 671 Altare
3328 618 3480 674 holo-

1904 694 2073 747 causti
2140 694 2270 750 foris
2323 705 2449 751 ante
2511 699 2817 767 ingressum
2870 704 3209 769 sanctuarii,
3260 706 3474 763 labrum

1902 798 2106 837 aeneum
2149 784 2290 839 inter
2315 787 2416 842 hoc
2444 788 2612 843 altare
2655 797 2710 844 et
2753 790 3197 857 tabernaculum;
3245 804 3300 850 et
3325 798 3472 854 circa

1902 877 2082 930 omnia
2112 878 2308 932 atrium
2338 881 2705 947 tabernaculi,
2753 882 3105 952 longitudinis
3144 887 3352 943 habens
3380 903 3474 943 cu‘

1901 962 2042 1020 bitus
2070 975 2307 1032 centum,
2338 968 2634 1025 latitudinis
2661 972 3072 1043 quinquaginta.
3109 976 3205 1031 llis
3230 994 3364 1050 ergo
3394 980 3474 1035 di-

1899 1056 2167 1114 lueidandi
2207 1060 2379 1130 gratia
2414 1062 2653 1118 breviter
2686 1066 2998 1134 prmlibatis,
3032 1069 3313 1125 videamus
3353 1071 3469 1140 ipsa

1897 1150 2060 1205 verba
2086 1152 2346 1218 historice,
2372 1170 2478 1222 quo
2499 1170 2599 1225 per
2624 1156 2741 1212 haec
2771 1159 2931 1215 altius
2960 1168 3120 1231 atque
3146 1163 3385 1233 apertius
3405 1164 3475 1219 ad

1898 1255 2117 1295 sensum
2154 1243 2424 1314 allegoria:
2472 1248 2775 1315 pervenire
2801 1264 3080 1318 queamus.
3139 1252 3271 1309 Cum
3303 1254 3473 1326 Moysi

1898 1332 2157 1389 Dominus
2185 1351 2369 1391 secum
2413 1337 2465 1391 in
2498 1347 2683 1393 monte
2715 1339 2866 1395 Sinai
2902 1346 3255 1415 quadraginta
3283 1346 3473 1403 diebus

1903 1439 1967 1478 ac
2005 1427 2254 1483 noctibus
2302 1430 2614 1495 constituto,
2644 1430 2779 1502 legis
2816 1435 3169 1490 czeremonias
3216 1444 3271 1491 et
3310 1436 3473 1492 ritum

1901 1513 2116 1570 vivendi
2147 1517 2404 1584 traderet,
2429 1518 2676 1575 ait-inter
2696 1520 2823 1575 alia.
3156 1530 3173 1541 '

2484 1628 2712 1686 CAPUT
2760 1630 2898 1687 XIII.

1898 1715 1976 1771 De
2005 1717 2213 1786 factura
2256 1719 2613 1792 tabernaculi,
2663 1722 2760 1775 hoc
2796 1733 2871 1776 est
2912 1725 3233 1791 cortinarum
3274 1726 3474 1792 decem,

210 1776 352 1839 ria’m
376 1787 508 1841 vitm
535 1826 552 1853 ,
595 1802 702 1856 qua
738 1802 884 1842 nunc
906 1802 972 1841 ex
1002 1795 1157 1855 parte
1188 1786 1406 1854 fruitur,
1436 1789 1529 1843 sed
1553 1797 1674 1858 post
1696 1790 1794 1843 hu-
1821 1791 1869 1851 B
1966 1776 2212 1865 sagarum
2238 1789 2499 1855 undecim,
2523 1776 2854 1860 operimentis
2878 1788 3018 1846 tertii
3049 1776 3477 1865 a’qai‘rii'péiiil

201 1873 289 1943 jus
319 1875 626 1930 terminum
668 1876 847 1930 smculi
866 1917 881 1943 ,
929 1875 982 1931 in
1009 1876 1254 1931 omnibus
1283 1877 1394 1931 suis
1427 1876 1702 1942 membris,
1732 1878 1788 1932 in

204 1974 484 2045 aeternum
517 1966 747 2021 fruitura
772 1976 886 2033 est,
932 1967 1165 2021 mirabili
1197 1966 1489 2038 ﬁgurarum
1524 1968 1790 2025 varietate

205 2056 479 2125 depingit.
524 2056 674 2112 Unde
716 2072 815 2112 nos
862 2056 1038 2127 aliqua
1088 2055 1153 2112 de
1184 2057 1532 2113 tabernaculo
1560 2057 1789 2113 Domino

205 2147 511 2218 opitulante
538 2148 755 2214 dicturi,
798 2150 973 2218 primo
1003 2150 1180 2220 ipsum
1220 2150 1557 2218 invocantes,
1597 2152 1787 2207 humili

204 2239 367 2292 etiam
395 2252 561 2307 prece
587 2238 959 2309 deposcimus,
989 2241 1233 2297 revelare
1263 2241 1451 2297 oculos
1477 2243 1655 2298 cordis
1684 2258 1785 2297 no-

204 2331 323 2396 stri,
357 2340 423 2387 ut
441 2332 793 2388 considerare
818 2348 1085 2401 queamus
1108 2334 1380 2391 mirabilia
1404 2335 1471 2390 de
1502 2334 1619 2406 lege
1645 2333 1783 2405 ejus,

206 2432 254 2478 et
285 2423 336 2477 in
364 2423 735 2493 pretiosorum
765 2422 962 2478 decore
1004 2423 1343 2479 metallorum
1387 2440 1453 2479 ac
1495 2424 1787 2479 vestimen-

207 2521 375 2568 torum
424 2512 794 2585 intelligamus
835 2523 1087 2569 ornatum
1131 2514 1288 2571 nobis
1329 2530 1564 2582 morum,
1592 2514 1697 2570 ﬁde
1720 2531 1783 2572 ac

206 2603 492 2659 devotione
543 2603 860 2676 fulgentium
886 2648 902 2671 ,
940 2623 1062 2663 esse
1106 2607 1561 2662 commendatum.
1600 2606 1785 2678 Neque

204 2694 337 2748 enim
366 2695 532 2750 nobis
568 2696 727 2751 aliter
766 2712 945 2753 sermo
985 2697 1075 2752 ille
1107 2697 1432 2767 apostolicus
1456 2706 1635 2768 potest
1662 2713 1785 2753 con-

207 2785 400 2851 venire,
432 2801 548 2855 quo
569 2787 645 2841 ait
672 2806 684 2840 :
732 2785 830 2841 Vos
853 2788 998 2842 enim
1023 2789 1144 2842 estis
1170 2788 1418 2857 templum
1443 2788 1543 2843 Dei
1568 2790 1663 2845 vivi
1682 2790 1784 2845 sic-

207 2883 255 2925 ut
277 2875 397 2928 dicit
423 2875 571 2929 Deus
593 2890 611 2927 :
635 2878 884 2947 quoniam
906 2877 1205 2932 inhabitabo
1231 2878 1285 2931 in
1306 2878 1432 2945 illis“,
1457 2888 1504 2933 et
1529 2880 1665 2933 inter
1695 2897 1783 2934 eos

207 2966 475 3022 ambulabo
506 2967 555 3040 (I
582 2967 705 3023 Cor.
726 2968 822 3039 vi).
851 2970 917 3023 Et
945 2970 1088 3038 quod
1114 2967 1349 3024 Joannes
1380 2970 1580 3023 audivit
1611 2986 1783 3024 vocem

207 3071 433 3127 magnam
460 3058 530 3112 de
552 3060 739 3114 throno
768 3060 1023 3114 dicentem
1048 3076 1066 3113 :
1093 3058 1230 3114 Ecce
1251 3059 1649 3114 tabernaculum
1684 3059 1782 3113 Dei

1967 1857 2082 1911 bus.

1967 1963 2380 2021 Taberuaculum
2412 1983 2531 2022 vero
2567 1969 2642 2023 ita
2686 1968 2885 2039 facies:
2926 1970 3112 2025 Decem
3154 1973 3382 2028 cortinas
3410 1973 3476 2028 de

1894 2057 2044 2128 bysso
2080 2067 2295 2125 retorta,
2339 2068 2387 2113 et
2428 2060 2707 2130 hyacintho
2746 2079 2808 2117 ac
2832 2079 3086 2134 purpura,
3122 2082 3372 2136 coccoque
3397 2066 3475 2121 bis

1892 2150 2073 2216 tincto,
2113 2150 2343 2205 variatas
2391 2167 2541 2222 apere
2579 2151 2841 2221 plumario
2872 2154 3033 2221 facies
3071 2154 3267 2226 (Exod.
3300 2155 3471 2227 nm).

1892 2235 2319 2294 Tabernaculum
2346 2239 2557 2295 Domini
2583 2241 2643 2295 ﬁt
2661 2256 2727 2296 ex
2752 2244 2976 2297 cortinis
3000 2245 3211 2300 diversa
3235 2245 3475 2299 colorum

1889 2328 2069 2400 specie
2108 2331 2421 2402 variegatis,
2448 2333 2572 2403 quia
2614 2341 2801 2389 sancta
2841 2335 3165 2392 universalis
3209 2336 3473 2402 Ecclesia,

1889 2436 1955 2476 ex
1985 2421 2167 2476 multis
2201 2422 2495 2478 electorum
2536 2426 2813 2495 personis,
2843 2441 2909 2481 ex
2947 2427 3130 2483 multis
3166 2443 3264 2498 per
3285 2428 3473 2483 orbem

1887 2512 2149 2580 ecclesiis,
2170 2529 2237 2569 ex
2260 2515 2422 2571 variis
2442 2516 2701 2571 virtutum
2724 2515 2944 2573 ﬁoribus
2968 2519 3283 2576 :cdiﬁcatur.
3309 2518 3473 2588 Cujus

1886 2606 2063 2661 omnis
2090 2605 2351 2677 perfectio
2379 2607 2431 2661 in
2463 2608 2682 2663 denario
2720 2624 2944 2664 numero
2972 2611 3307 2675 continetur,
3346 2611 3472 2680 quia

1886 2710 2318 2768 quaquaversum
2346 2697 2583 2754 Ecclesia
2607 2713 2708 2768 per
2732 2700 2988 2754 mundum
3010 2701 3066 2755 in
3089 2700 3320 2755 diversis
3340 2718 3470 2772 gen-

1887 2789 2033 2845 tibus
2059 2797 2111 2844 et
2135 2789 2382 2845 tribubus
2408 2796 2462 2845 et
2486 2790 2697 2860 populis
2724 2799 2778 2845 et
2799 2791 2995 2861 linguis
3014 2789 3202 2845 dill‘usa
3230 2799 3336 2857 est,
3359 2800 3471 2845 tota

1888 2879 1941 2933 in
1971 2879 2082 2933 sola
2110 2878 2204 2933 Dei
2236 2887 2291 2934 et
2325 2880 2557 2949 proximi
2587 2880 2873 2934 dilectione
2914 2894 3034 2949 quae
3060 2878 3315 2947 decalogo
3340 2878 3471 2945 legis

1888 2978 1971 3025 est
2020 2970 2413 3040 comprehensa
2456 2969 2723 3025 subsietit.
2771 2968 2957 3038 Neque
3002 2969 3160 3023 aliter
3186 2969 3470 3038 quisquam

1885 3069 2065 3131 potest
2094 3061 2358 3117 veraciter
2382 3060 2449 3116 ad
2470 3060 2726 3115 Ecclesiae
2745 3059 2985 3114 membra
3014 3059 3335 3129 pertingere,
3362 3057 3467 3112 nisi

210 3164 313 3201 cum
357 3151 687 3217 hominibus,
737 3161 783 3207 et
823 3148 1078 3206 habitabit
1121 3168 1239 3205 cum
1289 3153 1363 3206 eis
1408 3150 1592 3224 (Apoc.
1632 3150 1773 3223 xxx).
1808 3148 1852 3210 C
1885 3155 2093 3226 integro
2122 3155 2307 3219 corde,
2338 3162 2394 3209 et
2419 3167 2542 3208 eum
2580 3168 2677 3223 per
2704 3166 2863 3223 quem
2905 3152 3239 3217 aediﬁcatur,
3284 3159 3339 3205 et
3370 3165 3468 3205 eos

210 3236 364 3304 Quem
410 3250 672 3297 ornatqu
713 3243 826 3297 sive
869 3243 1201 3298 tabernaculi
1244 3243 1357 3298 sive
1389 3242 1575 3314 templi
1608 3252 1777 3299 male.

209 3331 400 3400 rialem,
447 3335 694 3406 religiosi
737 3335 1029 3405 mundique
1060 3336 1239 3390 cordis
1277 3342 1332 3390 et
1357 3335 1601 3405 corporis
1630 3336 1778 3390 cultu

213 3423 497 3479 imitemur.
541 3424 648 3480 Sed
698 3434 753 3481 et
792 3426 994 3481 certius
1021 3427 1086 3481 dc
1123 3427 1388 3497 spirituali
1420 3444 1581 3482 sensu
1607 3427 1777 3484 disse-

212 3529 393 3571 ramus.
435 3517 630 3571 Primo
656 3517 722 3572 de
768 3517 884 3588 ipso
929 3519 1196 3573 materiali
1222 3525 1368 3573 textu
1398 3519 1613 3584 littera),
1642 3535 1778 3589 pan-

212 3603 358 3675 lisper
378 3608 687 3663 videamus.
728 3607 857 3662 Erat
890 3608 1296 3663 tabernaculum
1330 3609 1521 3663 domus
1548 3607 1775 3662 Domino

212 3710 570 3756 consecratum
600 3743 613 3767 ,
661 3701 865 3756 habens
904 3700 1253 3771 longitudinis
1281 3702 1493 3756 cubitos
1522 3701 1768 3772 triginta,

214 3790 501 3847 latitudinis
535 3791 751 3857 decem,
796 3792 1095 3848 altitudinis
1129 3808 1281 3863 teque
1313 3793 1495 3848 decem
1516 3834 1530 3859 ,
1566 3801 1773 3848 tectum

215 3882 396 3940 habens
435 3885 653 3954 :equale
699 3900 797 3955 per
839 3893 1032 3951 totum,
1078 3886 1344 3954 quomodo
1372 3887 1425 3940 in
1457 3886 1692 3957 rEgypto
1720 3893 1777 3940 et

214 3972 475 4032 Pallestina
503 3978 692 4033 domus
720 3978 886 4032 moris
913 3986 995 4031 est
1021 3978 1341 4032 aediﬁcandi.
1365 3979 1530 4048 Cujus
1558 3978 1775 4047 quidem

214 4067 419 4131 parietes
464 4077 614 4134 tres,
657 4070 945 4134 australis,
990 4069 1427 4138 septentrionalis
1447 4078 1500 4125 et
1529 4070 1777 4125 occiden-

216 4159 340 4227 talis,
367 4160 432 4217 de
476 4161 680 4217 tabulis
726 4171 855 4218 sunt
886 4162 1147 4232 compacti
1187 4161 1407 4233 ligneis,
1449 4162 1517 4216 ab
1547 4171 1775 4232 utroque

215 4245 358 4306 latere
381 4253 680 4309 deauratis.
718 4254 888 4309 Porro
926 4270 1024 4324 pro
1052 4252 1304 4309 orientali
1335 4262 1491 4324 parte
1524 4270 1662 4309 unus
1688 4269 1773 4308 ve-

216 4343 301 4397 ctis
324 4354 456 4413 erat,
489 4347 634 4402 unde
659 4347 911 4402 introitus
932 4346 1052 4413 fuit,
1078 4346 1169 4417 qui
1204 4362 1301 4417 per
1327 4330 1534 4401 medias
1561 4345 1771 4403 tabulas

216 4430 271 4485 ab
287 4436 472 4506 angulo
496 4451 668 4507 usque
692 4437 759 4491 ad
781 4437 1031 4509 angulum
1049 4437 1374 4507 perveniret,
1392 4438 1443 4492 id
1466 4447 1547 4493 est
1566 4456 1594 4493 a
1620 4455 1767 4494 sum-

1881 3247 1934 3302 in
1965 3247 2160 3317 quibus
2188 3245 2483 3302 aediﬁcatur
2506 3244 2744 3300 Ecclesia
2768 3284 2782 3308 ,
2827 3242 2931 3297 hoc
2962 3250 3046 3298 est
3072 3242 3240 3295 Deum
3271 3248 3325 3296 et
3353 3239 3465 3296 cle-

1879 3344 1997 3392 ctos
2024 3337 2140 3407 ejus
2165 3351 2348 3391 amare
2374 3336 2640 3392 didicerit.
2670 3334 2867 3389 Varius
2897 3343 3075 3389 autem
3102 3333 3342 3389 colorum
3370 3332 3465 3387 de-

1878 3445 1973 3486 cor
1999 3445 2106 3499 quo
2135 3428 2334 3484 cazdem
2362 3436 2488 3484 sunt
2509 3427 2735 3484 cortinae
2761 3426 3053 3491 distinctae,
3084 3424 3359 3480 variarum
3380 3430 3465 3479 est

1877 3519 2049 3591 gratia
2079 3518 2355 3582 virtutum,
2390 3520 2586 3591 quibus
2628 3525 2813 3573 sancta
2856 3516 3097 3572 Ecclesia
3134 3515 3368 3570 mirabili
3399 3530 3463 3570 ac

1875 3625 2096 3679 prorsus
2124 3608 2331 3664 caelesti
2361 3618 2478 3664 arte
2514 3609 2812 3678 composita
2851 3604 2904 3662 in
2944 3617 3235 3677 conspectu
3264 3608 3347 3661 sui
3377 3622 3453 3661 re-

1876 3699 2119 3769 splendet
2147 3699 2405 3753 auctoris.
2436 3698 2638 3768 Byssus
2666 3714 2796 3769 ergo
2824 3712 2942 3767 qua:
2967 3698 3033 3752 de
3063 3707 3207 3753 terra
3242 3697 3458 3766 quidem

1875 3788 2066 3855 oritur,
2099 3790 2192 3844 sed
2226 3797 2379 3845 eruta
2409 3789 2474 3844 de
2503 3798 2646 3843 terra
2689 3789 2848 3857 longo
2887 3788 3145 3842 exercitio
3187 3787 3421 3841 siceandi
3442 3826 3458 3852 ,

1877 3880 2153 3945 tundendi,
2185 3880 2481 3951 purgandi,
2514 3880 2775 3949 coquendi
2810 3886 2866 3953 et
2899 3878 3090 3943 nendi,
3124 3878 3458 3949 gramineum

1875 3968 2012 4023 solet
2038 3970 2264 4038 perdere
2284 4010 2298 4034 ,
2337 3976 2390 4024 et
2435 3969 2723 4024 candidum
2751 3970 2804 4022 in
2831 3982 2890 4023 se
2924 3968 3166 4036 recipere
3199 3965 3456 4031 colorem,

1875 4076 2099 4132 corpora
2140 4061 2385 4133 designat
2419 4061 2684 4117 castitatis
2712 4061 2881 4116 nitida
2913 4061 3126 4116 decore.
3172 4057 3303 4125 Quae
3333 4071 3455 4112 cum

1873 4156 2054 4211 carnis
2079 4156 2295 4225 quidem
2325 4153 2591 4210 illecebris
2620 4155 2916 4220 nascentia,
2948 4167 3145 4223 magno
3175 4151 3444 4207 continen-

1873 4249 1961 4303 tim
1993 4247 2175 4303 labore
2202 4247 2355 4317 quasi
2385 4247 2625 4301 nativum
2660 4244 2927 4301 exsudant
2957 4246 3262 4309 humorem,
3292 4250 3454 4313 atque

1870 4341 1937 4394 ad
1962 4340 2211 4395 decorem
2241 4338 2351 4393 Deo
2374 4338 2531 4410 digne
2556 4337 2807 4408 puritatis
2833 4335 3020 4391 solerti
3046 4334 3371 4405 jejuniorum
3397 4338 3452 4386 et

1869 4430 2173 4500 vigiliarum
2196 4470 2210 4494 ,
2241 4429 2546 4484 orationum
2576 4436 2630 4484 et
2658 4426 2904 4483 lectionis
2921 4466 2934 4489 ,
2977 4424 3248 4494 patientia:
3271 4430 3327 4476 et
3352 4423 3453 4475 bu-’

218 4501 378 4580 mitate
412 4501 605 4581 ultima
635 4526 794 4597 hujus
816 4501 1067 4595 parietis,
1094 4542 1265 4596 usque
1294 4501 1367 4581 ad»
1384 4528 1605 4597 parietis
1635 4527 1767 4584 alio-
1793 4501 1846 4561 Ῑ)
1872 4520 2113 4575 militatis
2140 4519 2392 4575 instantia
2420 4518 2756 4589 perveniunt.
2791 4516 2867 4569 De
2891 4515 3088 4584 quibus
3111 4519 3255 4567 recte
3280 4510 3451 4581 possit

217 4613 310 4669 rius
332 4619 719 4686 summitatem,
745 4618 831 4674 cui
862 4620 1083 4675 cortina:
1123 4621 1453 4676 tabernaculi
1481 4630 1537 4675 et
1564 4629 1764 4677 tectum

217 4702 500 4776 incubuere,
529 4708 620 4763 ubi
668 4718 725 4763 et
771 4710 1053 4765 tectorium
1080 4720 1199 4766 erat
1236 4711 1472 4783 quinque
1502 4712 1766 4768 columnis

216 4808 529 4864 suspensum.
568 4799 873 4870 Tegebatur
910 4809 1088 4855 autem
1116 4802 1309 4857 domus
1340 4810 1393 4856 ot
1426 4802 1676 4872 desuper,
1708 4810 1763 4857 et

216 4886 422 4956 undique
473 4889 704 4944 cortinis
761 4889 898 4943 mira
946 4890 1205 4945 varietate
1261 4892 1559 4957 contextis,
1616 4894 1762 4962 quod

214 4978 401 5044 proprie
460 4979 867 5035 tabernaculum
937 4982 1248 5035 vocabatur.
1335 4982 1640 5053 Tegebatur
1708 4991 1762 5038 et

217 5062 299 5120 hoc
345 5072 578 5142 undique
638 5073 784 5141 sagis
845 5072 1075 5127 cilicinis
1109 5114 1124 5137 ,
1186 5089 1357 5143 usque
1428 5076 1495 5131 ad
1560 5083 1760 5132 terram

215 5156 629 5228 pertingentibus.
698 5159 804 5216 Sed
860 5170 915 5216 et
974 5161 1372 5242 Operimentum
1425 5163 1568 5219 aliud
1616 5174 1760 5221 tecto

216 5242 269 5296 dc
324 5249 543 5316 pellibus
612 5253 843 5308 arietum
913 5253 1205 5308 rubricatis
1251 5254 1456 5323 pictum
1523 5265 1635 5321 est,
1705 5265 1760 5313 et

215 5350 352 5408 super
376 5345 477 5400 hoc
522 5363 739 5401 rursum
763 5347 908 5402 aliud
943 5348 1339 5418 operimentum
1367 5348 1430 5401 de
1454 5348 1757 5418 hyacinthi-

217 5426 284 5482 nis
312 5434 546 5500 pellibus.
606 5438 739 5492 Erat
784 5438 945 5492 etiam
994 5447 1049 5492 et
1096 5438 1273 5492 velum
1310 5454 1474 5508 opere
1505 5437 1754 5507 plumarii

216 5516 453 5577 variatum
474 5525 738 5582 columnis
762 5535 993 5596 quatuor
1017 5542 1337 5597 appensum,
1371 5542 1477 5597 quo
1505 5535 1756 5581 sanctua-

214 5603 333 5664 rium
368 5622 423 5668 et
461 5618 752 5673 sanctuarii
795 5618 1106 5674 sanctuaria
1151 5619 1548 5675 dividebantur.
1607 5616 1754 5672 Intra

214 5699 333 5764 (μιοᾶ
355 5705 523 5773 posita
550 5716 668 5765 erat
701 5724 826 5765 arca
861 5709 1204 5779 testamenti,
1251 5719 1306 5767 et
1343 5717 1529 5768 contra
1569 5723 1753 5766 arcam

1870 4613 1999 4668 illud
2025 4612 2376 4684 apostolicum
2405 4611 2542 4666 diei:
2578 4609 2660 4662 Au
2699 4607 2907 4662 nescitis
2932 4605 3181 4676 quoniam
3217 4602 3450 4658 membra

1868 4714 2037 4760 vestra
2081 4702 2327 4774 templum
2352 4709 2474 4755 sunt
2503 4697 2730 4771 Spiritus
2759 4697 2928 4751 sancti
2970 4696 3060 4768 qui
3105 4695 3160 4750 in
3190 4694 3330 4749 vobis
3370 4702 3449 4748 est

1868 4796 1921 4868 (1
1950 4795 2073 4850 Cor.
2103 4794 2214 4865 vi)?
2240 4792 2605 4860 Retorquetur
2632 4798 2811 4844 autem
2840 4790 2955 4844 time
2981 4789 3173 4859 byssus
3199 4787 3253 4841 in
3282 4787 3448 4841 eorti-

1866 4901 1967 4940 nas
1997 4882 2349 4948 tabernaculi,
2382 4880 2637 4951 quoniam
2669 4895 2778 4935 non
2810 4880 2969 4935 modo
2996 4880 3208 4935 lumbos
3236 4878 3449 4945 carnis,

1863 4992 2052 5033 verum
2084 4975 2245 5029 etiam
2271 4980 2334 5027 ut
2358 4970 2551 5025 Petrus
2579 4970 2853 5036 admonet,
2884 4968 3109 5024 Lumbos
3137 4968 3322 5023 mentis
3352 4984 3446 5022 uo-

1863 5077 1988 5124 stra:
2014 5068 2067 5120 in
2091 5064 2366 5119 sobrietate
2392 5061 2744 5132 succingimus
2772 5060 2823 5133 (I
2849 5060 2992 5115 Petr.
3014 5060 3077 5131 ι).
3098 5060 3169 5116 Ut
3194 5059 3443 5116 videlicet

1861 5167 1916 5214 et
1939 5171 2156 5214 carnem
2188 5170 2217 5208 a
2253 5152 2471 5208 lascivis
2498 5152 2761 5217 motibus,
2804 5158 2860 5207 et
2888 5162 2982 5206 cor
3013 5151 3078 5205 ab
3108 5149 3441 5206 illecebrosis

1861 5248 2199 5304 refrenemus
2244 5240 2681 5321 cogitationibus.
2723 5241 2823 5295 llic
2868 5241 3146 5296 accinctus
3186 5236 3439 5307 quoniam

1860 5339 2003 5394 acris
2031 5345 2082 5393 ct
2123 5335 2247 5391 εαξῐί
2295 5334 2525 5404 speciem
2574 5333 2845 5397 imitatur,
2893 5329 3206 5387 corumdem
3232 5331 3440 5380 mentes

1860 5431 2175 5492 electorum,
2203 5424 2349 5480 omni
2378 5438 2473 5494 spe
2493 5438 2559 5479 ac
2581 5422 2850 5479 desiderio
2873 5419 3113 5476 coelestia
3134 5418 3438 5484 quaerentes

1861 5518 2146 5591 signiﬁcat.
2200 5513 2363 5584 Cujus
2409 5513 2565 5569 nobis
2598 5514 2794 5570 coloris
2838 5515 3233 5567 sacramentum
3282 5517 3437 5591 com-

1858 5588 2119 5665 mendans
2142 5602 2433 5676 Apostolus
2453 5602 2557 5657 ait:
2585 5601 2645 5658 Si
2672 5595 3125 5657 conresurrexistis
3146 5607 3263 5645 cum
3287 5588 3435 5644 Cim-

1858 5714 1959 5770 sto,
1999 5716 2115 5773 qua:
2155 5712 2362 5754 sursum
2403 5704 2525 5751 sunt
2568 5695 2817 5768 quierim,
2850 5691 2938 5745 ubi
2978 5684 3215 5743 Christus
3254 5692 3329 5738 est
3372 5682 3430 5738 in
