4020 6352
550 309 656 367 163

1181 301 1247 357 Β.
1282 298 1540 355 RABANI
1578 297 1800 356 MAURI
1836 295 2161 354 ARCHIEP.
2203 298 2517 359 MOGUNT.
2559 300 2846 361 OPERUM
2882 304 3062 363 PARS
3098 307 3141 363 l.

3722 316 3825 373 164

549 426 664 481 tia:
692 420 820 493 quia
844 418 1042 477 summi
1071 417 1146 473 illi
1171 417 1573 489 przedicatures,
1589 413 1681 483 qui
1700 412 1868 468 vitam
1891 411 2130 468 ﬁdelium
2154 421 2210 481 Α
2233 414 2298 471 de
2323 414 2431 471 illis
2455 430 2589 485 quas
2604 418 2717 489 jam
2754 422 3258 491 apprehenderaut,
3300 424 3523 482 student
3564 428 3823 499 gloriari,

547 517 665 575 suis
693 508 1159 569 exhortationibus
1192 517 1249 563 et
1295 505 1774 564 intercessionibus
1820 503 2133 574 quotidiana

550 605 945 670 sollicitudine,
987 602 1219 673 vigiliis,
1258 599 1508 669 jejuniis,
1541 615 1637 657 sua
1671 600 1915 656 nuditate
1953 603 2135 667 prote-

550 704 702 770 gunt,
727 709 846 751 sese
874 693 1092 762 quidem
1138 691 1413 747 humiliter
1456 690 1562 761 ipsi
1603 688 1995 759 contemplata,
2045 701 2135 741 su-

548 801 733 857 perna:
771 783 1026 855 puritatis
1064 782 1385 839 excellentia
1428 778 1744 852 peceatores
1789 779 2133 850 profitentur.

552 878 654 945 Qui
679 886 859 932 tamen
884 885 1143 947 quantum
1172 876 1239 931 ad
1267 877 1516 931 humana:
1539 875 1757 931 modum
1783 871 2135 943 perfectionis

551 967 769 1034 attinet,
802 966 988 1021 mundi
1017 967 1159 1021 inter
1186 967 1431 1021 homines
1463 981 1530 1021 ac
1553 964 1810 1021 sublimes
1834 971 2132 1034 apparent:

546 1062 735 1134 'ZEqua
758 1064 857 1118 erit
888 1080 1131 1118 mensura
1157 1078 1405 1133 sagarum
1434 1060 1688 1126 omnium,
1716 1059 1950 1129 equibus
1984 1057 2138 1128 quin-

548 1170 649 1227 que
666 1155 858 1226 junges
885 1171 1152 1220 seorsum,
1196 1162 1246 1209 et
1282 1167 1375 1207 sea:
1405 1152 1505 1207 sibi
1530 1160 1713 1206 mutuo
1738 1150 2029 1221 capulabis,
2060 1150 2138 1203 ita

548 1257 610 1302 ut
629 1256 831 1303 sextum
852 1264 1036 1317 sagum
1053 1248 1107 1300 in
1127 1246 1298 1315 fronte
1318 1244 1440 1301 tecti
1463 1244 1715 1316 duplices.
1732 1243 1847 1300 Una
1869 1242 1975 1297 erit
1994 1257 2137 1298 men-

550 1331 680 1396 sura
708 1355 961 1409 sagorum
996 1339 1236 1394 omnium
1258 1379 1273 1404 ,
1311 1338 1438 1409 quia
1467 1336 1726 1391 nimirum
1764 1350 1871 1390 una
1896 1341 1981 1389 est
2005 1333 2137 1390 fides

552 1432 607 1486 in
637 1446 743 1502 qua
776 1438 895 1485 tota:
917 1430 1156 1486 salvatur
1185 1429 1448 1495 Ecclesia,
1479 1444 1587 1483 una
1616 1428 1913 1497 eademque
1934 1426 2044 1481 vita
2068 1425 2137 1480 ad

548 1537 711 1590 quam
756 1520 977 1575 festinat
1014 1529 1235 1575 aeterna.
1269 1520 1423 1575 Unde
1452 1528 1508 1575 et
1538 1519 1591 1574 bi
1631 1520 1722 1589 qui
1750 1519 1805 1573 in
1836 1519 1993 1573 vinea
2028 1518 2136 1572 Do-

546 1613 679 1667 ‘mini
703 1613 916 1669 diverso
938 1621 1178 1684 tempore
1200 1612 1267 1666 ad
1286 1613 1619 1681 uperandum
1648 1611 2006 1675 intraverunt,
2029 1624 2136 1664 uno

546 1720 735 1761 omnes
780 1703 1005 1759 denario
1052 1710 1468 1757 remunerantur
1502 1701 1727 1774 (Matth.
1770 1702 1895 1770 xx).
1933 1700 2136 1757 Divisio

2232 513 2414 577 potest
2438 524 2665 565 numero
2694 525 2950 566 ansarum
2993 513 3110 570 sive
3153 512 3439 572 fibularum
3486 518 3827 593 quinquage-

2234 598 2409 666 nario,
2426 599 2543 670 ipsa
2565 604 2995 672 eumpunctionis
3016 620 3206 661 eorum
3226 606 3506 665 humilitas
3526 611 3825 684 designari.

2235 689 2724 763 Quinquagesimus
2751 710 2986 767 namque
3008 697 3344 767 pmnitentia:
3370 701 3616 771 psalmus
3641 714 3754 772 est,
3775 716 3827 762 et

2236 790 2384 837 recte
2412 800 2424 835 :
2465 783 2593 854 quia
2621 784 2821 841 donum
2850 786 3184 856 paenitentia:
3205 805 3314 845 non
3338 791 3444 847 nisi
3467 791 3684 864 Spiritu
3706 811 3828 851 san-

2236 880 2325 929 cto
2344 874 2608 947 largiente
2628 880 2974 936 conceditur:
2998 881 3200 937 donum
3220 885 3392 939 venite
3411 887 3823 955 ptenitentibus,

2237 980 2343 1021 non
2369 966 2473 1022 nisi
2502 969 2689 1024 eadem
2723 971 2897 1026 sancti
2938 970 3172 1042 Spiritus
3208 974 3382 1045 gratia
3413 976 3827 1033 administrante

2236 1058 2512 1113 tribuitur.
2540 1058 2607 1113 Et
2633 1061 2771 1117 bene
2792 1061 3185 1134 quinquagena:
3213 1079 3361 1121 ansae
3384 1065 3471 1120 vel
3497 1065 3681 1123 fibula:
3705 1084 3826 1141 saga

2236 1150 2471 1207 invicem
2502 1154 2744 1220 nectunt,
2776 1154 2903 1224 quia
2931 1155 3075 1210 nulla
3112 1158 3286 1229 magis
3322 1158 3496 1214 virtus
3535 1175 3705 1229 quam
3737 1162 3828 1215 bu-

2235 1243 2472 1309 militas,
2522 1245 2710 1301 fideles
2756 1246 2813 1301 in
2851 1262 3015 1302 unam
3045 1247 3329 1304 cbaritatis
3374 1249 3628 1320 copulam
3678 1251 3829 1323 ligat.

2235 1334 2373 1389 Nam
2408 1346 2613 1405 quanto
2638 1353 2697 1393 se
2726 1338 2954 1409 quisque
2982 1339 3219 1410 amplius
3244 1340 3522 1397 infirmum
3553 1358 3679 1399 esse
3710 1360 3826 1415 per.

2236 1425 2443 1495 pendit,
2480 1434 2631 1482 tanto
2657 1428 2952 1485 studiosius
2981 1430 3243 1485 auxilium
3277 1432 3511 1502 proximi
3549 1450 3664 1504 quo
3707 1452 3826 1491 con-

2236 1516 2503 1583 firmetur,
2540 1517 2783 1587 inquirit.
2813 1519 2881 1574 Et
2906 1521 3045 1576 bene
3071 1520 3248 1577 fibula:
3277 1530 3404 1577 sunt
3443 1540 3609 1580 tenete
3629 1566 3645 1591 ,
3686 1526 3827 1596 quod

2234 1604 2465 1661 multum
2490 1607 2677 1662 vocale
2703 1616 2917 1664 constat
2945 1624 3065 1665 esse
3088 1611 3389 1679 metallum,
3418 1615 3549 1684 quia
3569 1615 3830 1673 nimirum

2236 1710 2492 1768 magnam
2526 1699 2668 1768 apud
2704 1698 2874 1755 Deum
2901 1701 3065 1757 habet
3088 1718 3276 1760 vocem
3306 1705 3527 1762 humilis
3550 1710 3828 1765 conscien-

547 1810 678 1865 ergo
701 1809 950 1864 sagorum
979 1793 1032 1847 in
1067 1793 1304 1863 quinque
1332 1802 1388 1847 et
1428 1807 1524 1847 sex
1562 1792 1736 1864 juxta”
1757 1791 1887 1847 illud
1910 1791 2133 1863 intelligi
2164 1793 2210 1855 Β
2241 1786 2311 1841 tia
2347 1784 2637 1854 justorum.
2674 1788 2828 1845 Unde
2870 1796 2925 1845 et
2980 1807 3186 1863 pauper
3234 1792 3324 1849 ille
3362 1795 3679 1862 Davidicus,
3714 1813 3832 1853 cum

547 1895 747 1957 potest,
776 1887 917 1956 quod
944 1901 1104 1954 supra
1134 1884 1202 1940 de
1226 1884 1451 1939 cortinis
1479 1884 1535 1938 in
1555 1884 1791 1954 quinque
1815 1891 1872 1939 et
1895 1882 2133 1953 quinque

547 1977 735 2032 divisis
763 1977 1129 2047 exposuimus,
1150 1977 1277 2047 quia
1298 1975 1549 2032 videlicet
1574 1977 1823 2031 doctores
1852 1975 2134 2045 utriusque

547 2067 877 2123 Testamenti
906 2068 1207 2139 designent.
1236 2065 1486 2136 Quinque
1512 2066 1713 2121 etenim
1744 2080 1874 2137 saga
1896 2064 2132 2134 antiquis

544 2161 756 2232 pupulis
781 2162 875 2216 Dei
904 2161 1208 2232 magistris,
1260 2168 1384 2229 apte
1425 2166 1842 2229 comparantur,
1878 2157 1965 2212 vel
2005 2155 2133 2226 quia

546 2249 793 2306 Mosaicae
817 2260 997 2305 tamen
1026 2250 1158 2321 legis
1175 2242 1521 2305 sacramenta
1542 2248 1932 2319 praedicabant,
1949 2263 2135 2318 quam-

542 2341 627 2396 vis
658 2349 713 2396 et
749 2341 1069 2412 evangelica
1104 2356 1301 2396 arcana
1346 2340 1749 2411 prmdicebant;
1790 2338 1876 2395 vel
1910 2340 2036 2411 quia
2075 2340 2132 2394 in

544 2431 784 2501 quinque
820 2432 1006 2487 mundi
1046 2432 1295 2487 aatatibus
1329 2430 1489 2500 hujus
1526 2430 1695 2485 vitam
1736 2430 2022 2487 ducebant.
2070 2430 2131 2487 In

538 2526 641 2578 sex
684 2532 864 2577 autem
911 2523 1057 2594 sagis
1096 2530 1321 2591 possunt
1363 2538 1470 2576 non
1511 2521 1953 2576 inconvenienter
1994 2519 2131 2575 Novi

536 2612 878 2669 Testamenti
907 2615 1156 2669 doctores
1179 2613 1512 2683 accipi,quia
1532 2612 1785 2667 videlicet
1806 2612 1987 2666 omnia
2010 2626 2133 2682 qua:

545 2708 726 2762 divina
772 2707 1053 2778 Scriptura
1095 2708 1150 2762 in
1192 2724 1290 2762 sex
1337 2707 1588 2763 aetatibus
1628 2705 1809 2761 saeculi
1842 2704 1985 2760 facta
2017 2706 2131 2761 sive

543 2802 689 2858 dicta
711 2801 895 2866 refert,
925 2801 977 2856 in
1001 2801 1325 2871 adiutorium
1347 2808 1511 2869 atque
1534 2798 1840 2867 exemplum
1862 2813 1973 2853 suae
1993 2813 2131 2868 pra:-

544 2893 833 2949 dicationis
855 2893 1206 2964 spiritualiter
1231 2892 1503 2947 intellecta
1524 2897 1842 2957 assumunt;
1868 2892 1993 2960 quia
2013 2906 2131 2961 pas-

543 2984 750 3040 sionem
779 2983 1132 3049 Dominicam,
1165 2999 1263 3054 per
1291 2998 1454 3053 quam
1476 2982 1709 3038 mundus
1740 2990 1892 3037 sexta
1919 2980 2129 3038 sabbati

542 3074 853 3142 redemptus
882 3083 986 3139 est,
1028 3075 1207 3143 palam
1253 3075 1366 3129 suis
1420 3073 1757 3129 auditoribus
1800 3072 2126 3129 credendam

2237 1878 2489 1933 anxiatus
2508 1886 2654 1933 esset
2677 1891 2858 1934 etnon
2885 1882 2938 1935 in
2959 1883 3182 1938 auribus
3200 1883 3481 1940 hominum
3501 1886 3832 1944 vociferare-

2237 1975 2355 2034 tur,
2398 1970 2493 2024 sed
2524 1969 2581 2024 in
2608 1979 2901 2041 conSpcctu
2926 1972 3142 2027 Domini
3181 1974 3487 2031 effunderet
3522 1978 3830 2036 orationem

2235 2072 2419 2123 suam,
2448 2057 2673 2114 Domine
2693 2100 2709 2126 ,
2751 2062 2947 2116 exaudi
2976 2064 3265 2119 orationem
3309 2083 3512 2136 meam,
3550 2068 3759 2140 inquit,
3786 2080 3833 2125 et

2234 2147 2437 2203 clamor
2462 2166 2607 2204 meus
2638 2151 2708 2205 ad
2738 2161 2786 2205 te
2809 2152 2980 2206 veniat
3006 2152 3177 2225 (Psal.
3212 2153 3311 2227 Cl).

2304 2241 2458 2306 Quod
2487 2250 2660 2296 autem
2677 2243 3004 2314 superfuerit
3047 2245 3103 2299 in
3128 2248 3269 2318 sagis
3301 2265 3421 2319 qua:
3457 2262 3834 2323 μῆτραι-ατηεν

2232 2339 2385 2398 tecto,
2406 2331 2461 2386 id
2484 2342 2580 2399 est,
2606 2349 2767 2387 unum
2785 2352 2970 2405 sagum
2996 2337 3137 2406 quod
3168 2338 3393 2409 amplius
3416 2352 3513 2408 est,
3538 2358 3605 2397 ea:
3638 2346 3834 2400 medie-

2232 2434 2338 2479 tate
2358 2425 2472 2496 ejus
2507 2427 2707 2497 operies
2732 2429 3025 2497 posteriora
3056 2430 3418 2499 tabernaculi;
3446 2444 3496 2489 et
3526 2436 3740 2493 cubitus
3769 2456 3831 2494 ea:

2230 2533 2337 2572 una
2358 2527 2507 2589 parte
2535 2520 2797 2605 pendebit,
2822 2530 2872 2575 et
2902 2522 3037 2577 alter
3060 2540 3125 2579 ea:
3158 2525 3348 2595 altera,
3375 2531 3468 2600 qui
3501 2531 3625 2601 plus
3664 2545 3744 2589 est
3776 2537 3827 2589 in

2230 2630 2475 2684 sagarum
2501 2614 2847 2685 longitudine,
2875 2627 3153 2690 utrumque
3182 2619 3321 2676 latus
3350 2623 3690 2682 tabernaculi
3718 2645 3829 2699 pro-

2232 2712 2423 2774 tegens.
2458 2704 2584 2759 licec
2629 2715 2685 2759 ut
2715 2707 2926 2776 plenius
2957 2708 3182 2780 intelligi
3220 2722 3442 2780 queant,
3470 2714 3633 2785 paulo
3667 2717 3829 2773 latius

2230 2797 2297 2851 de
2335 2803 2448 2851 tota
2505 2797 2671 2866 ipsius
2708 2798 3043 2855 tabernaculi
3079 2801 3348 2869 positione
3396 2805 3684 2877 disputare
3739 2825 3828 2865 ne-

2228 2901 2383 2942 cesse
2408 2895 2510 2942 est.
2542 2888 2785 2944 Diximus
2815 2891 3049 2960 parietes
3080 2893 3411 2950 tabernaculi
3457 2912 3579 2966 qua:
3618 2913 3694 2956 ex
3752 2911 3823 2956 ta-

2227 2978 2370 3033 bulis
2389 2987 2445 3034 et
2474 2978 2741 3036 columnis
2766 2982 3110 3048 constabant,
3140 2983 3530 3056 longitudinem
3564 2990 3823 3049 habuisse

2228 3069 2450 3141 triginta
2480 3072 2802 3139 cubitorum,
2829 3074 3169 3131 latitudinem
3210 3079 3427 3144 decem,
3478 3081 3822 3140 altitudinem

543 3162 1011 3232 confitendumque
1052 3165 1438 3232 pronuntiant,
1485 3179 1549 3218 ac
1585 3180 1683 3234 per
1719 3162 1879 3232 hujus
1918 3164 2123 3219 solum-
2152 3150 2197 3210 (ἒ
2229 3159 2476 3214 similiter
2505 3160 2710 3215 decem.
2746 3161 2805 3216 Si
2843 3163 2964 3232 quis
3011 3180 3139 3236 ergo
3173 3167 3336 3223 vellet
3364 3169 3585 3225 domum
3617 3172 3674 3228 in
3706 3173 3826 3228 lati-

536 3248 705 3307 modo
739 3260 1137 3307 sacramentum
1173 3268 1267 3308 eos
1299 3254 1494 3308 salvari
1534 3269 1693 3323 posse
1725 3261 2121 3309 contestantur.

544 3342 697 3399 Unde
721 3351 866 3397 recte
899 3342 1210 3413 praecipitur
1237 3351 1445 3397 sextum
1481 3357 1669 3413 sagum
1706 3344 1760 3397 in
1792 3342 1970 3397 fronte
1999 3342 2126 3397 tecti

532 3430 822 3504 duplicari,
851 3442 1070 3502 propter
1095 3433 1490 3488 confessionem
1516 3433 1767 3489 videlicet
1793 3442 1846 3488 et
1872 3432 2126 3488 imitatio-

540 3531 666 3579 nem
693 3523 933 3592 ejusdem
971 3523 1264 3578 Duminica:
1310 3524 1599 3594 passionis.
1652 3523 1931 3593 Siquidem
1970 3524 2127 3594 juxta

538 3614 797 3681 litteram,
828 3613 1063 3669 frontem
1093 3617 1236 3678 tecti,
1271 3616 1577 3686 ingressum
1610 3616 1941 3671 tabernaculi
1970 3616 2121 3683 dicit,

538 3705 630 3759 ubi
662 3719 769 3759 non
806 3705 1016 3760 tabulas
1056 3713 1116 3759 ut
1158 3721 1318 3776 supra
1348 3706 1587 3761 breviter
1613 3707 1848 3762 diximus
1867 3747 1881 3771 ,
1910 3708 2005 3762 sed
2032 3723 2123 3763 co-

537 3793 749 3849 lumnas
791 3803 855 3849 et'
889 3802 1092 3851 vectem
1135 3797 1203 3851 ab
1247 3797 1444 3868 angulo
1490 3796 1815 3862 tabularum,
1856 3810 2026 3867 usque
2054 3797 2123 3853 ad

537 3884 789 3956 angulum
816 3892 1154 3956 prutentum,
1195 3887 1322 3956 poni
1368 3895 1697 3958 praeceptum
1741 3899 1845 3943 est.
1889 3888 2123 3959 Ideoque

537 3982 797 4042 quantum
821 3976 886 4028 ad
914 3974 1141 4030 formam
1167 3978 1347 4046 operis
1377 3978 1545 4049 ipsius
1575 3979 1829 4049 pertinet,
1855 3979 1926 4033 ibi
1952 3980 2122 4051 magis

536 4078 674 4143 opus
699 4073 818 4119 erat
845 4066 1115 4135 geminato
1145 4083 1396 4138 sagurum
1424 4070 1777 4136 munimento,
1821 4069 1912 4125 ubi
1949 4070 2120 4126 solida

536 4154 758 4225 parietis
783 4156 1011 4212 firmitas
1036 4158 1241 4211 aberat.
1269 4159 1351 4214 Ad
1377 4176 1507 4215 vero
1548 4162 1808 4231 mystice,
1854 4162 1907 4215 in
1941 4162 2119 4217 fronte

536 4234 666 4300 lecti
693 4242 905 4301 sextum
931 4263 1121 4316 sagum
1147 4248 1465 4317 duplicatur,
1506 4266 1628 4305 cum
1656 4266 1846 4306 omnes
1871 4253 1961 4321 qui
1994 4269 2120 4308 san-

532 4322 914 4392 ‘cta’utintrant
947 4334 1274 4404 Ecclesium,
1308 4341 1381 4394 ita
1413 4340 1516 4394 fide
1546 4349 1601 4395 et
1629 4345 1984 4399 sacramentis
2014 4345 2119 4400 Do-

526 4418 748 4484 ‘t'ni'nicm
769 4429 1034 4498 passionis
1065 4428 1367 4494 initiantur,
1396 4439 1452 4484 ut
1486 4431 1538 4485 in
1565 4432 1723 4500 hujus
1751 4449 1965 4504 quoque
1994 4437 2116 4490 imi-

2232 3247 2414 3304 tudine
2443 3249 2661 3319 cingere
2709 3249 2968 3319 funiculo,
2997 3255 3147 3310 verbi
3193 3258 3365 3329 gratia
3397 3275 3427 3313 a
3458 3261 3576 3316 basi
3632 3263 3825 3319 tabula:

2228 3334 2388 3390 unius
2415 3335 2703 3392 meridiani
2733 3338 2941 3406 lateris,
2966 3357 3138 3412 usque
3166 3344 3232 3398 ad
3266 3345 3439 3401 basim
3473 3349 3676 3408 tabula:
3703 3367 3821 3423 qua:

2228 3432 2373 3480 esset
2397 3440 2428 3480 e
2462 3426 2681 3498 regione
2709 3428 2762 3483 in
2791 3428 2959 3486 latere
2987 3435 3421 3504 septentrionali,
3450 3450 3671 3496 constat
3701 3459 3822 3514 pru-

2226 3515 2367 3572 fecto
2394 3518 2642 3574 eumdem
2664 3517 2959 3576 funiculum
2989 3523 3212 3594 triginta
3240 3528 3547 3585 cubitorum
3584 3530 3821 3604 longitu-

2226 3606 2369 3662 dinis
2398 3622 2519 3663 esse
2562 3607 2803 3665 debere:
2841 3611 2948 3666 hoc
2992 3619 3075 3668 est
3117 3615 3301 3669 decem
3342 3618 3556 3675 cubitus
3614 3621 3821 3678 habens

2226 3699 2559 3785 ascensionis
2587 3700 2642 3754 in
2679 3701 2977 3758 meridiano
3006 3705 3233 3775 pariete,
3265 3708 3453 3763 decem
3476 3711 3612 3767 alios
3644 3730 3823 3785 mqua-

2224 3783 2395 3842 litatis
2420 3803 2636 3843 sursum
2674 3789 2817 3843 inter
2846 3792 3083 3860 parietes
3108 3833 3122 3858 ,
3175 3795 3361 3851 decem
3391 3799 3552 3856 tertio
3593 3783 3822 3859 descen-

2224 3877 2393 3968 siunis
2421 3879 2473 3933 in
2501 3880 2710 3950 pariete
2759 3884 3187 3952 septentrionali.
3217 3887 3350 3943 item
3379 3890 3425 3945 si
3454 3906 3555 3962 per
3578 3893 3820 3968 longitu-

2223 3967 2403 4024 dinem
2457 3969 2649 4026 domus
2685 3974 2980 4030 extendere
3010 3974 3303 4032 funiculum
3333 3980 3487 4048 velis,
3521 3983 3628 4041 hoc
3656 3967 3744 4043 est
3785 4004 3815 4043 a

2221 4057 2443 4116 basibus
2472 4063 2841 4119 columnarum
2878 4082 3089 4121 sursum
3121 4108 3135 4135 ,
3187 4076 3241 4123 et
3273 4083 3374 4139 per
3415 4071 3814 4147 longitudinem

2222 4152 2387 4206 totius
2413 4153 2606 4208 domus
2627 4154 2693 4208 ad
2736 4156 3122 4213 occidentalem
3172 4175 3344 4230 usque
3389 4166 3692 4234 parietem,
3752 4185 3815 4225 ac

2210 4240 2412 4297 deinde
2440 4258 2610 4313 usque
2639 4245 2706 4299 ad
2733 4245 2892 4301 bases
2919 4248 3035 4318 ejus
3053 4249 3338 4319 deorsum,
3396 4254 3618 4311 habebit
3669 4259 3814 4316 funi-

2217 4334 2372 4390 culus
2395 4335 2484 4391 ille
2513 4338 2901 4412 quiuquaginta
2949 4344 3160 4400 cubitus
3186 4344 3574 4419 longitudinis:
3617 4352 3808 4411 decem

2218 4425 2470 4481 videlicet
2496 4431 2829 4486 ascensionis
2851 4432 3007 4501 juxta
3038 4436 3337 4505 columnas,
3372 4442 3593 4513 triginta
3618 4460 3808 4515 xequa-

538 4506 735 4596 tatione
760 4518 858 4596 sibi
883 4534 1095 4590 semper
1120 4534 1240 4574 esse
1262 4519 1548 4575 vivendum
1573 4521 1899 4593 intelligant:
1925 4523 2114 4581 Facies
2139 4516 2385 4576 D'litatis
2405 4521 2699 4576 secundum
2730 4522 3121 4595 longitudinem
3155 4528 3365 4596 domus,
3395 4506 3582 4587 decem
3612 4506 3808 4592 rursus

497 4590 580 4701 ,ὶίέι
604 4594 981 4691 quinquaginta
1012 4608 1226 4663 ansulas
1252 4610 1307 4664 in
1336 4626 1429 4662 ora
1449 4611 1563 4681 sagi
1588 4612 1762 4676 unius,
1789 4623 1842 4665 ut
1867 4616 2115 4687 conjungi
2214 4607 2582 4665 descensionis
2602 4612 2760 4680 juxta
2793 4615 3143 4672 occidentalis
3188 4619 3411 4687 parietis
3441 4622 3674 4679 tabulas.
3710 4624 3806 4681 His

870 4688 1055 4767 quem;
1087 4708 1135 4751 et
1178 4699 1557 4769 quinquaginta
1595 4718 1752 4755 ansas
1795 4703 1850 4755 in
1879 4720 1972 4757 om
1999 4707 2115 4776 sagi
2213 4708 2344 4768 ergo
2386 4700 2765 4768 consideratis,
2792 4703 2988 4759 intueri
3027 4714 3112 4761 est
3156 4722 3439 4764 mensuras
3466 4714 3803 4769 cortinarum

512 4766 772 4863 'I'riiie‘ri‘tts',
790 4772 843 4836 iit
868 4766 985 4837 cum
1012 4785 1175 4841 altera
1189 4766 1498 4858 copuletur;
1519 4776 1895 4863 quinquaginta
1919 4766 2108 4863 ﬁbulds

506 4858 949 4951 ’Ἠίὶῖέᾘὲξῆϋὶὁὲιε
974 4866 1269 4943 junguntur
1297 4894 1461 4943 ansre,
1497 4858 1551 4931 ut
1583 4858 1833 4951 ununtrea:
1869 4858 2109 4940 omnibus

523 4948 919 5034 'b‘piét'ilm’éittum‘
941 4962 1066 5031 ﬁat.
1094 4963 1220 5019 llaec
1249 4964 1309 5019 ut
1334 4982 1494 5036 supra
1524 4966 1577 5022 in
1600 4948 1824 5026 cortinis
1855 4976 2105 5044 exposui-

506 5046 985 5117 ‘tniﬂ;"etiani'ltlc
1023 5054 1244 5126 intelligi
1282 5062 1541 5126 possunt:
1581 5061 1725 5129 quod
1753 5054 2001 5121 videlicet
2024 5083 2110 5122 re-

520 5134 1044 5213 ‘cdrilalio'sllpernm
1072 5147 1300 5217 requiei,
1342 5152 1462 5218 quae
1505 5144 1729 5208 numero
1770 5150 2104 5232 quinquage-

522 5234 857 5289 'nat‘iu‘shlet‘
872 5236 1108 5305 exprimi
1128 5278 1142 5302 ,
1175 5240 1334 5320 corda
1365 5249 1673 5298 sanctorum
1715 5246 1930 5304 vinculo
1956 5253 2108 5320 pacis

528 5322 750 5421 adlinet:
782 5318 1621 5421 Altlt'Jsi'"ttot’i‘ml'itfuiii"audire'
1659 5320 1925 5408 delectat,
1960 5318 2106 5421 saga

526 5408 886 5472 manantem
904 5406 925 5445 ’¹
951 5412 1273 5473 sublimium
1300 5414 1592 5492 designant
1622 5426 1885 5482 ‘virorum
1977 5406 2104 5502 quia

524 5504 940 5577 magismde
974 5504 1286 5565 meminisse
1319 5510 1637 5568 deliCtorum
1678 5510 2103 5585 quam’virtutcs

498 5596 651 5682 suas
682 5596 1000 5664 praedicasse
1029 5596 1524 5669 cupiunt,‘amplius
1558 5603 1892 5676 dc‘els'qttas
1916 5604 2104 5682 appre—

2210 4793 2405 4862 quibus
2452 4796 2684 4863 regenda
2713 4796 2829 4851 erat
2880 4798 3090 4866 domus,
3123 4802 3359 4872 qualiter
3397 4805 3642 4876 praefatis
3680 4825 3806 4878 pos-

2210 4883 2320 4938 sint
2347 4887 2635 4941 convenire
2683 4884 2966 4944 mensuris.
3003 4892 3196 4946 Decem
3237 4902 3395 4949 erant
3443 4898 3673 4953 cortina:
3708 4901 3804 4954 ha-

2214 4973 2402 5041 bentes
2427 4978 2647 5047 singula:
2676 4978 3022 5049 longitudinis
3060 4983 3244 5053 viginti
3275 4993 3401 5042 octo
3443 4989 3682 5055 cubitus,
3723 4992 3802 5046 la-

2213 5065 2459 5124 titudinis
2499 5079 2773 5139 quatuor:
2814 5087 2933 5141 qua:
2979 5070 3375 5147 simul'junctae
3431 5089 3485 5135 et
3529 5081 3585 5136 in
3629 5070 3797 5138 unum

2213 5160 2523 5228 compositae
2550 5201 2565 5227 ,
2621 5161 3023 5220 tabernaculum
3064 5165 3357 5238 implebant
3386 5160 3463 5228 de
3506 5152 3799 5230 latitudine

2214 5264 2331 5315 sua,
2365 5252 2575 5309 cubitus
2601 5246 2975 5326 quadraginta.
3028 5256 3306 5331 Suspende
3344 5265 3522 5337 igitur
3550 5273 3796 5331 cortinas

2212 5344 2333 5429 quae
2354 5338 2559 5397 habent
2583 5338 3174 5429 singulmjongitiidinis
3196 5352 3382 5427 viginti
3407 5364 3531 5413 oeto
3551 5359 3791 5425 cubitus,

2206 5426 2267 5483 'et
2291 5426 2430 5499 pone
2458 5430 2696 5487 in'domo
2738 5435 2889 5505 cuj‘us
2916 5445 2999 5492 est
3032 5426 3290 5517 mensura
3318 5444 3373 5500 in
3416 5428 3789 5505 transversum

2207 5520 2428 5594 triginta
2459 5522 2687 5590 Cubitus,
2719 5528 3015 5609 et‘vi'debis
3059 5524 3183 5602 quia
3235 5526 3474 5593 cortina?
3508 5517 3789 5596 habebunt

2204 5614 2263 5672 in'
2278 5612 2601 5698 aequalitate:
2612 5610 2747 5705 tia!
2864 5620 2869 5625 ’
2881 5610 3022 5705 ter
3038 5608 3300 5705 parietes,
3328 5618 3545 5705 cubitus
3564 5618 3751 5690 denos
3766 5675 3781 5698 ,

526 5681 1015 5805 hen‘deretnpn‘thuu
1040 5694 1265 5758 possunt
1280 5684 1577 5749 ‘v’iruuitms
1601 5688 1910 5772 compungi,
1927 5681 2099 5774 quam
2200 5707 2257 5762 in
2282 5681 2507 5765 ascensa
2522 5681 2741 5801 "autem;
2764 5696 2876 5768 Eii-'e
2892 5681 3300 5790 aes’céns't‘tidi
