3940 6352
464 302 581 393 ἣτε)

1111 322 1175 381 n.
1215 316 1473 381 MBAN!
1508 302 1730 391 MAURI
1768 290 2099 431 ARCHlEP.:
2128 280 2451 387 nodum:
2480 279 2763 387 eam
2796 319 2978 380 rans
3014 322 3057 419 ιτ

3498 396 3523 429 .,
3610 286 3709 425 ei.

460 440 555 523 .eﬁt
580 434 647 504 de
670 434 951 501 animabus
976 438 1293 509 electorum,
1317 442 1679 515 corruptionis
1704 441 1825 497 laba
1850 456 2041 498 caren-
2142 422 2465 525 inultifarias
2502 442 2744 514 ipsorum
2775 420 3049 509 actiones,
3106 443 3218 502 sive
3258 422 3619 531 cegitationes

462 537 636 607 tibus,
664 526 980 607 aediﬁcatur.

464 626 471 649 ‘
642 628 645 639 '
1059 618 1287 683 CAPUT
1323 618 1464 680 XVI.

752 716 1018 775 Dealtari
1049 715 1342 773 holocausti
1375 728 1423 772 et
1456 718 1597 774 vasis
1632 712 1764 789 ejus.

464 808 471 837 ῖ
541 807 728 864 Facies
777 820 824 864 et
870 807 1039 865 altare
1080 809 1143 863 de
1188 808 1342 880 lignis
1385 809 1606 875 sethim,
1657 806 1795 866 auod
1837 804 2042 879 habebit

467 902 693 975 quinque
719 900 917 957 cubitos
939 899 993 955 in
1016 899 1340 971 longitudine
1363 911 1411 954 et
1434 901 1643 955 totidem
1669 900 1721 954 in
1743 901 2039 981 latitudine,

464 990 524 1046 id
557 1002 633 1048 est
660 991 952 1066 quadrum,
997 999 1046 1059 et
1084 1000 1187 1045 tres
1217 990 1415 1047 cubitos
1446 992 1497 1045 in
1532 990 1808 1049 altitudine
1841 989 2036 1062 (Exod.

462 1084 662 1157 'xxtm).
696 1083 813 1140 Hoc
841 1083 1032 1149 altare,
1064 1078 1205 1154 quod
1236 1080 1453 1155 proprie
1482 1081 1779 1141 holocaustl
1812 1082 2041 1137 vocaba-

469 1184 576 1244 tur,
600 1177 763 1233 corda
788 1172 1081 1232 electorum
1112 1176 1373 1246 designat,
1398 1190 1515 1249 qua
1543 1174 1608 1243 ad
1632 1174 1902 1231 offerenda
1928 1175 2040 1251 Deo

466 1270 735 1328 sacrificia
761 1269 1023 1325 bonorum
1051 1284 1299 1341 cperum,
1325 1268 1378 1321 in
1404 1266 1571 1337 ipsius
1596 1277 1719 1322 sunt
1745 1268 1883 1324 dono
1912 1285 2040 1325 con-

464 1368 693 1418 secrata.
732 1361 884 1431 Quod
911 1368 1031 1431 apte
1061 1358 1128 1414 de
1155 1360 1311 1432 lignis
1336 1359 1532 1417 sctbim
1560 1358 1675 1414 ﬂeri
1704 1361 2036 1431 pracipitur,

465 1455 591 1525 quia
622 1455 818 1510 munda
858 1462 912 1510 et
952 1456 1265 1527 incorrupta
1301 1452 1456 1507 decet
1491 1468 1611 1507 esse
1639 1452 1802 1509 corda
1830 1465 1885 1509 et
1912 1472 2035 1511 cor-

461 1564 622 1621 pora,
654 1548 708 1605 in
739 1546 935 1620 quibus
964 1547 1190 1621 spiritus
1216 1544 1309 1601 Dei
1340 1546 1569 1601 habitat.
1603 1544 1773 1603 Habet
1798 1550 2038 1619 quinque

461 1636 672 1695 cubitos
712 1637 1103 1710 longitudinis,
1155 1645 1209 1692 et
1257 1637 1480 1691 totidem
1527 1637 1861 1703 latitudinis,
1911 1655 2036 1707 cum

2144 533 2461 597 famulatum
2490 536 2572 592 sui
2601 536 2897 594 conditoris
2922 538 3208 611 dispositas
3226 581 3241 607 ,
3275 542 3520 621 accipere
3554 528 3713 621 ciebo};

2142 624 2280 713 inus.
2311 626 2379 682 Et
2404 627 2621 700 quidem
2649 630 2822 701 primo
2846 629 3051 686 lebetas
3076 631 3143 689 ad
3171 616 3546 713 suscipiendos
3564 616 3712 709 cipe;

2144 714 2230 771 ros
2259 712 2437 772 facere
2462 717 2791 789 pracipitur.
2827 712 2975 773 Cinis
3002 726 3180 776 autem
3208 710 3535 797 hostiarum,
3568 714 3715 797 quod,

2142 798 2196 859 in
2245 822 2435 881 magno
2483 807 2742 879 mysterio
2788 806 2978 864 debeat
3029 808 3234 883 accipi,
3288 819 3524 889 testatur
3573 814 3711 891 cinis

2140 896 2319 952 vitula
2350 897 2482 954 rufa
2512 914 2763 971 aspersus
2782 942 2796 969 ,
2838 901 2928 972 qui
2970 898 3132 957 etiam
3161 901 3418 974 Apostolo
3448 910 3588 982 teste
3624 907 3710 961 in-

2140 991 2390 1063 quinatos
2427 991 2796 1049 sanctificabat
2834 992 2901 1047 ad
2936 994 3372 1051 emundationem
3399 996 3602 1050 carnis.
3654 997 3710 1052 In

2138 1099 2244 1155 quo
2273 1083 2385 1155 ipse
2414 1084 2813 1157 prafiguratum
2840 1084 3088 1158 intelligit
3110 1093 3507 1142 sacramentum
3530 1086 3712 1142 Domi-

2138 1175 2273 1232 nica
2301 1172 2566 1253 passionis
2594 1185 2826 1251 tempus,
2853 1186 2907 1233 et
2938 1178 3204 1235 actionem
3226 1178 3495 1251 passionis
3510 1179 3711 1237 Christi

2140 1254 2399 1341 designat,
2435 1267 2569 1365 Quia
2596 1286 2725 1341 ergo
2753 1270 2931 1326 omnia
2960 1271 3221 1327 sacrificia
3252 1279 3306 1353 et
3327 1271 3562 1343 victima
3593 1290 3712 1345 qua

2138 1358 2563 1431 incendebantur
2590 1358 2645 1417 in
2676 1361 2862 1427 altari,
2894 1364 2977 1417 vel
3008 1362 3314 1437 passionem
3345 1364 3598 1435 Domini,
3628 1364 3713 1437 vel

2137 1446 2474 1521 devotionem
2502 1462 2809 1509 sanctorum
2836 1453 2952 1526 ejus
2972 1454 3184 1509 flamma
3210 1455 3492 1512 charitatis
3518 1456 3714 1515 arden-

2136 1553 2244 1602 tem
2274 1544 2499 1617 ﬁgurate
2520 1547 2855 1615 denuntiant,
2876 1545 3070 1602 merito
3090 1547 3226 1603 cinis
3248 1542 3711 1617 holocaustorum,

2135 1639 2219 1695 vel
2248 1640 2765 1695 consummationem
2796 1636 3089 1705 Dominica
3129 1639 3412 1713 passionis,
3442 1640 3528 1697 vel
3563 1646 3715 1697 certe

456 1728 632 1784 ﬁdelis
659 1729 908 1801 quisque,
942 1744 1130 1784 omnes
1159 1729 1242 1784 sui
1271 1728 1514 1800 corporis
1543 1743 1752 1793 sensus,
1787 1728 1841 1783 in
1865 1728 2037 1799 longi-
2070 1764 2100 1805 Δν
2135 1730 2517 1801 perfectionem
2556 1728 2813 1802 exprimit
2848 1730 3063 1786 virtutis
3097 1730 3399 1803 iustorum,
3444 1748 3568 1805 cum
3610 1729 3712 1788 toti

461 1820 646 1875 tudine
667 1819 968 1892 patientia,
990 1828 1044 1873 et
1076 1818 1131 1873 in
1158 1818 1442 1887 latitudine
1471 1818 1751 1874 charitatis
1778 1834 2033 1877 exercere

461 1912 688 1982 satagit,
726 1918 787 1963 ut
818 1910 965 1965 omni
996 1925 1093 1963 suo
1119 1911 1258 1976 visu,
1289 1909 1492 1973 auditu,
1528 1919 1707 1981 gustu,
1745 1908 1944 1966 olfactu
1980 1923 2035 1966 et

462 2008 628 2068 tactu,
655 2017 871 2072 semper
899 2017 957 2057 se
987 2001 1167 2063 divino
1198 2002 1504 2057 meminerit
1529 2001 1892 2081 mancipatum
1917 2020 2034 2059 esse

458 2090 709 2159 Servilio,
747 2091 903 2160 juxta
931 2090 1059 2145 illud
1090 2090 1327 2161 Apostoli
1358 2111 1369 2145 :
1403 2091 1522 2148 Sive
1550 2092 1899 2160 manducetis,
1930 2094 2034 2151 sive

458 2182 648 2251 bibitis,
694 2184 797 2243 sive
838 2182 983 2253 aliud
1027 2183 1151 2254 quid
1190 2182 1383 2254 facitis,
1427 2182 1601 2236 omnia
1644 2184 1697 2236 in
1737 2182 1904 2254 gloria
1936 2184 2033 2239 Dei

455 2274 612 2346 facile
634 2273 685 2348 (Ι
712 2272 835 2330 Cor.
863 2274 940 2348 ι).
980 2273 1155 2329 Habet
1184 2282 1297 2328 tres
1322 2270 1535 2328 cubitos
1564 2272 1885 2341 altitudinis,
1906 2290 2032 2332 cum

455 2352 640 2420 eadem
672 2366 837 2420 corda
863 2364 1157 2419 electorum
1176 2406 1190 2430 ,
1232 2379 1329 2436 per
1357 2362 1515 2419 fidem
1536 2404 1551 2431 ,
1594 2379 1742 2439 spem
1772 2373 1825 2419 et
1854 2364 2031 2420 chari-

454 2440 643 2522 tatem,
670 2457 736 2511 ad
765 2455 1006 2511 cmicstia
1040 2456 1283 2513 tendunt.
1331 2451 1543 2521 Cornua
1575 2466 1744 2510 autem
1785 2474 1875 2528 per
1900 2474 2032 2527 qua-

454 2562 574 2607 tuor
616 2549 837 2624 angulos
881 2567 947 2606 ea;
988 2551 1100 2623 ipso
1143 2561 1293 2606 erunt
1321 2567 1341 2606 ε
1389 2560 1438 2605 et
1485 2548 1683 2623 operias
1726 2548 1858 2605 illud
1904 2569 2026 2607 (ere.

453 2636 700 2712 Quatuor
727 2643 952 2716 angulos
990 2642 1155 2713 habet
1192 2644 1361 2701 altare
1390 2642 1692 2700 holocausti
1714 2684 1729 2709 ,
1769 2644 1895 2713 quia
1929 2659 2030 2717 per

451 2744 684 2807 quatuor
710 2735 895 2791 mundi
923 2734 1107 2808 plagas
1135 2745 1321 2791 sancta
1350 2730 1605 2795 dilatatur
1625 2733 1883 2800 Ecclesia,
1910 2726 2029 2807 qua

451 2838 673 2904 propter
721 2845 884 2891 unum
941 2845 1037 2885 cor
1084 2838 1139 2886 et
1186 2828 1419 2895 animam
1478 2828 1642 2889 totius
1692 2829 2028 2893 credentium

450 2916 810 2987 multitudinis
850 2932 997 2985 recte
1034 2922 1241 2980 factura
1280 2922 1440 2981 unius
1478 2921 1787 2995 designatur
1817 2922 2022 2987 altaris.

450 3018 524 3077 Ex
563 3033 671 3093 quo
704 3016 955 3075 videlicet
989 3014 1148 3073 altari
1184 3030 1387 3073 cornua
1425 3011 1563 3071 fiunt
1598 3023 1853 3087 quatuor,
1894 3030 2024 3079 cum

449 3118 683 3183 quatuor
711 3108 1002 3169 virtutibus
1033 3122 1174 3178 sape
1206 3107 1389 3172 dictis,
1412 3105 1683 3177 iustorum
1713 3106 1880 3171 corda
1908 3121 2025 3161 mu—

2059 1802 2110 1883 B
2137 1820 2188 1875 in
2222 1822 2314 1877 Dei
2355 1822 2631 1877 servitium
2679 1838 2775 1893 per
2816 1816 2991 1899 ignem
3028 1802 3199 1877 sancti
3238 1819 3472 1897 Spiritus
3506 1802 3709 1897 oblati,

2136 1911 2249 1983 ipsa
2286 1911 2398 1982 jam
2429 1913 2569 1968 bona
2598 1930 2760 1986 opera
2792 1915 2977 1982 linire,
3020 1925 3073 1970 et
3112 1915 3178 1985 ad
3208 1913 3554 1989 percipienda
3583 1932 3713 1987 ope-

2134 2020 2251 2058 rum
2295 2004 2516 2075 praemia
2564 2004 2617 2075 in
2662 2015 2921 2061 atcrnam
2964 2004 3129 2060 vitam
3178 2005 3335 2079 rapi,
3376 1996 3713 2081 meruerint,

2134 2093 2284 2163 Quod
2308 2107 2365 2152 ut
2394 2095 2727 2152 manifestius
2756 2096 2868 2165 fiat,
2890 2096 3167 2153 videamus
3190 2094 3317 2173 quid
3344 2094 3409 2157 de
3432 2084 3725 2167 cineribus

2132 2174 2430 2243 h‘olocausti
2482 2188 2693 2260 Moyses
2733 2188 2893 2245 dicat.
2950 2180 3077 2242 lla’c
3119 2198 3192 2243 est
3241 2187 3325 2243 lex
3369 2186 3664 2244 holocausti
3691 2202 3712 2243 :

2133 2274 2461 2335 Cremabitur
2489 2280 2543 2335 in
2572 2280 2733 2335 altari
2761 2291 2869 2337 tota
2900 2290 3046 2339 nocte
3075 2296 3236 2357 usque
3262 2299 3435 2353 mane.
3469 2278 3620 2356 [quis
3648 2297 3714 2359 ωε

2131 2372 2309 2431 eodem
2338 2362 2497 2451 altari
2524 2374 2641 2443 erit.
2684 2368 3043 2444 Vestieturque
3069 2373 3314 2429 sacerdos
3345 2362 3521 2441 tunica
3550 2385 3600 2443 et
3628 2370 3710 2445 fe-

2130 2462 2409 2516 minalibus
2440 2461 2629 2533 lineis;
2666 2460 2952 2539 tollensque
2980 2460 3174 2519 cineres
3198 2483 3325 2538 quos
3356 2483 3542 2541 vorans
3572 2452 3725 2539 ignis

2130 2553 2345 2616 exussit,
2385 2561 2433 2606 et
2469 2568 2663 2622 ponens
2692 2552 2849 2625 juxta
2887 2550 3075 2627 altare,l
3111 2552 3419 2625 spoliabitur
3445 2554 3712 2633 priorilms

2131 2642 2476 2709 vestimentis;
2506 2640 2820 2715 indutiisque
2844 2643 2986 2710 aliis,
3011 2640 3187 2715 eﬁ’eret
3215 2662 3301 2700 eos
3331 2655 3480 2699 extra
3509 2654 3709 2719 castra,

2130 2743 2177 2787 et
2228 2733 2282 2785 in
2332 2731 2444 2786 loco
2483 2730 2827 2803 mundissimo
2869 2751 3029 2809 usque
3080 2735 3149 2789 ad
3198 2726 3433 2811 [atillam
3471 2728 3719 2791 consumi

2130 2821 2306 2892 faciet.
2358 2820 2505 2893 Ignis
2535 2832 2713 2877 autem
2748 2825 2804 2879 in
2842 2823 3003 2895 altari
3044 2842 3244 2897 semper
3272 2816 3494 2901 ardebit.
3545 2823 3713 2901 Holo-

2129 2923 2375 2970 caustum
2420 2929 2549 2986 ergo
2577 2914 2910 2975 cremabitur
2941 2917 2996 2989 in
3026 2910 3221 2989 altari,
3272 2932 3395 2973 cum
3444 2914 3499 2971 in
3547 2904 3723 2973 corde.

2128 3008 2493 3085 cujuscunque
2514 3009 2695 3077 electi,
2718 3011 2809 3087 qui
2836 3011 3071 3085 seipsum
3098 3019 3266 3070 totum
3292 3019 3349 3066 et
3373 3024 3541 3071 carne
3566 3002 3723 3066 vide-‘

2074 3126 2083 3181 ς
2129 3102 2254 3158 licet
2294 3113 2348 3177 et
2385 3106 2548 3160 corde
2585 3104 2694 3161 Deo
2723 3110 2983 3170 voverat,
3033 3119 3167 3177 opus
3215 3104 3415 3181 bonum
3465 3103 3714 3163 fervente

448 3176 688 3257 uiuntur.
758 3198 833 3272 De
885 3200 1083 3271 quibus
1110 3176 1184 3255 in
1234 3198 1393 3269 laude
1447 3197 1726 3275 sapientia
1780 3197 1979 3269 dicitur
2007 3215 2020 3251 :
2053 3176 2097 3243 C‘
2129 3194 2414 3252 charitatis
2460 3198 2581 3270 igne
2624 3203 2894 3269 patratur.
2949 3176 3090 3269 Quid
3118 3204 3231 3253 tota
3262 3196 3323 3254 ιιι
3348 3176 3509 3281 nocte
3537 3212 3714 3285 usque

448 3291 792 3361 Sobrietatem
820 3291 956 3347 enim
984 3300 1031 3344 et
1059 3289 1391 3361 prudentiam
1420 3289 1587 3354 docet,
1619 3299 1668 3344 et
1685 3288 1951 3360 justitiam
1977 3298 2025 3357 et

445 3384 717 3451 uirtutem,
757 3381 944 3454 quibus
975 3379 1160 3434 utilius
1190 3378 1321 3433 nihil
1358 3389 1434 3435 est
1475 3380 1529 3435 in
1566 3380 1672 3435 vita
1706 3378 2019 3435 hominibus.

446 3470 572 3547 Hac
603 3488 804 3528 cornua
836 3488 902 3527 ex
933 3472 1051 3543 ipso
1081 3470 1237 3543 altari
1266 3471 1659 3542 producuntur,
1690 3487 1813 3543 cum
1847 3472 2026 3537 muni-

444 3572 626 3625 menta
654 3561 911 3627 virtutum
934 3603 949 3627 ,
987 3560 1173 3617 ﬁdeles
1206 3577 1310 3631 non
1343 3562 1524 3635 specie
1554 3568 1712 3617 tenus
1752 3569 1806 3616 et
1845 3561 1913 3615 ad
1944 3560 2023 3616 fa-

442 3657 582 3714 ciem
610 3656 888 3727 hominum
917 3663 1222 3725 ostentant,
1266 3656 1360 3711 sed
1395 3672 1463 3711 ex
1502 3654 1692 3711 intima
1731 3654 1813 3710 sui
1843 3657 2023 3731 cordis

442 3749 625 3819 radice
678 3755 815 3804 teste
865 3756 1145 3821 generant.
1204 3747 1415 3813 Cornua
1468 3755 1596 3817 sunt
1644 3756 1877 3819 quatuor
1921 3765 2021 3829 per

440 3847 669 3913 quatuor
696 3839 920 3912 angulos
950 3835 1157 3905 altaris,
1187 3840 1391 3919 cumin
1421 3840 1669 3895 omnibus
1699 3838 1883 3895 mundi
1910 3849 2021 3905 ter-

441 3935 622 4000 minis,
656 3932 901 3989 Ecclesia
928 3933 1190 3987 virtutum
1219 3933 1458 4009 potentia
1486 3930 1777 4007 spirituali,
1809 3932 2018 3995 cunctis

440 4027 676 4085 hostium
707 4025 920 4081 insidiis
950 4020 1274 4099 inviolabilis
1300 4023 1561 4103 persistit,
1604 4023 1711 4078 imo
1740 4025 1855 4095 ipsa
1886 4040 2018 4087 cun-

436 4118 539 4174 ctis
571 4132 629 4170 se
671 4113 1110 4185 impugnantibus
1146 4112 1339 4177 fortior
1367 4112 1625 4170 efﬁcitur.
1673 4114 1827 4182 Quod
1867 4117 2017 4171 vide-

434 4209 565 4271 licet
609 4207 780 4263 altare
821 4205 1100 4291 aperietur
1127 4219 1265 4281 are,
1314 4220 1437 4273 cum
1468 4206 1641 4263 virtus
1670 4214 1847 4275 capta
1883 4206 2017 4281 fide-

433 4298 601 4373 lium,
647 4305 1058 4370 perseveranter
1087 4311 1257 4369 usque
1295 4296 1361 4351 ad
1403 4294 1564 4359 linem
1592 4298 1743 4352 ﬁrma
1780 4306 2010 4353 tenetur.

435 4387 572 4457 Quia
597 4374 744 4467 enim
768 4389 893 4445 aris
920 4386 1196 4451 metallum
1223 4385 1382 4467 longo
1409 4384 1545 4441 solet
1575 4395 1815 4456 tempore
1844 4388 2017 4461 ineor-

434 4480 689 4567 ruptibile
719 4479 935 4548 durare,
966 4488 1114 4547 recte
1139 4495 1236 4555 per
1266 4480 1366 4535 hoc
1394 4478 1567 4543 virtus
1598 4479 1739 4534 valet
1765 4495 2014 4551 perseve-
2042 4518 2077 4567 ἢ

434 4578 622 4657 rantia
642 4574 934 4657 designari.
970 4575 1029 4633 Si
1051 4590 1209 4651 quem
1231 4590 1361 4633 vero
1384 4585 1561 4633 mmet
1576 4574 1731 4646 juxta
1752 4574 2009 4640 litteram,

432 4654 701 4745 quomodo
730 4654 873 4747 ligna
910 4669 1096 4731 altaris
1135 4676 1285 4747 tanta
1315 4669 1436 4745 igne
1463 4666 1642 4729 vicino
1672 4667 2012 4743 ineombusta

430 4775 750 4831 permanere
779 4761 1090 4837 potuerint,
1142 4761 1375 4837 accipiat
1413 4759 1557 4819 beati
1600 4758 1914 4830 Hieronymi
1946 4761 2011 4814 de

432 4853 534 4927 hac
559 4851 854 4927 quastione
879 4866 1217 4921 responsum.
1249 4851 1472 4917 Altaris,
1503 4849 1695 4919 inquit,
1721 4849 1861 4922 ligna
1890 4866 2009 4927 qua

431 4947 495 4999 de
524 4943 684 5019 lignis
712 4942 948 5014 paradisi
979 4951 1137 5017 sunt,
1180 4958 1285 5003 non
1314 4951 1627 5009 cremantur
1656 4942 1777 5019 igne
1806 4942 2005 5008 vicino,

429 5034 523 5091 sed
548 5018 771 5105 puriora
792 5035 1108 5091 redduntur.
1141 5032 1250 5091 Nec
1273 5034 1469 5091 mirum
1492 5035 1596 5099 hoc
1618 5018 1928 5105 sanctuario
1950 5018 2007 5089 et

426 5126 776 5205 interioribus
809 5127 1031 5199 templi,
1079 5134 1134 5191 et
1169 5125 1324 5187 altari
1356 5124 1729 5196 thymiamatis
1760 5125 2001 5190 credere,

425 5236 550 5279 cum
569 5220 734 5279 etiam
760 5219 1033 5295 amianton
1062 5217 1191 5296 ligni
1220 5231 1389 5293 genus
1414 5224 1515 5282 est,
1532 5217 1616 5271 vel
1644 5217 1770 5287 ligni
1798 5213 2004 5279 habens

427 5314 482 5370 in
507 5326 567 5369 se
588 5310 1017 5389 similitudinem,
1045 5315 1247 5385 quanto
1272 5306 1393 5379 plus
1421 5309 1637 5373 arserit,
1669 5316 1821 5375 ιηιιιο
1853 5322 2003 5381 mun-

425 5405 546 5479 dius
571 5403 895 5485 inveniatur.

499 5494 787 5571 Faciesque
812 5495 867 5548 in
905 5510 1033 5555 usus
1061 5492 1176 5564 ejus
1212 5492 1395 5563 lebetes
1434 5494 1502 5557 ad
1536 5493 1889 5567 suscipiendos
1923 5496 2023 5573 ci-Q

424 5605 607 5653 neres;
640 5600 688 5645 et
718 5589 941 5663 forcipes
962 5600 1113 5665 atque
1140 5588 1451 5667 fuscinulas,
1474 5599 1521 5644 et
1551 5590 1748 5660 ignium
1775 5598 2004 5660 recepta-

425 5681 579 5755 cata,
628 5685 801 5753 omnia
850 5700 973 5757 uasa
1021 5699 1085 5761 ex
1131 5699 1235 5759 are
1279 5680 1582 5763 fabricatus-
1635 5679 1772 5757 Vasa
1816 5679 2001 5763 altaris

430 5772 672 5841 diversa.
726 5772 808 5830 vel
833 5773 1079 5833 diversas
1111 5774 1347 5849 fidelium
1388 5790 1679 5857 personas,
1724 5771 1807 5831 vel
1851 5781 1999 5847 certe

2104 5218 2261 5288 juxta
2289 5220 2477 5287 altare,
2504 5238 2626 5278 cum
2654 5220 2911 5297 Dominus
2939 5210 3097 5303 ﬁnem
3128 5210 3699 5313 laboriosisopel‘ibtté

2128 3301 2315 3355 mane,
2362 3303 2485 3343 cum
2524 3288 2646 3358 quis
2690 3294 2804 3361 toto
2838 3286 2964 3343 vita
3010 3286 3170 3359 hujus
3210 3296 3485 3369 tempore,
3536 3304 3715 3363 usque

2126 3378 2252 3433 dum
2297 3388 2482 3451 raptus
2525 3393 2556 3433 e
2592 3395 2854 3452 corpore,
2902 3378 3068 3434 futuri
3126 3394 3284 3437 mane
3313 3381 3497 3435 saculi
3526 3380 3723 3455 videre

2124 3450 2416 3539 meruerit,
2444 3468 2602 3525 bonis
2629 3450 2881 3545 insistere
2911 3487 3017 3527 non
3046 3479 3225 3526 cessat
3249 3470 3524 3557 operibus.
3567 3450 3723 3557 lgnlg

2124 3576 2189 3615 ex
2216 3560 2406 3617 eodem
2436 3561 2593 3618 altari
2623 3564 2748 3629 erit,
2778 3542 2901 3639 quia
2930 3565 3019 3620 illa
3050 3562 3222 3621 solum
3252 3542 3516 3645 charitate

2124 3651 2378 3709 Ecclesia
2401 3670 2510 3709 sua
2533 3652 2791 3711 Dominus
2815 3672 2911 3728 per
2934 3655 3196 3729 Spiritum
3223 3642 3469 3731 sanctum
3493 3642 3723 3737 tribuit:

2124 3748 2317 3803 ardere
2363 3747 2638 3803 debemus.
2692 3746 2932 3825 Denique
2964 3746 3055 3823 filii
3085 3748 3264 3821 Aaron
3292 3790 3307 3817 ,
3356 3750 3483 3823 quia
3523 3734 3723 3825 ignem"

2122 3840 2359 3911 alienum
2390 3838 2619 3893 Domino
2646 3838 2841 3909 offerre
2863 3882 2875 3904 ,
2918 3846 2972 3893 et
3014 3856 3119 3896 non
3156 3852 3277 3895 eum
3309 3840 3401 3912 qui
3437 3838 3605 3895 semel
3640 3836 3710 3897 de

2120 3932 2257 3987 calo
2287 3930 2445 3991 datus
2472 3940 2555 3987 est
2578 3932 2884 4005 voluerunt,
2908 3948 3031 3987 mox
3056 3932 3177 4005 igne
3203 3926 3407 4007 calesti
3434 3931 3710 4025 perempti

2120 4032 2264 4078 sunt.
2308 4023 2446 4092 Quia
2475 4024 2731 4097 nimirum
2770 4026 3076 4095 quicunque
3112 4038 3277 4101 opera
3308 4012 3550 4107 cales-tia
3595 4012 3723 4113 non:

2119 4119 2357 4175 calestis
2384 4118 2680 4177 intentione
2711 4118 2997 4209 mercedis,
3038 4119 3132 4189 sed
3162 4094 3473 4193 temporalis
3502 4094 3725 4219 intuitu!I

2119 4210 2321 4275 favoris
2357 4219 2451 4265 aut
2484 4212 2750 4275 commodi
2782 4206 3009 4285 faciunt,
3040 4206 3308 4289 sententia
3336 4206 3708 4289 ira'calestis

2119 4301 2403 4403 feriuntur.
2452 4300 2709 4359 Vestietur
2744 4282 2989 4361 sacerdos
3028 4282 3239 4385 tunica,
3278 4316 3326 4365 el

2118 4393 2289 4447 lineis.
2345 4390 2616 4451 Sacerdos
2649 4398 2738 4469 qui
2788 4396 2947 4453 oll‘ert

2094 4491 2223 4565 :est,
2256 4486 2382 4575 quia
2414 4486 2465 4540 in
2498 4487 2655 4549 nobis
2694 4490 2806 4577 ipse
2836 4489 3013 4562 ignem
3045 4506 3154 4573 sua
3183 4486 3703 4587 pliaritatislapﬁeigf

2117 4568 2361 4653 tlcre,'ac
2390 4592 2486 4646 per
2513 4577 2655 4632 hunc
2684 4568 2889 4635 hostias
2916 4560 3071 4636 bona
3105 4552 3305 4661 nostra

2113 4669 2281 4724 bimet
2309 4668 2663 4755 acceptabiles
2692 4670 2892 4757 facere,
2921 4666 3219 4751 consuevit.
3251 4664 3319 4753 Et
3344 4674 3460 4755 hac
3490 4664 3709 4757 faciens

2114 4764 2345 4825 vestitur
2390 4748 2547 4843 lineis
2598 4748 2962 4841 indumentis,
3013 4758 3138 4835 quia
3166 4748 3246 4831 ut
3285 4748 3725 4845 ad“

2114 4850 2373 4921 virtutum
2405 4838 2634 4920 excitet,
2675 4836 2919 4927 esempla
2953 4856 3108 4912 nobis
3142 4871 3251 4911 sua
3281 4830 3725 4939 incarnatienis'v'

2113 4943 2362 5012 puritatis
2390 4953 2445 4999 et
2473 4942 2662 5025 mortis
2687 4938 2939 5033 proponit
2965 4966 2977 5001 :
3020 4965 3137 5023 qua
3166 4963 3262 5033 per
3290 4942 3491 5031 lignum
3525 4946 3725 5033 siguﬂ

2114 5034 2266 5089 ficari
2309 5051 2468 5109 posse
2746 5012 2946 5095 dictum
2987 5012 3089 5095 est.

2114 5127 2367 5182 sacerdos
2397 5128 2605 5185 cineres
2637 5147 2772 5205 quos
2800 5118 3167 5211 vorans'ignis
3194 5131 3428 5211 exussit,
3535 5110 3705 5219 ponit:

3714 5210 3721 5223 Ι

2112 5276 2123 5288 '
2466 5276 2477 5287 ’
2518 5276 2553 5277 ﬂ
2578 5276 2625 5278 7"
2656 5276 2677 5277 ί
2708 5276 2769 5279 ””“
2816 5276 2911 5297 “““““ι
2962 5276 3097 5303 "7'3.—
3129 5276 3421 5309 ““ἶ“,⁷.⁷’›ἶῖ.’-;ῗι
3445 5276 3491 5303 ῙῙ
3516 5276 3646 5303 ἰ’*ξ
3674 5276 3694 5279 ⁷

2112 5311 2338 5382 imponit
2364 5330 2375 5365 :
2418 5329 2593 5386 neque
2616 5312 2795 5389 justos
2916 5314 3021 5369 hac
3051 5313 3157 5387 vita
3187 5306 3389 5403 raptos,
3422 5276 3725 5403 uitrapr'o‘f

2112 5400 2221 5465 vita
2261 5410 2460 5458 aeterna
2494 5392 2739 5483 éemre.
2790 5388 2883 5460 sed
2928 5376 3440 5483 comnemditétilie
3464 5376 3725 5483 ’ξτεςέξεέᾼῑ

2112 5503 2312 5565 aterna
2337 5494 2493 5564 jubet
2516 5476 2779 5575 accipere.
2830 5480 3043 5573 Peneus

2111 5587 2280 5661 altare
2330 5566 2649 5663 spoliabitur
2682 5568 2971 5669 [prioribus
3016 5558 3727 5681 vestimentis";adﬁxae:

2110 5683 2424 5755 ητεηιοητίηι
2459 5652 3039 5767 ἱυειῑξαιῖεελίεοοτειηξ
3066 5664 3205 5765 bore
3228 5652 3723 5777 remeauit}?

2107 5770 2187 5837 eis
2213 5769 2441 5863 amplius
2466 5769 2708 5851 habitum
2732 5780 2843 5851 sua
2865 5773 3134 5853 passionis
3158 5769 3476 5855 imitandum

3710 5470 3725 5505 ἕ
