  <div class='ocr_page' id='page_1' title='image "/cluster/home/n/w/nwhite01/storage/ocr_20150623/108/hvd.32044015466840/155.png"; bbox 0 0 3940 6352; ppageno 0'>
   <div class='ocr_carea' id='block_1_1' title="bbox 1135 339 3093 407">
    <p class='ocr_par' dir='ltr' id='par_1_1' title="bbox 1135 339 3093 407">
     <span class='ocr_line' id='line_1_1' title="bbox 1135 339 3093 407; baseline -0.004 -3"><span class='ocrx_word' id='word_1_1' title='bbox 1135 348 1199 404; x_wconf 84' lang='grc' dir='ltr'><strong>Β.</strong></span> <span class='ocrx_word' id='word_1_2' title='bbox 1239 345 1498 406; x_wconf 77' lang='lat' dir='ltr'><strong>RABANI</strong></span> <span class='ocrx_word' id='word_1_3' title='bbox 1535 345 1758 407; x_wconf 76' lang='lat' dir='ltr'><strong>MAUR!</strong></span> <span class='ocrx_word' id='word_1_4' title='bbox 1792 342 2116 404; x_wconf 75' lang='lat' dir='ltr'><strong>ARCHIEP.</strong></span> <span class='ocrx_word' id='word_1_5' title='bbox 2156 339 2468 400; x_wconf 80' lang='lat' dir='ltr'><strong>MOGUNT.</strong></span> <span class='ocrx_word' id='word_1_6' title='bbox 2507 340 2798 401; x_wconf 81' lang='lat' dir='ltr'><strong>OPERUM</strong></span> <span class='ocrx_word' id='word_1_7' title='bbox 2829 341 3014 400; x_wconf 78' lang='lat' dir='ltr'><strong>PARS</strong></span> <span class='ocrx_word' id='word_1_8' title='bbox 3047 341 3093 398; x_wconf 84' lang='grc' dir='ltr'><strong>Ι.</strong></span> 
     </span>
    </p>
   </div>
   <div class='ocr_carea' id='block_1_2' title="bbox 465 453 3732 541">
    <p class='ocr_par' dir='ltr' id='par_1_2' title="bbox 465 453 3732 541">
     <span class='ocr_line' id='line_1_2' title="bbox 465 453 3732 541; baseline -0.006 -10"><span class='ocrx_word' id='word_1_9' title='bbox 465 482 522 532; x_wconf 89' lang='lat' dir='ltr'><strong>et</strong></span> <span class='ocrx_word' id='word_1_10' title='bbox 537 465 858 541; x_wconf 82' lang='lat' dir='ltr'><strong>intelliglbili</strong></span> <span class='ocrx_word' id='word_1_11' title='bbox 871 471 1055 532; x_wconf 89' lang='lat' dir='ltr'><strong>nocte,</strong></span> <span class='ocrx_word' id='word_1_12' title='bbox 1069 464 1136 521; x_wconf 89' lang='lat' dir='ltr'><strong>de</strong></span> <span class='ocrx_word' id='word_1_13' title='bbox 1155 479 1262 534; x_wconf 91' lang='lat' dir='ltr'><strong>qua</strong></span> <span class='ocrx_word' id='word_1_14' title='bbox 1288 463 1489 520; x_wconf 87' lang='lat' dir='ltr'><strong>Paulus</strong></span> <span class='ocrx_word' id='word_1_15' title='bbox 1508 464 1724 521; x_wconf 86' lang='lat' dir='ltr'><strong>dicebat</strong></span> <span class='ocrx_word' id='word_1_16' title='bbox 1739 463 1905 519; x_wconf 76' lang='lat' dir='ltr'><strong><em>:°Non</em></strong></span> <span class='ocrx_word' id='word_1_17' title='bbox 1928 477 2050 532; x_wconf 89' lang='lat' dir='ltr'><strong><em>ergo</em></strong></span> <span class='ocrx_word' id='word_1_18' title='bbox 2075 461 2130 523; x_wconf 78' lang='grc' dir='ltr'><strong>Δ</strong></span> <span class='ocrx_word' id='word_1_19' title='bbox 2152 456 2490 526; x_wconf 86' lang='lat' dir='ltr'><strong>omnipotens</strong></span> <span class='ocrx_word' id='word_1_20' title='bbox 2512 456 2656 515; x_wconf 90' lang='lat' dir='ltr'><strong>Deus</strong></span> <span class='ocrx_word' id='word_1_21' title='bbox 2679 474 2788 531; x_wconf 88' lang='lat' dir='ltr'><strong>quo</strong></span> <span class='ocrx_word' id='word_1_22' title='bbox 2813 458 2987 531; x_wconf 89' lang='lat' dir='ltr'><strong>magis</strong></span> <span class='ocrx_word' id='word_1_23' title='bbox 3013 457 3167 513; x_wconf 85' lang='lat' dir='ltr'><strong>visus</strong></span> <span class='ocrx_word' id='word_1_24' title='bbox 3198 453 3385 522; x_wconf 76' lang='lat' dir='ltr'><strong>fuerit,</strong></span> <span class='ocrx_word' id='word_1_25' title='bbox 3413 467 3484 512; x_wconf 89' lang='lat' dir='ltr'><strong>eo</strong></span> <span class='ocrx_word' id='word_1_26' title='bbox 3507 455 3732 528; x_wconf 80' lang='lat' dir='ltr'><strong>amplius</strong></span> 
     </span>
    </p>
   </div>
   <div class='ocr_carea' id='block_1_3' title="bbox 467 549 2048 625">
    <p class='ocr_par' dir='ltr' id='par_1_3' title="bbox 467 549 2048 625">
     <span class='ocr_line' id='line_1_3' title="bbox 467 549 2048 625; baseline -0.008 -6"><span class='ocrx_word' id='word_1_27' title='bbox 467 563 793 620; x_wconf 76' lang='lat' dir='ltr'><strong>dormiamus</strong></span> <span class='ocrx_word' id='word_1_28' title='bbox 820 559 957 614; x_wconf 91' lang='lat' dir='ltr'><strong><em>sicut</em></strong></span> <span class='ocrx_word' id='word_1_29' title='bbox 1009 563 1060 611; x_wconf 89' lang='lat' dir='ltr'><strong>et</strong></span> <span class='ocrx_word' id='word_1_30' title='bbox 1103 564 1299 622; x_wconf 66' lang='lat' dir='ltr'><strong><em>creterr,</em></strong></span> <span class='ocrx_word' id='word_1_31' title='bbox 1334 572 1438 609; x_wconf 89' lang='lat' dir='ltr'><strong>non</strong></span> <span class='ocrx_word' id='word_1_32' title='bbox 1469 555 1715 609; x_wconf 74' lang='lat' dir='ltr'><strong>habentes</strong></span> <span class='ocrx_word' id='word_1_33' title='bbox 1740 571 1906 625; x_wconf 86' lang='lat' dir='ltr'><strong><em>spem,</em></strong></span> <span class='ocrx_word' id='word_1_34' title='bbox 1958 549 2048 606; x_wconf 82' lang='lat' dir='ltr'><strong>sed</strong></span> 
     </span>
    </p>
   </div>
   <div class='ocr_carea' id='block_1_4' title="bbox 465 645 2050 727">
    <p class='ocr_par' dir='ltr' id='par_1_4' title="bbox 465 645 2050 727">
     <span class='ocr_line' id='line_1_4' title="bbox 465 645 2050 727; baseline -0.009 -15"><span class='ocrx_word' id='word_1_35' title='bbox 465 655 736 727; x_wconf 74' lang='lat' dir='ltr'><strong>vigilemus</strong></span> <span class='ocrx_word' id='word_1_36' title='bbox 775 659 825 707; x_wconf 88' lang='lat' dir='ltr'><strong>et</strong></span> <span class='ocrx_word' id='word_1_37' title='bbox 851 648 1014 706; x_wconf 88' lang='lat' dir='ltr'><strong><em>sobrii</em></strong></span> <span class='ocrx_word' id='word_1_38' title='bbox 1035 648 1240 702; x_wconf 90' lang='lat' dir='ltr'><strong><em>simus:</em></strong></span> <span class='ocrx_word' id='word_1_39' title='bbox 1283 645 1388 712; x_wconf 83' lang='lat' dir='ltr'><strong><em>Qui</em></strong></span> <span class='ocrx_word' id='word_1_40' title='bbox 1407 647 1545 700; x_wconf 89' lang='lat' dir='ltr'><strong><em>enim</em></strong></span> <span class='ocrx_word' id='word_1_41' title='bbox 1570 645 1859 711; x_wconf 87' lang='lat' dir='ltr'><strong><em>dormiunt,</em></strong></span> <span class='ocrx_word' id='word_1_42' title='bbox 1903 652 2050 700; x_wconf 89' lang='lat' dir='ltr'><strong><em>nocte</em></strong></span> 
     </span>
    </p>
   </div>
   <div class='ocr_carea' id='block_1_5' title="bbox 465 735 2046 814">
    <p class='ocr_par' dir='ltr' id='par_1_5' title="bbox 465 735 2046 814">
     <span class='ocr_line' id='line_1_5' title="bbox 465 735 2046 814; baseline -0.008 -12"><span class='ocrx_word' id='word_1_43' title='bbox 465 748 758 812; x_wconf 83' lang='lat' dir='ltr'><strong><em>dormiunt,</em></strong></span> <span class='ocrx_word' id='word_1_44' title='bbox 781 753 829 799; x_wconf 86' lang='lat' dir='ltr'><strong>et</strong></span> <span class='ocrx_word' id='word_1_45' title='bbox 851 741 940 814; x_wconf 91' lang='lat' dir='ltr'><strong>qui</strong></span> <span class='ocrx_word' id='word_1_46' title='bbox 973 740 1110 796; x_wconf 88' lang='lat' dir='ltr'><strong><em>ebrii</em></strong></span> <span class='ocrx_word' id='word_1_47' title='bbox 1137 747 1282 805; x_wconf 87' lang='lat' dir='ltr'><strong><em>sunt,</em></strong></span> <span class='ocrx_word' id='word_1_48' title='bbox 1307 746 1454 793; x_wconf 89' lang='lat' dir='ltr'><strong><em>nocte</em></strong></span> <span class='ocrx_word' id='word_1_49' title='bbox 1487 736 1618 792; x_wconf 87' lang='lat' dir='ltr'><strong><em>ebrii</em></strong></span> <span class='ocrx_word' id='word_1_50' title='bbox 1637 746 1758 792; x_wconf 89' lang='lat' dir='ltr'><strong><em>sunt</em></strong></span> <span class='ocrx_word' id='word_1_51' title='bbox 1783 736 1837 808; x_wconf 89' lang='grc' dir='ltr'><strong>(Ι</strong></span> <span class='ocrx_word' id='word_1_52' title='bbox 1867 735 2046 790; x_wconf 80' lang='lat' dir='ltr'><strong><em>Thess.</em></strong></span> 
     </span>
    </p>
   </div>
   <div class='ocr_carea' id='block_1_6' title="bbox 466 829 2051 912">
    <p class='ocr_par' dir='ltr' id='par_1_6' title="bbox 466 829 2051 912">
     <span class='ocr_line' id='line_1_6' title="bbox 466 829 2051 912; baseline -0.006 -19"><span class='ocrx_word' id='word_1_53' title='bbox 466 839 547 912; x_wconf 90' lang='lat' dir='ltr'><strong>v),</strong></span> <span class='ocrx_word' id='word_1_54' title='bbox 589 839 730 910; x_wconf 90' lang='lat' dir='ltr'><strong>ignis</strong></span> <span class='ocrx_word' id='word_1_55' title='bbox 769 833 1001 890; x_wconf 87' lang='lat' dir='ltr'><strong>suﬂiciat</strong></span> <span class='ocrx_word' id='word_1_56' title='bbox 1032 829 1552 887; x_wconf 88' lang='lat' dir='ltr'><strong>subministrationis</strong></span> <span class='ocrx_word' id='word_1_57' title='bbox 1576 829 1819 899; x_wconf 76' lang='lat' dir='ltr'><strong>spiritus,</strong></span> <span class='ocrx_word' id='word_1_58' title='bbox 1862 829 1918 882; x_wconf 91' lang='lat' dir='ltr'><strong>in</strong></span> <span class='ocrx_word' id='word_1_59' title='bbox 1943 842 2051 898; x_wconf 91' lang='lat' dir='ltr'><strong>quo</strong></span> 
     </span>
    </p>
   </div>
   <div class='ocr_carea' id='block_1_7' title="bbox 465 920 2030 998">
    <p class='ocr_par' dir='ltr' id='par_1_7' title="bbox 465 920 2030 998">
     <span class='ocr_line' id='line_1_7' title="bbox 465 920 2030 998; baseline -0.008 -11"><span class='ocrx_word' id='word_1_60' title='bbox 465 929 708 988; x_wconf 90' lang='lat' dir='ltr'><strong>ordinari</strong></span> <span class='ocrx_word' id='word_1_61' title='bbox 733 933 949 998; x_wconf 80' lang='lat' dir='ltr'><strong>oportet</strong></span> <span class='ocrx_word' id='word_1_62' title='bbox 978 922 1368 995; x_wconf 89' lang='lat' dir='ltr'><strong>intelligibilem</strong></span> <span class='ocrx_word' id='word_1_63' title='bbox 1386 920 1618 976; x_wconf 81' lang='lat' dir='ltr'><strong>hostiam</strong></span> <span class='ocrx_word' id='word_1_64' title='bbox 1648 929 1704 975; x_wconf 90' lang='lat' dir='ltr'><strong>et</strong></span> <span class='ocrx_word' id='word_1_65' title='bbox 1728 921 1938 990; x_wconf 82' lang='lat' dir='ltr'><strong>adipem</strong></span> <span class='ocrx_word' id='word_1_66' title='bbox 1961 935 2030 990; x_wconf 88' lang='lat' dir='ltr'><strong>pa</strong></span> 
     </span>
    </p>
   </div>
   <div class='ocr_carea' id='block_1_8' title="bbox 464 1011 2052 1090">
    <p class='ocr_par' dir='ltr' id='par_1_8' title="bbox 464 1011 2052 1090">
     <span class='ocr_line' id='line_1_8' title="bbox 464 1011 2052 1090; baseline -0.009 -13"><span class='ocrx_word' id='word_1_67' title='bbox 464 1022 779 1085; x_wconf 88' lang='lat' dir='ltr'><strong>cilicorum;</strong></span> <span class='ocrx_word' id='word_1_68' title='bbox 805 1018 964 1090; x_wconf 90' lang='lat' dir='ltr'><strong>ignis,</strong></span> <span class='ocrx_word' id='word_1_69' title='bbox 991 1016 1087 1080; x_wconf 90' lang='lat' dir='ltr'><strong>ait,</strong></span> <span class='ocrx_word' id='word_1_70' title='bbox 1117 1024 1201 1071; x_wconf 92' lang='lat' dir='ltr'><strong>est</strong></span> <span class='ocrx_word' id='word_1_71' title='bbox 1222 1014 1325 1068; x_wconf 90' lang='lat' dir='ltr'><strong>iste</strong></span> <span class='ocrx_word' id='word_1_72' title='bbox 1347 1019 1640 1082; x_wconf 90' lang='lat' dir='ltr'><strong>perpetuus</strong></span> <span class='ocrx_word' id='word_1_73' title='bbox 1657 1011 1751 1081; x_wconf 86' lang='lat' dir='ltr'><strong>qui</strong></span> <span class='ocrx_word' id='word_1_74' title='bbox 1775 1025 2052 1080; x_wconf 88' lang='lat' dir='ltr'><strong><em>nunquam</em></strong></span> 
     </span>
    </p>
   </div>
   <div class='ocr_carea' id='block_1_9' title="bbox 463 1101 2050 1177">
    <p class='ocr_par' dir='ltr' id='par_1_9' title="bbox 463 1101 2050 1177">
     <span class='ocr_line' id='line_1_9' title="bbox 463 1101 2050 1177; baseline -0.008 -11"><span class='ocrx_word' id='word_1_75' title='bbox 463 1109 678 1166; x_wconf 90' lang='lat' dir='ltr'><strong>deﬁciet</strong></span> <span class='ocrx_word' id='word_1_76' title='bbox 711 1111 777 1164; x_wconf 90' lang='lat' dir='ltr'><strong>de</strong></span> <span class='ocrx_word' id='word_1_77' title='bbox 806 1107 988 1162; x_wconf 83' lang='lat' dir='ltr'><strong>altari.</strong></span> <span class='ocrx_word' id='word_1_78' title='bbox 1031 1105 1261 1177; x_wconf 85' lang='lat' dir='ltr'><strong>Spiritus</strong></span> <span class='ocrx_word' id='word_1_79' title='bbox 1287 1105 1425 1159; x_wconf 88' lang='lat' dir='ltr'><strong><em>enim</em></strong></span> <span class='ocrx_word' id='word_1_80' title='bbox 1441 1111 1518 1158; x_wconf 90' lang='lat' dir='ltr'><strong>est</strong></span> <span class='ocrx_word' id='word_1_81' title='bbox 1547 1102 1712 1169; x_wconf 89' lang='lat' dir='ltr'><strong><em>Deus,</em></strong></span> <span class='ocrx_word' id='word_1_82' title='bbox 1735 1111 1784 1157; x_wconf 89' lang='lat' dir='ltr'><strong><em>et</em></strong></span> <span class='ocrx_word' id='word_1_83' title='bbox 1804 1103 1892 1173; x_wconf 86' lang='lat' dir='ltr'><strong>qui</strong></span> <span class='ocrx_word' id='word_1_84' title='bbox 1916 1101 2050 1156; x_wconf 87' lang='lat' dir='ltr'><strong><em>ado-</em></strong></span> 
     </span>
    </p>
   </div>
   <div class='ocr_carea' id='block_1_10' title="bbox 463 1191 2048 1268">
    <p class='ocr_par' dir='ltr' id='par_1_10' title="bbox 463 1191 2048 1268">
     <span class='ocr_line' id='line_1_10' title="bbox 463 1191 2048 1268; baseline -0.004 -14"><span class='ocrx_word' id='word_1_85' title='bbox 463 1211 584 1256; x_wconf 91' lang='lat' dir='ltr'><strong><em>rant</em></strong></span> <span class='ocrx_word' id='word_1_86' title='bbox 613 1217 754 1266; x_wconf 90' lang='lat' dir='ltr'><strong><em>eum,</em></strong></span> <span class='ocrx_word' id='word_1_87' title='bbox 777 1201 834 1254; x_wconf 93' lang='lat' dir='ltr'><strong><em>in</em></strong></span> <span class='ocrx_word' id='word_1_88' title='bbox 855 1199 1040 1268; x_wconf 75' lang='lat' dir='ltr'><strong>spiritu</strong></span> <span class='ocrx_word' id='word_1_89' title='bbox 1071 1207 1120 1252; x_wconf 90' lang='lat' dir='ltr'><strong>et</strong></span> <span class='ocrx_word' id='word_1_90' title='bbox 1146 1196 1360 1252; x_wconf 83' lang='lat' dir='ltr'><strong>veritate</strong></span> <span class='ocrx_word' id='word_1_91' title='bbox 1381 1197 1582 1266; x_wconf 78' lang='lat' dir='ltr'><strong>Oportet</strong></span> <span class='ocrx_word' id='word_1_92' title='bbox 1617 1193 1842 1248; x_wconf 84' lang='lat' dir='ltr'><strong><em>adorare</em></strong></span> <span class='ocrx_word' id='word_1_93' title='bbox 1865 1191 2048 1263; x_wconf 82' lang='lat' dir='ltr'><strong><em>(Joan.</em></strong></span> 
     </span>
    </p>
   </div>
   <div class='ocr_carea' id='block_1_11' title="bbox 462 1283 2052 1362">
    <p class='ocr_par' dir='ltr' id='par_1_11' title="bbox 462 1283 2052 1362">
     <span class='ocr_line' id='line_1_11' title="bbox 462 1283 2052 1362; baseline -0.003 -17"><span class='ocrx_word' id='word_1_94' title='bbox 462 1290 586 1362; x_wconf 85' lang='lat' dir='ltr'><strong>1v);</strong></span> <span class='ocrx_word' id='word_1_95' title='bbox 638 1291 778 1346; x_wconf 90' lang='lat' dir='ltr'><strong>unde</strong></span> <span class='ocrx_word' id='word_1_96' title='bbox 824 1287 1259 1359; x_wconf 83' lang='lat' dir='ltr'><strong>et&#39;intelligibile</strong></span> <span class='ocrx_word' id='word_1_97' title='bbox 1288 1287 1483 1352; x_wconf 91' lang='lat' dir='ltr'><strong>altare,</strong></span> <span class='ocrx_word' id='word_1_98' title='bbox 1535 1286 1678 1356; x_wconf 86' lang='lat' dir='ltr'><strong>quod</strong></span> <span class='ocrx_word' id='word_1_99' title='bbox 1726 1294 1810 1342; x_wconf 89' lang='lat' dir='ltr'><strong>est</strong></span> <span class='ocrx_word' id='word_1_100' title='bbox 1846 1283 2052 1340; x_wconf 83' lang='lat' dir='ltr'><strong>Christi</strong></span> 
     </span>
    </p>
   </div>
   <div class='ocr_carea' id='block_1_12' title="bbox 463 1375 2054 1452">
    <p class='ocr_par' dir='ltr' id='par_1_12' title="bbox 463 1375 2054 1452">
     <span class='ocr_line' id='line_1_12' title="bbox 463 1375 2054 1452; baseline -0.004 -14"><span class='ocrx_word' id='word_1_101' title='bbox 463 1397 681 1452; x_wconf 89' lang='lat' dir='ltr'><strong>corpus,</strong></span> <span class='ocrx_word' id='word_1_102' title='bbox 705 1379 1200 1451; x_wconf 79' lang='lat' dir='ltr'><strong>inexstinguibilem</strong></span> <span class='ocrx_word' id='word_1_103' title='bbox 1222 1377 1384 1433; x_wconf 90' lang='lat' dir='ltr'><strong>habet</strong></span> <span class='ocrx_word' id='word_1_104' title='bbox 1396 1378 1573 1448; x_wconf 90' lang='lat' dir='ltr'><strong>ignem</strong></span> <span class='ocrx_word' id='word_1_105' title='bbox 1597 1375 2054 1432; x_wconf 87' lang='lat' dir='ltr'><strong>subministratio-</strong></span> 
     </span>
    </p>
   </div>
   <div class='ocr_carea' id='block_1_13' title="bbox 2155 547 2426 620">
    <p class='ocr_par' dir='ltr' id='par_1_13' title="bbox 2155 547 2426 620">
     <span class='ocr_line' id='line_1_13' title="bbox 2155 547 2426 620; baseline -0.004 -16"><span class='ocrx_word' id='word_1_106' title='bbox 2155 547 2426 620; x_wconf 74' lang='lat' dir='ltr'><strong>diligatur.</strong></span> 
     </span>
    </p>
   </div>
   <div class='ocr_carea' id='block_1_14' title="bbox 2249 638 3731 713">
    <p class='ocr_par' dir='ltr' id='par_1_14' title="bbox 2249 638 3731 713">
     <span class='ocr_line' id='line_1_14' title="bbox 2249 638 3731 713; baseline 0 -17"><span class='ocrx_word' id='word_1_107' title='bbox 2249 639 2426 713; x_wconf 79' lang='lat' dir='ltr'><strong>(lsln.)</strong></span> <span class='ocrx_word' id='word_1_108' title='bbox 2487 640 2618 697; x_wconf 71' lang='lat' dir='ltr'><strong><em>Rrec</em></strong></span> <span class='ocrx_word' id='word_1_109' title='bbox 2661 651 2738 696; x_wconf 89' lang='lat' dir='ltr'><strong>est</strong></span> <span class='ocrx_word' id='word_1_110' title='bbox 2785 641 2871 697; x_wconf 75' lang='lat' dir='ltr'><strong><em>lex</em></strong></span> <span class='ocrx_word' id='word_1_111' title='bbox 2917 640 3170 711; x_wconf 68' lang='lat' dir='ltr'><strong><em>sacrificii</em></strong></span> <span class='ocrx_word' id='word_1_112' title='bbox 3213 649 3263 696; x_wconf 89' lang='lat' dir='ltr'><strong><em>et</em></strong></span> <span class='ocrx_word' id='word_1_113' title='bbox 3304 638 3731 711; x_wconf 74' lang='lat' dir='ltr'><strong><em>libamentorum,</em></strong></span> 
     </span>
    </p>
   </div>
   <div class='ocr_carea' id='block_1_15' title="bbox 2151 731 3730 804">
    <p class='ocr_par' dir='ltr' id='par_1_15' title="bbox 2151 731 3730 804">
     <span class='ocr_line' id='line_1_15' title="bbox 2151 731 3730 804; baseline 0.002 -18"><span class='ocrx_word' id='word_1_114' title='bbox 2151 748 2269 804; x_wconf 65' lang='lat' dir='ltr'><strong><em>quae</em></strong></span> <span class='ocrx_word' id='word_1_115' title='bbox 2297 733 2511 803; x_wconf 70' lang='lat' dir='ltr'><strong><em>oﬁ‘erent</em></strong></span> <span class='ocrx_word' id='word_1_116' title='bbox 2547 733 2648 802; x_wconf 76' lang='lat' dir='ltr'><strong><em>filii</em></strong></span> <span class='ocrx_word' id='word_1_117' title='bbox 2702 733 2883 788; x_wconf 81' lang='lat' dir='ltr'><strong><em>Aaron</em></strong></span> <span class='ocrx_word' id='word_1_118' title='bbox 2913 750 3093 788; x_wconf 90' lang='lat' dir='ltr'><strong><em>coram</em></strong></span> <span class='ocrx_word' id='word_1_119' title='bbox 3117 733 3344 788; x_wconf 89' lang='lat' dir='ltr'><strong><em>Domino</em></strong></span> <span class='ocrx_word' id='word_1_120' title='bbox 3370 743 3420 788; x_wconf 91' lang='lat' dir='ltr'><strong>et</strong></span> <span class='ocrx_word' id='word_1_121' title='bbox 3448 749 3634 787; x_wconf 87' lang='lat' dir='ltr'><strong><em>coram</em></strong></span> <span class='ocrx_word' id='word_1_122' title='bbox 3655 731 3730 789; x_wconf 77' lang='lat' dir='ltr'><strong>al-</strong></span> 
     </span>
    </p>
   </div>
   <div class='ocr_carea' id='block_1_16' title="bbox 2153 824 3730 898">
    <p class='ocr_par' dir='ltr' id='par_1_16' title="bbox 2153 824 3730 898">
     <span class='ocr_line' id='line_1_16' title="bbox 2153 824 3730 898; baseline 0.003 -19"><span class='ocrx_word' id='word_1_123' title='bbox 2153 826 2277 879; x_wconf 90' lang='lat' dir='ltr'><strong><em>tari.</em></strong></span> <span class='ocrx_word' id='word_1_124' title='bbox 2326 824 2490 879; x_wconf 87' lang='lat' dir='ltr'><strong><em>Tollet</em></strong></span> <span class='ocrx_word' id='word_1_125' title='bbox 2517 826 2760 881; x_wconf 74' lang='lat' dir='ltr'><strong>sacerdos</strong></span> <span class='ocrx_word' id='word_1_126' title='bbox 2789 826 3047 898; x_wconf 87' lang='lat' dir='ltr'><strong><em>pugillurn</em></strong></span> <span class='ocrx_word' id='word_1_127' title='bbox 3067 825 3279 893; x_wconf 69' lang='lat' dir='ltr'><strong><em>similes,</em></strong></span> <span class='ocrx_word' id='word_1_128' title='bbox 3307 843 3426 898; x_wconf 81' lang='lat' dir='ltr'><strong><em>qua:</em></strong></span> <span class='ocrx_word' id='word_1_129' title='bbox 3454 842 3730 897; x_wconf 66' lang='lat' dir='ltr'><strong><em>conspersa</em></strong></span> 
     </span>
    </p>
   </div>
   <div class='ocr_carea' id='block_1_17' title="bbox 2152 916 3730 989">
    <p class='ocr_par' dir='ltr' id='par_1_17' title="bbox 2152 916 3730 989">
     <span class='ocr_line' id='line_1_17' title="bbox 2152 916 3730 989; baseline -0.001 -16"><span class='ocrx_word' id='word_1_130' title='bbox 2152 927 2230 973; x_wconf 89' lang='lat' dir='ltr'><strong>est</strong></span> <span class='ocrx_word' id='word_1_131' title='bbox 2255 917 2390 983; x_wconf 91' lang='lat' dir='ltr'><strong><em>oleo,</em></strong></span> <span class='ocrx_word' id='word_1_132' title='bbox 2443 927 2492 972; x_wconf 91' lang='lat' dir='ltr'><strong><em>et</em></strong></span> <span class='ocrx_word' id='word_1_133' title='bbox 2521 927 2684 972; x_wconf 89' lang='lat' dir='ltr'><strong><em>totum</em></strong></span> <span class='ocrx_word' id='word_1_134' title='bbox 2711 919 2854 983; x_wconf 83' lang='lat' dir='ltr'><strong>thus,</strong></span> <span class='ocrx_word' id='word_1_135' title='bbox 2879 918 3018 989; x_wconf 87' lang='lat' dir='ltr'><strong><em>quod</em></strong></span> <span class='ocrx_word' id='word_1_136' title='bbox 3060 935 3216 989; x_wconf 87' lang='lat' dir='ltr'><strong><em>super</em></strong></span> <span class='ocrx_word' id='word_1_137' title='bbox 3234 916 3468 972; x_wconf 79' lang='lat' dir='ltr'><strong><em>similam</em></strong></span> <span class='ocrx_word' id='word_1_138' title='bbox 3516 919 3730 988; x_wconf 74' lang='lat' dir='ltr'><strong><em>positum</em></strong></span> 
     </span>
    </p>
   </div>
   <div class='ocr_carea' id='block_1_18' title="bbox 2152 1007 3730 1080">
    <p class='ocr_par' dir='ltr' id='par_1_18' title="bbox 2152 1007 3730 1080">
     <span class='ocr_line' id='line_1_18' title="bbox 2152 1007 3730 1080; baseline 0.003 -17"><span class='ocrx_word' id='word_1_139' title='bbox 2152 1018 2246 1064; x_wconf 90' lang='lat' dir='ltr'><strong><em>est.</em></strong></span> <span class='ocrx_word' id='word_1_140' title='bbox 2279 1007 2614 1080; x_wconf 86' lang='lat' dir='ltr'><strong><em>Adolebitque</em></strong></span> <span class='ocrx_word' id='word_1_141' title='bbox 2636 1008 2768 1063; x_wconf 83' lang='lat' dir='ltr'><strong><em>illud</em></strong></span> <span class='ocrx_word' id='word_1_142' title='bbox 2796 1009 2854 1063; x_wconf 90' lang='lat' dir='ltr'><strong>in</strong></span> <span class='ocrx_word' id='word_1_143' title='bbox 2875 1008 3033 1063; x_wconf 84' lang='lat' dir='ltr'><strong>altari</strong></span> <span class='ocrx_word' id='word_1_144' title='bbox 3076 1010 3133 1063; x_wconf 90' lang='lat' dir='ltr'><strong><em>in</em></strong></span> <span class='ocrx_word' id='word_1_145' title='bbox 3155 1011 3535 1064; x_wconf 78' lang='lat' dir='ltr'><strong><em>monimentum</em></strong></span> <span class='ocrx_word' id='word_1_146' title='bbox 3567 1010 3730 1067; x_wconf 80' lang='lat' dir='ltr'><strong><em>odoris</em></strong></span> 
     </span>
    </p>
   </div>
   <div class='ocr_carea' id='block_1_19' title="bbox 2151 1101 3732 1173">
    <p class='ocr_par' dir='ltr' id='par_1_19' title="bbox 2151 1101 3732 1173">
     <span class='ocr_line' id='line_1_19' title="bbox 2151 1101 3732 1173; baseline 0.001 -16"><span class='ocrx_word' id='word_1_147' title='bbox 2151 1103 2448 1157; x_wconf 83' lang='lat' dir='ltr'><strong><em>suavissimi</em></strong></span> <span class='ocrx_word' id='word_1_148' title='bbox 2492 1102 2756 1168; x_wconf 87' lang='lat' dir='ltr'><strong><em>Domino;</em></strong></span> <span class='ocrx_word' id='word_1_149' title='bbox 2804 1101 3061 1173; x_wconf 88' lang='lat' dir='ltr'><strong><em>reliquam</em></strong></span> <span class='ocrx_word' id='word_1_150' title='bbox 3090 1113 3266 1157; x_wconf 90' lang='lat' dir='ltr'><strong><em>autem</em></strong></span> <span class='ocrx_word' id='word_1_151' title='bbox 3301 1113 3510 1173; x_wconf 86' lang='lat' dir='ltr'><strong><em>partem</em></strong></span> <span class='ocrx_word' id='word_1_152' title='bbox 3553 1102 3732 1159; x_wconf 69' lang='lat' dir='ltr'><strong><em>simile</em></strong></span> 
     </span>
    </p>
   </div>
   <div class='ocr_carea' id='block_1_20' title="bbox 2153 1190 3732 1263">
    <p class='ocr_par' dir='ltr' id='par_1_20' title="bbox 2153 1190 3732 1263">
     <span class='ocr_line' id='line_1_20' title="bbox 2153 1190 3732 1263; baseline 0.001 -16"><span class='ocrx_word' id='word_1_153' title='bbox 2153 1191 2384 1248; x_wconf 85' lang='lat' dir='ltr'><strong><em>comedet</em></strong></span> <span class='ocrx_word' id='word_1_154' title='bbox 2423 1190 2603 1245; x_wconf 85' lang='lat' dir='ltr'><strong><em>Aaron</em></strong></span> <span class='ocrx_word' id='word_1_155' title='bbox 2651 1208 2771 1246; x_wconf 90' lang='lat' dir='ltr'><strong>cum</strong></span> <span class='ocrx_word' id='word_1_156' title='bbox 2820 1191 2946 1261; x_wconf 79' lang='lat' dir='ltr'><strong><em>filiis</em></strong></span> <span class='ocrx_word' id='word_1_157' title='bbox 2970 1191 3082 1246; x_wconf 87' lang='lat' dir='ltr'><strong><em>suis</em></strong></span> <span class='ocrx_word' id='word_1_158' title='bbox 3129 1192 3324 1263; x_wconf 78' lang='lat' dir='ltr'><strong><em>absque</em></strong></span> <span class='ocrx_word' id='word_1_159' title='bbox 3369 1193 3653 1262; x_wconf 77' lang='lat' dir='ltr'><strong><em>fermento,</em></strong></span> <span class='ocrx_word' id='word_1_160' title='bbox 3691 1204 3732 1247; x_wconf 84' lang='lat' dir='ltr'><strong>et</strong></span> 
     </span>
    </p>
   </div>
   <div class='ocr_carea' id='block_1_21' title="bbox 2153 1281 3734 1338">
    <p class='ocr_par' dir='ltr' id='par_1_21' title="bbox 2153 1281 3734 1338">
     <span class='ocr_line' id='line_1_21' title="bbox 2153 1281 3734 1338; baseline 0.001 -1"><span class='ocrx_word' id='word_1_161' title='bbox 2153 1282 2383 1338; x_wconf 86' lang='lat' dir='ltr'><strong><em>comedet</em></strong></span> <span class='ocrx_word' id='word_1_162' title='bbox 2425 1281 2482 1336; x_wconf 89' lang='lat' dir='ltr'><strong>in</strong></span> <span class='ocrx_word' id='word_1_163' title='bbox 2512 1281 2626 1336; x_wconf 91' lang='lat' dir='ltr'><strong><em>loco</em></strong></span> <span class='ocrx_word' id='word_1_164' title='bbox 2648 1283 2940 1337; x_wconf 83' lang='lat' dir='ltr'><strong><em>sanctuarii</em></strong></span> <span class='ocrx_word' id='word_1_165' title='bbox 2988 1282 3338 1338; x_wconf 85' lang='lat' dir='ltr'><strong><em>tabernaculi.</em></strong></span> <span class='ocrx_word' id='word_1_166' title='bbox 3389 1283 3523 1338; x_wconf 85' lang='lat' dir='ltr'><strong><em>Ideo</em></strong></span> <span class='ocrx_word' id='word_1_167' title='bbox 3569 1293 3734 1338; x_wconf 81' lang='lat' dir='ltr'><strong><em>autem</em></strong></span> 
     </span>
    </p>
   </div>
   <div class='ocr_carea' id='block_1_22' title="bbox 2152 1368 3735 1447">
    <p class='ocr_par' dir='ltr' id='par_1_22' title="bbox 2152 1368 3735 1447">
     <span class='ocr_line' id='line_1_22' title="bbox 2152 1368 3735 1447; baseline -0.001 -17"><span class='ocrx_word' id='word_1_168' title='bbox 2152 1393 2257 1431; x_wconf 91' lang='lat' dir='ltr'><strong>non</strong></span> <span class='ocrx_word' id='word_1_169' title='bbox 2281 1375 2693 1445; x_wconf 81' lang='lat' dir='ltr'><strong><em>fermentabitur,</em></strong></span> <span class='ocrx_word' id='word_1_170' title='bbox 2715 1375 2839 1447; x_wconf 87' lang='lat' dir='ltr'><strong><em>quia</em></strong></span> <span class='ocrx_word' id='word_1_171' title='bbox 2877 1368 3138 1446; x_wconf 34' lang='lat' dir='ltr'><strong><em>pars‘ejus</em></strong></span> <span class='ocrx_word' id='word_1_172' title='bbox 3179 1376 3236 1430; x_wconf 91' lang='lat' dir='ltr'><strong><em>in</em></strong></span> <span class='ocrx_word' id='word_1_173' title='bbox 3265 1374 3484 1430; x_wconf 80' lang='lat' dir='ltr'><strong><em>Domini</em></strong></span> <span class='ocrx_word' id='word_1_174' title='bbox 3524 1377 3735 1445; x_wconf 74' lang='lat' dir='ltr'><strong><em>offertur</em></strong></span> 
     </span>
    </p>
   </div>
   <div class='ocr_carea' id='block_1_23' title="bbox 464 1458 3735 1547">
    <p class='ocr_par' dir='ltr' id='par_1_23' title="bbox 464 1458 3735 1547">
     <span class='ocr_line' id='line_1_23' title="bbox 464 1458 3735 1547; baseline -0.004 -16"><span class='ocrx_word' id='word_1_175' title='bbox 464 1476 552 1531; x_wconf 89' lang='lat' dir='ltr'><strong>nis</strong></span> <span class='ocrx_word' id='word_1_176' title='bbox 589 1476 812 1545; x_wconf 84' lang='lat' dir='ltr'><strong>spiritus</strong></span> <span class='ocrx_word' id='word_1_177' title='bbox 839 1474 946 1547; x_wconf 81' lang='lat' dir='ltr'><strong>(Ea:</strong></span> <span class='ocrx_word' id='word_1_178' title='bbox 974 1473 1273 1546; x_wconf 82' lang='lat' dir='ltr'><strong>Gregorio.)</strong></span> <span class='ocrx_word' id='word_1_179' title='bbox 1312 1473 1466 1540; x_wconf 89' lang='lat' dir='ltr'><strong>Item,</strong></span> <span class='ocrx_word' id='word_1_180' title='bbox 1519 1471 1821 1529; x_wconf 86' lang='lat' dir='ltr'><strong>secundum</strong></span> <span class='ocrx_word' id='word_1_181' title='bbox 1873 1481 2051 1542; x_wconf 88' lang='lat' dir='ltr'><strong>tropo-</strong></span> <span class='ocrx_word' id='word_1_182' title='bbox 2148 1468 2438 1522; x_wconf 89' lang='lat' dir='ltr'><strong><em>incensum.</em></strong></span> <span class='ocrx_word' id='word_1_183' title='bbox 2482 1466 2736 1523; x_wconf 85' lang='lat' dir='ltr'><strong><em>Sanctum</em></strong></span> <span class='ocrx_word' id='word_1_184' title='bbox 2773 1474 3073 1522; x_wconf 88' lang='lat' dir='ltr'><strong><em>sanctorum</em></strong></span> <span class='ocrx_word' id='word_1_185' title='bbox 3093 1466 3212 1532; x_wconf 87' lang='lat' dir='ltr'><strong>erit,</strong></span> <span class='ocrx_word' id='word_1_186' title='bbox 3239 1467 3374 1521; x_wconf 92' lang='lat' dir='ltr'><strong><em>sicut</em></strong></span> <span class='ocrx_word' id='word_1_187' title='bbox 3414 1458 3514 1537; x_wconf 91' lang='lat' dir='ltr'><strong><em>pro</em></strong></span> <span class='ocrx_word' id='word_1_188' title='bbox 3536 1475 3735 1537; x_wconf 84' lang='lat' dir='ltr'><strong><em>peccato</em></strong></span> 
     </span>
    </p>
   </div>
   <div class='ocr_carea' id='block_1_24' title="bbox 470 1555 3736 1638">
    <p class='ocr_par' dir='ltr' id='par_1_24' title="bbox 470 1555 3736 1638">
     <span class='ocr_line' id='line_1_24' title="bbox 470 1555 3736 1638; baseline -0.003 -16"><span class='ocrx_word' id='word_1_189' title='bbox 470 1565 668 1638; x_wconf 82' lang='lat' dir='ltr'><strong>logiam</strong></span> <span class='ocrx_word' id='word_1_190' title='bbox 707 1584 721 1620; x_wconf 94' lang='lat'><strong>:</strong></span> <span class='ocrx_word' id='word_1_191' title='bbox 752 1566 940 1622; x_wconf 78' lang='lat' dir='ltr'><strong>Altare</strong></span> <span class='ocrx_word' id='word_1_192' title='bbox 974 1565 1070 1621; x_wconf 88' lang='lat' dir='ltr'><strong>Dei</strong></span> <span class='ocrx_word' id='word_1_193' title='bbox 1101 1573 1188 1621; x_wconf 91' lang='lat' dir='ltr'><strong>est</strong></span> <span class='ocrx_word' id='word_1_194' title='bbox 1207 1579 1304 1620; x_wconf 90' lang='lat' dir='ltr'><strong>cor</strong></span> <span class='ocrx_word' id='word_1_195' title='bbox 1332 1571 1598 1630; x_wconf 89' lang='lat' dir='ltr'><strong>nostrum,</strong></span> <span class='ocrx_word' id='word_1_196' title='bbox 1623 1564 1679 1619; x_wconf 90' lang='lat' dir='ltr'><strong>in</strong></span> <span class='ocrx_word' id='word_1_197' title='bbox 1708 1561 2050 1634; x_wconf 87' lang='lat' dir='ltr'><strong>quojubetur</strong></span> <span class='ocrx_word' id='word_1_198' title='bbox 2148 1565 2302 1626; x_wconf 87' lang='lat' dir='ltr'><strong><em>atque</em></strong></span> <span class='ocrx_word' id='word_1_199' title='bbox 2341 1555 2547 1611; x_wconf 86' lang='lat' dir='ltr'><strong><em>delicto.</em></strong></span> <span class='ocrx_word' id='word_1_200' title='bbox 2596 1556 2772 1612; x_wconf 79' lang='lat' dir='ltr'><strong><em>Mares</em></strong></span> <span class='ocrx_word' id='word_1_201' title='bbox 2806 1565 3008 1611; x_wconf 85' lang='lat' dir='ltr'><strong><em>tantum</em></strong></span> <span class='ocrx_word' id='word_1_202' title='bbox 3051 1557 3231 1628; x_wconf 87' lang='lat' dir='ltr'><strong>stirpis</strong></span> <span class='ocrx_word' id='word_1_203' title='bbox 3252 1557 3432 1611; x_wconf 81' lang='lat' dir='ltr'><strong><em>Aaron</em></strong></span> <span class='ocrx_word' id='word_1_204' title='bbox 3474 1558 3736 1612; x_wconf 78' lang='lat' dir='ltr'><strong><em>comedent</em></strong></span> 
     </span>
    </p>
   </div>
   <div class='ocr_carea' id='block_1_25' title="bbox 464 1647 3734 1733">
    <p class='ocr_par' dir='ltr' id='par_1_25' title="bbox 464 1647 3734 1733">
     <span class='ocr_line' id='line_1_25' title="bbox 464 1647 3734 1733; baseline -0.002 -25"><span class='ocrx_word' id='word_1_205' title='bbox 464 1659 606 1733; x_wconf 69' lang='lat' dir='ltr'><strong>ignis</strong></span> <span class='ocrx_word' id='word_1_206' title='bbox 635 1675 849 1731; x_wconf 75' lang='lat' dir='ltr'><strong>semper</strong></span> <span class='ocrx_word' id='word_1_207' title='bbox 882 1654 1096 1724; x_wconf 76' lang='lat' dir='ltr'><strong>arder&#39;e,</strong></span> <span class='ocrx_word' id='word_1_208' title='bbox 1135 1657 1263 1727; x_wconf 82' lang='lat' dir='ltr'><strong>quia</strong></span> <span class='ocrx_word' id='word_1_209' title='bbox 1287 1671 1510 1714; x_wconf 79' lang='lat' dir='ltr'><strong>necesse</strong></span> <span class='ocrx_word' id='word_1_210' title='bbox 1537 1663 1622 1712; x_wconf 75' lang='lat' dir='ltr'><strong>est</strong></span> <span class='ocrx_word' id='word_1_211' title='bbox 1641 1671 1709 1710; x_wconf 72' lang='lat' dir='ltr'><strong>ex</strong></span> <span class='ocrx_word' id='word_1_212' title='bbox 1730 1654 1824 1710; x_wconf 80' lang='lat' dir='ltr'><strong>illo</strong></span> <span class='ocrx_word' id='word_1_213' title='bbox 1849 1653 1918 1708; x_wconf 88' lang='lat' dir='ltr'><strong>ad</strong></span> <span class='ocrx_word' id='word_1_214' title='bbox 1941 1654 2048 1708; x_wconf 85' lang='lat' dir='ltr'><strong>Do-</strong></span> <span class='ocrx_word' id='word_1_215' title='bbox 2146 1647 2304 1714; x_wconf 88' lang='lat' dir='ltr'><strong><em>illud,</em></strong></span> <span class='ocrx_word' id='word_1_216' title='bbox 2325 1648 2608 1719; x_wconf 88' lang='lat' dir='ltr'><strong><em>legitimum</em></strong></span> <span class='ocrx_word' id='word_1_217' title='bbox 2629 1650 3001 1720; x_wconf 86' lang='lat' dir='ltr'><strong><em>sempiternum</em></strong></span> <span class='ocrx_word' id='word_1_218' title='bbox 3021 1650 3077 1703; x_wconf 92' lang='lat' dir='ltr'><strong><em>in</em></strong></span> <span class='ocrx_word' id='word_1_219' title='bbox 3098 1648 3525 1720; x_wconf 86' lang='lat' dir='ltr'><strong><em>generationibus</em></strong></span> <span class='ocrx_word' id='word_1_220' title='bbox 3540 1649 3734 1714; x_wconf 78' lang='lat' dir='ltr'><strong><em>vestris,</em></strong></span> 
     </span>
    </p>
   </div>
   <div class='ocr_carea' id='block_1_26' title="bbox 458 1739 3736 1811">
    <p class='ocr_par' dir='ltr' id='par_1_26' title="bbox 458 1739 3736 1811">
     <span class='ocr_line' id='line_1_26' title="bbox 458 1739 3736 1811; baseline -0.006 0"><span class='ocrx_word' id='word_1_221' title='bbox 458 1757 670 1811; x_wconf 90' lang='lat' dir='ltr'><strong>minum</strong></span> <span class='ocrx_word' id='word_1_222' title='bbox 707 1753 994 1810; x_wconf 87' lang='lat' dir='ltr'><strong>charitatis</strong></span> <span class='ocrx_word' id='word_1_223' title='bbox 1019 1751 1292 1806; x_wconf 89' lang='lat' dir='ltr'><strong>ﬂammam</strong></span> <span class='ocrx_word' id='word_1_224' title='bbox 1323 1751 1696 1807; x_wconf 80' lang='lat' dir='ltr'><strong>indesinenter</strong></span> <span class='ocrx_word' id='word_1_225' title='bbox 1717 1748 2040 1804; x_wconf 85' lang='lat' dir='ltr'><strong><em>accendere.</em></strong></span> <span class='ocrx_word' id='word_1_226' title='bbox 2153 1739 2218 1794; x_wconf 80' lang='lat' dir='ltr'><strong><em>de</em></strong></span> <span class='ocrx_word' id='word_1_227' title='bbox 2237 1739 2514 1808; x_wconf 76' lang='lat' dir='ltr'><strong><em>sacriﬁciis</em></strong></span> <span class='ocrx_word' id='word_1_228' title='bbox 2534 1739 2768 1794; x_wconf 87' lang='lat' dir='ltr'><strong><em>Domini.</em></strong></span> <span class='ocrx_word' id='word_1_229' title='bbox 2801 1739 2988 1795; x_wconf 85' lang='lat' dir='ltr'><strong><em>Omnis</em></strong></span> <span class='ocrx_word' id='word_1_230' title='bbox 3020 1741 3111 1811; x_wconf 89' lang='lat' dir='ltr'><strong>qui</strong></span> <span class='ocrx_word' id='word_1_231' title='bbox 3133 1740 3358 1811; x_wconf 83' lang='lat' dir='ltr'><strong><em>tetigerit</em></strong></span> <span class='ocrx_word' id='word_1_232' title='bbox 3384 1739 3506 1806; x_wconf 88' lang='lat' dir='ltr'><strong>illa,</strong></span> <span class='ocrx_word' id='word_1_233' title='bbox 3549 1740 3736 1794; x_wconf 81' lang='lat' dir='ltr'><strong><em>sancti-</em></strong></span> 
     </span>
    </p>
   </div>
   <div class='ocr_carea' id='block_1_27' title="bbox 459 1829 3738 1914">
    <p class='ocr_par' dir='ltr' id='par_1_27' title="bbox 459 1829 3738 1914">
     <span class='ocr_line' id='line_1_27' title="bbox 459 1829 3738 1914; baseline -0.005 -13"><span class='ocrx_word' id='word_1_234' title='bbox 459 1844 560 1901; x_wconf 89' lang='lat' dir='ltr'><strong>Cui</strong></span> <span class='ocrx_word' id='word_1_235' title='bbox 583 1859 682 1914; x_wconf 90' lang='lat' dir='ltr'><strong>per</strong></span> <span class='ocrx_word' id='word_1_236' title='bbox 703 1842 945 1914; x_wconf 90' lang='lat' dir='ltr'><strong>singulos</strong></span> <span class='ocrx_word' id='word_1_237' title='bbox 971 1841 1088 1897; x_wconf 88' lang='lat' dir='ltr'><strong>dies</strong></span> <span class='ocrx_word' id='word_1_238' title='bbox 1113 1842 1366 1896; x_wconf 86' lang='lat' dir='ltr'><strong><em>sacerdos</em></strong></span> <span class='ocrx_word' id='word_1_239' title='bbox 1382 1839 1527 1912; x_wconf 89' lang='lat' dir='ltr'><strong>ligna</strong></span> <span class='ocrx_word' id='word_1_240' title='bbox 1558 1837 1813 1908; x_wconf 85' lang='lat' dir='ltr'><strong>subjiciat</strong></span> <span class='ocrx_word' id='word_1_241' title='bbox 1834 1855 1904 1894; x_wconf 92' lang='lat' dir='ltr'><strong>ne</strong></span> <span class='ocrx_word' id='word_1_242' title='bbox 1953 1854 2049 1894; x_wconf 82' lang='lat' dir='ltr'><strong>ex-</strong></span> <span class='ocrx_word' id='word_1_243' title='bbox 2075 1829 2124 1890; x_wconf 89' lang='grc' dir='ltr'><strong>Β</strong></span> <span class='ocrx_word' id='word_1_244' title='bbox 2150 1830 2414 1901; x_wconf 72' lang='lat' dir='ltr'><strong>ﬁcabilur.</strong></span> <span class='ocrx_word' id='word_1_245' title='bbox 2444 1831 2553 1904; x_wconf 75' lang='lat' dir='ltr'><strong>(Ea:</strong></span> <span class='ocrx_word' id='word_1_246' title='bbox 2573 1830 2882 1903; x_wconf 76' lang='lat' dir='ltr'><strong><em>Hesychia.)</em></strong></span> <span class='ocrx_word' id='word_1_247' title='bbox 2907 1830 3212 1903; x_wconf 77' lang='lat' dir='ltr'><strong>Legislator</strong></span> <span class='ocrx_word' id='word_1_248' title='bbox 3231 1831 3448 1886; x_wconf 85' lang='lat' dir='ltr'><strong>videtur</strong></span> <span class='ocrx_word' id='word_1_249' title='bbox 3478 1832 3738 1888; x_wconf 81' lang='lat' dir='ltr'><strong>reiterans</strong></span> 
     </span>
    </p>
   </div>
   <div class='ocr_carea' id='block_1_28' title="bbox 460 1922 3737 2008">
    <p class='ocr_par' dir='ltr' id='par_1_28' title="bbox 460 1922 3737 2008">
     <span class='ocr_line' id='line_1_28' title="bbox 460 1922 3737 2008; baseline -0.002 -16"><span class='ocrx_word' id='word_1_250' title='bbox 460 1936 768 2008; x_wconf 86' lang='lat' dir='ltr'><strong>stinguatur</strong></span> <span class='ocrx_word' id='word_1_251' title='bbox 791 1953 804 1988; x_wconf 91' lang='lat'>:</span> <span class='ocrx_word' id='word_1_252' title='bbox 822 1935 1000 1990; x_wconf 90' lang='lat' dir='ltr'><strong>omnis</strong></span> <span class='ocrx_word' id='word_1_253' title='bbox 1019 1933 1163 1989; x_wconf 90' lang='lat' dir='ltr'><strong>enim</strong></span> <span class='ocrx_word' id='word_1_254' title='bbox 1177 1933 1377 1989; x_wconf 85' lang='lat' dir='ltr'><strong>Christi</strong></span> <span class='ocrx_word' id='word_1_255' title='bbox 1395 1933 1721 2004; x_wconf 81' lang='lat' dir='ltr'><strong>praedicator</strong></span> <span class='ocrx_word' id='word_1_256' title='bbox 1736 1933 2044 1989; x_wconf 88' lang='lat' dir='ltr'><strong>membrum</strong></span> <span class='ocrx_word' id='word_1_257' title='bbox 2146 1939 2267 1996; x_wconf 69' lang='lat' dir='ltr'><strong>quae</strong></span> <span class='ocrx_word' id='word_1_258' title='bbox 2293 1924 2461 1981; x_wconf 75' lang='lat' dir='ltr'><strong>semel</strong></span> <span class='ocrx_word' id='word_1_259' title='bbox 2483 1926 2749 1996; x_wconf 73' lang='grc' dir='ltr'><strong>ειροευίι,</strong></span> <span class='ocrx_word' id='word_1_260' title='bbox 2776 1934 2837 1979; x_wconf 75' lang='grc' dir='ltr'>ιη</span> <span class='ocrx_word' id='word_1_261' title='bbox 2857 1922 3140 1994; x_wconf 75' lang='grc' dir='ltr'>ωυιιίριὶεί</span> <span class='ocrx_word' id='word_1_262' title='bbox 3159 1923 3486 1995; x_wconf 71' lang='lat' dir='ltr'><strong><em>repetitione</em></strong></span> <span class='ocrx_word' id='word_1_263' title='bbox 3505 1923 3737 1979; x_wconf 77' lang='lat' dir='ltr'><strong>mandati</strong></span> 
     </span>
    </p>
   </div>
   <div class='ocr_carea' id='block_1_29' title="bbox 469 2015 3738 2097">
    <p class='ocr_par' dir='ltr' id='par_1_29' title="bbox 469 2015 3738 2097">
     <span class='ocr_line' id='line_1_29' title="bbox 469 2015 3738 2097; baseline 0.001 -15"><span class='ocrx_word' id='word_1_264' title='bbox 469 2028 660 2097; x_wconf 87' lang='lat' dir='ltr'><strong>utique</strong></span> <span class='ocrx_word' id='word_1_265' title='bbox 697 2028 892 2084; x_wconf 91' lang='lat' dir='ltr'><strong>summi</strong></span> <span class='ocrx_word' id='word_1_266' title='bbox 931 2027 1228 2084; x_wconf 90' lang='lat' dir='ltr'><strong>sacerdotis</strong></span> <span class='ocrx_word' id='word_1_267' title='bbox 1247 2025 1472 2081; x_wconf 80' lang='lat' dir='ltr'><strong>eﬂ‘ectus</strong></span> <span class='ocrx_word' id='word_1_268' title='bbox 1496 2035 1603 2092; x_wconf 90' lang='lat' dir='ltr'><strong>est,</strong></span> <span class='ocrx_word' id='word_1_269' title='bbox 1648 2026 1790 2082; x_wconf 87' lang='lat' dir='ltr'><strong>sicut</strong></span> <span class='ocrx_word' id='word_1_270' title='bbox 1832 2025 2047 2082; x_wconf 90' lang='lat' dir='ltr'><strong>cunctis</strong></span> <span class='ocrx_word' id='word_1_271' title='bbox 2144 2015 2385 2090; x_wconf 68' lang='lat' dir='ltr'><strong>legentes</strong></span> <span class='ocrx_word' id='word_1_272' title='bbox 2432 2019 2499 2073; x_wconf 78' lang='lat' dir='ltr'><strong>ad</strong></span> <span class='ocrx_word' id='word_1_273' title='bbox 2525 2017 2845 2074; x_wconf 68' lang='lat' dir='ltr'><strong>memoriam</strong></span> <span class='ocrx_word' id='word_1_274' title='bbox 2881 2025 3182 2073; x_wconf 65' lang='grc' dir='ltr'><strong>ΐθνοοθΐθιο</strong></span> <span class='ocrx_word' id='word_1_275' title='bbox 3235 2016 3524 2084; x_wconf 65' lang='grc' dir='ltr'><strong>Ουὲῑεοιιε</strong></span> <span class='ocrx_word' id='word_1_276' title='bbox 3564 2027 3738 2072; x_wconf 70' lang='lat' dir='ltr'><strong>amem</strong></span> 
     </span>
    </p>
   </div>
   <div class='ocr_carea' id='block_1_30' title="bbox 459 2107 3740 2191">
    <p class='ocr_par' dir='ltr' id='par_1_30' title="bbox 459 2107 3740 2191">
     <span class='ocr_line' id='line_1_30' title="bbox 459 2107 3740 2191; baseline -0.003 -17"><span class='ocrx_word' id='word_1_277' title='bbox 459 2119 709 2176; x_wconf 88' lang='lat' dir='ltr'><strong>ﬁdelibus</strong></span> <span class='ocrx_word' id='word_1_278' title='bbox 758 2119 956 2175; x_wconf 87' lang='lat' dir='ltr'><strong>Petrus</strong></span> <span class='ocrx_word' id='word_1_279' title='bbox 997 2118 1273 2191; x_wconf 88' lang='lat' dir='ltr'><strong>apostolus</strong></span> <span class='ocrx_word' id='word_1_280' title='bbox 1310 2119 1485 2174; x_wconf 82' lang='lat' dir='ltr'><strong>dixit:</strong></span> <span class='ocrx_word' id='word_1_281' title='bbox 1531 2117 1631 2173; x_wconf 85' lang='lat' dir='ltr'><strong>Vos</strong></span> <span class='ocrx_word' id='word_1_282' title='bbox 1666 2127 1841 2173; x_wconf 89' lang='lat' dir='ltr'><strong><em>autem</em></strong></span> <span class='ocrx_word' id='word_1_283' title='bbox 1881 2133 2046 2189; x_wconf 89' lang='lat' dir='ltr'><strong><em>genus</em></strong></span> <span class='ocrx_word' id='word_1_284' title='bbox 2145 2123 2244 2178; x_wconf 83' lang='lat' dir='ltr'><strong>Pel‘</strong></span> <span class='ocrx_word' id='word_1_285' title='bbox 2264 2108 2642 2178; x_wconf 66' lang='lat' dir='ltr'><strong>repetitionem</strong></span> <span class='ocrx_word' id='word_1_286' title='bbox 2669 2107 2805 2180; x_wconf 80' lang='lat' dir='ltr'><strong>legis</strong></span> <span class='ocrx_word' id='word_1_287' title='bbox 2827 2109 3254 2164; x_wconf 83' lang='lat' dir='ltr'><strong>necessariorem</strong></span> <span class='ocrx_word' id='word_1_288' title='bbox 3280 2108 3541 2164; x_wconf 85' lang='lat' dir='ltr'><strong>redderet</strong></span> <span class='ocrx_word' id='word_1_289' title='bbox 3562 2107 3740 2163; x_wconf 82' lang='lat' dir='ltr'><strong>lectio-</strong></span> 
     </span>
    </p>
   </div>
   <div class='ocr_carea' id='block_1_31' title="bbox 460 2207 2050 2282">
    <p class='ocr_par' dir='ltr' id='par_1_31' title="bbox 460 2207 2050 2282">
     <span class='ocr_line' id='line_1_31' title="bbox 460 2207 2050 2282; baseline -0.002 -16"><span class='ocrx_word' id='word_1_290' title='bbox 460 2211 698 2277; x_wconf 88' lang='lat' dir='ltr'><strong><em>electum,</em></strong></span> <span class='ocrx_word' id='word_1_291' title='bbox 724 2210 895 2282; x_wconf 82' lang='lat' dir='ltr'><strong><em>regale</em></strong></span> <span class='ocrx_word' id='word_1_292' title='bbox 917 2210 1269 2266; x_wconf 86' lang='lat' dir='ltr'><strong><em>sacerdotium</em></strong></span> <span class='ocrx_word' id='word_1_293' title='bbox 1285 2208 1339 2282; x_wconf 91' lang='grc' dir='ltr'><strong>(Ι</strong></span> <span class='ocrx_word' id='word_1_294' title='bbox 1355 2207 1503 2264; x_wconf 88' lang='lat' dir='ltr'><strong>Petr.</strong></span> <span class='ocrx_word' id='word_1_295' title='bbox 1520 2209 1582 2281; x_wconf 87' lang='grc' dir='ltr'>ιι)</span> <span class='ocrx_word' id='word_1_296' title='bbox 1601 2226 1615 2271; x_wconf 86' lang='lat'><strong>;</strong></span> <span class='ocrx_word' id='word_1_297' title='bbox 1641 2217 1697 2265; x_wconf 90' lang='lat' dir='ltr'><strong>et</strong></span> <span class='ocrx_word' id='word_1_298' title='bbox 1720 2209 1862 2265; x_wconf 88' lang='lat' dir='ltr'><strong>sicut</strong></span> <span class='ocrx_word' id='word_1_299' title='bbox 1888 2207 2050 2265; x_wconf 81' lang='lat' dir='ltr'><strong>Joan-</strong></span> 
     </span>
    </p>
   </div>
   <div class='ocr_carea' id='block_1_32' title="bbox 459 2299 2048 2373">
    <p class='ocr_par' dir='ltr' id='par_1_32' title="bbox 459 2299 2048 2373">
     <span class='ocr_line' id='line_1_32' title="bbox 459 2299 2048 2373; baseline -0.003 -15"><span class='ocrx_word' id='word_1_300' title='bbox 459 2317 556 2359; x_wconf 89' lang='lat' dir='ltr'><strong>nes</strong></span> <span class='ocrx_word' id='word_1_301' title='bbox 575 2301 849 2373; x_wconf 89' lang='lat' dir='ltr'><strong>apostolus</strong></span> <span class='ocrx_word' id='word_1_302' title='bbox 876 2302 1051 2358; x_wconf 81' lang='lat' dir='ltr'><strong>dixit:</strong></span> <span class='ocrx_word' id='word_1_303' title='bbox 1084 2299 1281 2356; x_wconf 86' lang='lat' dir='ltr'><strong><em>Fecisti</em></strong></span> <span class='ocrx_word' id='word_1_304' title='bbox 1305 2318 1400 2356; x_wconf 87' lang='lat' dir='ltr'><strong>nos</strong></span> <span class='ocrx_word' id='word_1_305' title='bbox 1423 2300 1534 2356; x_wconf 89' lang='lat' dir='ltr'><strong><em>Deo</em></strong></span> <span class='ocrx_word' id='word_1_306' title='bbox 1562 2310 1740 2356; x_wconf 88' lang='lat' dir='ltr'><strong><em>nostro</em></strong></span> <span class='ocrx_word' id='word_1_307' title='bbox 1764 2316 1984 2372; x_wconf 86' lang='lat' dir='ltr'><strong><em>regnum</em></strong></span> <span class='ocrx_word' id='word_1_308' title='bbox 1997 2308 2048 2354; x_wconf 89' lang='lat' dir='ltr'><strong>et</strong></span> 
     </span>
    </p>
   </div>
   <div class='ocr_carea' id='block_1_33' title="bbox 459 2394 2048 2469">
    <p class='ocr_par' dir='ltr' id='par_1_33' title="bbox 459 2394 2048 2469">
     <span class='ocr_line' id='line_1_33' title="bbox 459 2394 2048 2469; baseline -0.002 -18"><span class='ocrx_word' id='word_1_309' title='bbox 459 2397 809 2452; x_wconf 86' lang='lat' dir='ltr'><strong><em>sacerdotium</em></strong></span> <span class='ocrx_word' id='word_1_310' title='bbox 833 2396 1018 2468; x_wconf 83' lang='lat' dir='ltr'><strong><em>(Apoc.</em></strong></span> <span class='ocrx_word' id='word_1_311' title='bbox 1043 2395 1118 2467; x_wconf 92' lang='lat' dir='ltr'><strong>v).</strong></span> <span class='ocrx_word' id='word_1_312' title='bbox 1151 2394 1418 2453; x_wconf 87' lang='lat' dir='ltr'><strong>Sacerdos</strong></span> <span class='ocrx_word' id='word_1_313' title='bbox 1447 2412 1578 2469; x_wconf 86' lang='lat' dir='ltr'><strong>ergo</strong></span> <span class='ocrx_word' id='word_1_314' title='bbox 1592 2397 1648 2452; x_wconf 90' lang='lat' dir='ltr'><strong>in</strong></span> <span class='ocrx_word' id='word_1_315' title='bbox 1675 2395 1846 2451; x_wconf 86' lang='lat' dir='ltr'><strong>altare</strong></span> <span class='ocrx_word' id='word_1_316' title='bbox 1867 2395 2048 2467; x_wconf 80' lang='lat' dir='ltr'><strong><em>ignem</em></strong></span> 
     </span>
    </p>
   </div>
   <div class='ocr_carea' id='block_1_34' title="bbox 459 2490 2048 2563">
    <p class='ocr_par' dir='ltr' id='par_1_34' title="bbox 459 2490 2048 2563">
     <span class='ocr_line' id='line_1_34' title="bbox 459 2490 2048 2563; baseline -0.002 -16"><span class='ocrx_word' id='word_1_317' title='bbox 459 2491 710 2548; x_wconf 86' lang='lat' dir='ltr'><strong>nutriens</strong></span> <span class='ocrx_word' id='word_1_318' title='bbox 729 2491 971 2562; x_wconf 84' lang='lat' dir='ltr'><strong>quotidie</strong></span> <span class='ocrx_word' id='word_1_319' title='bbox 991 2492 1137 2563; x_wconf 90' lang='lat' dir='ltr'><strong>ligna</strong></span> <span class='ocrx_word' id='word_1_320' title='bbox 1165 2490 1439 2560; x_wconf 88' lang='lat' dir='ltr'><strong>subjiciat,</strong></span> <span class='ocrx_word' id='word_1_321' title='bbox 1485 2493 1538 2547; x_wconf 92' lang='lat' dir='ltr'><strong>id</strong></span> <span class='ocrx_word' id='word_1_322' title='bbox 1561 2500 1662 2558; x_wconf 90' lang='lat' dir='ltr'><strong>est,</strong></span> <span class='ocrx_word' id='word_1_323' title='bbox 1696 2491 1869 2547; x_wconf 87' lang='lat' dir='ltr'><strong>ﬁdelis</strong></span> <span class='ocrx_word' id='word_1_324' title='bbox 1899 2490 2048 2559; x_wconf 91' lang='lat' dir='ltr'><strong>quis-</strong></span> 
     </span>
    </p>
   </div>
   <div class='ocr_carea' id='block_1_35' title="bbox 457 2569 2047 2652">
    <p class='ocr_par' dir='ltr' id='par_1_35' title="bbox 457 2569 2047 2652">
     <span class='ocr_line' id='line_1_35' title="bbox 457 2569 2047 2652; baseline 0 -17"><span class='ocrx_word' id='word_1_325' title='bbox 457 2597 574 2652; x_wconf 77' lang='lat' dir='ltr'><strong>que.</strong></span> <span class='ocrx_word' id='word_1_326' title='bbox 595 2596 663 2637; x_wconf 89' lang='lat' dir='ltr'><strong><em>ne</em></strong></span> <span class='ocrx_word' id='word_1_327' title='bbox 685 2581 739 2636; x_wconf 90' lang='lat' dir='ltr'><strong>in</strong></span> <span class='ocrx_word' id='word_1_328' title='bbox 760 2597 826 2638; x_wconf 93' lang='lat' dir='ltr'><strong>eo</strong></span> <span class='ocrx_word' id='word_1_329' title='bbox 863 2569 1142 2638; x_wconf 86' lang='lat' dir='ltr'><strong>charitatis</strong></span> <span class='ocrx_word' id='word_1_330' title='bbox 1171 2581 1387 2638; x_wconf 90' lang='lat' dir='ltr'><strong>ﬂamma</strong></span> <span class='ocrx_word' id='word_1_331' title='bbox 1407 2581 1647 2648; x_wconf 89' lang='lat' dir='ltr'><strong>deﬁciat,</strong></span> <span class='ocrx_word' id='word_1_332' title='bbox 1690 2582 1744 2636; x_wconf 87' lang='lat' dir='ltr'><strong>in</strong></span> <span class='ocrx_word' id='word_1_333' title='bbox 1767 2581 1928 2636; x_wconf 90' lang='lat' dir='ltr'><strong>corde</strong></span> <span class='ocrx_word' id='word_1_334' title='bbox 1949 2594 2047 2636; x_wconf 90' lang='lat' dir='ltr'><strong>suo</strong></span> 
     </span>
    </p>
   </div>
   <div class='ocr_carea' id='block_1_36' title="bbox 465 2673 2048 2746">
    <p class='ocr_par' dir='ltr' id='par_1_36' title="bbox 465 2673 2048 2746">
     <span class='ocr_line' id='line_1_36' title="bbox 465 2673 2048 2746; baseline -0.002 -18"><span class='ocrx_word' id='word_1_335' title='bbox 465 2679 584 2728; x_wconf 73' lang='lat' dir='ltr'><strong>tam</strong></span> <span class='ocrx_word' id='word_1_336' title='bbox 617 2673 863 2745; x_wconf 84' lang='lat' dir='ltr'><strong>exempla</strong></span> <span class='ocrx_word' id='word_1_337' title='bbox 890 2674 1330 2745; x_wconf 71' lang='lat' dir='ltr'><strong>praecedentium,</strong></span> <span class='ocrx_word' id='word_1_338' title='bbox 1357 2691 1522 2746; x_wconf 89' lang='lat' dir='ltr'><strong>quam</strong></span> <span class='ocrx_word' id='word_1_339' title='bbox 1545 2690 1714 2730; x_wconf 74' lang='lat' dir='ltr'><strong>sacra:</strong></span> <span class='ocrx_word' id='word_1_340' title='bbox 1752 2673 2048 2742; x_wconf 71' lang='lat' dir='ltr'><strong>Scriptura:</strong></span> 
     </span>
    </p>
   </div>
   <div class='ocr_carea' id='block_1_37' title="bbox 463 2765 2048 2839">
    <p class='ocr_par' dir='ltr' id='par_1_37' title="bbox 463 2765 2048 2839">
     <span class='ocr_line' id='line_1_37' title="bbox 463 2765 2048 2839; baseline 0.001 -20"><span class='ocrx_word' id='word_1_341' title='bbox 463 2765 779 2822; x_wconf 89' lang='lat' dir='ltr'><strong>testimonia</strong></span> <span class='ocrx_word' id='word_1_342' title='bbox 806 2781 1100 2839; x_wconf 74' lang='lat' dir='ltr'><strong><em>congerere</em></strong></span> <span class='ocrx_word' id='word_1_343' title='bbox 1129 2783 1238 2825; x_wconf 90' lang='lat' dir='ltr'><strong>non</strong></span> <span class='ocrx_word' id='word_1_344' title='bbox 1268 2768 1522 2834; x_wconf 81' lang='lat' dir='ltr'><strong>desistat;</strong></span> <span class='ocrx_word' id='word_1_345' title='bbox 1551 2784 1678 2822; x_wconf 90' lang='lat' dir='ltr'><strong>nam</strong></span> <span class='ocrx_word' id='word_1_346' title='bbox 1707 2767 1863 2837; x_wconf 86' lang='lat' dir='ltr'><strong>quasi</strong></span> <span class='ocrx_word' id='word_1_347' title='bbox 1897 2781 2048 2836; x_wconf 70' lang='lat' dir='ltr'><strong>quaa-</strong></span> 
     </span>
    </p>
   </div>
   <div class='ocr_carea' id='block_1_38' title="bbox 455 2855 2049 2932">
    <p class='ocr_par' dir='ltr' id='par_1_38' title="bbox 455 2855 2049 2932">
     <span class='ocr_line' id='line_1_38' title="bbox 455 2855 2049 2932; baseline 0.001 -21"><span class='ocrx_word' id='word_1_348' title='bbox 455 2855 584 2912; x_wconf 89' lang='lat' dir='ltr'><strong>dam</strong></span> <span class='ocrx_word' id='word_1_349' title='bbox 622 2856 861 2916; x_wconf 83' lang='lat' dir='ltr'><strong>fomenta</strong></span> <span class='ocrx_word' id='word_1_350' title='bbox 891 2860 1003 2932; x_wconf 90' lang='lat' dir='ltr'><strong>igni</strong></span> <span class='ocrx_word' id='word_1_351' title='bbox 1031 2861 1163 2917; x_wconf 88' lang='lat' dir='ltr'><strong>dare</strong></span> <span class='ocrx_word' id='word_1_352' title='bbox 1191 2870 1309 2928; x_wconf 91' lang='lat' dir='ltr'><strong>est,</strong></span> <span class='ocrx_word' id='word_1_353' title='bbox 1340 2861 1395 2916; x_wconf 89' lang='lat' dir='ltr'><strong>in</strong></span> <span class='ocrx_word' id='word_1_354' title='bbox 1423 2861 1826 2916; x_wconf 80' lang='lat' dir='ltr'><strong>exercitatione</strong></span> <span class='ocrx_word' id='word_1_355' title='bbox 1873 2859 2049 2915; x_wconf 88' lang='lat' dir='ltr'><strong>chari-</strong></span> 
     </span>
    </p>
   </div>
   <div class='ocr_carea' id='block_1_39' title="bbox 457 2949 2046 3023">
    <p class='ocr_par' dir='ltr' id='par_1_39' title="bbox 457 2949 2046 3023">
     <span class='ocr_line' id='line_1_39' title="bbox 457 2949 2046 3023; baseline 0.003 -21"><span class='ocrx_word' id='word_1_356' title='bbox 457 2949 606 3016; x_wconf 88' lang='lat' dir='ltr'><strong>tatis,</strong></span> <span class='ocrx_word' id='word_1_357' title='bbox 641 2950 724 3006; x_wconf 81' lang='lat' dir='ltr'><strong>vel</strong></span> <span class='ocrx_word' id='word_1_358' title='bbox 766 2951 1012 3022; x_wconf 84' lang='lat' dir='ltr'><strong>exempla</strong></span> <span class='ocrx_word' id='word_1_359' title='bbox 1047 2952 1293 3019; x_wconf 87' lang='lat' dir='ltr'><strong>Patrum,</strong></span> <span class='ocrx_word' id='word_1_360' title='bbox 1332 2952 1414 3007; x_wconf 85' lang='lat' dir='ltr'><strong>vel</strong></span> <span class='ocrx_word' id='word_1_361' title='bbox 1445 2960 1717 3023; x_wconf 67' lang='lat' dir='ltr'><strong>praecepta</strong></span> <span class='ocrx_word' id='word_1_362' title='bbox 1764 2951 2046 3007; x_wconf 90' lang='lat' dir='ltr'><strong>Dominica</strong></span> 
     </span>
    </p>
   </div>
   <div class='ocr_carea' id='block_1_40' title="bbox 457 3042 2048 3115">
    <p class='ocr_par' dir='ltr' id='par_1_40' title="bbox 457 3042 2048 3115">
     <span class='ocr_line' id='line_1_40' title="bbox 457 3042 2048 3115; baseline 0.001 -18"><span class='ocrx_word' id='word_1_363' title='bbox 457 3042 790 3100; x_wconf 88' lang='lat' dir='ltr'><strong>ministrare.</strong></span> <span class='ocrx_word' id='word_1_364' title='bbox 840 3043 978 3112; x_wconf 87' lang='lat' dir='ltr'><strong>Quia</strong></span> <span class='ocrx_word' id='word_1_365' title='bbox 1013 3046 1158 3100; x_wconf 91' lang='lat' dir='ltr'><strong>enim</strong></span> <span class='ocrx_word' id='word_1_366' title='bbox 1203 3045 1415 3101; x_wconf 89' lang='lat' dir='ltr'><strong>interna</strong></span> <span class='ocrx_word' id='word_1_367' title='bbox 1451 3047 1666 3102; x_wconf 88' lang='lat' dir='ltr'><strong>novitas</strong></span> <span class='ocrx_word' id='word_1_368' title='bbox 1692 3053 1877 3102; x_wconf 91' lang='lat' dir='ltr'><strong>nostra</strong></span> <span class='ocrx_word' id='word_1_369' title='bbox 1929 3045 2048 3115; x_wconf 87' lang='lat' dir='ltr'><strong>ipsa</strong></span> 
     </span>
    </p>
   </div>
   <div class='ocr_carea' id='block_1_41' title="bbox 459 3131 2047 3206">
    <p class='ocr_par' dir='ltr' id='par_1_41' title="bbox 459 3131 2047 3206">
     <span class='ocr_line' id='line_1_41' title="bbox 459 3131 2047 3206; baseline 0.004 -22"><span class='ocrx_word' id='word_1_370' title='bbox 459 3131 699 3200; x_wconf 89' lang='lat' dir='ltr'><strong>quotidie</strong></span> <span class='ocrx_word' id='word_1_371' title='bbox 740 3133 901 3204; x_wconf 86' lang='lat' dir='ltr'><strong>hujus</strong></span> <span class='ocrx_word' id='word_1_372' title='bbox 929 3135 1053 3189; x_wconf 72' lang='lat' dir='ltr'><strong>vita:</strong></span> <span class='ocrx_word' id='word_1_373' title='bbox 1091 3135 1504 3192; x_wconf 83' lang='lat' dir='ltr'><strong>conversatione</strong></span> <span class='ocrx_word' id='word_1_374' title='bbox 1542 3137 1852 3201; x_wconf 86' lang='lat' dir='ltr'><strong>veterascit,</strong></span> <span class='ocrx_word' id='word_1_375' title='bbox 1905 3135 2047 3206; x_wconf 85' lang='lat' dir='ltr'><strong>ignis</strong></span> 
     </span>
    </p>
   </div>
   <div class='ocr_carea' id='block_1_42' title="bbox 2148 2199 3740 2272">
    <p class='ocr_par' dir='ltr' id='par_1_42' title="bbox 2148 2199 3740 2272">
     <span class='ocr_line' id='line_1_42' title="bbox 2148 2199 3740 2272; baseline 0 -15"><span class='ocrx_word' id='word_1_376' title='bbox 2148 2218 2298 2268; x_wconf 90' lang='lat' dir='ltr'><strong>nem,</strong></span> <span class='ocrx_word' id='word_1_377' title='bbox 2332 2202 2627 2272; x_wconf 89' lang='lat' dir='ltr'><strong>interponit</strong></span> <span class='ocrx_word' id='word_1_378' title='bbox 2655 2201 2858 2272; x_wconf 88' lang='lat' dir='ltr'><strong>aliquid</strong></span> <span class='ocrx_word' id='word_1_379' title='bbox 2893 2201 3145 2272; x_wconf 87' lang='lat' dir='ltr'><strong>amplius,</strong></span> <span class='ocrx_word' id='word_1_380' title='bbox 3174 2199 3330 2270; x_wconf 87' lang='lat' dir='ltr'><strong>cujus</strong></span> <span class='ocrx_word' id='word_1_381' title='bbox 3355 2202 3537 2272; x_wconf 86' lang='lat' dir='ltr'><strong>gratia</strong></span> <span class='ocrx_word' id='word_1_382' title='bbox 3562 2217 3740 2257; x_wconf 88' lang='lat' dir='ltr'><strong>neces-</strong></span> 
     </span>
    </p>
   </div>
   <div class='ocr_carea' id='block_1_43' title="bbox 2157 2293 3740 2350">
    <p class='ocr_par' dir='ltr' id='par_1_43' title="bbox 2157 2293 3740 2350">
     <span class='ocr_line' id='line_1_43' title="bbox 2157 2293 3740 2350; baseline -0.001 0"><span class='ocrx_word' id='word_1_383' title='bbox 2157 2295 2366 2350; x_wconf 89' lang='lat' dir='ltr'><strong>sarium</strong></span> <span class='ocrx_word' id='word_1_384' title='bbox 2392 2294 2496 2349; x_wconf 88' lang='lat' dir='ltr'><strong>hoc</strong></span> <span class='ocrx_word' id='word_1_385' title='bbox 2519 2295 2833 2348; x_wconf 90' lang='lat' dir='ltr'><strong>mandatum</strong></span> <span class='ocrx_word' id='word_1_386' title='bbox 2879 2301 2936 2349; x_wconf 88' lang='lat' dir='ltr'><strong>et</strong></span> <span class='ocrx_word' id='word_1_387' title='bbox 2961 2293 3330 2349; x_wconf 82' lang='lat' dir='ltr'><strong>inexcusabile</strong></span> <span class='ocrx_word' id='word_1_388' title='bbox 3357 2293 3527 2349; x_wconf 90' lang='lat' dir='ltr'><strong>nimis</strong></span> <span class='ocrx_word' id='word_1_389' title='bbox 3554 2294 3740 2348; x_wconf 76' lang='lat' dir='ltr'><strong>existe-</strong></span> 
     </span>
    </p>
   </div>
   <div class='ocr_carea' id='block_1_44' title="bbox 2152 2384 3740 2458">
    <p class='ocr_par' dir='ltr' id='par_1_44' title="bbox 2152 2384 3740 2458">
     <span class='ocr_line' id='line_1_44' title="bbox 2152 2384 3740 2458; baseline 0.001 -18"><span class='ocrx_word' id='word_1_390' title='bbox 2152 2394 2255 2442; x_wconf 88' lang='lat' dir='ltr'><strong>ret.</strong></span> <span class='ocrx_word' id='word_1_391' title='bbox 2297 2384 2450 2440; x_wconf 90' lang='lat' dir='ltr'><strong>Sicut</strong></span> <span class='ocrx_word' id='word_1_392' title='bbox 2477 2400 2609 2458; x_wconf 88' lang='lat' dir='ltr'><strong>ergo</strong></span> <span class='ocrx_word' id='word_1_393' title='bbox 2637 2386 2692 2440; x_wconf 90' lang='lat' dir='ltr'><strong>in</strong></span> <span class='ocrx_word' id='word_1_394' title='bbox 2730 2386 3166 2457; x_wconf 72' lang='lat' dir='ltr'><strong>praecedentibus</strong></span> <span class='ocrx_word' id='word_1_395' title='bbox 3202 2387 3270 2441; x_wconf 91' lang='lat' dir='ltr'><strong>de</strong></span> <span class='ocrx_word' id='word_1_396' title='bbox 3296 2385 3638 2442; x_wconf 89' lang='lat' dir='ltr'><strong>holocaustis</strong></span> <span class='ocrx_word' id='word_1_397' title='bbox 3662 2401 3740 2441; x_wconf 87' lang='lat' dir='ltr'><strong>sa-</strong></span> 
     </span>
    </p>
   </div>
   <div class='ocr_carea' id='block_1_45' title="bbox 2151 2475 3738 2549">
    <p class='ocr_par' dir='ltr' id='par_1_45' title="bbox 2151 2475 3738 2549">
     <span class='ocr_line' id='line_1_45' title="bbox 2151 2475 3738 2549; baseline -0.001 -17"><span class='ocrx_word' id='word_1_398' title='bbox 2151 2475 2356 2532; x_wconf 89' lang='lat' dir='ltr'><strong>criﬁcia</strong></span> <span class='ocrx_word' id='word_1_399' title='bbox 2386 2477 2623 2543; x_wconf 83' lang='lat' dir='ltr'><strong>iteravit,</strong></span> <span class='ocrx_word' id='word_1_400' title='bbox 2671 2477 3006 2546; x_wconf 88' lang='lat' dir='ltr'><strong>permiscens</strong></span> <span class='ocrx_word' id='word_1_401' title='bbox 3043 2477 3122 2532; x_wconf 89' lang='lat' dir='ltr'><strong>eis</strong></span> <span class='ocrx_word' id='word_1_402' title='bbox 3150 2477 3530 2532; x_wconf 85' lang='lat' dir='ltr'><strong>assiduitatem</strong></span> <span class='ocrx_word' id='word_1_403' title='bbox 3560 2477 3738 2549; x_wconf 87' lang='lat' dir='ltr'><strong>ipsius,</strong></span> 
     </span>
    </p>
   </div>
   <div class='ocr_carea' id='block_1_46' title="bbox 2148 2570 3742 2642">
    <p class='ocr_par' dir='ltr' id='par_1_46' title="bbox 2148 2570 3742 2642">
     <span class='ocr_line' id='line_1_46' title="bbox 2148 2570 3742 2642; baseline 0.001 -17"><span class='ocrx_word' id='word_1_404' title='bbox 2148 2580 2210 2625; x_wconf 90' lang='lat' dir='ltr'><strong>ut</strong></span> <span class='ocrx_word' id='word_1_405' title='bbox 2230 2579 2316 2625; x_wconf 87' lang='lat' dir='ltr'><strong>est</strong></span> <span class='ocrx_word' id='word_1_406' title='bbox 2337 2571 2468 2625; x_wconf 92' lang='lat' dir='ltr'><strong>illud</strong></span> <span class='ocrx_word' id='word_1_407' title='bbox 2493 2589 2505 2624; x_wconf 91' lang='lat'>:</span> <span class='ocrx_word' id='word_1_408' title='bbox 2527 2570 2676 2642; x_wconf 85' lang='lat' dir='ltr'><strong><em>Ignis</em></strong></span> <span class='ocrx_word' id='word_1_409' title='bbox 2696 2572 2784 2642; x_wconf 92' lang='lat' dir='ltr'><strong>qui</strong></span> <span class='ocrx_word' id='word_1_410' title='bbox 2810 2571 2867 2626; x_wconf 91' lang='lat' dir='ltr'><strong>in</strong></span> <span class='ocrx_word' id='word_1_411' title='bbox 2887 2571 3048 2626; x_wconf 90' lang='lat' dir='ltr'><strong><em>altari</em></strong></span> <span class='ocrx_word' id='word_1_412' title='bbox 3060 2580 3134 2626; x_wconf 90' lang='lat' dir='ltr'><strong><em>est</em></strong></span> <span class='ocrx_word' id='word_1_413' title='bbox 3161 2587 3365 2642; x_wconf 88' lang='lat' dir='ltr'><strong><em>semper</em></strong></span> <span class='ocrx_word' id='word_1_414' title='bbox 3384 2573 3602 2638; x_wconf 88' lang='lat' dir='ltr'><strong><em>ardeat,</em></strong></span> <span class='ocrx_word' id='word_1_415' title='bbox 3624 2588 3742 2626; x_wconf 84' lang='lat' dir='ltr'><strong><em>nun-</em></strong></span> 
     </span>
    </p>
   </div>
   <div class='ocr_carea' id='block_1_47' title="bbox 2147 2661 3742 2732">
    <p class='ocr_par' dir='ltr' id='par_1_47' title="bbox 2147 2661 3742 2732">
     <span class='ocr_line' id='line_1_47' title="bbox 2147 2661 3742 2732; baseline 0.002 -18"><span class='ocrx_word' id='word_1_416' title='bbox 2147 2678 2405 2732; x_wconf 87' lang='lat' dir='ltr'><strong><em>quamque</em></strong></span> <span class='ocrx_word' id='word_1_417' title='bbox 2420 2661 2666 2730; x_wconf 80' lang='lat' dir='ltr'><strong><em>deﬁciat;</em></strong></span> <span class='ocrx_word' id='word_1_418' title='bbox 2691 2662 2772 2717; x_wconf 87' lang='lat' dir='ltr'><strong>sic</strong></span> <span class='ocrx_word' id='word_1_419' title='bbox 2790 2669 2843 2716; x_wconf 89' lang='lat' dir='ltr'><strong>et</strong></span> <span class='ocrx_word' id='word_1_420' title='bbox 2863 2679 3024 2726; x_wconf 89' lang='lat' dir='ltr'><strong>nunc,</strong></span> <span class='ocrx_word' id='word_1_421' title='bbox 3057 2678 3180 2718; x_wconf 88' lang='lat' dir='ltr'><strong>cum</strong></span> <span class='ocrx_word' id='word_1_422' title='bbox 3202 2662 3539 2718; x_wconf 88' lang='lat' dir='ltr'><strong>sacriﬁcium</strong></span> <span class='ocrx_word' id='word_1_423' title='bbox 3562 2663 3742 2718; x_wconf 78' lang='lat' dir='ltr'><strong>simila:</strong></span> 
     </span>
    </p>
   </div>
   <div class='ocr_carea' id='block_1_48' title="bbox 2150 2753 3744 2826">
    <p class='ocr_par' dir='ltr' id='par_1_48' title="bbox 2150 2753 3744 2826">
     <span class='ocr_line' id='line_1_48' title="bbox 2150 2753 3744 2826; baseline 0.002 -19"><span class='ocrx_word' id='word_1_424' title='bbox 2150 2753 2464 2808; x_wconf 84' lang='lat' dir='ltr'><strong>deduxisset</strong></span> <span class='ocrx_word' id='word_1_425' title='bbox 2492 2754 2561 2808; x_wconf 91' lang='lat' dir='ltr'><strong>ad</strong></span> <span class='ocrx_word' id='word_1_426' title='bbox 2588 2754 2850 2820; x_wconf 89' lang='lat' dir='ltr'><strong>medium,</strong></span> <span class='ocrx_word' id='word_1_427' title='bbox 2893 2770 2991 2824; x_wconf 89' lang='lat' dir='ltr'><strong>per</strong></span> <span class='ocrx_word' id='word_1_428' title='bbox 3013 2770 3178 2826; x_wconf 90' lang='lat' dir='ltr'><strong>quam</strong></span> <span class='ocrx_word' id='word_1_429' title='bbox 3209 2754 3512 2826; x_wconf 89' lang='lat' dir='ltr'><strong>signiﬁcari</strong></span> <span class='ocrx_word' id='word_1_430' title='bbox 3545 2755 3744 2812; x_wconf 87' lang='lat' dir='ltr'><strong>theolo-</strong></span> 
     </span>
    </p>
   </div>
   <div class='ocr_carea' id='block_1_49' title="bbox 2149 2844 3743 2916">
    <p class='ocr_par' dir='ltr' id='par_1_49' title="bbox 2149 2844 3743 2916">
     <span class='ocr_line' id='line_1_49' title="bbox 2149 2844 3743 2916; baseline 0.001 -18"><span class='ocrx_word' id='word_1_431' title='bbox 2149 2845 2293 2916; x_wconf 86' lang='lat' dir='ltr'><strong>giam</strong></span> <span class='ocrx_word' id='word_1_432' title='bbox 2321 2844 2375 2898; x_wconf 88' lang='lat' dir='ltr'><strong>in</strong></span> <span class='ocrx_word' id='word_1_433' title='bbox 2411 2844 2574 2915; x_wconf 84' lang='lat' dir='ltr'><strong>hujus</strong></span> <span class='ocrx_word' id='word_1_434' title='bbox 2597 2844 2719 2900; x_wconf 88' lang='lat' dir='ltr'><strong>libri</strong></span> <span class='ocrx_word' id='word_1_435' title='bbox 2743 2845 2968 2902; x_wconf 84' lang='lat' dir='ltr'><strong>exordio</strong></span> <span class='ocrx_word' id='word_1_436' title='bbox 2993 2846 3510 2913; x_wconf 83' lang='lat' dir='ltr'><strong>demonstravimus,</strong></span> <span class='ocrx_word' id='word_1_437' title='bbox 3544 2847 3743 2904; x_wconf 87' lang='lat' dir='ltr'><strong>addidit</strong></span> 
     </span>
    </p>
   </div>
   <div class='ocr_carea' id='block_1_50' title="bbox 2150 2936 3744 3007">
    <p class='ocr_par' dir='ltr' id='par_1_50' title="bbox 2150 2936 3744 3007">
     <span class='ocr_line' id='line_1_50' title="bbox 2150 2936 3744 3007; baseline 0.002 -18"><span class='ocrx_word' id='word_1_438' title='bbox 2150 2936 2294 3007; x_wconf 86' lang='lat' dir='ltr'><strong>quod</strong></span> <span class='ocrx_word' id='word_1_439' title='bbox 2320 2944 2536 3006; x_wconf 87' lang='lat' dir='ltr'><strong>oportet</strong></span> <span class='ocrx_word' id='word_1_440' title='bbox 2563 2951 2685 2992; x_wconf 88' lang='lat' dir='ltr'><strong>eam</strong></span> <span class='ocrx_word' id='word_1_441' title='bbox 2715 2936 2912 2992; x_wconf 90' lang='lat' dir='ltr'><strong>inloco</strong></span> <span class='ocrx_word' id='word_1_442' title='bbox 2939 2944 3149 2992; x_wconf 88' lang='lat' dir='ltr'><strong>tantum</strong></span> <span class='ocrx_word' id='word_1_443' title='bbox 3177 2946 3370 2993; x_wconf 88' lang='lat' dir='ltr'><strong>sancto</strong></span> <span class='ocrx_word' id='word_1_444' title='bbox 3394 2948 3453 2992; x_wconf 91' lang='lat' dir='ltr'><strong>et</strong></span> <span class='ocrx_word' id='word_1_445' title='bbox 3481 2953 3517 2992; x_wconf 87' lang='lat' dir='ltr'><strong>a</strong></span> <span class='ocrx_word' id='word_1_446' title='bbox 3543 2953 3744 2994; x_wconf 82' lang='lat' dir='ltr'><strong>mascu-</strong></span> 
     </span>
    </p>
   </div>
   <div class='ocr_carea' id='block_1_51' title="bbox 2151 3029 3738 3100">
    <p class='ocr_par' dir='ltr' id='par_1_51' title="bbox 2151 3029 3738 3100">
     <span class='ocr_line' id='line_1_51' title="bbox 2151 3029 3738 3100; baseline -0.001 -17"><span class='ocrx_word' id='word_1_447' title='bbox 2151 3029 2240 3096; x_wconf 91' lang='lat' dir='ltr'><strong>lis,</strong></span> <span class='ocrx_word' id='word_1_448' title='bbox 2265 3045 2374 3084; x_wconf 90' lang='lat' dir='ltr'><strong>non</strong></span> <span class='ocrx_word' id='word_1_449' title='bbox 2401 3038 2582 3086; x_wconf 88' lang='lat' dir='ltr'><strong>autem</strong></span> <span class='ocrx_word' id='word_1_450' title='bbox 2601 3029 2802 3100; x_wconf 90' lang='lat' dir='ltr'><strong>ubique</strong></span> <span class='ocrx_word' id='word_1_451' title='bbox 2817 3037 2912 3084; x_wconf 90' lang='lat' dir='ltr'><strong>aut</strong></span> <span class='ocrx_word' id='word_1_452' title='bbox 2933 3031 3100 3085; x_wconf 87' lang='lat' dir='ltr'><strong>etiam</strong></span> <span class='ocrx_word' id='word_1_453' title='bbox 3121 3031 3190 3085; x_wconf 89' lang='lat' dir='ltr'><strong>ab</strong></span> <span class='ocrx_word' id='word_1_454' title='bbox 3205 3030 3480 3095; x_wconf 90' lang='lat' dir='ltr'><strong>omnibus,</strong></span> <span class='ocrx_word' id='word_1_455' title='bbox 3510 3030 3738 3086; x_wconf 72' lang='lat' dir='ltr'><strong>comedi.</strong></span> 
     </span>
    </p>
   </div>
   <div class='ocr_carea' id='block_1_52' title="bbox 2149 3120 3744 3192">
    <p class='ocr_par' dir='ltr' id='par_1_52' title="bbox 2149 3120 3744 3192">
     <span class='ocr_line' id='line_1_52' title="bbox 2149 3120 3744 3192; baseline -0.001 -17"><span class='ocrx_word' id='word_1_456' title='bbox 2149 3121 2227 3176; x_wconf 90' lang='lat' dir='ltr'><strong>De</strong></span> <span class='ocrx_word' id='word_1_457' title='bbox 2254 3137 2360 3191; x_wconf 89' lang='lat' dir='ltr'><strong>qua</strong></span> <span class='ocrx_word' id='word_1_458' title='bbox 2379 3121 2504 3176; x_wconf 90' lang='lat' dir='ltr'><strong>vide</strong></span> <span class='ocrx_word' id='word_1_459' title='bbox 2523 3120 2702 3192; x_wconf 88' lang='lat' dir='ltr'><strong>qualia</strong></span> <span class='ocrx_word' id='word_1_460' title='bbox 2727 3121 2890 3176; x_wconf 88' lang='lat' dir='ltr'><strong>etiam</strong></span> <span class='ocrx_word' id='word_1_461' title='bbox 2915 3136 3060 3177; x_wconf 90' lang='lat' dir='ltr'><strong>nunc</strong></span> <span class='ocrx_word' id='word_1_462' title='bbox 3084 3123 3342 3192; x_wconf 66' lang='lat' dir='ltr'><strong>praecepit</strong></span> <span class='ocrx_word' id='word_1_463' title='bbox 3367 3141 3379 3174; x_wconf 90' lang='lat'><strong>:</strong></span> <span class='ocrx_word' id='word_1_464' title='bbox 3407 3120 3544 3177; x_wconf 71' lang='lat' dir='ltr'><strong><em>Haec</em></strong></span> <span class='ocrx_word' id='word_1_465' title='bbox 3569 3133 3645 3176; x_wconf 88' lang='lat' dir='ltr'><strong>est</strong></span> <span class='ocrx_word' id='word_1_466' title='bbox 3670 3121 3744 3174; x_wconf 75' lang='lat' dir='ltr'><strong>les</strong></span> 
     </span>
    </p>
   </div>
   <div class='ocr_carea' id='block_1_53' title="bbox 459 3207 3742 3296">
    <p class='ocr_par' dir='ltr' id='par_1_53' title="bbox 459 3207 3742 3296">
     <span class='ocr_line' id='line_1_53' title="bbox 459 3207 3742 3296; baseline -0.002 -23"><span class='ocrx_word' id='word_1_467' title='bbox 459 3215 568 3274; x_wconf 88' lang='lat' dir='ltr'><strong>iste</strong></span> <span class='ocrx_word' id='word_1_468' title='bbox 600 3220 858 3277; x_wconf 89' lang='lat' dir='ltr'><strong>adhibitis</strong></span> <span class='ocrx_word' id='word_1_469' title='bbox 882 3221 1044 3295; x_wconf 86' lang='lat' dir='ltr'><strong>lignis</strong></span> <span class='ocrx_word' id='word_1_470' title='bbox 1067 3224 1390 3281; x_wconf 87' lang='lat' dir='ltr'><strong>nutriendus</strong></span> <span class='ocrx_word' id='word_1_471' title='bbox 1416 3234 1519 3292; x_wconf 89' lang='lat' dir='ltr'><strong>est,</strong></span> <span class='ocrx_word' id='word_1_472' title='bbox 1551 3233 1610 3280; x_wconf 87' lang='lat' dir='ltr'><strong>ut</strong></span> <span class='ocrx_word' id='word_1_473' title='bbox 1630 3242 1753 3282; x_wconf 90' lang='lat' dir='ltr'><strong>cum</strong></span> <span class='ocrx_word' id='word_1_474' title='bbox 1774 3241 1871 3296; x_wconf 88' lang='lat' dir='ltr'><strong>per</strong></span> <span class='ocrx_word' id='word_1_475' title='bbox 1889 3240 2048 3280; x_wconf 77' lang='lat' dir='ltr'><strong>usum</strong></span> <span class='ocrx_word' id='word_1_476' title='bbox 2076 3207 2122 3271; x_wconf 64' lang='grc' dir='ltr'><strong>(ἶ</strong></span> <span class='ocrx_word' id='word_1_477' title='bbox 2152 3212 2403 3281; x_wconf 61' lang='lat' dir='ltr'><strong>Sacri/5058&#39;</strong></span> <span class='ocrx_word' id='word_1_478' title='bbox 2439 3222 2485 3266; x_wconf 71' lang='grc' dir='ltr'><strong>σε</strong></span> <span class='ocrx_word' id='word_1_479' title='bbox 2523 3211 2943 3278; x_wconf 70' lang='grc' dir='ltr'><strong>ιίὺαηιεηεοηιηι,</strong></span> <span class='ocrx_word' id='word_1_480' title='bbox 2988 3229 3107 3283; x_wconf 76' lang='lat' dir='ltr'><strong><em>qua:</em></strong></span> <span class='ocrx_word' id='word_1_481' title='bbox 3145 3213 3365 3282; x_wconf 75' lang='lat' dir='ltr'><strong><em>o/ferent</em></strong></span> <span class='ocrx_word' id='word_1_482' title='bbox 3413 3211 3519 3281; x_wconf 78' lang='lat' dir='ltr'><strong>ﬁlii</strong></span> <span class='ocrx_word' id='word_1_483' title='bbox 3566 3211 3742 3265; x_wconf 74' lang='lat' dir='ltr'><strong><em>Aaron</em></strong></span> 
     </span>
    </p>
   </div>
   <div class='ocr_carea' id='block_1_54' title="bbox 459 3315 2052 3388">
    <p class='ocr_par' dir='ltr' id='par_1_54' title="bbox 459 3315 2052 3388">
     <span class='ocr_line' id='line_1_54' title="bbox 459 3315 2052 3388; baseline 0.003 -22"><span class='ocrx_word' id='word_1_484' title='bbox 459 3324 518 3366; x_wconf 85' lang='lat' dir='ltr'><strong>se</strong></span> <span class='ocrx_word' id='word_1_485' title='bbox 565 3315 852 3370; x_wconf 87' lang='lat' dir='ltr'><strong>vetustatis</strong></span> <span class='ocrx_word' id='word_1_486' title='bbox 898 3325 1083 3372; x_wconf 90' lang='lat' dir='ltr'><strong>nostra</strong></span> <span class='ocrx_word' id='word_1_487' title='bbox 1115 3317 1330 3373; x_wconf 91' lang='lat' dir='ltr'><strong>novitas</strong></span> <span class='ocrx_word' id='word_1_488' title='bbox 1373 3326 1647 3383; x_wconf 76' lang='lat' dir='ltr'><strong>extenuat,</strong></span> <span class='ocrx_word' id='word_1_489' title='bbox 1696 3332 1794 3388; x_wconf 89' lang='lat' dir='ltr'><strong>per</strong></span> <span class='ocrx_word' id='word_1_490' title='bbox 1827 3315 2052 3371; x_wconf 85' lang='lat' dir='ltr'><strong>Patrum</strong></span> 
     </span>
    </p>
   </div>
   <div class='ocr_carea' id='block_1_55' title="bbox 457 3403 2048 3478">
    <p class='ocr_par' dir='ltr' id='par_1_55' title="bbox 457 3403 2048 3478">
     <span class='ocr_line' id='line_1_55' title="bbox 457 3403 2048 3478; baseline 0.002 -20"><span class='ocrx_word' id='word_1_491' title='bbox 457 3403 770 3459; x_wconf 87' lang='lat' dir='ltr'><strong>testimonia</strong></span> <span class='ocrx_word' id='word_1_492' title='bbox 798 3415 854 3461; x_wconf 89' lang='lat' dir='ltr'><strong>et</strong></span> <span class='ocrx_word' id='word_1_493' title='bbox 879 3407 1126 3478; x_wconf 82' lang='lat' dir='ltr'><strong>exempla</strong></span> <span class='ocrx_word' id='word_1_494' title='bbox 1151 3407 1460 3463; x_wconf 83' lang='lat' dir='ltr'><strong>reviviscat.</strong></span> <span class='ocrx_word' id='word_1_495' title='bbox 1503 3407 1572 3461; x_wconf 89' lang='lat' dir='ltr'><strong>Et</strong></span> <span class='ocrx_word' id='word_1_496' title='bbox 1593 3408 1730 3462; x_wconf 89' lang='lat' dir='ltr'><strong>bene</strong></span> <span class='ocrx_word' id='word_1_497' title='bbox 1765 3406 1876 3462; x_wconf 90' lang='lat' dir='ltr'><strong>illic</strong></span> <span class='ocrx_word' id='word_1_498' title='bbox 1904 3421 2048 3477; x_wconf 72' lang='lat' dir='ltr'><strong>pra:-</strong></span> 
     </span>
    </p>
   </div>
   <div class='ocr_carea' id='block_1_56' title="bbox 459 3493 2048 3570">
    <p class='ocr_par' dir='ltr' id='par_1_56' title="bbox 459 3493 2048 3570">
     <span class='ocr_line' id='line_1_56' title="bbox 459 3493 2048 3570; baseline 0.001 -22"><span class='ocrx_word' id='word_1_499' title='bbox 459 3493 657 3564; x_wconf 90' lang='lat' dir='ltr'><strong>cipitur</strong></span> <span class='ocrx_word' id='word_1_500' title='bbox 687 3504 744 3550; x_wconf 89' lang='lat' dir='ltr'><strong>ut</strong></span> <span class='ocrx_word' id='word_1_501' title='bbox 771 3511 932 3553; x_wconf 89' lang='lat' dir='ltr'><strong>mane</strong></span> <span class='ocrx_word' id='word_1_502' title='bbox 960 3498 1108 3570; x_wconf 90' lang='lat' dir='ltr'><strong>ligna</strong></span> <span class='ocrx_word' id='word_1_503' title='bbox 1137 3511 1238 3568; x_wconf 71' lang='lat' dir='ltr'><strong>per</strong></span> <span class='ocrx_word' id='word_1_504' title='bbox 1264 3497 1382 3553; x_wconf 90' lang='lat' dir='ltr'><strong>dies</strong></span> <span class='ocrx_word' id='word_1_505' title='bbox 1403 3497 1643 3570; x_wconf 88' lang='lat' dir='ltr'><strong>singulos</strong></span> <span class='ocrx_word' id='word_1_506' title='bbox 1667 3505 2048 3568; x_wconf 85' lang='lat' dir='ltr'><strong>congerantur.</strong></span> 
     </span>
    </p>
   </div>
   <div class='ocr_carea' id='block_1_57' title="bbox 347 3582 2055 3658">
    <p class='ocr_par' dir='ltr' id='par_1_57' title="bbox 347 3582 2055 3658">
     <span class='ocr_line' id='line_1_57' title="bbox 347 3582 2055 3658; baseline 0.003 -19"><span class='ocrx_word' id='word_1_507' title='bbox 347 3613 355 3625; x_wconf 76' lang='grc' dir='ltr'><strong>ι</strong></span> <span class='ocrx_word' id='word_1_508' title='bbox 459 3582 588 3640; x_wconf 74' lang='lat' dir='ltr'><strong>Haec</strong></span> <span class='ocrx_word' id='word_1_509' title='bbox 607 3585 804 3658; x_wconf 89' lang='lat' dir='ltr'><strong>quippe</strong></span> <span class='ocrx_word' id='word_1_510' title='bbox 854 3603 964 3645; x_wconf 91' lang='lat' dir='ltr'><strong>non</strong></span> <span class='ocrx_word' id='word_1_511' title='bbox 1018 3590 1155 3643; x_wconf 89' lang='lat' dir='ltr'><strong>ﬁunt</strong></span> <span class='ocrx_word' id='word_1_512' title='bbox 1201 3588 1304 3644; x_wconf 91' lang='lat' dir='ltr'><strong>nisi</strong></span> <span class='ocrx_word' id='word_1_513' title='bbox 1340 3605 1465 3644; x_wconf 92' lang='lat' dir='ltr'><strong>cum</strong></span> <span class='ocrx_word' id='word_1_514' title='bbox 1496 3605 1603 3644; x_wconf 86' lang='lat' dir='ltr'><strong>nox</strong></span> <span class='ocrx_word' id='word_1_515' title='bbox 1653 3589 1918 3645; x_wconf 67' lang='lat' dir='ltr'><strong>caacitatis</strong></span> <span class='ocrx_word' id='word_1_516' title='bbox 1959 3605 2055 3644; x_wconf 83' lang='lat' dir='ltr'><strong>ex-</strong></span> 
     </span>
    </p>
   </div>
   <div class='ocr_carea' id='block_1_58' title="bbox 457 3678 2049 3753">
    <p class='ocr_par' dir='ltr' id='par_1_58' title="bbox 457 3678 2049 3753">
     <span class='ocr_line' id='line_1_58' title="bbox 457 3678 2049 3753; baseline 0.003 -20"><span class='ocrx_word' id='word_1_517' title='bbox 457 3678 784 3749; x_wconf 85' lang='lat' dir='ltr'><strong>stinguitur;</strong></span> <span class='ocrx_word' id='word_1_518' title='bbox 815 3681 902 3736; x_wconf 88' lang='lat' dir='ltr'><strong>vel</strong></span> <span class='ocrx_word' id='word_1_519' title='bbox 929 3689 1100 3747; x_wconf 88' lang='lat' dir='ltr'><strong>certe,</strong></span> <span class='ocrx_word' id='word_1_520' title='bbox 1128 3682 1254 3751; x_wconf 89' lang='lat' dir='ltr'><strong>quia</strong></span> <span class='ocrx_word' id='word_1_521' title='bbox 1286 3697 1451 3738; x_wconf 87' lang='lat' dir='ltr'><strong>mane</strong></span> <span class='ocrx_word' id='word_1_522' title='bbox 1470 3684 1647 3753; x_wconf 89' lang='lat' dir='ltr'><strong>prima</strong></span> <span class='ocrx_word' id='word_1_523' title='bbox 1670 3698 1798 3753; x_wconf 89' lang='lat' dir='ltr'><strong>pars</strong></span> <span class='ocrx_word' id='word_1_524' title='bbox 1811 3683 1917 3739; x_wconf 90' lang='lat' dir='ltr'><strong>diei</strong></span> <span class='ocrx_word' id='word_1_525' title='bbox 1941 3690 2049 3748; x_wconf 88' lang='lat' dir='ltr'><strong>est,</strong></span> 
     </span>
    </p>
   </div>
   <div class='ocr_carea' id='block_1_59' title="bbox 453 3771 2053 3845">
    <p class='ocr_par' dir='ltr' id='par_1_59' title="bbox 453 3771 2053 3845">
     <span class='ocr_line' id='line_1_59' title="bbox 453 3771 2053 3845; baseline 0.003 -22"><span class='ocrx_word' id='word_1_526' title='bbox 453 3771 766 3840; x_wconf 82' lang='lat' dir='ltr'><strong>postpositis</strong></span> <span class='ocrx_word' id='word_1_527' title='bbox 790 3773 1216 3844; x_wconf 86' lang='lat' dir='ltr'><strong>cogitationibus</strong></span> <span class='ocrx_word' id='word_1_528' title='bbox 1241 3774 1366 3828; x_wconf 68' lang='lat' dir='ltr'><strong>vita:</strong></span> <span class='ocrx_word' id='word_1_529' title='bbox 1393 3775 1702 3844; x_wconf 78' lang='lat' dir='ltr'><strong>przesentis,</strong></span> <span class='ocrx_word' id='word_1_530' title='bbox 1732 3776 1836 3830; x_wconf 92' lang='lat' dir='ltr'><strong>hoc</strong></span> <span class='ocrx_word' id='word_1_531' title='bbox 1870 3775 2053 3845; x_wconf 89' lang='lat' dir='ltr'><strong>priore</strong></span> 
     </span>
    </p>
   </div>
   <div class='ocr_carea' id='block_1_60' title="bbox 454 3856 2053 3935">
    <p class='ocr_par' dir='ltr' id='par_1_60' title="bbox 454 3856 2053 3935">
     <span class='ocr_line' id='line_1_60' title="bbox 454 3856 2053 3935; baseline 0.004 -21"><span class='ocrx_word' id='word_1_532' title='bbox 454 3856 574 3916; x_wconf 88' lang='lat' dir='ltr'><strong>loco</strong></span> <span class='ocrx_word' id='word_1_533' title='bbox 601 3863 852 3933; x_wconf 86' lang='lat' dir='ltr'><strong>quisquis</strong></span> <span class='ocrx_word' id='word_1_534' title='bbox 875 3863 1113 3919; x_wconf 90' lang='lat' dir='ltr'><strong>ﬁdelium</strong></span> <span class='ocrx_word' id='word_1_535' title='bbox 1142 3863 1344 3935; x_wconf 89' lang='lat' dir='ltr'><strong>cogitet</strong></span> <span class='ocrx_word' id='word_1_536' title='bbox 1376 3873 1436 3918; x_wconf 88' lang='lat' dir='ltr'><strong>ut</strong></span> <span class='ocrx_word' id='word_1_537' title='bbox 1472 3866 1617 3934; x_wconf 85' lang='lat' dir='ltr'><strong>quod</strong></span> <span class='ocrx_word' id='word_1_538' title='bbox 1645 3865 1700 3918; x_wconf 90' lang='lat' dir='ltr'><strong>in</strong></span> <span class='ocrx_word' id='word_1_539' title='bbox 1746 3879 1804 3920; x_wconf 91' lang='lat' dir='ltr'><strong>se</strong></span> <span class='ocrx_word' id='word_1_540' title='bbox 1825 3863 2053 3935; x_wconf 86' lang='lat' dir='ltr'><strong>jamque</strong></span> 
     </span>
    </p>
   </div>
   <div class='ocr_carea' id='block_1_61' title="bbox 456 3953 2052 4024">
    <p class='ocr_par' dir='ltr' id='par_1_61' title="bbox 456 3953 2052 4024">
     <span class='ocr_line' id='line_1_61' title="bbox 456 3953 2052 4024; baseline 0.004 -18"><span class='ocrx_word' id='word_1_541' title='bbox 456 3953 610 4022; x_wconf 90' lang='lat' dir='ltr'><strong>quasi</strong></span> <span class='ocrx_word' id='word_1_542' title='bbox 640 3953 861 4019; x_wconf 80' lang='lat' dir='ltr'><strong>defecit,</strong></span> <span class='ocrx_word' id='word_1_543' title='bbox 915 3955 1112 4024; x_wconf 88' lang='lat' dir='ltr'><strong>quibus</strong></span> <span class='ocrx_word' id='word_1_544' title='bbox 1148 3955 1293 4011; x_wconf 90' lang='lat' dir='ltr'><strong>valet</strong></span> <span class='ocrx_word' id='word_1_545' title='bbox 1313 3956 1547 4022; x_wconf 90' lang='lat' dir='ltr'><strong>nisibus,</strong></span> <span class='ocrx_word' id='word_1_546' title='bbox 1592 3955 1830 4012; x_wconf 88' lang='lat' dir='ltr'><strong>studium</strong></span> <span class='ocrx_word' id='word_1_547' title='bbox 1869 3956 2052 4012; x_wconf 86' lang='lat' dir='ltr'><strong>chari-</strong></span> 
     </span>
    </p>
   </div>
   <div class='ocr_carea' id='block_1_62' title="bbox 457 4046 2052 4120">
    <p class='ocr_par' dir='ltr' id='par_1_62' title="bbox 457 4046 2052 4120">
     <span class='ocr_line' id='line_1_62' title="bbox 457 4046 2052 4120; baseline 0.004 -20"><span class='ocrx_word' id='word_1_548' title='bbox 457 4047 584 4102; x_wconf 88' lang='lat' dir='ltr'><strong>tatis</strong></span> <span class='ocrx_word' id='word_1_549' title='bbox 618 4046 936 4102; x_wconf 90' lang='lat' dir='ltr'><strong>inﬂammet.</strong></span> <span class='ocrx_word' id='word_1_550' title='bbox 975 4049 1122 4120; x_wconf 88' lang='lat' dir='ltr'><strong>Ignis</strong></span> <span class='ocrx_word' id='word_1_551' title='bbox 1150 4051 1296 4106; x_wconf 85' lang='lat' dir='ltr'><strong>enim</strong></span> <span class='ocrx_word' id='word_1_552' title='bbox 1316 4051 1421 4106; x_wconf 90' lang='lat' dir='ltr'><strong>iste</strong></span> <span class='ocrx_word' id='word_1_553' title='bbox 1448 4051 1504 4105; x_wconf 89' lang='lat' dir='ltr'><strong>in</strong></span> <span class='ocrx_word' id='word_1_554' title='bbox 1537 4051 1708 4108; x_wconf 90' lang='lat' dir='ltr'><strong>altare</strong></span> <span class='ocrx_word' id='word_1_555' title='bbox 1736 4051 1972 4116; x_wconf 89' lang='lat' dir='ltr'><strong>Domini,</strong></span> <span class='ocrx_word' id='word_1_556' title='bbox 1996 4050 2052 4106; x_wconf 90' lang='lat' dir='ltr'><strong>id</strong></span> 
     </span>
    </p>
   </div>
   <div class='ocr_carea' id='block_1_63' title="bbox 457 4135 2053 4210">
    <p class='ocr_par' dir='ltr' id='par_1_63' title="bbox 457 4135 2053 4210">
     <span class='ocr_line' id='line_1_63' title="bbox 457 4135 2053 4210; baseline 0.001 -20"><span class='ocrx_word' id='word_1_557' title='bbox 457 4142 562 4198; x_wconf 84' lang='lat' dir='ltr'><strong>est,</strong></span> <span class='ocrx_word' id='word_1_558' title='bbox 590 4135 646 4188; x_wconf 90' lang='lat' dir='ltr'><strong>in</strong></span> <span class='ocrx_word' id='word_1_559' title='bbox 675 4135 839 4190; x_wconf 90' lang='lat' dir='ltr'><strong>corde</strong></span> <span class='ocrx_word' id='word_1_560' title='bbox 853 4145 1059 4202; x_wconf 89' lang='lat' dir='ltr'><strong>nostro,</strong></span> <span class='ocrx_word' id='word_1_561' title='bbox 1086 4138 1246 4194; x_wconf 90' lang='lat' dir='ltr'><strong>citius</strong></span> <span class='ocrx_word' id='word_1_562' title='bbox 1275 4140 1656 4210; x_wconf 83' lang='lat' dir='ltr'><strong>exstinguitur,</strong></span> <span class='ocrx_word' id='word_1_563' title='bbox 1693 4140 1798 4195; x_wconf 90' lang='lat' dir='ltr'><strong>nisi</strong></span> <span class='ocrx_word' id='word_1_564' title='bbox 1824 4139 2053 4195; x_wconf 89' lang='lat' dir='ltr'><strong>solerter</strong></span> 
     </span>
    </p>
   </div>
   <div class='ocr_carea' id='block_1_64' title="bbox 459 4225 2050 4295">
    <p class='ocr_par' dir='ltr' id='par_1_64' title="bbox 459 4225 2050 4295">
     <span class='ocr_line' id='line_1_64' title="bbox 459 4225 2050 4295; baseline 0.004 -17"><span class='ocrx_word' id='word_1_565' title='bbox 459 4225 712 4280; x_wconf 85' lang='lat' dir='ltr'><strong>adhibitis</strong></span> <span class='ocrx_word' id='word_1_566' title='bbox 738 4226 1000 4295; x_wconf 79' lang='lat' dir='ltr'><strong>exemplis</strong></span> <span class='ocrx_word' id='word_1_567' title='bbox 1029 4226 1254 4282; x_wconf 91' lang='lat' dir='ltr'><strong>Patrum</strong></span> <span class='ocrx_word' id='word_1_568' title='bbox 1305 4237 1361 4284; x_wconf 92' lang='lat' dir='ltr'><strong>et</strong></span> <span class='ocrx_word' id='word_1_569' title='bbox 1397 4229 1691 4284; x_wconf 89' lang='lat' dir='ltr'><strong>Dominicis</strong></span> <span class='ocrx_word' id='word_1_570' title='bbox 1718 4228 2050 4284; x_wconf 88' lang='lat' dir='ltr'><strong>testimoniis</strong></span> 
     </span>
    </p>
   </div>
   <div class='ocr_carea' id='block_1_65' title="bbox 459 4316 2051 4390">
    <p class='ocr_par' dir='ltr' id='par_1_65' title="bbox 459 4316 2051 4390">
     <span class='ocr_line' id='line_1_65' title="bbox 459 4316 2051 4390; baseline -0.001 -16"><span class='ocrx_word' id='word_1_571' title='bbox 459 4324 761 4387; x_wconf 85' lang='lat' dir='ltr'><strong>reparetur.</strong></span> <span class='ocrx_word' id='word_1_572' title='bbox 785 4316 932 4374; x_wconf 86' lang='lat' dir='ltr'><strong>Bene</strong></span> <span class='ocrx_word' id='word_1_573' title='bbox 953 4326 1134 4374; x_wconf 76' lang='lat' dir='ltr'><strong>autem</strong></span> <span class='ocrx_word' id='word_1_574' title='bbox 1157 4318 1265 4374; x_wconf 91' lang='lat' dir='ltr'><strong>illic</strong></span> <span class='ocrx_word' id='word_1_575' title='bbox 1291 4317 1635 4390; x_wconf 83' lang='lat' dir='ltr'><strong>subjungitur</strong></span> <span class='ocrx_word' id='word_1_576' title='bbox 1663 4334 1677 4373; x_wconf 90' lang='lat'><strong>:</strong></span> <span class='ocrx_word' id='word_1_577' title='bbox 1715 4319 1784 4372; x_wconf 88' lang='lat' dir='ltr'><strong>Et</strong></span> <span class='ocrx_word' id='word_1_578' title='bbox 1806 4319 2051 4390; x_wconf 87' lang='lat' dir='ltr'><strong><em>imposito</em></strong></span> 
     </span>
    </p>
   </div>
   <div class='ocr_carea' id='block_1_66' title="bbox 457 4407 2052 4482">
    <p class='ocr_par' dir='ltr' id='par_1_66' title="bbox 457 4407 2052 4482">
     <span class='ocr_line' id='line_1_66' title="bbox 457 4407 2052 4482; baseline -0.001 -17"><span class='ocrx_word' id='word_1_579' title='bbox 457 4407 764 4465; x_wconf 78' lang='lat' dir='ltr'><strong><em>holocausta</em></strong></span> <span class='ocrx_word' id='word_1_580' title='bbox 803 4410 1025 4482; x_wconf 87' lang='lat' dir='ltr'><strong><em>desuper</em></strong></span> <span class='ocrx_word' id='word_1_581' title='bbox 1045 4410 1273 4465; x_wconf 87' lang='lat' dir='ltr'><strong><em>adolebit</em></strong></span> <span class='ocrx_word' id='word_1_582' title='bbox 1299 4411 1478 4481; x_wconf 87' lang='lat' dir='ltr'><strong><em>adipes</em></strong></span> <span class='ocrx_word' id='word_1_583' title='bbox 1503 4410 1863 4481; x_wconf 76' lang='lat' dir='ltr'><strong><em>paciﬁcorum.</em></strong></span> <span class='ocrx_word' id='word_1_584' title='bbox 1914 4409 2052 4465; x_wconf 88' lang='lat' dir='ltr'><strong>Nam</strong></span> 
     </span>
    </p>
   </div>
   <div class='ocr_carea' id='block_1_67' title="bbox 458 4502 2052 4576">
    <p class='ocr_par' dir='ltr' id='par_1_67' title="bbox 458 4502 2052 4576">
     <span class='ocr_line' id='line_1_67' title="bbox 458 4502 2052 4576; baseline -0.001 -18"><span class='ocrx_word' id='word_1_585' title='bbox 458 4503 704 4575; x_wconf 89' lang='lat' dir='ltr'><strong>quisquis</strong></span> <span class='ocrx_word' id='word_1_586' title='bbox 719 4505 774 4559; x_wconf 90' lang='lat' dir='ltr'><strong>in</strong></span> <span class='ocrx_word' id='word_1_587' title='bbox 796 4520 856 4561; x_wconf 91' lang='lat' dir='ltr'><strong>se</strong></span> <span class='ocrx_word' id='word_1_588' title='bbox 883 4505 1030 4560; x_wconf 88' lang='lat' dir='ltr'><strong>hunc</strong></span> <span class='ocrx_word' id='word_1_589' title='bbox 1049 4504 1228 4576; x_wconf 89' lang='lat' dir='ltr'><strong>ignem</strong></span> <span class='ocrx_word' id='word_1_590' title='bbox 1256 4503 1542 4559; x_wconf 87' lang='lat' dir='ltr'><strong>charitatis</strong></span> <span class='ocrx_word' id='word_1_591' title='bbox 1567 4502 1836 4570; x_wconf 87' lang='lat' dir='ltr'><strong>accendit,</strong></span> <span class='ocrx_word' id='word_1_592' title='bbox 1853 4513 2052 4559; x_wconf 84' lang='lat' dir='ltr'><strong>semet-</strong></span> 
     </span>
    </p>
   </div>
   <div class='ocr_carea' id='block_1_68' title="bbox 458 4568 2128 4666">
    <p class='ocr_par' dir='ltr' id='par_1_68' title="bbox 458 4568 2128 4666">
     <span class='ocr_line' id='line_1_68' title="bbox 458 4568 2128 4666; baseline 0.001 -17"><span class='ocrx_word' id='word_1_593' title='bbox 458 4568 638 4665; x_wconf 75' lang='lat' dir='ltr'><strong>ipsum</strong></span> <span class='ocrx_word' id='word_1_594' title='bbox 681 4595 869 4666; x_wconf 87' lang='lat' dir='ltr'><strong>utique</strong></span> <span class='ocrx_word' id='word_1_595' title='bbox 916 4568 1297 4652; x_wconf 69' lang='lat' dir='ltr'><strong>holocaustum</strong></span> <span class='ocrx_word' id='word_1_596' title='bbox 1326 4595 1561 4665; x_wconf 89' lang='lat' dir='ltr'><strong>desuper</strong></span> <span class='ocrx_word' id='word_1_597' title='bbox 1602 4568 1862 4665; x_wconf 84' lang='lat' dir='ltr'><strong>imponet,</strong></span> <span class='ocrx_word' id='word_1_598' title='bbox 1917 4594 2049 4664; x_wconf 89' lang='lat' dir='ltr'><strong>quia</strong></span> <span class='ocrx_word' id='word_1_599' title='bbox 2075 4568 2128 4629; x_wconf 80' lang='lat' dir='ltr'><strong>D</strong></span> 
     </span>
    </p>
   </div>
   <div class='ocr_carea' id='block_1_69' title="bbox 459 4685 2050 4755">
    <p class='ocr_par' dir='ltr' id='par_1_69' title="bbox 459 4685 2050 4755">
     <span class='ocr_line' id='line_1_69' title="bbox 459 4685 2050 4755; baseline 0.003 -17"><span class='ocrx_word' id='word_1_600' title='bbox 459 4699 619 4739; x_wconf 91' lang='lat' dir='ltr'><strong>omne</strong></span> <span class='ocrx_word' id='word_1_601' title='bbox 648 4685 839 4740; x_wconf 90' lang='lat' dir='ltr'><strong>vitium</strong></span> <span class='ocrx_word' id='word_1_602' title='bbox 865 4687 1008 4755; x_wconf 91' lang='lat' dir='ltr'><strong>quod</strong></span> <span class='ocrx_word' id='word_1_603' title='bbox 1046 4687 1103 4741; x_wconf 90' lang='lat' dir='ltr'><strong>in</strong></span> <span class='ocrx_word' id='word_1_604' title='bbox 1143 4703 1203 4742; x_wconf 92' lang='lat' dir='ltr'><strong>se</strong></span> <span class='ocrx_word' id='word_1_605' title='bbox 1230 4685 1372 4742; x_wconf 85' lang='lat' dir='ltr'><strong>male</strong></span> <span class='ocrx_word' id='word_1_606' title='bbox 1405 4686 1623 4741; x_wconf 87' lang='lat' dir='ltr'><strong>vivebat</strong></span> <span class='ocrx_word' id='word_1_607' title='bbox 1670 4686 1868 4741; x_wconf 82' lang='lat' dir='ltr'><strong>exurit.</strong></span> <span class='ocrx_word' id='word_1_608' title='bbox 1915 4686 2050 4742; x_wconf 90' lang='lat' dir='ltr'><strong>Cum</strong></span> 
     </span>
    </p>
   </div>
   <div class='ocr_carea' id='block_1_70' title="bbox 460 4774 2052 4844">
    <p class='ocr_par' dir='ltr' id='par_1_70' title="bbox 460 4774 2052 4844">
     <span class='ocr_line' id='line_1_70' title="bbox 460 4774 2052 4844; baseline 0.004 -17"><span class='ocrx_word' id='word_1_609' title='bbox 460 4774 606 4828; x_wconf 88' lang='lat' dir='ltr'><strong>enim</strong></span> <span class='ocrx_word' id='word_1_610' title='bbox 645 4774 1031 4844; x_wconf 85' lang='lat' dir='ltr'><strong>cogitationum</strong></span> <span class='ocrx_word' id='word_1_611' title='bbox 1084 4793 1305 4833; x_wconf 88' lang='lat' dir='ltr'><strong>suarum</strong></span> <span class='ocrx_word' id='word_1_612' title='bbox 1345 4777 1557 4833; x_wconf 89' lang='lat' dir='ltr'><strong>interna</strong></span> <span class='ocrx_word' id='word_1_613' title='bbox 1610 4777 1942 4844; x_wconf 87' lang='lat' dir='ltr'><strong>considerat,</strong></span> <span class='ocrx_word' id='word_1_614' title='bbox 1996 4785 2052 4833; x_wconf 90' lang='lat' dir='ltr'><strong>et</strong></span> 
     </span>
    </p>
   </div>
   <div class='ocr_carea' id='block_1_71' title="bbox 460 4864 2048 4940">
    <p class='ocr_par' dir='ltr' id='par_1_71' title="bbox 460 4864 2048 4940">
     <span class='ocr_line' id='line_1_71' title="bbox 460 4864 2048 4940; baseline 0.005 -23"><span class='ocrx_word' id='word_1_615' title='bbox 460 4864 629 4919; x_wconf 89' lang='lat' dir='ltr'><strong>vitam</strong></span> <span class='ocrx_word' id='word_1_616' title='bbox 655 4866 941 4936; x_wconf 88' lang='lat' dir='ltr'><strong>reprobam</strong></span> <span class='ocrx_word' id='word_1_617' title='bbox 987 4883 1086 4937; x_wconf 88' lang='lat' dir='ltr'><strong>per</strong></span> <span class='ocrx_word' id='word_1_618' title='bbox 1111 4869 1505 4925; x_wconf 87' lang='lat' dir='ltr'><strong>immutationis</strong></span> <span class='ocrx_word' id='word_1_619' title='bbox 1537 4869 1775 4940; x_wconf 86' lang='lat' dir='ltr'><strong>gladium</strong></span> <span class='ocrx_word' id='word_1_620' title='bbox 1823 4879 2048 4936; x_wconf 89' lang='lat' dir='ltr'><strong>mactat,</strong></span> 
     </span>
    </p>
   </div>
   <div class='ocr_carea' id='block_1_72' title="bbox 463 4955 2050 5030">
    <p class='ocr_par' dir='ltr' id='par_1_72' title="bbox 463 4955 2050 5030">
     <span class='ocr_line' id='line_1_72' title="bbox 463 4955 2050 5030; baseline 0.003 -20"><span class='ocrx_word' id='word_1_621' title='bbox 463 4955 519 5010; x_wconf 88' lang='lat' dir='ltr'><strong>in</strong></span> <span class='ocrx_word' id='word_1_622' title='bbox 547 4971 640 5010; x_wconf 87' lang='lat' dir='ltr'><strong>ara</strong></span> <span class='ocrx_word' id='word_1_623' title='bbox 669 4972 726 5012; x_wconf 89' lang='lat' dir='ltr'><strong>se</strong></span> <span class='ocrx_word' id='word_1_624' title='bbox 751 4957 834 5013; x_wconf 88' lang='lat' dir='ltr'><strong>sui</strong></span> <span class='ocrx_word' id='word_1_625' title='bbox 857 4959 1039 5012; x_wconf 91' lang='lat' dir='ltr'><strong>cordis</strong></span> <span class='ocrx_word' id='word_1_626' title='bbox 1078 4959 1355 5029; x_wconf 88' lang='lat' dir='ltr'><strong>imposuit,</strong></span> <span class='ocrx_word' id='word_1_627' title='bbox 1398 4969 1453 5014; x_wconf 91' lang='lat' dir='ltr'><strong>et</strong></span> <span class='ocrx_word' id='word_1_628' title='bbox 1486 4961 1610 5030; x_wconf 86' lang='lat' dir='ltr'><strong>igne</strong></span> <span class='ocrx_word' id='word_1_629' title='bbox 1641 4959 1929 5014; x_wconf 88' lang='lat' dir='ltr'><strong>charitatis</strong></span> <span class='ocrx_word' id='word_1_630' title='bbox 1966 4961 2050 5014; x_wconf 91' lang='lat' dir='ltr'><strong>in-</strong></span> 
     </span>
    </p>
   </div>
   <div class='ocr_carea' id='block_1_73' title="bbox 464 5049 2044 5123">
    <p class='ocr_par' dir='ltr' id='par_1_73' title="bbox 464 5049 2044 5123">
     <span class='ocr_line' id='line_1_73' title="bbox 464 5049 2044 5123; baseline 0.004 -20"><span class='ocrx_word' id='word_1_631' title='bbox 464 5049 685 5115; x_wconf 86' lang='lat' dir='ltr'><strong>cendit;</strong></span> <span class='ocrx_word' id='word_1_632' title='bbox 723 5051 788 5105; x_wconf 92' lang='lat' dir='ltr'><strong>de</strong></span> <span class='ocrx_word' id='word_1_633' title='bbox 811 5065 916 5119; x_wconf 84' lang='lat' dir='ltr'><strong>qua</strong></span> <span class='ocrx_word' id='word_1_634' title='bbox 959 5051 1150 5106; x_wconf 72' lang='lat' dir='ltr'><strong>hostia:</strong></span> <span class='ocrx_word' id='word_1_635' title='bbox 1175 5054 1524 5123; x_wconf 87' lang='lat' dir='ltr'><strong>paciﬁcorum</strong></span> <span class='ocrx_word' id='word_1_636' title='bbox 1551 5053 1740 5123; x_wconf 85' lang='lat' dir='ltr'><strong>adipes</strong></span> <span class='ocrx_word' id='word_1_637' title='bbox 1780 5053 2044 5121; x_wconf 86' lang='lat' dir='ltr'><strong>redolent,</strong></span> 
     </span>
    </p>
   </div>
   <div class='ocr_carea' id='block_1_74' title="bbox 465 5129 2051 5217">
    <p class='ocr_par' dir='ltr' id='par_1_74' title="bbox 465 5129 2051 5217">
     <span class='ocr_line' id='line_1_74' title="bbox 465 5129 2051 5217; baseline 0.006 -23"><span class='ocrx_word' id='word_1_638' title='bbox 465 5140 594 5211; x_wconf 86' lang='lat' dir='ltr'><strong>quia</strong></span> <span class='ocrx_word' id='word_1_639' title='bbox 620 5140 832 5195; x_wconf 89' lang='lat' dir='ltr'><strong>interna</strong></span> <span class='ocrx_word' id='word_1_640' title='bbox 855 5157 1007 5197; x_wconf 78' lang='lat' dir='ltr'><strong>novae</strong></span> <span class='ocrx_word' id='word_1_641' title='bbox 1031 5143 1154 5198; x_wconf 78' lang='lat' dir='ltr'><strong>vitae</strong></span> <span class='ocrx_word' id='word_1_642' title='bbox 1175 5129 1545 5217; x_wconf 84' lang='lat' dir='ltr'><strong>impinguatio,</strong></span> <span class='ocrx_word' id='word_1_643' title='bbox 1571 5160 1761 5215; x_wconf 88' lang='lat' dir='ltr'><strong>pacem</strong></span> <span class='ocrx_word' id='word_1_644' title='bbox 1787 5144 1930 5199; x_wconf 91' lang='lat' dir='ltr'><strong>inter</strong></span> <span class='ocrx_word' id='word_1_645' title='bbox 1951 5161 2051 5203; x_wconf 90' lang='lat' dir='ltr'><strong>nos</strong></span> 
     </span>
    </p>
   </div>
   <div class='ocr_carea' id='block_1_75' title="bbox 467 5231 2050 5298">
    <p class='ocr_par' dir='ltr' id='par_1_75' title="bbox 467 5231 2050 5298">
     <span class='ocr_line' id='line_1_75' title="bbox 467 5231 2050 5298; baseline 0.004 -13"><span class='ocrx_word' id='word_1_646' title='bbox 467 5241 521 5286; x_wconf 93' lang='lat' dir='ltr'><strong>et</strong></span> <span class='ocrx_word' id='word_1_647' title='bbox 551 5232 721 5287; x_wconf 90' lang='lat' dir='ltr'><strong>Deum</strong></span> <span class='ocrx_word' id='word_1_648' title='bbox 743 5231 968 5298; x_wconf 82' lang='lat' dir='ltr'><strong>faciens,</strong></span> <span class='ocrx_word' id='word_1_649' title='bbox 994 5235 1217 5290; x_wconf 89' lang='lat' dir='ltr'><strong>odorem</strong></span> <span class='ocrx_word' id='word_1_650' title='bbox 1247 5235 1315 5291; x_wconf 89' lang='lat' dir='ltr'><strong>de</strong></span> <span class='ocrx_word' id='word_1_651' title='bbox 1336 5238 1492 5292; x_wconf 90' lang='lat' dir='ltr'><strong>nobis</strong></span> <span class='ocrx_word' id='word_1_652' title='bbox 1515 5235 1900 5291; x_wconf 86' lang='lat' dir='ltr'><strong>suavissimum</strong></span> <span class='ocrx_word' id='word_1_653' title='bbox 1927 5238 2050 5292; x_wconf 80' lang='lat' dir='ltr'><strong>red-</strong></span> 
     </span>
    </p>
   </div>
   <div class='ocr_carea' id='block_1_76' title="bbox 467 5324 2050 5393">
    <p class='ocr_par' dir='ltr' id='par_1_76' title="bbox 467 5324 2050 5393">
     <span class='ocr_line' id='line_1_76' title="bbox 467 5324 2050 5393; baseline 0.003 -12"><span class='ocrx_word' id='word_1_654' title='bbox 467 5324 565 5381; x_wconf 89' lang='lat' dir='ltr'><strong>dit.</strong></span> <span class='ocrx_word' id='word_1_655' title='bbox 593 5325 728 5393; x_wconf 83' lang='lat' dir='ltr'><strong>Quia</strong></span> <span class='ocrx_word' id='word_1_656' title='bbox 756 5341 886 5382; x_wconf 88' lang='lat' dir='ltr'><strong>vero</strong></span> <span class='ocrx_word' id='word_1_657' title='bbox 913 5327 1100 5383; x_wconf 89' lang='lat' dir='ltr'><strong>eadem</strong></span> <span class='ocrx_word' id='word_1_658' title='bbox 1122 5329 1359 5384; x_wconf 88' lang='lat' dir='ltr'><strong>charitas</strong></span> <span class='ocrx_word' id='word_1_659' title='bbox 1390 5331 1444 5384; x_wconf 90' lang='lat' dir='ltr'><strong>in</strong></span> <span class='ocrx_word' id='word_1_660' title='bbox 1469 5331 1721 5386; x_wconf 90' lang='lat' dir='ltr'><strong>cordibus</strong></span> <span class='ocrx_word' id='word_1_661' title='bbox 1751 5332 2050 5387; x_wconf 91' lang='lat' dir='ltr'><strong>electorum</strong></span> 
     </span>
    </p>
   </div>
   <div class='ocr_carea' id='block_1_77' title="bbox 468 5413 2050 5496">
    <p class='ocr_par' dir='ltr' id='par_1_77' title="bbox 468 5413 2050 5496">
     <span class='ocr_line' id='line_1_77' title="bbox 468 5413 2050 5496; baseline 0.004 -26"><span class='ocrx_word' id='word_1_662' title='bbox 468 5413 921 5490; x_wconf 82' lang='lat' dir='ltr'><strong>inexstinguibilis</strong></span> <span class='ocrx_word' id='word_1_663' title='bbox 937 5427 1139 5485; x_wconf 90' lang='lat' dir='ltr'><strong>manet,</strong></span> <span class='ocrx_word' id='word_1_664' title='bbox 1166 5429 1290 5490; x_wconf 89' lang='lat' dir='ltr'><strong>apte</strong></span> <span class='ocrx_word' id='word_1_665' title='bbox 1308 5420 1416 5477; x_wconf 90' lang='lat' dir='ltr'><strong>illic</strong></span> <span class='ocrx_word' id='word_1_666' title='bbox 1430 5423 1677 5480; x_wconf 87' lang='lat' dir='ltr'><strong>subditur</strong></span> <span class='ocrx_word' id='word_1_667' title='bbox 1706 5444 1718 5480; x_wconf 90' lang='lat'>:</span> <span class='ocrx_word' id='word_1_668' title='bbox 1744 5425 1890 5496; x_wconf 87' lang='lat' dir='ltr'><strong><em>Ignis</em></strong></span> <span class='ocrx_word' id='word_1_669' title='bbox 1912 5425 2050 5478; x_wconf 88' lang='lat' dir='ltr'><strong><em>enim</em></strong></span> 
     </span>
    </p>
   </div>
   <div class='ocr_carea' id='block_1_78' title="bbox 466 5503 2050 5582">
    <p class='ocr_par' dir='ltr' id='par_1_78' title="bbox 466 5503 2050 5582">
     <span class='ocr_line' id='line_1_78' title="bbox 466 5503 2050 5582; baseline 0.004 -20"><span class='ocrx_word' id='word_1_670' title='bbox 466 5503 564 5562; x_wconf 76' lang='lat' dir='ltr'><strong><em>iste</em></strong></span> <span class='ocrx_word' id='word_1_671' title='bbox 589 5520 886 5580; x_wconf 86' lang='lat' dir='ltr'><strong><em>perpetuus,</em></strong></span> <span class='ocrx_word' id='word_1_672' title='bbox 925 5511 1016 5582; x_wconf 92' lang='lat' dir='ltr'><strong><em>qui</em></strong></span> <span class='ocrx_word' id='word_1_673' title='bbox 1036 5527 1305 5582; x_wconf 86' lang='lat' dir='ltr'><strong><em>nunquam</em></strong></span> <span class='ocrx_word' id='word_1_674' title='bbox 1335 5513 1538 5582; x_wconf 82' lang='lat' dir='ltr'><strong><em>deﬁciet</em></strong></span> <span class='ocrx_word' id='word_1_675' title='bbox 1577 5516 1640 5570; x_wconf 90' lang='lat' dir='ltr'><strong>de</strong></span> <span class='ocrx_word' id='word_1_676' title='bbox 1669 5516 1848 5570; x_wconf 89' lang='lat' dir='ltr'><strong>altari.</strong></span> <span class='ocrx_word' id='word_1_677' title='bbox 1902 5515 2050 5570; x_wconf 88' lang='lat' dir='ltr'><strong>Nun-</strong></span> 
     </span>
    </p>
   </div>
   <div class='ocr_carea' id='block_1_79' title="bbox 470 5600 2053 5677">
    <p class='ocr_par' dir='ltr' id='par_1_79' title="bbox 470 5600 2053 5677">
     <span class='ocr_line' id='line_1_79' title="bbox 470 5600 2053 5677; baseline 0.007 -27"><span class='ocrx_word' id='word_1_678' title='bbox 470 5611 634 5666; x_wconf 84' lang='lat' dir='ltr'><strong>quam</strong></span> <span class='ocrx_word' id='word_1_679' title='bbox 659 5600 904 5671; x_wconf 83' lang='lat' dir='ltr'><strong>profecto</strong></span> <span class='ocrx_word' id='word_1_680' title='bbox 922 5601 991 5656; x_wconf 89' lang='lat' dir='ltr'><strong>de</strong></span> <span class='ocrx_word' id='word_1_681' title='bbox 1009 5600 1168 5656; x_wconf 82' lang='lat' dir='ltr'><strong>altari</strong></span> <span class='ocrx_word' id='word_1_682' title='bbox 1198 5603 1338 5673; x_wconf 86' lang='lat' dir='ltr'><strong>ignis</strong></span> <span class='ocrx_word' id='word_1_683' title='bbox 1360 5603 1464 5660; x_wconf 90' lang='lat' dir='ltr'><strong>iste</strong></span> <span class='ocrx_word' id='word_1_684' title='bbox 1486 5605 1724 5674; x_wconf 84' lang='lat' dir='ltr'><strong>deﬁciet,</strong></span> <span class='ocrx_word' id='word_1_685' title='bbox 1747 5606 1871 5677; x_wconf 88' lang='lat' dir='ltr'><strong>quia</strong></span> <span class='ocrx_word' id='word_1_686' title='bbox 1883 5607 2053 5661; x_wconf 85' lang='lat' dir='ltr'><strong>etiam</strong></span> 
     </span>
    </p>
   </div>
   <div class='ocr_carea' id='block_1_80' title="bbox 477 5688 2053 5763">
    <p class='ocr_par' dir='ltr' id='par_1_80' title="bbox 477 5688 2053 5763">
     <span class='ocr_line' id='line_1_80' title="bbox 477 5688 2053 5763; baseline 0.009 -23"><span class='ocrx_word' id='word_1_687' title='bbox 477 5695 603 5763; x_wconf 88' lang='lat' dir='ltr'><strong>post</strong></span> <span class='ocrx_word' id='word_1_688' title='bbox 629 5688 769 5747; x_wconf 91' lang='lat' dir='ltr'><strong>hanc</strong></span> <span class='ocrx_word' id='word_1_689' title='bbox 808 5693 976 5748; x_wconf 83' lang='lat' dir='ltr'><strong>vitam</strong></span> <span class='ocrx_word' id='word_1_690' title='bbox 1016 5707 1206 5750; x_wconf 90' lang='lat' dir='ltr'><strong>eorum</strong></span> <span class='ocrx_word' id='word_1_691' title='bbox 1241 5696 1511 5752; x_wconf 90' lang='lat' dir='ltr'><strong>mentibus</strong></span> <span class='ocrx_word' id='word_1_692' title='bbox 1545 5695 1724 5752; x_wconf 78' lang='lat' dir='ltr'><strong>fervor</strong></span> <span class='ocrx_word' id='word_1_693' title='bbox 1770 5697 2053 5754; x_wconf 86' lang='lat' dir='ltr'><strong>charitatis</strong></span> 
     </span>
    </p>
   </div>
   <div class='ocr_carea' id='block_1_81' title="bbox 460 5782 2056 5871">
    <p class='ocr_par' dir='ltr' id='par_1_81' title="bbox 460 5782 2056 5871">
     <span class='ocr_line' id='line_1_81' title="bbox 460 5782 2056 5871; baseline 0.009 -35"><span class='ocrx_word' id='word_1_694' title='bbox 460 5782 753 5871; x_wconf 50' lang='lat' dir='ltr'><strong>Kaccrescit.</strong></span> <span class='ocrx_word' id='word_1_695' title='bbox 801 5782 1027 5844; x_wconf 64' lang='lat' dir='ltr'><strong>Eterna</strong></span> <span class='ocrx_word' id='word_1_696' title='bbox 1059 5786 1260 5861; x_wconf 86' lang='lat' dir='ltr'><strong>quippe</strong></span> <span class='ocrx_word' id='word_1_697' title='bbox 1301 5789 1756 5862; x_wconf 84' lang='lat' dir='ltr'><strong>contemplatione</strong></span> <span class='ocrx_word' id='word_1_698' title='bbox 1773 5789 1950 5861; x_wconf 79' lang='lat' dir='ltr'><strong>agitur</strong></span> <span class='ocrx_word' id='word_1_699' title='bbox 1993 5795 2056 5850; x_wconf 82' lang='lat' dir='ltr'><strong>ut</strong></span> 
     </span>
    </p>
   </div>
   <div class='ocr_carea' id='block_1_82' title="bbox 2153 3302 3744 3374">
    <p class='ocr_par' dir='ltr' id='par_1_82' title="bbox 2153 3302 3744 3374">
     <span class='ocr_line' id='line_1_82' title="bbox 2153 3302 3744 3374; baseline -0.002 -16"><span class='ocrx_word' id='word_1_700' title='bbox 2153 3320 2334 3358; x_wconf 91' lang='lat' dir='ltr'><strong><em>coram</em></strong></span> <span class='ocrx_word' id='word_1_701' title='bbox 2354 3303 2580 3357; x_wconf 86' lang='lat' dir='ltr'><strong><em>Domino</em></strong></span> <span class='ocrx_word' id='word_1_702' title='bbox 2610 3313 2659 3357; x_wconf 92' lang='lat' dir='ltr'><strong>et</strong></span> <span class='ocrx_word' id='word_1_703' title='bbox 2681 3320 2858 3358; x_wconf 90' lang='lat' dir='ltr'><strong><em>coram</em></strong></span> <span class='ocrx_word' id='word_1_704' title='bbox 2888 3302 3068 3358; x_wconf 92' lang='lat' dir='ltr'><strong>altari.</strong></span> <span class='ocrx_word' id='word_1_705' title='bbox 3094 3303 3209 3359; x_wconf 83' lang='lat' dir='ltr'><strong>Hoc</strong></span> <span class='ocrx_word' id='word_1_706' title='bbox 3233 3319 3366 3374; x_wconf 88' lang='lat' dir='ltr'><strong>ergo</strong></span> <span class='ocrx_word' id='word_1_707' title='bbox 3379 3304 3447 3359; x_wconf 90' lang='lat' dir='ltr'><strong>de</strong></span> <span class='ocrx_word' id='word_1_708' title='bbox 3471 3318 3583 3373; x_wconf 90' lang='lat' dir='ltr'><strong>quo</strong></span> <span class='ocrx_word' id='word_1_709' title='bbox 3606 3317 3744 3357; x_wconf 85' lang='lat' dir='ltr'><strong>nunc</strong></span> 
     </span>
    </p>
   </div>
   <div class='ocr_carea' id='block_1_83' title="bbox 2153 3387 3774 3467">
    <p class='ocr_par' dir='ltr' id='par_1_83' title="bbox 2153 3387 3774 3467">
     <span class='ocr_line' id='line_1_83' title="bbox 2153 3387 3774 3467; baseline 0.001 -19"><span class='ocrx_word' id='word_1_710' title='bbox 2153 3407 2334 3449; x_wconf 87' lang='lat' dir='ltr'><strong>sermo</strong></span> <span class='ocrx_word' id='word_1_711' title='bbox 2355 3402 2439 3449; x_wconf 91' lang='lat' dir='ltr'><strong>est</strong></span> <span class='ocrx_word' id='word_1_712' title='bbox 2471 3412 2484 3448; x_wconf 89' lang='lat'>:</span> <span class='ocrx_word' id='word_1_713' title='bbox 2518 3393 2615 3449; x_wconf 89' lang='lat' dir='ltr'><strong>ﬁlii</strong></span> <span class='ocrx_word' id='word_1_714' title='bbox 2637 3395 2840 3461; x_wconf 78' lang='lat' dir='ltr'><strong>Aaron,</strong></span> <span class='ocrx_word' id='word_1_715' title='bbox 2883 3395 2936 3450; x_wconf 89' lang='lat' dir='ltr'><strong>id</strong></span> <span class='ocrx_word' id='word_1_716' title='bbox 2966 3405 3069 3462; x_wconf 89' lang='lat' dir='ltr'><strong>est,</strong></span> <span class='ocrx_word' id='word_1_717' title='bbox 3113 3396 3373 3451; x_wconf 89' lang='lat' dir='ltr'><strong>sublimes</strong></span> <span class='ocrx_word' id='word_1_718' title='bbox 3399 3395 3456 3450; x_wconf 90' lang='lat' dir='ltr'><strong>in</strong></span> <span class='ocrx_word' id='word_1_719' title='bbox 3481 3395 3743 3467; x_wconf 78' lang='lat' dir='ltr'><strong>sapientia</strong></span> <span class='ocrx_word' id='word_1_720' title='bbox 3770 3387 3774 3390; x_wconf 68' lang='grc'><strong>’</strong></span> 
     </span>
    </p>
   </div>
   <div class='ocr_carea' id='block_1_84' title="bbox 2153 3487 3739 3556">
    <p class='ocr_par' dir='ltr' id='par_1_84' title="bbox 2153 3487 3739 3556">
     <span class='ocr_line' id='line_1_84' title="bbox 2153 3487 3739 3556; baseline 0.003 -14"><span class='ocrx_word' id='word_1_721' title='bbox 2153 3488 2425 3554; x_wconf 89' lang='lat' dir='ltr'><strong>homines,</strong></span> <span class='ocrx_word' id='word_1_722' title='bbox 2477 3487 2580 3543; x_wconf 89' lang='lat' dir='ltr'><strong>soli</strong></span> <span class='ocrx_word' id='word_1_723' title='bbox 2599 3487 2795 3544; x_wconf 80' lang='lat' dir='ltr'><strong>oﬂerre</strong></span> <span class='ocrx_word' id='word_1_724' title='bbox 2828 3489 3026 3544; x_wconf 90' lang='lat' dir='ltr'><strong>debent</strong></span> <span class='ocrx_word' id='word_1_725' title='bbox 3055 3504 3241 3544; x_wconf 89' lang='lat' dir='ltr'><strong>coram</strong></span> <span class='ocrx_word' id='word_1_726' title='bbox 3261 3488 3519 3556; x_wconf 89' lang='lat' dir='ltr'><strong>Domino,</strong></span> <span class='ocrx_word' id='word_1_727' title='bbox 3563 3490 3615 3545; x_wconf 91' lang='lat' dir='ltr'><strong>id</strong></span> <span class='ocrx_word' id='word_1_728' title='bbox 3641 3497 3739 3554; x_wconf 82' lang='lat' dir='ltr'><strong>est,</strong></span> 
     </span>
    </p>
   </div>
   <div class='ocr_carea' id='block_1_85' title="bbox 2153 3581 3744 3654">
    <p class='ocr_par' dir='ltr' id='par_1_85' title="bbox 2153 3581 3744 3654">
     <span class='ocr_line' id='line_1_85' title="bbox 2153 3581 3744 3654; baseline 0.001 -18"><span class='ocrx_word' id='word_1_729' title='bbox 2153 3582 2450 3636; x_wconf 88' lang='lat' dir='ltr'><strong>secundum</strong></span> <span class='ocrx_word' id='word_1_730' title='bbox 2498 3581 2642 3650; x_wconf 92' lang='lat' dir='ltr'><strong>quod</strong></span> <span class='ocrx_word' id='word_1_731' title='bbox 2671 3581 2768 3636; x_wconf 91' lang='lat' dir='ltr'><strong>Dei</strong></span> <span class='ocrx_word' id='word_1_732' title='bbox 2804 3582 3054 3638; x_wconf 89' lang='lat' dir='ltr'><strong>voluntas</strong></span> <span class='ocrx_word' id='word_1_733' title='bbox 3085 3591 3190 3648; x_wconf 90' lang='lat' dir='ltr'><strong>est,</strong></span> <span class='ocrx_word' id='word_1_734' title='bbox 3236 3598 3344 3639; x_wconf 92' lang='lat' dir='ltr'><strong>non</strong></span> <span class='ocrx_word' id='word_1_735' title='bbox 3368 3582 3650 3654; x_wconf 84' lang='lat' dir='ltr'><strong>superﬂuo</strong></span> <span class='ocrx_word' id='word_1_736' title='bbox 3695 3583 3744 3638; x_wconf 87' lang='lat' dir='ltr'><strong>in</strong></span> 
     </span>
    </p>
   </div>
   <div class='ocr_carea' id='block_1_86' title="bbox 2153 3672 3745 3745">
    <p class='ocr_par' dir='ltr' id='par_1_86' title="bbox 2153 3672 3745 3745">
     <span class='ocr_line' id='line_1_86' title="bbox 2153 3672 3745 3745; baseline 0.002 -17"><span class='ocrx_word' id='word_1_737' title='bbox 2153 3672 2336 3728; x_wconf 86' lang='lat' dir='ltr'><strong>divino</strong></span> <span class='ocrx_word' id='word_1_738' title='bbox 2378 3672 2736 3743; x_wconf 81' lang='lat' dir='ltr'><strong>disputantes,</strong></span> <span class='ocrx_word' id='word_1_739' title='bbox 2788 3673 2883 3728; x_wconf 88' lang='lat' dir='ltr'><strong>sed</strong></span> <span class='ocrx_word' id='word_1_740' title='bbox 2909 3688 3246 3745; x_wconf 70' lang='lat' dir='ltr'><strong>quaecunque</strong></span> <span class='ocrx_word' id='word_1_741' title='bbox 3287 3674 3446 3730; x_wconf 87' lang='lat' dir='ltr'><strong>nobis</strong></span> <span class='ocrx_word' id='word_1_742' title='bbox 3491 3674 3745 3731; x_wconf 79' lang='lat' dir='ltr'><strong>Christus</strong></span> 
     </span>
    </p>
   </div>
   <div class='ocr_carea' id='block_1_87' title="bbox 2154 3763 3743 3836">
    <p class='ocr_par' dir='ltr' id='par_1_87' title="bbox 2154 3763 3743 3836">
     <span class='ocr_line' id='line_1_87' title="bbox 2154 3763 3743 3836; baseline -0.001 -17"><span class='ocrx_word' id='word_1_743' title='bbox 2154 3765 2434 3820; x_wconf 89' lang='lat' dir='ltr'><strong>revelabit.</strong></span> <span class='ocrx_word' id='word_1_744' title='bbox 2466 3763 2579 3820; x_wconf 85' lang='lat' dir='ltr'><strong>Hoc</strong></span> <span class='ocrx_word' id='word_1_745' title='bbox 2599 3764 2746 3819; x_wconf 90' lang='lat' dir='ltr'><strong>enim</strong></span> <span class='ocrx_word' id='word_1_746' title='bbox 2784 3763 3024 3835; x_wconf 76' lang='lat' dir='ltr'><strong>intelligo</strong></span> <span class='ocrx_word' id='word_1_747' title='bbox 3053 3767 3199 3836; x_wconf 92' lang='lat' dir='ltr'><strong>quod</strong></span> <span class='ocrx_word' id='word_1_748' title='bbox 3219 3765 3317 3831; x_wconf 90' lang='lat' dir='ltr'><strong>ait,</strong></span> <span class='ocrx_word' id='word_1_749' title='bbox 3354 3781 3535 3820; x_wconf 89' lang='lat' dir='ltr'><strong><em>coram</em></strong></span> <span class='ocrx_word' id='word_1_750' title='bbox 3560 3765 3743 3818; x_wconf 86' lang='lat' dir='ltr'><strong><em>altari.</em></strong></span> 
     </span>
    </p>
   </div>
   <div class='ocr_carea' id='block_1_88' title="bbox 2157 3855 3747 3924">
    <p class='ocr_par' dir='ltr' id='par_1_88' title="bbox 2157 3855 3747 3924">
     <span class='ocr_line' id='line_1_88' title="bbox 2157 3855 3747 3924; baseline -0.001 -14"><span class='ocrx_word' id='word_1_751' title='bbox 2157 3856 2293 3923; x_wconf 89' lang='lat' dir='ltr'><strong>Quia</strong></span> <span class='ocrx_word' id='word_1_752' title='bbox 2342 3855 2513 3910; x_wconf 89' lang='lat' dir='ltr'><strong>altare</strong></span> <span class='ocrx_word' id='word_1_753' title='bbox 2547 3869 2669 3910; x_wconf 88' lang='lat' dir='ltr'><strong>esse</strong></span> <span class='ocrx_word' id='word_1_754' title='bbox 2702 3855 3011 3910; x_wconf 88' lang='lat' dir='ltr'><strong>humanitas</strong></span> <span class='ocrx_word' id='word_1_755' title='bbox 3057 3855 3332 3924; x_wconf 87' lang='lat' dir='ltr'><strong>Unigeniti</strong></span> <span class='ocrx_word' id='word_1_756' title='bbox 3371 3855 3747 3911; x_wconf 85' lang='lat' dir='ltr'><strong>demonstrata</strong></span> 
     </span>
    </p>
   </div>
   <div class='ocr_carea' id='block_1_89' title="bbox 2153 3946 3744 4019">
    <p class='ocr_par' dir='ltr' id='par_1_89' title="bbox 2153 3946 3744 4019">
     <span class='ocr_line' id='line_1_89' title="bbox 2153 3946 3744 4019; baseline -0.002 -14"><span class='ocrx_word' id='word_1_757' title='bbox 2153 3957 2256 4014; x_wconf 88' lang='lat' dir='ltr'><strong>est,</strong></span> <span class='ocrx_word' id='word_1_758' title='bbox 2283 3963 2411 4018; x_wconf 88' lang='lat' dir='ltr'><strong>ergo</strong></span> <span class='ocrx_word' id='word_1_759' title='bbox 2441 3947 2498 4002; x_wconf 92' lang='lat' dir='ltr'><strong>in</strong></span> <span class='ocrx_word' id='word_1_760' title='bbox 2519 3948 2604 4003; x_wconf 87' lang='lat' dir='ltr'><strong>his</strong></span> <span class='ocrx_word' id='word_1_761' title='bbox 2635 3946 2960 4018; x_wconf 85' lang='lat' dir='ltr'><strong>theologiam</strong></span> <span class='ocrx_word' id='word_1_762' title='bbox 2991 3948 3407 4013; x_wconf 88' lang='lat' dir='ltr'><strong>constituamus,</strong></span> <span class='ocrx_word' id='word_1_763' title='bbox 3436 3963 3562 4019; x_wconf 85' lang='lat' dir='ltr'><strong>quae</strong></span> <span class='ocrx_word' id='word_1_764' title='bbox 3590 3949 3744 4004; x_wconf 89' lang='lat' dir='ltr'><strong>nobis</strong></span> 
     </span>
    </p>
   </div>
   <div class='ocr_carea' id='block_1_90' title="bbox 2154 4040 3748 4111">
    <p class='ocr_par' dir='ltr' id='par_1_90' title="bbox 2154 4040 3748 4111">
     <span class='ocr_line' id='line_1_90' title="bbox 2154 4040 3748 4111; baseline 0.001 -16"><span class='ocrx_word' id='word_1_765' title='bbox 2154 4041 2470 4096; x_wconf 87' lang='lat' dir='ltr'><strong>incarnatus</strong></span> <span class='ocrx_word' id='word_1_766' title='bbox 2491 4040 2713 4097; x_wconf 89' lang='lat' dir='ltr'><strong>tradidit</strong></span> <span class='ocrx_word' id='word_1_767' title='bbox 2739 4041 3020 4106; x_wconf 90' lang='lat' dir='ltr'><strong>Dominus,</strong></span> <span class='ocrx_word' id='word_1_768' title='bbox 3068 4049 3126 4095; x_wconf 89' lang='lat' dir='ltr'><strong>ut</strong></span> <span class='ocrx_word' id='word_1_769' title='bbox 3149 4041 3369 4097; x_wconf 89' lang='lat' dir='ltr'><strong>Patrem</strong></span> <span class='ocrx_word' id='word_1_770' title='bbox 3401 4042 3458 4096; x_wconf 92' lang='lat' dir='ltr'><strong>in</strong></span> <span class='ocrx_word' id='word_1_771' title='bbox 3484 4057 3552 4098; x_wconf 93' lang='lat' dir='ltr'><strong>eo</strong></span> <span class='ocrx_word' id='word_1_772' title='bbox 3594 4051 3653 4099; x_wconf 91' lang='lat' dir='ltr'><strong>et</strong></span> <span class='ocrx_word' id='word_1_773' title='bbox 3673 4043 3748 4111; x_wconf 84' lang='lat' dir='ltr'><strong>ip-</strong></span> 
     </span>
    </p>
   </div>
   <div class='ocr_carea' id='block_1_91' title="bbox 2153 4131 3744 4202">
    <p class='ocr_par' dir='ltr' id='par_1_91' title="bbox 2153 4131 3744 4202">
     <span class='ocr_line' id='line_1_91' title="bbox 2153 4131 3744 4202; baseline -0.001 -15"><span class='ocrx_word' id='word_1_774' title='bbox 2153 4148 2272 4188; x_wconf 89' lang='lat' dir='ltr'><strong>sum</strong></span> <span class='ocrx_word' id='word_1_775' title='bbox 2289 4133 2342 4187; x_wconf 90' lang='lat' dir='ltr'><strong>in</strong></span> <span class='ocrx_word' id='word_1_776' title='bbox 2363 4132 2523 4188; x_wconf 85' lang='lat' dir='ltr'><strong>Patre</strong></span> <span class='ocrx_word' id='word_1_777' title='bbox 2543 4132 2863 4202; x_wconf 84' lang='lat' dir='ltr'><strong>cogitemus,</strong></span> <span class='ocrx_word' id='word_1_778' title='bbox 2878 4139 2934 4188; x_wconf 89' lang='lat' dir='ltr'><strong>et</strong></span> <span class='ocrx_word' id='word_1_779' title='bbox 2957 4133 3022 4188; x_wconf 90' lang='lat' dir='ltr'><strong>de</strong></span> <span class='ocrx_word' id='word_1_780' title='bbox 3043 4131 3247 4202; x_wconf 87' lang='lat' dir='ltr'><strong>Spiritu</strong></span> <span class='ocrx_word' id='word_1_781' title='bbox 3271 4140 3460 4189; x_wconf 89' lang='lat' dir='ltr'><strong>sancto</strong></span> <span class='ocrx_word' id='word_1_782' title='bbox 3484 4136 3744 4195; x_wconf 83' lang='lat' dir='ltr'><strong>sciamus,</strong></span> 
     </span>
    </p>
   </div>
   <div class='ocr_carea' id='block_1_92' title="bbox 2154 4222 3744 4293">
    <p class='ocr_par' dir='ltr' id='par_1_92' title="bbox 2154 4222 3744 4293">
     <span class='ocr_line' id='line_1_92' title="bbox 2154 4222 3744 4293; baseline -0.001 -16"><span class='ocrx_word' id='word_1_783' title='bbox 2154 4225 2282 4292; x_wconf 90' lang='lat' dir='ltr'><strong>quia</strong></span> <span class='ocrx_word' id='word_1_784' title='bbox 2329 4233 2385 4278; x_wconf 91' lang='lat' dir='ltr'><strong>et</strong></span> <span class='ocrx_word' id='word_1_785' title='bbox 2416 4223 2585 4292; x_wconf 89' lang='lat' dir='ltr'><strong>ipsius</strong></span> <span class='ocrx_word' id='word_1_786' title='bbox 2622 4232 2708 4279; x_wconf 88' lang='lat' dir='ltr'><strong>est</strong></span> <span class='ocrx_word' id='word_1_787' title='bbox 2739 4222 2886 4289; x_wconf 88' lang='lat' dir='ltr'><strong>Filii,</strong></span> <span class='ocrx_word' id='word_1_788' title='bbox 2929 4231 2983 4278; x_wconf 90' lang='lat' dir='ltr'><strong>et</strong></span> <span class='ocrx_word' id='word_1_789' title='bbox 3020 4239 3050 4277; x_wconf 90' lang='lat' dir='ltr'><strong>a</strong></span> <span class='ocrx_word' id='word_1_790' title='bbox 3081 4223 3241 4278; x_wconf 90' lang='lat' dir='ltr'><strong>Patre</strong></span> <span class='ocrx_word' id='word_1_791' title='bbox 3266 4224 3532 4293; x_wconf 89' lang='lat' dir='ltr'><strong>procedit.</strong></span> <span class='ocrx_word' id='word_1_792' title='bbox 3582 4223 3744 4278; x_wconf 89' lang='lat' dir='ltr'><strong>Tollet</strong></span> 
     </span>
    </p>
   </div>
   <div class='ocr_carea' id='block_1_93' title="bbox 2154 4315 3746 4387">
    <p class='ocr_par' dir='ltr' id='par_1_93' title="bbox 2154 4315 3746 4387">
     <span class='ocr_line' id='line_1_93' title="bbox 2154 4315 3746 4387; baseline -0.003 -16"><span class='ocrx_word' id='word_1_793' title='bbox 2154 4316 2398 4372; x_wconf 88' lang='lat' dir='ltr'><strong><em>sacerdos</em></strong></span> <span class='ocrx_word' id='word_1_794' title='bbox 2425 4315 2680 4387; x_wconf 87' lang='lat' dir='ltr'><strong><em>pugillum</em></strong></span> <span class='ocrx_word' id='word_1_795' title='bbox 2701 4316 2890 4370; x_wconf 72' lang='lat' dir='ltr'><strong><em>simila:</em></strong></span> <span class='ocrx_word' id='word_1_796' title='bbox 2943 4332 3059 4386; x_wconf 76' lang='lat' dir='ltr'><strong><em>qua:</em></strong></span> <span class='ocrx_word' id='word_1_797' title='bbox 3089 4331 3369 4386; x_wconf 89' lang='lat' dir='ltr'><strong><em>conspersa</em></strong></span> <span class='ocrx_word' id='word_1_798' title='bbox 3395 4323 3474 4369; x_wconf 90' lang='lat' dir='ltr'><strong>est</strong></span> <span class='ocrx_word' id='word_1_799' title='bbox 3510 4315 3653 4379; x_wconf 84' lang='lat' dir='ltr'><strong><em>oleo,</em></strong></span> <span class='ocrx_word' id='word_1_800' title='bbox 3699 4323 3746 4368; x_wconf 92' lang='lat' dir='ltr'><strong>et</strong></span> 
     </span>
    </p>
   </div>
   <div class='ocr_carea' id='block_1_94' title="bbox 2155 4405 3748 4476">
    <p class='ocr_par' dir='ltr' id='par_1_94' title="bbox 2155 4405 3748 4476">
     <span class='ocr_line' id='line_1_94' title="bbox 2155 4405 3748 4476; baseline -0.002 -15"><span class='ocrx_word' id='word_1_801' title='bbox 2155 4416 2321 4461; x_wconf 79' lang='lat' dir='ltr'><strong><em>totum</em></strong></span> <span class='ocrx_word' id='word_1_802' title='bbox 2345 4407 2464 4461; x_wconf 79' lang='lat' dir='ltr'><strong><em>thus</em></strong></span> <span class='ocrx_word' id='word_1_803' title='bbox 2503 4406 2644 4476; x_wconf 87' lang='lat' dir='ltr'><strong><em>quod</em></strong></span> <span class='ocrx_word' id='word_1_804' title='bbox 2673 4422 2829 4476; x_wconf 89' lang='lat' dir='ltr'><strong><em>super</em></strong></span> <span class='ocrx_word' id='word_1_805' title='bbox 2856 4405 3084 4460; x_wconf 88' lang='lat' dir='ltr'><strong><em>similam</em></strong></span> <span class='ocrx_word' id='word_1_806' title='bbox 3105 4405 3335 4476; x_wconf 86' lang='lat' dir='ltr'><strong><em>positum</em></strong></span> <span class='ocrx_word' id='word_1_807' title='bbox 3353 4414 3456 4471; x_wconf 89' lang='lat' dir='ltr'><strong><em>est,</em></strong></span> <span class='ocrx_word' id='word_1_808' title='bbox 3492 4405 3748 4460; x_wconf 73' lang='lat' dir='ltr'><strong><em>adorabit-</em></strong></span> 
     </span>
    </p>
   </div>
   <div class='ocr_carea' id='block_1_95' title="bbox 2155 4497 3747 4570">
    <p class='ocr_par' dir='ltr' id='par_1_95' title="bbox 2155 4497 3747 4570">
     <span class='ocr_line' id='line_1_95' title="bbox 2155 4497 3747 4570; baseline -0.002 -17"><span class='ocrx_word' id='word_1_809' title='bbox 2155 4516 2253 4570; x_wconf 88' lang='lat' dir='ltr'><strong>que</strong></span> <span class='ocrx_word' id='word_1_810' title='bbox 2281 4498 2415 4552; x_wconf 88' lang='lat' dir='ltr'><strong><em>illud</em></strong></span> <span class='ocrx_word' id='word_1_811' title='bbox 2459 4499 2515 4552; x_wconf 90' lang='lat' dir='ltr'><strong><em>in</em></strong></span> <span class='ocrx_word' id='word_1_812' title='bbox 2533 4498 2694 4552; x_wconf 89' lang='lat' dir='ltr'><strong><em>altari</em></strong></span> <span class='ocrx_word' id='word_1_813' title='bbox 2729 4499 2785 4552; x_wconf 88' lang='lat' dir='ltr'><strong>in</strong></span> <span class='ocrx_word' id='word_1_814' title='bbox 2823 4498 3201 4552; x_wconf 89' lang='lat' dir='ltr'><strong><em>monimentum</em></strong></span> <span class='ocrx_word' id='word_1_815' title='bbox 3241 4497 3419 4552; x_wconf 87' lang='lat' dir='ltr'><strong><em>odoris</em></strong></span> <span class='ocrx_word' id='word_1_816' title='bbox 3443 4497 3747 4552; x_wconf 77' lang='lat' dir='ltr'><strong><em>suavissimi</em></strong></span> 
     </span>
    </p>
   </div>
   <div class='ocr_carea' id='block_1_96' title="bbox 2153 4587 3745 4662">
    <p class='ocr_par' dir='ltr' id='par_1_96' title="bbox 2153 4587 3745 4662">
     <span class='ocr_line' id='line_1_96' title="bbox 2153 4587 3745 4662; baseline -0.001 -17"><span class='ocrx_word' id='word_1_817' title='bbox 2153 4591 2400 4646; x_wconf 88' lang='lat' dir='ltr'><strong><em>Domino.</em></strong></span> <span class='ocrx_word' id='word_1_818' title='bbox 2433 4591 2568 4647; x_wconf 91' lang='lat' dir='ltr'><strong>Cum</strong></span> <span class='ocrx_word' id='word_1_819' title='bbox 2599 4590 2939 4662; x_wconf 85' lang='lat' dir='ltr'><strong>eleemosyna</strong></span> <span class='ocrx_word' id='word_1_820' title='bbox 2970 4599 3025 4646; x_wconf 90' lang='lat' dir='ltr'><strong>et</strong></span> <span class='ocrx_word' id='word_1_821' title='bbox 3052 4590 3324 4656; x_wconf 90' lang='lat' dir='ltr'><strong>oratione,</strong></span> <span class='ocrx_word' id='word_1_822' title='bbox 3347 4590 3468 4645; x_wconf 58' lang='lat' dir='ltr'><strong>hac</strong></span> <span class='ocrx_word' id='word_1_823' title='bbox 3505 4590 3658 4645; x_wconf 89' lang='lat' dir='ltr'><strong>enim</strong></span> <span class='ocrx_word' id='word_1_824' title='bbox 3683 4587 3745 4644; x_wconf 84' lang='lat' dir='ltr'><strong>ﬁ-</strong></span> 
     </span>
    </p>
   </div>
   <div class='ocr_carea' id='block_1_97' title="bbox 2155 4681 3746 4755">
    <p class='ocr_par' dir='ltr' id='par_1_97' title="bbox 2155 4681 3746 4755">
     <span class='ocr_line' id='line_1_97' title="bbox 2155 4681 3746 4755; baseline -0.001 -17"><span class='ocrx_word' id='word_1_825' title='bbox 2155 4691 2416 4755; x_wconf 88' lang='lat' dir='ltr'><strong>gurantur</strong></span> <span class='ocrx_word' id='word_1_826' title='bbox 2434 4697 2532 4753; x_wconf 87' lang='lat' dir='ltr'><strong>per</strong></span> <span class='ocrx_word' id='word_1_827' title='bbox 2564 4681 2743 4738; x_wconf 91' lang='lat' dir='ltr'><strong>oleum</strong></span> <span class='ocrx_word' id='word_1_828' title='bbox 2773 4691 2828 4737; x_wconf 89' lang='lat' dir='ltr'><strong>et</strong></span> <span class='ocrx_word' id='word_1_829' title='bbox 2845 4684 2987 4748; x_wconf 87' lang='lat' dir='ltr'><strong>thus,</strong></span> <span class='ocrx_word' id='word_1_830' title='bbox 3020 4682 3219 4752; x_wconf 87' lang='lat' dir='ltr'><strong>quibus</strong></span> <span class='ocrx_word' id='word_1_831' title='bbox 3246 4681 3563 4738; x_wconf 88' lang='lat' dir='ltr'><strong>necessarie</strong></span> <span class='ocrx_word' id='word_1_832' title='bbox 3595 4682 3746 4736; x_wconf 87' lang='lat' dir='ltr'><strong>theo-</strong></span> 
     </span>
    </p>
   </div>
   <div class='ocr_carea' id='block_1_98' title="bbox 2156 4773 3747 4846">
    <p class='ocr_par' dir='ltr' id='par_1_98' title="bbox 2156 4773 3747 4846">
     <span class='ocr_line' id='line_1_98' title="bbox 2156 4773 3747 4846; baseline 0.001 -19"><span class='ocrx_word' id='word_1_833' title='bbox 2156 4773 2298 4846; x_wconf 86' lang='lat' dir='ltr'><strong>logia</strong></span> <span class='ocrx_word' id='word_1_834' title='bbox 2329 4774 2710 4844; x_wconf 88' lang='lat' dir='ltr'><strong>conquiritur;</strong></span> <span class='ocrx_word' id='word_1_835' title='bbox 2740 4774 3022 4844; x_wconf 89' lang='lat' dir='ltr'><strong>utriusque</strong></span> <span class='ocrx_word' id='word_1_836' title='bbox 3056 4775 3102 4828; x_wconf 88' lang='lat' dir='ltr'><strong>si</strong></span> <span class='ocrx_word' id='word_1_837' title='bbox 3136 4774 3353 4844; x_wconf 88' lang='lat' dir='ltr'><strong>quidem</strong></span> <span class='ocrx_word' id='word_1_838' title='bbox 3383 4774 3747 4845; x_wconf 81' lang='lat' dir='ltr'><strong>adjutorium,</strong></span> 
     </span>
    </p>
   </div>
   <div class='ocr_carea' id='block_1_99' title="bbox 2153 4865 3743 4937">
    <p class='ocr_par' dir='ltr' id='par_1_99' title="bbox 2153 4865 3743 4937">
     <span class='ocr_line' id='line_1_99' title="bbox 2153 4865 3743 4937; baseline 0.001 -17"><span class='ocrx_word' id='word_1_839' title='bbox 2153 4873 2214 4920; x_wconf 89' lang='lat' dir='ltr'><strong>ut</strong></span> <span class='ocrx_word' id='word_1_840' title='bbox 2251 4882 2357 4921; x_wconf 90' lang='lat' dir='ltr'><strong>non</strong></span> <span class='ocrx_word' id='word_1_841' title='bbox 2393 4867 2648 4922; x_wconf 84' lang='lat' dir='ltr'><strong>excidant</strong></span> <span class='ocrx_word' id='word_1_842' title='bbox 2683 4881 2751 4921; x_wconf 87' lang='lat' dir='ltr'><strong>ex</strong></span> <span class='ocrx_word' id='word_1_843' title='bbox 2779 4867 3009 4921; x_wconf 88' lang='lat' dir='ltr'><strong>veritate</strong></span> <span class='ocrx_word' id='word_1_844' title='bbox 3050 4866 3146 4936; x_wconf 89' lang='lat' dir='ltr'><strong>qui</strong></span> <span class='ocrx_word' id='word_1_845' title='bbox 3175 4865 3244 4922; x_wconf 94' lang='lat' dir='ltr'><strong>de</strong></span> <span class='ocrx_word' id='word_1_846' title='bbox 3269 4868 3379 4922; x_wconf 91' lang='lat' dir='ltr'><strong>Deo</strong></span> <span class='ocrx_word' id='word_1_847' title='bbox 3418 4866 3743 4937; x_wconf 87' lang='lat' dir='ltr'><strong>loquuntur,</strong></span> 
     </span>
    </p>
   </div>
   <div class='ocr_carea' id='block_1_100' title="bbox 2151 4959 3750 5030">
    <p class='ocr_par' dir='ltr' id='par_1_100' title="bbox 2151 4959 3750 5030">
     <span class='ocr_line' id='line_1_100' title="bbox 2151 4959 3750 5030; baseline 0 -16"><span class='ocrx_word' id='word_1_848' title='bbox 2151 4960 2519 5015; x_wconf 88' lang='lat' dir='ltr'><strong>necessarium</strong></span> <span class='ocrx_word' id='word_1_849' title='bbox 2549 4959 2749 5014; x_wconf 90' lang='lat' dir='ltr'><strong>habent</strong></span> <span class='ocrx_word' id='word_1_850' title='bbox 2775 4959 2932 5028; x_wconf 89' lang='lat' dir='ltr'><strong>hujus</strong></span> <span class='ocrx_word' id='word_1_851' title='bbox 2960 4961 3013 5014; x_wconf 93' lang='lat' dir='ltr'><strong>in</strong></span> <span class='ocrx_word' id='word_1_852' title='bbox 3041 4960 3457 5016; x_wconf 82' lang='lat' dir='ltr'><strong>monimentum.</strong></span> <span class='ocrx_word' id='word_1_853' title='bbox 3489 4960 3750 5030; x_wconf 85' lang='lat' dir='ltr'><strong>lntelligi-</strong></span> 
     </span>
    </p>
   </div>
   <div class='ocr_carea' id='block_1_101' title="bbox 2153 5051 3746 5125">
    <p class='ocr_par' dir='ltr' id='par_1_101' title="bbox 2153 5051 3746 5125">
     <span class='ocr_line' id='line_1_101' title="bbox 2153 5051 3746 5125; baseline 0.001 -18"><span class='ocrx_word' id='word_1_854' title='bbox 2153 5051 2278 5107; x_wconf 91' lang='lat' dir='ltr'><strong>bilis</strong></span> <span class='ocrx_word' id='word_1_855' title='bbox 2309 5051 2564 5107; x_wconf 89' lang='lat' dir='ltr'><strong>sacerdos</strong></span> <span class='ocrx_word' id='word_1_856' title='bbox 2596 5051 2844 5108; x_wconf 88' lang='lat' dir='ltr'><strong>Christus</strong></span> <span class='ocrx_word' id='word_1_857' title='bbox 2879 5053 3137 5124; x_wconf 85' lang='lat' dir='ltr'><strong>pugillum</strong></span> <span class='ocrx_word' id='word_1_858' title='bbox 3166 5054 3327 5120; x_wconf 90' lang='lat' dir='ltr'><strong>tollit,</strong></span> <span class='ocrx_word' id='word_1_859' title='bbox 3372 5056 3503 5125; x_wconf 90' lang='lat' dir='ltr'><strong>quia</strong></span> <span class='ocrx_word' id='word_1_860' title='bbox 3531 5071 3746 5111; x_wconf 87' lang='lat' dir='ltr'><strong>summa</strong></span> 
     </span>
    </p>
   </div>
   <div class='ocr_carea' id='block_1_102' title="bbox 2156 5140 3747 5215">
    <p class='ocr_par' dir='ltr' id='par_1_102' title="bbox 2156 5140 3747 5215">
     <span class='ocr_line' id='line_1_102' title="bbox 2156 5140 3747 5215; baseline 0.003 -19"><span class='ocrx_word' id='word_1_861' title='bbox 2156 5140 2383 5196; x_wconf 88' lang='lat' dir='ltr'><strong>scientia</strong></span> <span class='ocrx_word' id='word_1_862' title='bbox 2415 5143 2554 5211; x_wconf 91' lang='lat' dir='ltr'><strong>apud</strong></span> <span class='ocrx_word' id='word_1_863' title='bbox 2582 5157 2706 5197; x_wconf 90' lang='lat' dir='ltr'><strong>eum</strong></span> <span class='ocrx_word' id='word_1_864' title='bbox 2739 5152 3042 5212; x_wconf 88' lang='lat' dir='ltr'><strong>permanet,</strong></span> <span class='ocrx_word' id='word_1_865' title='bbox 3073 5146 3219 5215; x_wconf 91' lang='lat' dir='ltr'><strong>quod</strong></span> <span class='ocrx_word' id='word_1_866' title='bbox 3255 5147 3311 5200; x_wconf 91' lang='lat' dir='ltr'><strong>in</strong></span> <span class='ocrx_word' id='word_1_867' title='bbox 3341 5146 3747 5202; x_wconf 87' lang='lat' dir='ltr'><strong>monimentum</strong></span> 
     </span>
    </p>
   </div>
   <div class='ocr_carea' id='block_1_103' title="bbox 2156 5231 3748 5309">
    <p class='ocr_par' dir='ltr' id='par_1_103' title="bbox 2156 5231 3748 5309">
     <span class='ocr_line' id='line_1_103' title="bbox 2156 5231 3748 5309; baseline 0.006 -23"><span class='ocrx_word' id='word_1_868' title='bbox 2156 5231 2373 5302; x_wconf 90' lang='lat' dir='ltr'><strong>quidem</strong></span> <span class='ocrx_word' id='word_1_869' title='bbox 2395 5241 2478 5288; x_wconf 88' lang='lat' dir='ltr'><strong>est</strong></span> <span class='ocrx_word' id='word_1_870' title='bbox 2526 5235 2652 5304; x_wconf 90' lang='lat' dir='ltr'><strong>quia</strong></span> <span class='ocrx_word' id='word_1_871' title='bbox 2677 5234 2732 5289; x_wconf 91' lang='lat' dir='ltr'><strong>in</strong></span> <span class='ocrx_word' id='word_1_872' title='bbox 2757 5244 3078 5306; x_wconf 89' lang='lat' dir='ltr'><strong>perpetuum</strong></span> <span class='ocrx_word' id='word_1_873' title='bbox 3105 5235 3212 5294; x_wconf 90' lang='lat' dir='ltr'><strong>erit</strong></span> <span class='ocrx_word' id='word_1_874' title='bbox 3240 5253 3598 5309; x_wconf 88' lang='lat' dir='ltr'><strong>permansura</strong></span> <span class='ocrx_word' id='word_1_875' title='bbox 3628 5253 3748 5295; x_wconf 85' lang='lat' dir='ltr'><strong>me-</strong></span> 
     </span>
    </p>
   </div>
   <div class='ocr_carea' id='block_1_104' title="bbox 2154 5324 3750 5401">
    <p class='ocr_par' dir='ltr' id='par_1_104' title="bbox 2154 5324 3750 5401">
     <span class='ocr_line' id='line_1_104' title="bbox 2154 5324 3750 5401; baseline 0.007 -24"><span class='ocrx_word' id='word_1_876' title='bbox 2154 5324 2351 5379; x_wconf 87' lang='lat' dir='ltr'><strong>moria.</strong></span> <span class='ocrx_word' id='word_1_877' title='bbox 2409 5324 2596 5396; x_wconf 85' lang='lat' dir='ltr'><strong>Neque</strong></span> <span class='ocrx_word' id='word_1_878' title='bbox 2624 5327 2790 5392; x_wconf 91' lang='lat' dir='ltr'><strong>enim,</strong></span> <span class='ocrx_word' id='word_1_879' title='bbox 2832 5331 3287 5400; x_wconf 84' lang='lat' dir='ltr'><strong>quemadmodum</strong></span> <span class='ocrx_word' id='word_1_880' title='bbox 3326 5346 3391 5385; x_wconf 88' lang='lat' dir='ltr'><strong>ea</strong></span> <span class='ocrx_word' id='word_1_881' title='bbox 3437 5346 3560 5401; x_wconf 66' lang='lat' dir='ltr'><strong>qute</strong></span> <span class='ocrx_word' id='word_1_882' title='bbox 3596 5346 3750 5388; x_wconf 88' lang='lat' dir='ltr'><strong>nunc</strong></span> 
     </span>
    </p>
   </div>
   <div class='ocr_carea' id='block_1_105' title="bbox 2154 5419 3750 5497">
    <p class='ocr_par' dir='ltr' id='par_1_105' title="bbox 2154 5419 3750 5497">
     <span class='ocr_line' id='line_1_105' title="bbox 2154 5419 3750 5497; baseline 0.004 -24"><span class='ocrx_word' id='word_1_883' title='bbox 2154 5425 2241 5474; x_wconf 90' lang='lat' dir='ltr'><strong>est</strong></span> <span class='ocrx_word' id='word_1_884' title='bbox 2257 5427 2442 5474; x_wconf 87' lang='lat' dir='ltr'><strong>nostra</strong></span> <span class='ocrx_word' id='word_1_885' title='bbox 2462 5419 2707 5485; x_wconf 87' lang='lat' dir='ltr'><strong>scientia,</strong></span> <span class='ocrx_word' id='word_1_886' title='bbox 2725 5431 2984 5492; x_wconf 90' lang='lat' dir='ltr'><strong>provectu</strong></span> <span class='ocrx_word' id='word_1_887' title='bbox 3007 5425 3342 5492; x_wconf 88' lang='lat' dir='ltr'><strong>destruitur;</strong></span> <span class='ocrx_word' id='word_1_888' title='bbox 3373 5426 3504 5494; x_wconf 89' lang='lat' dir='ltr'><strong>quia</strong></span> <span class='ocrx_word' id='word_1_889' title='bbox 3525 5428 3750 5497; x_wconf 78' lang='lat' dir='ltr'><strong><em>quando</em></strong></span> 
     </span>
    </p>
   </div>
   <div class='ocr_carea' id='block_1_106' title="bbox 2153 5511 3751 5594">
    <p class='ocr_par' dir='ltr' id='par_1_106' title="bbox 2153 5511 3751 5594">
     <span class='ocr_line' id='line_1_106' title="bbox 2153 5511 3751 5594; baseline 0.005 -30"><span class='ocrx_word' id='word_1_890' title='bbox 2153 5513 2346 5565; x_wconf 78' lang='lat' dir='ltr'><strong><em>uenerit</em></strong></span> <span class='ocrx_word' id='word_1_891' title='bbox 2371 5511 2508 5581; x_wconf 82' lang='lat' dir='ltr'><strong><em>quod</em></strong></span> <span class='ocrx_word' id='word_1_892' title='bbox 2530 5511 2815 5594; x_wconf 80' lang='lat' dir='ltr'><strong><em>perfectum</em></strong></span> <span class='ocrx_word' id='word_1_893' title='bbox 2838 5525 2935 5582; x_wconf 89' lang='lat' dir='ltr'><strong><em>est,</em></strong></span> <span class='ocrx_word' id='word_1_894' title='bbox 2967 5517 3107 5572; x_wconf 90' lang='lat' dir='ltr'><strong>sicut</strong></span> <span class='ocrx_word' id='word_1_895' title='bbox 3132 5517 3210 5572; x_wconf 90' lang='lat' dir='ltr'><strong>ait</strong></span> <span class='ocrx_word' id='word_1_896' title='bbox 3242 5516 3463 5581; x_wconf 86' lang='lat' dir='ltr'><strong>Paulus,</strong></span> <span class='ocrx_word' id='word_1_897' title='bbox 3505 5519 3751 5572; x_wconf 81' lang='lat' dir='ltr'><strong><em>destrue-</em></strong></span> 
     </span>
    </p>
   </div>
   <div class='ocr_carea' id='block_1_107' title="bbox 2151 5602 3747 5680">
    <p class='ocr_par' dir='ltr' id='par_1_107' title="bbox 2151 5602 3747 5680">
     <span class='ocr_line' id='line_1_107' title="bbox 2151 5602 3747 5680; baseline 0.007 -26"><span class='ocrx_word' id='word_1_898' title='bbox 2151 5609 2240 5655; x_wconf 87' lang='lat' dir='ltr'><strong>tur</strong></span> <span class='ocrx_word' id='word_1_899' title='bbox 2269 5602 2408 5672; x_wconf 89' lang='lat' dir='ltr'><strong><em>quod</em></strong></span> <span class='ocrx_word' id='word_1_900' title='bbox 2449 5619 2514 5657; x_wconf 75' lang='lat' dir='ltr'><strong><em>ea;</em></strong></span> <span class='ocrx_word' id='word_1_901' title='bbox 2540 5614 2687 5674; x_wconf 88' lang='lat' dir='ltr'><strong><em>parte</em></strong></span> <span class='ocrx_word' id='word_1_902' title='bbox 2714 5615 2789 5660; x_wconf 83' lang='lat' dir='ltr'><strong>est</strong></span> <span class='ocrx_word' id='word_1_903' title='bbox 2819 5605 2871 5677; x_wconf 93' lang='lat' dir='ltr'><strong>(I</strong></span> <span class='ocrx_word' id='word_1_904' title='bbox 2901 5606 3025 5661; x_wconf 84' lang='lat' dir='ltr'><strong><em>Cor.</em></strong></span> <span class='ocrx_word' id='word_1_905' title='bbox 3056 5607 3199 5680; x_wconf 76' lang='lat' dir='ltr'><strong>xui).</strong></span> <span class='ocrx_word' id='word_1_906' title='bbox 3239 5609 3425 5680; x_wconf 84' lang='lat' dir='ltr'><strong>Itaque</strong></span> <span class='ocrx_word' id='word_1_907' title='bbox 3467 5623 3747 5665; x_wconf 87' lang='lat' dir='ltr'><strong>summam</strong></span> 
     </span>
    </p>
   </div>
   <div class='ocr_carea' id='block_1_108' title="bbox 2151 5695 3748 5774">
    <p class='ocr_par' dir='ltr' id='par_1_108' title="bbox 2151 5695 3748 5774">
     <span class='ocr_line' id='line_1_108' title="bbox 2151 5695 3748 5774; baseline 0.001 -23"><span class='ocrx_word' id='word_1_908' title='bbox 2151 5695 2477 5765; x_wconf 84' lang='lat' dir='ltr'><strong>cOgnitionis</strong></span> <span class='ocrx_word' id='word_1_909' title='bbox 2511 5704 2566 5750; x_wconf 90' lang='lat' dir='ltr'><strong>et</strong></span> <span class='ocrx_word' id='word_1_910' title='bbox 2592 5696 2844 5767; x_wconf 69' lang='lat' dir='ltr'><strong>perfecta:</strong></span> <span class='ocrx_word' id='word_1_911' title='bbox 2873 5700 3113 5756; x_wconf 81' lang='lat' dir='ltr'><strong>scientiae</strong></span> <span class='ocrx_word' id='word_1_912' title='bbox 3139 5717 3262 5758; x_wconf 83' lang='lat' dir='ltr'><strong>esse</strong></span> <span class='ocrx_word' id='word_1_913' title='bbox 3291 5701 3433 5774; x_wconf 89' lang='lat' dir='ltr'><strong>apud</strong></span> <span class='ocrx_word' id='word_1_914' title='bbox 3459 5700 3748 5757; x_wconf 87' lang='lat' dir='ltr'><strong>Christum</strong></span> 
     </span>
    </p>
   </div>
   <div class='ocr_carea' id='block_1_109' title="bbox 2152 5786 3745 5864">
    <p class='ocr_par' dir='ltr' id='par_1_109' title="bbox 2152 5786 3745 5864">
     <span class='ocr_line' id='line_1_109' title="bbox 2152 5786 3745 5864; baseline 0.001 -19"><span class='ocrx_word' id='word_1_915' title='bbox 2152 5786 2426 5859; x_wconf 83' lang='lat' dir='ltr'><strong>legislator</strong></span> <span class='ocrx_word' id='word_1_916' title='bbox 2453 5788 2648 5847; x_wconf 87' lang='lat' dir='ltr'><strong>innuit.</strong></span> <span class='ocrx_word' id='word_1_917' title='bbox 2706 5788 2846 5864; x_wconf 82' lang='lat' dir='ltr'><strong>Quid</strong></span> <span class='ocrx_word' id='word_1_918' title='bbox 2887 5798 3070 5850; x_wconf 88' lang='lat' dir='ltr'><strong>autem</strong></span> <span class='ocrx_word' id='word_1_919' title='bbox 3103 5791 3190 5850; x_wconf 89' lang='lat' dir='ltr'><strong>his</strong></span> <span class='ocrx_word' id='word_1_920' title='bbox 3224 5791 3442 5864; x_wconf 84' lang='lat' dir='ltr'><strong>subdat,</strong></span> <span class='ocrx_word' id='word_1_921' title='bbox 3491 5789 3745 5857; x_wconf 78' lang='lat' dir='ltr'><strong>intende,</strong></span> 
     </span>
    </p>
   </div>
  </div>
