3936 6350
152 373 250 434 Μ

1051 361 1558 421 EXPOSITIONES
1591 361 1662 418 IN
1698 355 2095 418 LEVITICUM.
2131 386 2206 402 -—
2239 348 2370 416 LIB.
2407 358 2472 416 Π.

153 487 416 560 Relin
459 490 635 538 autem
671 487 871 552 partem
915 477 1102 534 similis
1130 477 1358 533 comedet
1381 477 1566 530 Aaron
1595 491 1714 528 cum
1740 482 1794 542 Α
1817 473 2150 528 surrectione
2199 470 2464 542 posuerit,
2501 468 2764 560 continuo
2810 466 3180 524 sanctiﬁcatur
3205 455 3261 523 si.
3299 469 3398 524 im-

154 584 267 657 ﬁliis
301 581 446 645 suis;
507 583 568 631 ut
611 589 720 630 non
764 588 833 628 ex
873 579 988 627 toto
1033 586 1065 625 a
1109 568 1378 639 theologia
1419 580 1714 631 cessemus,

151 689 242 750 pro
275 686 340 728 eo
380 667 525 740 quod
567 679 778 722 summa
834 662 1061 719 scientia
1109 660 1167 716 in
1206 660 1448 715 futurum
1497 672 1718 750 conser-

152 747 332 829 vatur;
378 775 500 831 quae
532 765 714 813 autem
753 753 912 810 nobis
959 753 1028 808 ab
1063 767 1131 808 eo
1161 751 1353 806 relicta
1387 757 1500 816 est,
1532 747 1589 803 id
1610 755 1713 814 est,

151 855 357 921 tradita,
383 853 526 907 hanc
549 848 836 906 comedere
859 861 962 902 nos
983 843 1140 914 jubet
1167 842 1455 899 scientiam
1500 847 1558 896 et
1580 853 1714 910 ope-

150 949 264 1006 rari.
296 945 403 1002 Sed
435 941 752 998 intuendum
774 939 868 996 ubi
903 939 1046 994 hanc
1082 947 1140 991 et
1160 933 1431 1007 quomodo
1470 939 1716 1004 oporteat

148 1039 366 1113 operari.
416 1035 675 1106 Sequitur
704 1051 718 1088 :
752 1032 958 1104 Absque
998 1030 1272 1101 fermento,
1301 1037 1351 1083 et
1387 1025 1618 1082 comedet
1658 1025 1715 1081 in

147 1133 249 1189 loco
269 1129 560 1187 sanctuarii
607 1122 959 1180 tabernaculi.
1011 1121 1130 1178 Non
1166 1121 1419 1190 coquitur
1457 1133 1582 1175 cum
1605 1115 1716 1172 fer-

148 1234 330 1290 mento,
364 1223 421 1278 id
439 1229 540 1286 est,
575 1218 873 1276 secundum
901 1214 1182 1271 Judaicam
1208 1213 1512 1268 doctrinam
1536 1223 1713 1280 neque

147 1314 424 1372 secundum
445 1309 646 1384 gentile
669 1309 1015 1374 fermentum,
1040 1306 1169 1377 quia
1194 1319 1303 1360 non
1322 1303 1438 1358 vult
1465 1317 1564 1358 nos
1590 1315 1713 1355 ver-

65 1453 68 1456 .
145 1408 258 1463 bum
285 1404 449 1474 loqui,
475 1403 571 1459 sed
595 1410 657 1457 ut
679 1401 880 1457 munda
905 1399 978 1455 sit
999 1399 1068 1455 ab
1100 1397 1246 1454 omni
1273 1393 1626 1468 permistione
1658 1399 1714 1448 et

145 1500 330 1569 absque
359 1496 507 1552 omni
527 1493 814 1550 fermento.
858 1490 1082 1548 Comedi
1105 1498 1289 1544 autem
1315 1486 1466 1542 illam
1489 1485 1545 1540 in
1569 1484 1713 1539 atrio

147 1588 460 1647 tabernaculi
485 1586 775 1643 testimonii
803 1584 1081 1655 prmeepit,
1105 1583 1162 1638 id
1183 1588 1290 1649 est,
1311 1581 1524 1652 operari
1541 1579 1597 1633 in
1616 1578 1716 1633 Ec-

146 1680 309 1736 clesia.
349 1675 780 1733 Tabernaculum
799 1674 945 1730 enim
969 1673 1265 1729 testimonii
1292 1670 1492 1728 ctelum
1519 1678 1624 1736 est,
1655 1668 1714 1723 in

144 1788 239 1843 quo
261 1771 404 1842 quod
450 1770 661 1826 habitet
686 1768 851 1834 Deus,
886 1765 1170 1838 Scriptura
1199 1773 1452 1822 testatur.
1496 1763 1710 1818 Atrium

1815 565 2048 621 mundus
2067 571 2174 630 est,
2206 571 2432 620 sanatur
2455 562 2504 618 si
2529 559 2593 617 in'
2627 561 2784 632 plaga
2811 567 2914 616 est.
2947 560 3055 632 (Ex
3083 561 3390 638 Hesychia.)

1815 655 2002 711 Omnis
2031 656 2230 726 quippe
2271 655 2369 711 Dei
2414 654 2860 710 commemoratio
2910 654 3393 713 sanctiﬁcationem

1813 756 2056 821 praestat,
2103 749 2248 822 quod
2283 756 2515 805 testatur
2544 747 2745 804 Paulus
2787 749 2974 804 dicens
2999 764 3014 802 :
3039 748 3182 816 Quia
3219 752 3390 807 omnis

1815 852 2057 897 creatura
2081 841 2182 897 Dei
2210 842 2346 898 bona
2367 851 2416 898 et
2439 841 2570 897 nihil
2596 842 2942 912 rejiciendum
2963 843 3104 914 quod
3133 860 3250 898 cum
3273 861 3398 917 gra—

1815 935 2010 989 tiarum
2032 935 2237 989 actions
2254 935 2558 1005 percipitur,
2577 933 2941 1003 sanctificatur
2968 943 3145 989 autem
3169 951 3263 1006 per
3285 953 3397 991 ver-

1815 1023 1938 1079 bum
1977 1024 2074 1079 Dei
2117 1033 2164 1079 et
2199 1026 2489 1080 orationem
2539 1023 2592 1097 (ι
2625 1024 2764 1081 Tim.
2800 1024 2900 1098 ιν).
2933 1025 3042 1082 Sed
3085 1044 3208 1083 cum
3241 1029 3395 1096 dicit,

1813 1122 2122 1188 tangentem
2150 1116 2505 1183 sanctiﬁcari,
2532 1116 2693 1187 plane
2721 1119 2960 1174 ostendit
2983 1119 3108 1188 quia
3134 1119 3190 1174 in
3218 1121 3397 1190 dispu-

1815 1212 1980 1268 tando
2043 1213 2109 1268 de
2150 1213 2280 1279 Deo,
2321 1214 2380 1270 id
2420 1222 2522 1281 est,
2571 1215 2630 1268 in
2667 1215 2952 1287 theologia,
2995 1216 3195 1273 suﬁicit
3240 1219 3398 1274 nobis

1813 1303 1981 1358 etiam
2038 1311 2253 1359 tantum
2303 1313 2547 1377 tangere,
2594 1307 3048 1376 quemadmodum
3091 1310 3270 1380 ignem
3303 1311 3397 1381 qui

1812 1393 1930 1448 vult
1954 1393 2227 1461 caleﬁeri;
2253 1411 2380 1450 nam
2420 1396 2466 1451 si
2501 1396 2732 1452 interius
2761 1397 2943 1452 mittat
2968 1414 3187 1454 manum
3210 1417 3311 1470 pro
3332 1417 3399 1457 eo

1813 1485 1957 1556 quod
1981 1486 2156 1556 potuit
2179 1485 2440 1553 caleﬁeri,
2467 1488 2831 1556 comburitur,
2865 1489 2946 1546 sic
2969 1498 3027 1547 et
3045 1492 3140 1561 qui
3167 1493 3399 1562 profun-

1814 1577 1936 1634 dius
1961 1579 2046 1634 vel
2086 1578 2248 1635 altius
2277 1580 2344 1635 de
2387 1579 2501 1636 Deo
2533 1580 2813 1652 disputare
2855 1584 3158 1652 praesumit,
3195 1600 3296 1656 pro
3331 1601 3400 1642 eo

1813 1669 1958 1740 quod
1985 1669 2273 1740 gloriosius
2295 1671 2427 1741 quid
2456 1671 2573 1726 vult
2596 1671 2894 1740 oﬁ'endere,
2921 1673 2979 1729 in
3002 1674 3400 1745 blasphemiam

1813 1763 1979 1828 cadit,
2023 1762 2152 1817 dum
2193 1763 2656 1834 comprehendere
2695 1764 3041 1822 altitudinem
3085 1766 3396 1826 divinorum

146 1873 306 1918 autem
348 1859 687 1917 tabernaculi
733 1857 1048 1924 testimonii,
1077 1857 1132 1912 id
1175 1864 1260 1911 est
1293 1853 1440 1920 caeli,
1466 1852 1710 1908 Ecclesia
1738 1844 1790 1907 Β
1813 1853 2131 1926 dogmatum
2158 1869 2267 1911 non
2290 1855 2481 1926 possit.

143 1963 233 2021 est,
267 1969 376 2009 non
414 1952 590 2008 solum
638 1950 782 2006 sicut
819 1949 1078 2004 introitus
1108 1955 1165 2002 et
1190 1945 1518 2002 vestibulum
1541 1943 1709 1999 cmic-

145 2061 269 2111 rum,
298 2045 396 2100 sed
419 2044 588 2099 etiam
613 2041 1068 2113 quemadmodum
1090 2039 1286 2094 domus
1314 2038 1432 2094 Dei.
1455 2037 1534 2093 lbi
1553 2052 1706 2108 ergo,

144 2139 192 2192 id
219 2147 297 2194 est
333 2138 395 2193 in
423 2153 510 2203 ea,
537 2143 755 2208 Oportet
790 2133 1101 2190 omnimodo
1125 2133 1193 2188 de
1219 2131 1507 2188 divinitate
1535 2131 1705 2200 loqui,

143 2231 245 2287 sive
269 2230 596 2302 theologiam
623 2242 902 2283 exercere.
931 2226 1003 2280 In
1037 2225 1268 2282 ecclesiis
1288 2225 1435 2280 enim
1456 2225 1535 2280 ait
1563 2224 1706 2280 :Be-

142 2323 342 2378 nedicite
391 2323 679 2377 Dominum
723 2319 896 2392 (Psal.
930 2318 1122 2392 vau).
1164 2317 1223 2373 Si
1252 2318 1375 2389 quis
1422 2325 1603 2373 autem
1652 2318 1708 2373 in

141 2418 287 2474 domo
314 2417 618 2472 Ecclesiam
640 2414 802 2470 habet
828 2432 841 2468 :
867 2413 959 2468 Ait
984 2412 1182 2483 quippe
1205 2410 1440 2466 Paulus:
1468 2408 1709 2465 Salutate

141 2507 428 2580 Nympham
453 2516 502 2563 et
519 2507 858 2562 domesticam
885 2506 1002 2577 ejus
1025 2503 1318 2560 Ecclesiam
1347 2501 1571 2575 (Coloss.
1606 2502 1702 2576 1v).

138 2599 303 2665 Habet
341 2609 526 2655 autem
567 2600 692 2670 quis
736 2599 1090 2655 domesticam
1127 2596 1450 2663 Ecclesiam,
1490 2598 1708 2668 quando

135 2692 482 2762 semetipsum
531 2689 957 2746 sanctiﬁcaverit
1002 2689 1134 2758 Deo,
1178 2698 1236 2746 et
1280 2706 1312 2745 a
1358 2688 1708 2746 saecularibus

135 2785 427 2839 cessaverit
469 2785 716 2856 negotiis,
762 2784 852 2840 hic
898 2784 1062 2838 etiam
1101 2784 1246 2839 domi
1295 2785 1363 2840 de
1401 2783 1514 2840 Deo
1556 2783 1706 2855 loqui

134 2877 238 2931 sive
274 2876 599 2948 theologiam
626 2891 884 2932 exercere
909 2885 1104 2947 potest.
1143 2875 1304 2931 Tales
1334 2883 1478 2941 sunt,
1510 2876 1708 2946 quibus

134 2983 248 3037 pars
271 2969 334 3023 de
377 2968 664 3024 sacriﬁciis
690 2969 929 3036 Domini,
957 2969 1012 3024 id
1054 2977 1161 3036 εει,
1203 2969 1348 3040 loqui
1391 2969 1458 3024 de
1486 2968 1595 3024 Deo
1621 2968 1708 3023 vel

135 3059 394 3130 theologia
447 3061 514 3116 de
561 3061 716 3116 donis
765 3069 822 3116 et
867 3061 1234 3116 oblationibus
1279 3061 1462 3128 datur,
1503 3059 1572 3116 de
1601 3075 1710 3131 quo

134 3152 397 3208 subdidit:
424 3150 676 3207 Sanctum
708 3161 1012 3208 sanctorum
1034 3153 1152 3220 erit,
1195 3151 1322 3222 quia
1353 3152 1529 3208 sancti
1575 3167 1704 3208 san—

1807 2039 1889 2096 De
1906 2041 2091 2096 hostiis
2112 2043 2295 2098 Aaron
2323 2052 2374 2098 et
2393 2041 2628 2111 ﬁliorum
2649 2044 2768 2117 ejus
2787 2045 2843 2100 in
2863 2045 2948 2102 die
2974 2048 3235 2104 unctionis
3259 2066 3393 2106 sua.

1882 2131 2061 2204 (loto.)
2100 2131 2172 2186 Et
2201 2131 2408 2188 locutus
2437 2143 2513 2188 est
2542 2133 2802 2192 Dominus
2833 2137 2904 2191 ad
2930 2136 3150 2210 Moysen
3183 2140 3360 2196 dicens
3378 2156 3398 2196 :

1808 2223 1943 2281 Htec
1984 2235 2059 2280 est
2084 2225 2277 2281 oblatio
2311 2227 2494 2282 Aaron
2537 2237 2586 2283 et
2607 2228 2846 2298 ﬁliorum
2877 2231 2993 2302 ejus
3019 2250 3178 2304 quam
3207 2235 3401 2305 σιγεῖν-ο

1807 2313 1996 2369 debent
2019 2315 2246 2371 Domino
2266 2317 2324 2372 in
2347 2317 2434 2372 die
2459 2319 2723 2375 unctionis
2741 2337 2873 2376 sure.
2897 2321 3171 2378 Decimum
3193 2333 3400 2396 partem

1807 2407 1924 2478 ephi
1954 2408 2173 2478 offerent
2195 2407 2384 2464 simila:
2418 2410 2474 2464 in
2500 2410 2766 2480 sacriﬁcio
2789 2412 3102 2482 sempiterno
3125 2427 3143 2464 :
3165 2414 3398 2468 medium

1808 2498 1926 2569 ejus
1955 2515 2110 2554 mane
2143 2509 2190 2554 et
2221 2501 2452 2555 medium
2486 2517 2694 2572 vespere
2715 2519 2734 2567 ,'
2755 2518 2874 2574 qua:
2901 2502 2958 2556 in
2995 2503 3263 2574 sartagine
3287 2502 3400 2557 oleo

1809 2608 2093 2664 conspersa
2121 2594 2364 2666 frigetur.
2393 2594 2592 2666 Oﬂ'eret
2617 2607 2792 2652 autem
2811 2614 2929 2652 eam
2949 2597 3178 2652 calidam
3205 2597 3262 2652 in
3279 2598 3404 2652 odo-

1809 2699 1920 2737 rem
1964 2685 2334 2740 suavissimum
2375 2685 2630 2753 Domino,
2675 2688 2921 2743 sacerdos
2964 2690 3056 2762 qui
3100 2689 3242 2759 patri
3277 2689 3402 2759 jure

1808 2779 2140 2845 successerit,
2173 2787 2222 2834 et
2252 2788 2364 2833 tota
2406 2781 2726 2835 cremabitur
2749 2782 2806 2836 in
2847 2780 3027 2836 altari.
3064 2780 3232 2837 Omne
3262 2782 3402 2835 enim

1809 2869 2134 2938 sacriﬁcium
2183 2871 2514 2926 sacerdotum
2559 2874 2677 2944 igne
2715 2884 3068 2940 consumatur,
3121 2891 3214 2929 nec
3265 2875 3405 2946 quis-

1808 2976 1972 3030 quam
2000 2961 2236 3016 comedet
2264 2979 2329 3017 ea:
2349 2979 2432 3018 eo.
2465 2963 2638 3019 Omne
2663 2966 2997 3021 sacriﬁcium
3030 2967 3175 3036 quod
3219 2967 3287 3021 ad
3315 2982 3403 3022 sa-

1810 3052 2050 3109 cerdotis
2092 3053 2330 3110 refertur
2357 3071 2666 3126 personam,
2719 3057 2998 3131 Unigeniti
3043 3059 3300 3115 sacriﬁcii
3339 3059 3404 3114 ﬁ-

1812 3159 2003 3215 guram
2029 3147 2189 3217 gerit,
2219 3146 2368 3203 sicut
2393 3163 2493 3220 per
2519 3159 2848 3220 praesentem
2884 3151 3294 3207 demonstratur
3324 3152 3403 3207 le-

132 3249 327 3298 ctorum
355 3243 875 3315 contemplationem
893 3205 1473 3316 possident;lsubdidit
1496 3252 1700 3311 autem,
1733 3205 1780 3272 ο
1809 3252 1954 3309 gelu.
2005 3237 2098 3292 Ait
2136 3239 2318 3294 enim:
2347 3205 2418 3295 Ei
2451 3205 2658 3298 locutus
2691 3252 2767 3298 est
2791 3242 3050 3299 Dominus
3073 3245 3144 3298 ad
3183 3245 3403 3317 Moysen

131 3334 250 3387 sicut
277 3351 370 3405 pro
405 3334 620 3405 peccato
656 3344 811 3407 atque
853 3335 1078 3401 delicto;
1115 3335 1292 3391 simile
1335 3335 1470 3391 illud
1515 3335 1704 3393 volens

131 3427 407 3482 ostendere
461 3441 559 3496 pro
590 3436 814 3498 peccato
856 3435 912 3483 et
959 3444 1058 3498 pro
1101 3428 1297 3484 delicto
1348 3428 1698 3485 sacriﬁcium.

132 3516 308 3572 Sermo
327 3519 485 3573 enim
509 3518 578 3572 de
599 3519 712 3574 Deo
731 3520 966 3574 maxime
992 3520 1061 3575 ad
1080 3521 1416 3591 ereptionem
1437 3529 1494 3576 et
1514 3535 1708 3576 emun-

131 3607 390 3664 dationem
454 3610 650 3665 animae
688 3611 942 3679 habetur,
982 3613 1200 3682 quando
1254 3613 1375 3669 oleo
1431 3621 1487 3668 et
1533 3615 1704 3680 thuri,

131 3702 480 3776 cleemosynze
517 3705 768 3760 videlicet
799 3715 854 3760 et
897 3707 1156 3772 orationi,
1197 3706 1526 3762 sacriﬁcium
1554 3707 1707 3761 verbi

133 3792 233 3860 Dei,
267 3796 323 3850 id
368 3803 485 3861 εει,
517 3796 812 3866 ,ιιιεοιοείεε
852 3797 1217 3868 coniungitur.
1266 3797 1467 3865 Mares,
1510 3799 1702 3869 inquit,

133 3895 316 3940 tantum
348 3887 539 3956 stirpis
561 3887 740 3941 Aaron
773 3888 1038 3942 comedent
1063 3888 1220 3956 illud,
1250 3889 1541 3960 legitimum
1572 3907 1708 3944 sem-

132 3976 382 4042 piternum
419 3983 497 4028 est
541 3976 598 4029 in
645 3978 1066 4046 generationibus
1097 3980 1277 4032 uestris
1323 3981 1388 4033 de
1433 3980 1710 4049 sacriﬁciis

130 4062 349 4122 Domini.
401 4062 526 4120 Non
565 4079 696 4136 ergo
735 4067 976 4121 omnium
1015 4075 1100 4123 est
1143 4068 1212 4123 de
1261 4069 1372 4124 Deo
1411 4070 1707 4139 disputare,

131 4159 211 4212 sed
233 4159 436 4213 talium
465 4157 579 4228 qui,
609 4158 746 4212 nihil
772 4159 1088 4225 femineum,
1131 4161 1267 4220 nihil
1294 4161 1498 4217 ﬁuxum
1529 4164 1584 4217 in
1612 4178 1708 4218 co-

129 4248 479 4316 gitationibus
527 4249 751 4317 habent,
804 4252 948 4321 quod
981 4251 1280 4322 legitimum
1325 4263 1589 4309 aeternum
1650 4254 1708 4309 in

132 4340 567 4407 generationibus
605 4355 818 4410 eorum,
864 4343 918 4398 id
950 4352 1052 4411 est,
1089 4345 1144 4400 in
1177 4354 1498 4416 perpetuum
1524 4353 1708 4402 custo-

129 4431 217 4485 diri
245 4431 532 4502 prsecepit,
561 4441 620 4487 ut
654 4433 709 4489 in
733 4435 882 4489 omni
910 4444 1154 4506 tempore
1184 4437 1552 4505 intendamus,
1584 4437 1704 4492 nul-

1807 3329 2024 3384 dicens:
2055 3329 2188 3384 Hac
2227 3342 2304 3386 est
2336 3332 2536 3388 oblatio
2573 3335 2754 3390 Aaron
2779 3345 2826 3390 et
2846 3335 3081 3404 ﬁliorum
3106 3336 3223 3406 ejus
3242 3354 3402 3408 quam

1807 3421 2000 3492 oﬂ‘erre
2020 3421 2207 3478 debent
2227 3422 2456 3478 Domino
2475 3425 2532 3479 in
2554 3425 2639 3479 die
2664 3426 2924 3481 unctionis
2950 3443 3083 3482 sua}.
3111 3425 3402 3482 Multorum

1811 3514 2034 3584 quidem
2066 3516 2410 3572 sacerdotum
2439 3519 2545 3575 hoc
2569 3519 2770 3574 donum
2801 3527 2886 3575 est
2915 3537 2929 3574 :
2957 3520 3032 3575 ait
3061 3521 3260 3591 quippe
3293 3522 3402 3575 Αα-

1811 3625 1908 3662 ron
1949 3618 2000 3664 et
2034 3609 2278 3678 ﬁliorum
2317 3613 2452 3682 ejus,
2494 3613 2589 3668 sed
2635 3629 2745 3669 uno
2785 3623 2950 3670 uncto
3001 3613 3245 3680 oli'ertur,
3277 3615 3403 3684 quia

1810 3698 1991 3752 omnis
2021 3701 2314 3754 sacerdotii
2343 3701 2522 3772 imago
2547 3709 2604 3756 et
2633 3703 2866 3758 ﬁrmitas
2895 3704 3010 3758 sive
3054 3702 3404 3758 subsistentia

1816 3786 2022 3842 Christi
2044 3788 2373 3844 sacriﬁcium
2404 3799 2509 3856 est,
2532 3792 2650 3860 ipso
2671 3791 2817 3845 enim
2849 3792 2965 3847 solo
2992 3791 3175 3846 oblato
3195 3807 3296 3862 per
3323 3801 3404 3846 to-

1813 3887 1925 3932 tum
1954 3887 2058 3934 est.
2092 3880 2161 3934 Et
2181 3880 2400 3949 quando
2425 3888 2607 3936 actum
2636 3888 2759 3934 est‘:
2778 3879 2846 3934 In
2869 3880 2956 3935 die
2976 3881 3240 3935 unctionis
3263 3882 3402 3951 ejus,

1814 3969 1871 4025 id
1911 3981 2017 4038 est,
2073 3981 2316 4043 tempore
2356 3987 2464 4043 quo
2511 3974 2826 4028 incarnatus
2868 3981 2950 4028 est
2980 3992 2992 4026 :
3025 3974 3209 4029 unctio
3255 3973 3401 4029 enim

1810 4061 1867 4117 in
1896 4061 2174 4134 Unigeniti
2208 4079 2440 4134 persona
2479 4065 2785 4121 incarnatio
2818 4066 3034 4133 dicitur,
3077 4067 3146 4122 de
3178 4082 3285 4138 qua
3323 4067 3404 4122 ait

1808 4152 2005 4210 Petrus
2030 4173 2043 4208 :
2065 4154 2103 4207 Ι
2107 4171 2250 4209 esum
2278 4154 2333 4208 Ν
2337 4173 2624 4211 azarenum
2652 4156 2914 4226 quomodo
2937 4172 3056 4210 eum
3077 4157 3231 4212 unxit
3255 4156 3399 4211 Deus

1808 4243 2012 4316 Spiritu
2035 4255 2218 4300 sancto
2257 4256 2308 4302 et
2329 4248 2518 4302 uirtute
2543 4246 2696 4318 (Luc.
2728 4247 2912 4320 xxiv);
2944 4248 3061 4302 haec
3091 4263 3221 4303 vero
3260 4263 3398 4318 quo-

1807 4339 1969 4394 modo
1998 4347 2094 4394 aut
2140 4340 2357 4409 quando
2405 4339 2547 4396 facta
2574 4341 2704 4406 sint,
2749 4338 2972 4396 Gabriel
3002 4339 3185 4396 Mariae
3219 4340 3398 4395 dixit:

1807 4429 2040 4500 Spiritus
2066 4442 2303 4497 sanctus,
2346 4433 2539 4503 inquit,
2584 4434 2907 4503 superveniet
2945 4433 3002 4485 in
3041 4442 3109 4497 te,
3153 4440 3200 4486 et
3227 4432 3396 4485 virtus

132 4520 330 4626 latentis
369 4522 447 4626 de
479 4521 592 4626 Deo
632 4521 1283 4626 disputaremprmsumepe,
1325 4533 1565 4601 quandi“
1604 4548 1705 4603 per
1731 4566 1785 4626 Β
1809 4523 2098 4626 .‘iltisssimi
2132 4527 2458 4626 obumbrabit
2484 4527 2579 4580 tibi
2611 4527 2764 4626 (Luc.
2791 4527 2874 4626 1).:
2901 4539 3223 4626 quam-ergo
3248 4524 3400 4626 obla-

133 4616 384 4682 quasdam
413 4613 806 4669 declinationes
829 4613 1130 4670 diﬁluentes
1154 4615 1238 4670 vel
1261 4624 1548 4671 saecularcs
1569 4625 1704 4673 alias
1731 4613 1780 4626 ’⁷
1811 4618 2014 4673 tionem
2038 4635 2162 4674 cum
2197 4622 2453 4675 sacerdos
2478 4627 2677 4673 unctus
2710 4619 2892 4678 tulerit,
2923 4625 3044 4684 post
3070 4617 3393 4672 incarnatio-

135 4706 442 4772 phantasias
463 4722 496 4760 a
529 4706 894 4762 masculorum
915 4707 1214 4762 excidimus
1247 4708 1529 4776 dignitate.
1551 4709 1705 4776 Quod
1811 4717 1937 4756 nem
1963 4703 2216 4759 videlicet
2249 4706 2424 4772 verbi,
2458 4706 2733 4774 legislator
2759 4705 2942 4762 oﬁ‘erri
2984 4710 3279 4779 praecepit?
3299 4711 3394 4766 de-

135 4807 302 4853 autem
351 4799 652 4854 novissime
699 4799 765 4854 de
816 4799 1099 4854 sacriﬁciis
1141 4799 1345 4855 dictum
1387 4808 1491 4867 est,
1523 4799 1709 4855 Omnis

132 4893 212 4960 qui
242 4895 468 4965 tetigerit
493 4894 613 4960 illa,
640 4893 1075 4962 sanctiﬁcabitur,
1102 4894 1205 4950 hoc
1233 4895 1531 4950 secundum
1563 4894 1711 4949 litte-

135 4999 241 5041 ram
283 4985 574 5043 Judaicam
616 5002 724 5042 non
765 4995 943 5058 potest
984 4995 1147 5042 stare.
1206 4990 1487 5055 Quomodo
1531 4990 1710 5045 omnis

136 5078 218 5144 qui
253 5080 499 5152 tetigerit
533 5081 601 5135 de
637 5077 908 5134 sacriﬁcio
955 5088 1266 5134 sanctorum
1313 5082 1708 5148 sanctiﬁcatur,

137 5168 178 5222 si
203 5170 480 5227 homicida
511 5171 770 5242 tetigerit,
802 5171 847 5226 si
897 5169 1176 5240 profanus,
1204 5171 1249 5225 si
1301 5173 1531 5239 adulter,
1563 5175 1713 5230 ince-

138 5266 272 5325 stos;
297 5278 410 5315 non
457 5262 606 5317 enim
644 5262 858 5331 excepit
888 5261 1142 5331 aliquem,
1198 5262 1292 5316 sed
1323 5262 1496 5316 dixit:
1531 5263 1712 5320 Omnis

139 5350 220 5419 qui
247 5351 480 5422 tetigerit
507 5368 592 5417 ea,
623 5353 1064 5422 sanctiﬁcabitur,
1106 5353 1430 5424 quaerendus
1456 5363 1541 5409 est
1583 5370 1714 5428 ergo

141 5440 440 5501 intellectus
481 5446 743 5517 mysticus
775 5465 787 5500 :
817 5446 945 5517 quia
977 5447 1300 5502 sacriﬁcium
1331 5462 1432 5517 pro
1455 5463 1565 5519 quo
1593 5448 1710 5504 hac

141 5536 310 5591 omnia
331 5537 606 5594 sacriﬁcia
629 5539 684 5593 in
706 5545 832 5609 typo
849 5547 906 5592 et
931 5538 1102 5608 ﬁgura
1119 5547 1519 5610 processerant,
1542 5556 1710 5595 unum

141 5631 193 5677 et
233 5626 535 5695 perfectum
581 5627 936 5693 immolatum,
969 5637 1054 5683 est
1098 5629 1388 5696 Christus;
1426 5627 1587 5698 hujus
1622 5646 1711 5686 sa-

142 5713 324 5765 criﬁeii
364 5732 588 5771 carnem
616 5717 660 5772 si
700 5718 824 5788 quis
853 5719 1112 5788 tetigerit,
1143 5721 1246 5775 hoc
1283 5729 1388 5787 est,
1418 5720 1463 5776 si
1491 5721 1709 5777 credulo

145 5803 302 5860 corde
321 5813 496 5862 totam
519 5823 668 5876 spem
689 5812 880 5866 salutis
905 5827 1017 5866 suae
1039 5813 1095 5866 in
1124 5814 1239 5884 ejus
1261 5816 1512 5886 passione
1537 5825 1594 5872 et
1618 5832 1707 5872 re-

538 5899 808 5963 Psra0L.
854 5904 1069 5967 CVlll.

1811 4797 2001 4851 cimam
2021 4807 2224 4868 partem
2247 4799 2363 4870 ephi
2394 4800 2610 4869 offerent
2640 4801 2828 4856 simin
2849 4805 2905 4858 in
2924 4805 3188 4874 sacriﬁcio
3209 4807 3401 4878 sempi-

1813 4896 1984 4954 terno,
2025 4890 2254 4943 medium
2293 4891 2408 4960 ejus
2444 4907 2619 4958 mane,
2665 4902 2714 4947 et
2751 4894 2980 4950 medium
3029 4897 3142 4967 ejus
3168 4914 3394 4970 vespere,

1812 4996 1930 5050 qua:
1961 4983 2018 5036 in
2042 4983 2309 5054 sartagine
2357 4991 2470 5039 oleo
2511 5001 2788 5056 conspersa
2825 4987 3066 5058 frigetur.
3100 4989 3208 5045 Sed
3250 4990 3398 5047 deci-

1816 5093 1961 5132 mam
1992 5078 2212 5148 quidem
2239 5079 2364 5150 ephi
2390 5079 2600 5146 similae,
2632 5095 2749 5136 esse
2784 5080 3057 5154 Unigeniti
3082 5083 3394 5137 humanita—

1817 5177 1946 5235 tem,
2005 5171 2062 5225 in
2102 5173 2474 5241 superioribus
2525 5183 2802 5229 ostensum
2837 5183 2942 5241 est,
2991 5191 3113 5230 cum
3175 5183 3230 5230 et
3269 5173 3394 5242 ephi

1816 5269 2004 5330 utpote
2045 5276 2357 5317 mensuram
2406 5272 2521 5319 tres
2565 5266 2774 5320 modios
2809 5266 3130 5336 capientem.
3166 5263 3400 5318 Trinita-

1817 5362 1928 5408 tem
1947 5367 2069 5409 esse
2089 5362 2238 5410 recte
2263 5355 2516 5412 diximus.
2553 5356 2610 5412 Si
2641 5366 2820 5413 autem
2848 5358 2996 5429 ephi,
3025 5356 3237 5412 Domini
3267 5369 3397 5409 caro

1815 5458 1961 5512 esse,
1987 5457 2049 5500 ut
2073 5455 2130 5502 et
2159 5448 2458 5504 divinitatis
2486 5451 2946 5521 supereminentia
2973 5453 3394 5513 demonstretur,

1814 5539 2218 5611 Dominicasque
2247 5543 2429 5597 carnis
2456 5559 2579 5598 cum
2607 5557 2670 5598 ea
2701 5540 3152 5612 inseparabilitas,
3186 5537 3291 5592 hoc
3311 5538 3396 5591 ni-

1812 5632 2110 5689 hilominus
2145 5634 2201 5689 in
2233 5635 2560 5691 sacriﬁcium
2590 5644 2910 5707 perpetuum
2949 5640 3052 5697 est,
3092 5629 3218 5699 quia
3256 5631 3397 5686 sicut

1813 5724 2144 5781 aitPaulus:
2178 5724 2296 5781 Una
2333 5729 2471 5783 enim
2498 5727 2759 5780 oblatione
2775 5721 3149 5778 consummavit
3174 5721 3229 5774 in
3261 5737 3397 5776 sem-

1812 5817 2074 5888 piternum
2105 5820 2484 5890 sanctiﬁcatos,
2528 5819 2665 5873 unde
2701 5825 2749 5872 et
2773 5814 2977 5871 salvare
3006 5813 3058 5868 in
3093 5822 3397 5885 perpetuum

2925 5908 2997 5970 10
