  <div class='ocr_page' id='page_1' title='image "/cluster/home/n/w/nwhite01/storage/ocr_20150623/108/hvd.32044015466840/160.png"; bbox 0 0 1968 3175; ppageno 0'>
   <div class='ocr_carea' id='block_1_1' title="bbox 83 243 858 284">
    <p class='ocr_par' dir='ltr' id='par_1_1' title="bbox 83 243 858 284">
     <span class='ocr_line' id='line_1_1' title="bbox 83 243 858 284; baseline 0.001 -8"><span class='ocrx_word' id='word_1_1' title='bbox 83 248 212 283; x_wconf 58' lang='lat' dir='ltr'><strong>auditas.</strong></span> <span class='ocrx_word' id='word_1_2' title='bbox 221 244 279 280; x_wconf 65' lang='lat' dir='ltr'><strong>im</strong></span> <span class='ocrx_word' id='word_1_3' title='bbox 291 243 428 284; x_wconf 50' lang='lat' dir='ltr'><strong>Dominus</strong></span> <span class='ocrx_word' id='word_1_4' title='bbox 439 244 703 280; x_wconf 60' lang='grc' dir='ltr'><strong>ιοωίνριρηειριιιὶιι</strong></span> <span class='ocrx_word' id='word_1_5' title='bbox 722 243 858 281; x_wconf 56' lang='lat' dir='ltr'><strong>etiamne</strong></span> 
     </span>
    </p>
   </div>
   <div class='ocr_carea' id='block_1_2' title="bbox 84 288 855 332">
    <p class='ocr_par' dir='ltr' id='par_1_2' title="bbox 84 288 855 332">
     <span class='ocr_line' id='line_1_2' title="bbox 84 288 855 332; baseline -0.001 -10"><span class='ocrx_word' id='word_1_6' title='bbox 84 295 168 329; x_wconf 69' lang='lat' dir='ltr'><strong>mm</strong></span> <span class='ocrx_word' id='word_1_7' title='bbox 180 294 230 323; x_wconf 70' lang='lat' dir='ltr'><strong>est.</strong></span> <span class='ocrx_word' id='word_1_8' title='bbox 250 288 796 332; x_wconf 56' lang='lat' dir='ltr'><strong>quiduemomiuibus.dicattllabitabo,</strong></span> <span class='ocrx_word' id='word_1_9' title='bbox 813 289 855 330; x_wconf 58' lang='lat' dir='ltr'><strong>in;</strong></span> 
     </span>
    </p>
   </div>
   <div class='ocr_carea' id='block_1_3' title="bbox 83 332 856 374">
    <p class='ocr_par' dir='ltr' id='par_1_3' title="bbox 83 332 856 374">
     <span class='ocr_line' id='line_1_3' title="bbox 83 332 856 374; baseline 0.001 -7"><span class='ocrx_word' id='word_1_10' title='bbox 83 336 184 374; x_wconf 55' lang='lat' dir='ltr'><strong>qusi»</strong></span> <span class='ocrx_word' id='word_1_11' title='bbox 193 334 388 369; x_wconf 56' lang='lat' dir='ltr'><strong>mammis.</strong></span> <span class='ocrx_word' id='word_1_12' title='bbox 396 333 539 369; x_wconf 54' lang='lat' dir='ltr'><strong>madebit</strong></span> <span class='ocrx_word' id='word_1_13' title='bbox 554 332 666 370; x_wconf 27' lang='lat' dir='ltr'><strong>(Emit-1</strong></span> <span class='ocrx_word' id='word_1_14' title='bbox 683 333 856 373; x_wconf 51' lang='lat' dir='ltr'><strong>sunt.le</strong></span> 
     </span>
    </p>
   </div>
   <div class='ocr_carea' id='block_1_4' title="bbox 83 379 854 422">
    <p class='ocr_par' dir='ltr' id='par_1_4' title="bbox 83 379 854 422">
     <span class='ocr_line' id='line_1_4' title="bbox 83 379 854 422; baseline -0.008 -9"><span class='ocrx_word' id='word_1_15' title='bbox 83 382 174 418; x_wconf 82' lang='lat' dir='ltr'><strong>aliquid</strong></span> <span class='ocrx_word' id='word_1_16' title='bbox 185 381 283 413; x_wconf 59' lang='lat' dir='ltr'><strong>adhuc</strong></span> <span class='ocrx_word' id='word_1_17' title='bbox 295 380 399 417; x_wconf 61' lang='lat' dir='ltr'><strong>addidit</strong></span> <span class='ocrx_word' id='word_1_18' title='bbox 408 387 639 422; x_wconf 54' lang='grc' dir='ltr'><strong>«ξι-ίςει,λιδςψῆοιῃειιῑι1</strong></span> <span class='ocrx_word' id='word_1_19' title='bbox 646 385 742 415; x_wconf 62' lang='lat' dir='ltr'><strong>tuam;</strong></span> <span class='ocrx_word' id='word_1_20' title='bbox 752 379 854 414; x_wconf 60' lang='lat' dir='ltr'><strong>litera,</strong></span> 
     </span>
    </p>
   </div>
   <div class='ocr_carea' id='block_1_5' title="bbox 83 425 856 463">
    <p class='ocr_par' dir='ltr' id='par_1_5' title="bbox 83 425 856 463">
     <span class='ocr_line' id='line_1_5' title="bbox 83 425 856 463; baseline -0.005 -7"><span class='ocrx_word' id='word_1_21' title='bbox 83 426 221 463; x_wconf 54' lang='lat' dir='ltr'><strong>inquiueil</strong></span> <span class='ocrx_word' id='word_1_22' title='bbox 230 426 261 455; x_wconf 73' lang='lat' dir='ltr'><strong>in</strong></span> <span class='ocrx_word' id='word_1_23' title='bbox 272 430 382 463; x_wconf 64' lang='lat' dir='ltr'><strong>patrem,</strong></span> <span class='ocrx_word' id='word_1_24' title='bbox 394 430 437 458; x_wconf 59' lang='grc' dir='ltr'><strong>,σεε</strong></span> <span class='ocrx_word' id='word_1_25' title='bbox 449 426 598 461; x_wconf 45' lang='lat' dir='ltr'><strong>autem</strong></span> <span class='ocrx_word' id='word_1_26' title='bbox 612 425 689 460; x_wconf 38' lang='lat' dir='ltr'><strong>mihi,</strong></span> <span class='ocrx_word' id='word_1_27' title='bbox 704 428 732 453; x_wconf 80' lang='lat' dir='ltr'><strong>in</strong></span> <span class='ocrx_word' id='word_1_28' title='bbox 744 425 814 461; x_wconf 63' lang='lat' dir='ltr'><strong>ﬁlios</strong></span> <span class='ocrx_word' id='word_1_29' title='bbox 830 430 856 462; x_wconf 72' lang='lat' dir='ltr'><strong>et</strong></span> 
     </span>
    </p>
   </div>
   <div class='ocr_carea' id='block_1_6' title="bbox 81 470 856 509">
    <p class='ocr_par' dir='ltr' id='par_1_6' title="bbox 81 470 856 509">
     <span class='ocr_line' id='line_1_6' title="bbox 81 470 856 509; baseline -0.005 -8"><span class='ocrx_word' id='word_1_30' title='bbox 81 472 230 509; x_wconf 63' lang='grc' dir='ltr'><strong>βίω..άὸεῆ</strong></span> <span class='ocrx_word' id='word_1_31' title='bbox 238 470 379 508; x_wconf 77' lang='lat' dir='ltr'><strong>Dominus.</strong></span> <span class='ocrx_word' id='word_1_32' title='bbox 390 470 458 507; x_wconf 73' lang='lat' dir='ltr'><strong>Vide</strong></span> <span class='ocrx_word' id='word_1_33' title='bbox 475 478 557 507; x_wconf 70' lang='lat' dir='ltr'><strong>quam</strong></span> <span class='ocrx_word' id='word_1_34' title='bbox 571 470 656 502; x_wconf 85' lang='lat' dir='ltr'><strong>multa</strong></span> <span class='ocrx_word' id='word_1_35' title='bbox 670 470 856 508; x_wconf 67' lang='lat' dir='ltr'><strong>misericordia</strong></span> 
     </span>
    </p>
   </div>
   <div class='ocr_carea' id='block_1_7' title="bbox 82 515 857 557">
    <p class='ocr_par' dir='ltr' id='par_1_7' title="bbox 82 515 857 557">
     <span class='ocr_line' id='line_1_7' title="bbox 82 515 857 557; baseline 0.009 -10"><span class='ocrx_word' id='word_1_36' title='bbox 82 516 266 557; x_wconf 66' lang='grc' dir='ltr'><strong>ωιιιεωειιίιαξ</strong></span> <span class='ocrx_word' id='word_1_37' title='bbox 279 515 394 551; x_wconf 55' lang='grc' dir='ltr'><strong>βαίιεειν</strong></span> <span class='ocrx_word' id='word_1_38' title='bbox 407 515 443 548; x_wconf 66' lang='lat' dir='ltr'><strong>Et</strong></span> <span class='ocrx_word' id='word_1_39' title='bbox 457 515 704 553; x_wconf 56' lang='lat' dir='ltr'><strong>“tinnimentum</strong></span> <span class='ocrx_word' id='word_1_40' title='bbox 718 515 857 554; x_wconf 63' lang='lat' dir='ltr'><strong>iugulatur</strong></span> 
     </span>
    </p>
   </div>
   <div class='ocr_carea' id='block_1_8' title="bbox 83 561 857 604">
    <p class='ocr_par' dir='ltr' id='par_1_8' title="bbox 83 561 857 604">
     <span class='ocr_line' id='line_1_8' title="bbox 83 561 857 604; baseline 0.006 -15"><span class='ocrx_word' id='word_1_41' title='bbox 83 563 149 595; x_wconf 72' lang='lat' dir='ltr'><strong>illud:</strong></span> <span class='ocrx_word' id='word_1_42' title='bbox 159 562 230 597; x_wconf 72' lang='lat' dir='ltr'><strong>quod</strong></span> <span class='ocrx_word' id='word_1_43' title='bbox 250 561 302 594; x_wconf 79' lang='lat' dir='ltr'><strong>soli</strong></span> <span class='ocrx_word' id='word_1_44' title='bbox 322 561 387 597; x_wconf 16' lang='lat' dir='ltr'><strong>Deo,</strong></span> <span class='ocrx_word' id='word_1_45' title='bbox 398 561 533 604; x_wconf 42' lang='lat' dir='ltr'><strong>adortum,</strong></span> <span class='ocrx_word' id='word_1_46' title='bbox 546 562 685 599; x_wconf 56' lang='lat' dir='ltr'><strong>inicimus</strong></span> <span class='ocrx_word' id='word_1_47' title='bbox 695 563 783 592; x_wconf 83' lang='lat' dir='ltr'><strong>hostia</strong></span> <span class='ocrx_word' id='word_1_48' title='bbox 797 570 857 598; x_wconf 58' lang='lat' dir='ltr'><strong>qua:</strong></span> 
     </span>
    </p>
   </div>
   <div class='ocr_carea' id='block_1_9' title="bbox 83 606 856 647">
    <p class='ocr_par' dir='ltr' id='par_1_9' title="bbox 83 606 856 647">
     <span class='ocr_line' id='line_1_9' title="bbox 83 606 856 647; baseline 0.003 -12"><span class='ocrx_word' id='word_1_49' title='bbox 83 617 129 644; x_wconf 73' lang='lat' dir='ltr'><strong>pm</strong></span> <span class='ocrx_word' id='word_1_50' title='bbox 138 611 248 642; x_wconf 62' lang='lat' dir='ltr'><strong>peccato</strong></span> <span class='ocrx_word' id='word_1_51' title='bbox 261 610 305 641; x_wconf 76' lang='lat' dir='ltr'><strong>est,</strong></span> <span class='ocrx_word' id='word_1_52' title='bbox 314 606 456 646; x_wconf 58' lang='lat' dir='ltr'><strong>inmolari</strong></span> <span class='ocrx_word' id='word_1_53' title='bbox 467 607 612 645; x_wconf 69' lang='lat' dir='ltr'><strong>iubeatur;</strong></span> <span class='ocrx_word' id='word_1_54' title='bbox 630 614 686 645; x_wconf 81' lang='lat' dir='ltr'><strong>quo</strong></span> <span class='ocrx_word' id='word_1_55' title='bbox 698 607 802 642; x_wconf 81' lang='lat' dir='ltr'><strong>scilicet</strong></span> <span class='ocrx_word' id='word_1_56' title='bbox 814 607 856 647; x_wconf 67' lang='lat' dir='ltr'><strong>in,-</strong></span> 
     </span>
    </p>
   </div>
   <div class='ocr_carea' id='block_1_10' title="bbox 82 654 857 695">
    <p class='ocr_par' dir='ltr' id='par_1_10' title="bbox 82 654 857 695">
     <span class='ocr_line' id='line_1_10' title="bbox 82 654 857 695; baseline 0.003 -7"><span class='ocrx_word' id='word_1_57' title='bbox 82 654 224 695; x_wconf 47' lang='grc' dir='ltr'><strong>κωμικῇ</strong></span> <span class='ocrx_word' id='word_1_58' title='bbox 243 654 434 695; x_wconf 50' lang='lat' dir='ltr'><strong>opinemur.</strong></span> <span class='ocrx_word' id='word_1_59' title='bbox 454 658 481 689; x_wconf 67' lang='lat' dir='ltr'><strong>et</strong></span> <span class='ocrx_word' id='word_1_60' title='bbox 494 654 626 695; x_wconf 60' lang='lat' dir='ltr'><strong>paenitet.</strong></span> <span class='ocrx_word' id='word_1_61' title='bbox 651 661 807 690; x_wconf 59' lang='lat' dir='ltr'><strong>conversus</strong></span> <span class='ocrx_word' id='word_1_62' title='bbox 822 654 857 695; x_wconf 53' lang='lat' dir='ltr'><strong>agi</strong></span> 
     </span>
    </p>
   </div>
   <div class='ocr_carea' id='block_1_11' title="bbox 83 689 857 735">
    <p class='ocr_par' dir='ltr' id='par_1_11' title="bbox 83 689 857 735">
     <span class='ocr_line' id='line_1_11' title="bbox 83 689 857 735; baseline -0.001 -7"><span class='ocrx_word' id='word_1_63' title='bbox 83 701 166 732; x_wconf 80' lang='lat' dir='ltr'><strong>Deum,</strong></span> <span class='ocrx_word' id='word_1_64' title='bbox 186 689 215 728; x_wconf 76' lang='lat' dir='ltr'><strong>et</strong></span> <span class='ocrx_word' id='word_1_65' title='bbox 236 689 409 726; x_wconf 75' lang='lat' dir='ltr'><strong>wntribulati</strong></span> <span class='ocrx_word' id='word_1_66' title='bbox 430 689 542 735; x_wconf 80' lang='lat' dir='ltr'><strong>spiritus</strong></span> <span class='ocrx_word' id='word_1_67' title='bbox 564 689 682 728; x_wconf 85' lang='lat' dir='ltr'><strong>hostiam</strong></span> <span class='ocrx_word' id='word_1_68' title='bbox 700 698 806 735; x_wconf 84' lang='lat' dir='ltr'><strong>jugulat</strong></span> <span class='ocrx_word' id='word_1_69' title='bbox 828 689 857 732; x_wconf 75' lang='lat' dir='ltr'><strong>in</strong></span> 
     </span>
    </p>
   </div>
   <div class='ocr_carea' id='block_1_12' title="bbox 83 744 858 781">
    <p class='ocr_par' dir='ltr' id='par_1_12' title="bbox 83 744 858 781">
     <span class='ocr_line' id='line_1_12' title="bbox 83 744 858 781; baseline 0 -8"><span class='ocrx_word' id='word_1_70' title='bbox 83 744 194 779; x_wconf 82' lang='lat' dir='ltr'><strong>locojam</strong></span> <span class='ocrx_word' id='word_1_71' title='bbox 212 748 308 774; x_wconf 82' lang='lat' dir='ltr'><strong>sancto</strong></span> <span class='ocrx_word' id='word_1_72' title='bbox 327 748 400 772; x_wconf 87' lang='lat' dir='ltr'><strong>stare</strong></span> <span class='ocrx_word' id='word_1_73' title='bbox 415 749 443 772; x_wconf 88' lang='lat' dir='ltr'><strong>et</strong></span> <span class='ocrx_word' id='word_1_74' title='bbox 455 745 552 773; x_wconf 85' lang='lat' dir='ltr'><strong>sociari</strong></span> <span class='ocrx_word' id='word_1_75' title='bbox 576 745 619 773; x_wconf 90' lang='lat' dir='ltr'><strong>his</strong></span> <span class='ocrx_word' id='word_1_76' title='bbox 640 753 699 780; x_wconf 63' lang='lat' dir='ltr'><strong>quae</strong></span> <span class='ocrx_word' id='word_1_77' title='bbox 719 746 858 781; x_wconf 87' lang='lat' dir='ltr'><strong>pertinent</strong></span> 
     </span>
    </p>
   </div>
   <div class='ocr_carea' id='block_1_13' title="bbox 83 789 857 826">
    <p class='ocr_par' dir='ltr' id='par_1_13' title="bbox 83 789 857 826">
     <span class='ocr_line' id='line_1_13' title="bbox 83 789 857 826; baseline 0.001 -8"><span class='ocrx_word' id='word_1_78' title='bbox 83 791 112 818; x_wconf 87' lang='lat' dir='ltr'><strong>ad</strong></span> <span class='ocrx_word' id='word_1_79' title='bbox 121 790 210 818; x_wconf 83' lang='lat' dir='ltr'><strong>Deum.</strong></span> <span class='ocrx_word' id='word_1_80' title='bbox 223 789 263 816; x_wconf 89' lang='lat' dir='ltr'><strong>lbi</strong></span> <span class='ocrx_word' id='word_1_81' title='bbox 275 796 339 825; x_wconf 86' lang='lat' dir='ltr'><strong>ergo</strong></span> <span class='ocrx_word' id='word_1_82' title='bbox 354 790 509 817; x_wconf 75' lang='lat' dir='ltr'><strong>immolatur</strong></span> <span class='ocrx_word' id='word_1_83' title='bbox 519 790 607 820; x_wconf 83' lang='lat' dir='ltr'><strong>hostia</strong></span> <span class='ocrx_word' id='word_1_84' title='bbox 622 798 672 826; x_wconf 85' lang='lat' dir='ltr'><strong>pro</strong></span> <span class='ocrx_word' id='word_1_85' title='bbox 683 795 795 826; x_wconf 80' lang='lat' dir='ltr'><strong>peccato</strong></span> <span class='ocrx_word' id='word_1_86' title='bbox 810 791 857 820; x_wconf 89' lang='lat' dir='ltr'><strong>ubi</strong></span> 
     </span>
    </p>
   </div>
   <div class='ocr_carea' id='block_1_14' title="bbox 81 835 857 872">
    <p class='ocr_par' dir='ltr' id='par_1_14' title="bbox 81 835 857 872">
     <span class='ocr_line' id='line_1_14' title="bbox 81 835 857 872; baseline 0.004 -10"><span class='ocrx_word' id='word_1_87' title='bbox 81 840 106 865; x_wconf 90' lang='lat' dir='ltr'><strong>et</strong></span> <span class='ocrx_word' id='word_1_88' title='bbox 125 835 319 867; x_wconf 84' lang='lat' dir='ltr'><strong>holocaustum,</strong></span> <span class='ocrx_word' id='word_1_89' title='bbox 340 836 368 862; x_wconf 84' lang='lat' dir='ltr'><strong>in</strong></span> <span class='ocrx_word' id='word_1_90' title='bbox 391 841 539 872; x_wconf 84' lang='lat' dir='ltr'><strong>conspectu,</strong></span> <span class='ocrx_word' id='word_1_91' title='bbox 561 836 659 872; x_wconf 88' lang='lat' dir='ltr'><strong>inquit,</strong></span> <span class='ocrx_word' id='word_1_92' title='bbox 674 837 790 865; x_wconf 78' lang='lat' dir='ltr'><strong>Domini.</strong></span> <span class='ocrx_word' id='word_1_93' title='bbox 809 838 857 868; x_wconf 81' lang='lat' dir='ltr'><strong>Est</strong></span> 
     </span>
    </p>
   </div>
   <div class='ocr_carea' id='block_1_15' title="bbox 83 880 854 916">
    <p class='ocr_par' dir='ltr' id='par_1_15' title="bbox 83 880 854 916">
     <span class='ocr_line' id='line_1_15' title="bbox 83 880 854 916; baseline 0.005 -9"><span class='ocrx_word' id='word_1_94' title='bbox 83 881 190 908; x_wconf 77' lang='lat' dir='ltr'><strong>fortassis</strong></span> <span class='ocrx_word' id='word_1_95' title='bbox 211 880 241 908; x_wconf 87' lang='lat' dir='ltr'><strong>in</strong></span> <span class='ocrx_word' id='word_1_96' title='bbox 261 885 406 915; x_wconf 86' lang='lat' dir='ltr'><strong>conspectu</strong></span> <span class='ocrx_word' id='word_1_97' title='bbox 430 881 538 909; x_wconf 83' lang='lat' dir='ltr'><strong>Domini</strong></span> <span class='ocrx_word' id='word_1_98' title='bbox 561 880 658 910; x_wconf 75' lang='lat' dir='ltr'><strong>otTerre</strong></span> <span class='ocrx_word' id='word_1_99' title='bbox 681 882 854 916; x_wconf 89' lang='lat' dir='ltr'><strong>sacriﬁcium,</strong></span> 
     </span>
    </p>
   </div>
   <div class='ocr_carea' id='block_1_16' title="bbox 390 185 1353 229">
    <p class='ocr_par' dir='ltr' id='par_1_16' title="bbox 390 185 1353 229">
     <span class='ocr_line' id='line_1_16' title="bbox 390 185 1353 229; baseline 0.001 -2"><span class='ocrx_word' id='word_1_100' title='bbox 390 197 405 221; x_wconf 55' lang='grc' dir='ltr'><strong>με</strong></span> <span class='ocrx_word' id='word_1_101' title='bbox 452 197 466 218; x_wconf 61' lang='grc' dir='ltr'><strong>ιι</strong></span> <span class='ocrx_word' id='word_1_102' title='bbox 476 199 485 220; x_wconf 71' lang='grc' dir='ltr'>κ</span> <span class='ocrx_word' id='word_1_103' title='bbox 497 198 512 222; x_wconf 62' lang='grc' dir='ltr'><strong>ει</strong></span> <span class='ocrx_word' id='word_1_104' title='bbox 530 185 786 227; x_wconf 53' lang='grc' dir='ltr'><strong>Εκέοβιτωὶὶεῧ.</strong></span> <span class='ocrx_word' id='word_1_105' title='bbox 796 185 1056 227; x_wconf 46' lang='grc' dir='ltr'><strong>*ἥ-πίιΕΝψειῖΜη</strong></span> <span class='ocrx_word' id='word_1_106' title='bbox 1065 201 1105 218; x_wconf 56' lang='grc' dir='ltr'><strong>τι</strong></span> <span class='ocrx_word' id='word_1_107' title='bbox 1117 186 1255 228; x_wconf 56' lang='lat' dir='ltr'><strong>muli»:</strong></span> <span class='ocrx_word' id='word_1_108' title='bbox 1267 206 1272 221; x_wconf 88' lang='grc'><strong>-·</strong></span> <span class='ocrx_word' id='word_1_109' title='bbox 1337 216 1353 229; x_wconf 73' lang='grc' dir='ltr'><strong>,ι</strong></span> 
     </span>
    </p>
   </div>
   <div class='ocr_carea' id='block_1_17' title="bbox 870 229 1690 287">
    <p class='ocr_par' dir='ltr' id='par_1_17' title="bbox 870 229 1690 287">
     <span class='ocr_line' id='line_1_17' title="bbox 870 229 1690 287; baseline 0.001 -19"><span class='ocrx_word' id='word_1_110' title='bbox 870 243 897 287; x_wconf 50' lang='grc' dir='ltr'><strong>Α</strong></span> <span class='ocrx_word' id='word_1_111' title='bbox 908 246 1016 280; x_wconf 58' lang='lat' dir='ltr'><strong>sanctus</strong></span> <span class='ocrx_word' id='word_1_112' title='bbox 1038 246 1078 270; x_wconf 87' lang='lat' dir='ltr'><strong>est</strong></span> <span class='ocrx_word' id='word_1_113' title='bbox 1099 242 1164 276; x_wconf 77' lang='lat' dir='ltr'><strong>ﬁdes</strong></span> <span class='ocrx_word' id='word_1_114' title='bbox 1185 242 1299 279; x_wconf 68' lang='lat' dir='ltr'><strong>perfecta</strong></span> <span class='ocrx_word' id='word_1_115' title='bbox 1313 247 1336 269; x_wconf 83' lang='lat' dir='ltr'><strong>ct</strong></span> <span class='ocrx_word' id='word_1_116' title='bbox 1351 243 1466 287; x_wconf 76' lang='lat' dir='ltr'><strong>charitas</strong></span> <span class='ocrx_word' id='word_1_117' title='bbox 1480 244 1515 285; x_wconf 78' lang='lat' dir='ltr'><strong>de</strong></span> <span class='ocrx_word' id='word_1_118' title='bbox 1527 243 1603 287; x_wconf 82' lang='lat' dir='ltr'><strong>corde</strong></span> <span class='ocrx_word' id='word_1_119' title='bbox 1624 229 1690 287; x_wconf 67' lang='lat' dir='ltr'><strong>nitro</strong></span> 
     </span>
    </p>
   </div>
   <div class='ocr_carea' id='block_1_18' title="bbox 1640 184 1693 222">
    <p class='ocr_par' dir='ltr' id='par_1_18' title="bbox 1640 184 1693 222">
     <span class='ocr_line' id='line_1_18' title="bbox 1640 184 1693 222; baseline 0 -2"><span class='ocrx_word' id='word_1_120' title='bbox 1640 184 1693 222; x_wconf 65' lang='grc' dir='ltr'><strong>ἴδε)εὲ</strong></span> 
     </span>
    </p>
   </div>
   <div class='ocr_carea' id='block_1_19' title="bbox 911 280 1693 326">
    <p class='ocr_par' dir='ltr' id='par_1_19' title="bbox 911 280 1693 326">
     <span class='ocr_line' id='line_1_19' title="bbox 911 280 1693 326; baseline 0.004 -13"><span class='ocrx_word' id='word_1_121' title='bbox 911 292 933 313; x_wconf 82' lang='lat' dir='ltr'><strong>et</strong></span> <span class='ocrx_word' id='word_1_122' title='bbox 951 287 1108 326; x_wconf 64' lang='lat' dir='ltr'><strong>conscientia</strong></span> <span class='ocrx_word' id='word_1_123' title='bbox 1126 287 1191 326; x_wconf 82' lang='lat' dir='ltr'><strong>bona</strong></span> <span class='ocrx_word' id='word_1_124' title='bbox 1207 287 1231 323; x_wconf 95' lang='grc' dir='ltr'><strong>(Ι</strong></span> <span class='ocrx_word' id='word_1_125' title='bbox 1247 286 1313 314; x_wconf 85' lang='lat' dir='ltr'><strong>Tim.</strong></span> <span class='ocrx_word' id='word_1_126' title='bbox 1325 288 1345 324; x_wconf 87' lang='grc' dir='ltr'><strong>ι)</strong></span> <span class='ocrx_word' id='word_1_127' title='bbox 1358 297 1363 314; x_wconf 95' lang='lat'><strong>:</strong></span> <span class='ocrx_word' id='word_1_128' title='bbox 1377 281 1429 323; x_wconf 82' lang='lat' dir='ltr'><strong>Qui</strong></span> <span class='ocrx_word' id='word_1_129' title='bbox 1442 280 1469 315; x_wconf 87' lang='lat' dir='ltr'><strong>in</strong></span> <span class='ocrx_word' id='word_1_130' title='bbox 1481 283 1523 315; x_wconf 88' lang='lat' dir='ltr'><strong>his</strong></span> <span class='ocrx_word' id='word_1_131' title='bbox 1537 284 1591 316; x_wconf 83' lang='lat' dir='ltr'><strong>stat</strong></span> <span class='ocrx_word' id='word_1_132' title='bbox 1604 289 1631 316; x_wconf 94' lang='lat' dir='ltr'><strong>in</strong></span> <span class='ocrx_word' id='word_1_133' title='bbox 1641 282 1693 323; x_wconf 45' lang='lat' dir='ltr'><strong>Ec;</strong></span> 
     </span>
    </p>
   </div>
   <div class='ocr_carea' id='block_1_20' title="bbox 911 332 1694 372">
    <p class='ocr_par' dir='ltr' id='par_1_20' title="bbox 911 332 1694 372">
     <span class='ocr_line' id='line_1_20' title="bbox 911 332 1694 372; baseline 0.003 -12"><span class='ocrx_word' id='word_1_134' title='bbox 911 332 1002 365; x_wconf 84' lang='lat' dir='ltr'><strong>clcsia,</strong></span> <span class='ocrx_word' id='word_1_135' title='bbox 1014 366 1015 372; x_wconf 15' lang='grc' dir='ltr'>γ</span> <span class='ocrx_word' id='word_1_136' title='bbox 1025 333 1051 360; x_wconf 91' lang='lat' dir='ltr'><strong>in</strong></span> <span class='ocrx_word' id='word_1_137' title='bbox 1072 333 1131 360; x_wconf 89' lang='lat' dir='ltr'><strong>loco</strong></span> <span class='ocrx_word' id='word_1_138' title='bbox 1144 340 1172 360; x_wconf 87' lang='lat' dir='ltr'><strong>se</strong></span> <span class='ocrx_word' id='word_1_139' title='bbox 1190 338 1284 360; x_wconf 87' lang='lat' dir='ltr'><strong>saneto</strong></span> <span class='ocrx_word' id='word_1_140' title='bbox 1302 337 1373 361; x_wconf 86' lang='lat' dir='ltr'><strong>stare</strong></span> <span class='ocrx_word' id='word_1_141' title='bbox 1387 338 1540 368; x_wconf 83' lang='lat' dir='ltr'><strong>cognoscat.</strong></span> <span class='ocrx_word' id='word_1_142' title='bbox 1556 333 1617 362; x_wconf 87' lang='lat' dir='ltr'><strong>Edit</strong></span> <span class='ocrx_word' id='word_1_143' title='bbox 1629 335 1694 368; x_wconf 82' lang='lat' dir='ltr'><strong>ergo</strong></span> 
     </span>
    </p>
   </div>
   <div class='ocr_carea' id='block_1_21' title="bbox 909 377 1694 418">
    <p class='ocr_par' dir='ltr' id='par_1_21' title="bbox 909 377 1694 418">
     <span class='ocr_line' id='line_1_21' title="bbox 909 377 1694 418; baseline 0.003 -12"><span class='ocrx_word' id='word_1_144' title='bbox 909 380 1036 407; x_wconf 84' lang='lat' dir='ltr'><strong>sacerdos</strong></span> <span class='ocrx_word' id='word_1_145' title='bbox 1056 387 1152 407; x_wconf 86' lang='lat' dir='ltr'><strong>carnes</strong></span> <span class='ocrx_word' id='word_1_146' title='bbox 1170 380 1294 418; x_wconf 87' lang='lat' dir='ltr'><strong>sacriﬁcii</strong></span> <span class='ocrx_word' id='word_1_147' title='bbox 1315 379 1342 407; x_wconf 77' lang='lat' dir='ltr'><strong>in</strong></span> <span class='ocrx_word' id='word_1_148' title='bbox 1357 381 1425 408; x_wconf 88' lang='lat' dir='ltr'><strong>atrio</strong></span> <span class='ocrx_word' id='word_1_149' title='bbox 1438 380 1606 418; x_wconf 76' lang='lat' dir='ltr'><strong>tabernaculi</strong></span> <span class='ocrx_word' id='word_1_150' title='bbox 1618 377 1694 418; x_wconf 49' lang='lat' dir='ltr'><strong>teSti-f</strong></span> 
     </span>
    </p>
   </div>
   <div class='ocr_carea' id='block_1_22' title="bbox 909 416 1692 462">
    <p class='ocr_par' dir='ltr' id='par_1_22' title="bbox 909 416 1692 462">
     <span class='ocr_line' id='line_1_22' title="bbox 909 416 1692 462; baseline 0.003 -11"><span class='ocrx_word' id='word_1_151' title='bbox 909 424 1002 457; x_wconf 91' lang='lat' dir='ltr'><strong>monii,</strong></span> <span class='ocrx_word' id='word_1_152' title='bbox 1019 432 1079 456; x_wconf 79' lang='lat' dir='ltr'><strong>cum</strong></span> <span class='ocrx_word' id='word_1_153' title='bbox 1098 424 1245 460; x_wconf 75' lang='lat' dir='ltr'><strong>intelligere</strong></span> <span class='ocrx_word' id='word_1_154' title='bbox 1257 416 1376 462; x_wconf 84' lang='lat' dir='ltr'><strong>potuerit</strong></span> <span class='ocrx_word' id='word_1_155' title='bbox 1389 433 1449 461; x_wconf 73' lang='lat' dir='ltr'><strong>qum</strong></span> <span class='ocrx_word' id='word_1_156' title='bbox 1464 425 1499 453; x_wconf 89' lang='lat' dir='ltr'><strong>sit</strong></span> <span class='ocrx_word' id='word_1_157' title='bbox 1514 416 1586 453; x_wconf 79' lang='lat' dir='ltr'><strong>ratio</strong></span> <span class='ocrx_word' id='word_1_158' title='bbox 1600 426 1627 453; x_wconf 88' lang='lat' dir='ltr'><strong>in</strong></span> <span class='ocrx_word' id='word_1_159' title='bbox 1641 416 1692 459; x_wconf 56' lang='lat' dir='ltr'><strong>his:</strong></span> 
     </span>
    </p>
   </div>
   <div class='ocr_carea' id='block_1_23' title="bbox 909 465 1695 510">
    <p class='ocr_par' dir='ltr' id='par_1_23' title="bbox 909 465 1695 510">
     <span class='ocr_line' id='line_1_23' title="bbox 909 465 1695 510; baseline 0.004 -14"><span class='ocrx_word' id='word_1_160' title='bbox 909 478 1001 504; x_wconf 68' lang='lat' dir='ltr'><strong>quaeve</strong></span> <span class='ocrx_word' id='word_1_161' title='bbox 1022 470 1159 506; x_wconf 85' lang='lat' dir='ltr'><strong>mysteria,</strong></span> <span class='ocrx_word' id='word_1_162' title='bbox 1183 479 1243 506; x_wconf 80' lang='lat' dir='ltr'><strong>qua:</strong></span> <span class='ocrx_word' id='word_1_163' title='bbox 1263 465 1453 500; x_wconf 79' lang='lat' dir='ltr'><strong>describuntur</strong></span> <span class='ocrx_word' id='word_1_164' title='bbox 1471 473 1502 499; x_wconf 87' lang='lat' dir='ltr'><strong>de</strong></span> <span class='ocrx_word' id='word_1_165' title='bbox 1517 469 1695 510; x_wconf 65' lang='lat' dir='ltr'><strong>atriis&#39;taberl</strong></span> 
     </span>
    </p>
   </div>
   <div class='ocr_carea' id='block_1_24' title="bbox 908 512 1696 545">
    <p class='ocr_par' dir='ltr' id='par_1_24' title="bbox 908 512 1696 545">
     <span class='ocr_line' id='line_1_24' title="bbox 908 512 1696 545; baseline 0.006 -5"><span class='ocrx_word' id='word_1_166' title='bbox 908 515 997 541; x_wconf 87' lang='lat' dir='ltr'><strong>naculi</strong></span> <span class='ocrx_word' id='word_1_167' title='bbox 1019 515 1167 542; x_wconf 85' lang='lat' dir='ltr'><strong>testimonii</strong></span> <span class='ocrx_word' id='word_1_168' title='bbox 1181 525 1186 542; x_wconf 92' lang='lat'><strong>:</strong></span> <span class='ocrx_word' id='word_1_169' title='bbox 1203 516 1236 543; x_wconf 85' lang='lat' dir='ltr'><strong>ad</strong></span> <span class='ocrx_word' id='word_1_170' title='bbox 1251 517 1309 544; x_wconf 74' lang='lat' dir='ltr'><strong>bmc</strong></span> <span class='ocrx_word' id='word_1_171' title='bbox 1320 518 1392 545; x_wconf 88' lang='lat' dir='ltr'><strong>enim</strong></span> <span class='ocrx_word' id='word_1_172' title='bbox 1411 518 1479 545; x_wconf 87' lang='lat' dir='ltr'><strong>atria</strong></span> <span class='ocrx_word' id='word_1_173' title='bbox 1495 517 1599 545; x_wconf 83' lang='lat' dir='ltr'><strong>secreta</strong></span> <span class='ocrx_word' id='word_1_174' title='bbox 1614 522 1642 545; x_wconf 89' lang='lat' dir='ltr'><strong>et</strong></span> <span class='ocrx_word' id='word_1_175' title='bbox 1652 512 1696 545; x_wconf 65' lang='lat' dir='ltr'><strong>rei</strong></span> 
     </span>
    </p>
   </div>
   <div class='ocr_carea' id='block_1_25' title="bbox 908 560 1696 594">
    <p class='ocr_par' dir='ltr' id='par_1_25' title="bbox 908 560 1696 594">
     <span class='ocr_line' id='line_1_25' title="bbox 908 560 1696 594; baseline 0.005 -7"><span class='ocrx_word' id='word_1_176' title='bbox 908 561 1017 588; x_wconf 83' lang='lat' dir='ltr'><strong>condita</strong></span> <span class='ocrx_word' id='word_1_177' title='bbox 1038 561 1127 588; x_wconf 92' lang='lat' dir='ltr'><strong>nullus</strong></span> <span class='ocrx_word' id='word_1_178' title='bbox 1148 560 1262 594; x_wconf 81' lang='lat' dir='ltr'><strong>accedit,</strong></span> <span class='ocrx_word' id='word_1_179' title='bbox 1288 562 1352 590; x_wconf 91' lang='lat' dir='ltr'><strong>nulli</strong></span> <span class='ocrx_word' id='word_1_180' title='bbox 1374 562 1433 590; x_wconf 56' lang='lat' dir='ltr'><strong>hac</strong></span> <span class='ocrx_word' id='word_1_181' title='bbox 1446 562 1497 591; x_wconf 88' lang='lat' dir='ltr'><strong>nisi</strong></span> <span class='ocrx_word' id='word_1_182' title='bbox 1511 562 1696 591; x_wconf 81' lang='lat' dir='ltr'><strong>sacerdotibus</strong></span> 
     </span>
    </p>
   </div>
   <div class='ocr_carea' id='block_1_26' title="bbox 909 602 1696 642">
    <p class='ocr_par' dir='ltr' id='par_1_26' title="bbox 909 602 1696 642">
     <span class='ocr_line' id='line_1_26' title="bbox 909 602 1696 642; baseline 0.005 -10"><span class='ocrx_word' id='word_1_183' title='bbox 909 610 1012 641; x_wconf 85' lang='lat' dir='ltr'><strong>patent,</strong></span> <span class='ocrx_word' id='word_1_184' title='bbox 1038 607 1059 633; x_wconf 88' lang='lat' dir='ltr'><strong>si</strong></span> <span class='ocrx_word' id='word_1_185' title='bbox 1086 612 1175 633; x_wconf 83' lang='lat' dir='ltr'><strong>tamen</strong></span> <span class='ocrx_word' id='word_1_186' title='bbox 1197 611 1317 642; x_wconf 82' lang='lat' dir='ltr'><strong>pateant,</strong></span> <span class='ocrx_word' id='word_1_187' title='bbox 1346 609 1369 636; x_wconf 91' lang='lat' dir='ltr'><strong>si</strong></span> <span class='ocrx_word' id='word_1_188' title='bbox 1394 608 1504 636; x_wconf 87' lang='lat' dir='ltr'><strong>scientia</strong></span> <span class='ocrx_word' id='word_1_189' title='bbox 1520 602 1696 636; x_wconf 49' lang='lat' dir='ltr'><strong>&#39;sua&#39;etin’teli</strong></span> 
     </span>
    </p>
   </div>
   <div class='ocr_carea' id='block_1_27' title="bbox 908 644 1695 688">
    <p class='ocr_par' dir='ltr' id='par_1_27' title="bbox 908 644 1695 688">
     <span class='ocr_line' id='line_1_27' title="bbox 908 644 1695 688; baseline 0.003 -10"><span class='ocrx_word' id='word_1_190' title='bbox 908 652 979 678; x_wconf 80' lang='lat' dir='ltr'><strong>lcctu</strong></span> <span class='ocrx_word' id='word_1_191' title='bbox 1001 653 1116 687; x_wconf 79' lang='lat' dir='ltr'><strong>mystico</strong></span> <span class='ocrx_word' id='word_1_192' title='bbox 1132 653 1269 687; x_wconf 83' lang='lat' dir='ltr'><strong>potuerint</strong></span> <span class='ocrx_word' id='word_1_193' title='bbox 1291 660 1384 679; x_wconf 87' lang='lat' dir='ltr'><strong>eorum</strong></span> <span class='ocrx_word' id='word_1_194' title='bbox 1413 644 1516 680; x_wconf 81' lang='lat' dir='ltr'><strong>secreta</strong></span> <span class='ocrx_word' id='word_1_195' title='bbox 1541 656 1695 688; x_wconf 73' lang='lat' dir='ltr'><strong>penetrare;</strong></span> 
     </span>
    </p>
   </div>
   <div class='ocr_carea' id='block_1_28' title="bbox 910 692 1698 732">
    <p class='ocr_par' dir='ltr' id='par_1_28' title="bbox 910 692 1698 732">
     <span class='ocr_line' id='line_1_28' title="bbox 910 692 1698 732; baseline 0.001 -8"><span class='ocrx_word' id='word_1_196' title='bbox 910 696 972 724; x_wconf 79' lang='lat' dir='ltr'><strong>Scio</strong></span> <span class='ocrx_word' id='word_1_197' title='bbox 997 702 1087 724; x_wconf 85' lang='lat' dir='ltr'><strong>autem</strong></span> <span class='ocrx_word' id='word_1_198' title='bbox 1106 705 1165 724; x_wconf 84' lang='lat' dir='ltr'><strong>esse</strong></span> <span class='ocrx_word' id='word_1_199' title='bbox 1185 702 1212 724; x_wconf 92' lang='lat' dir='ltr'><strong>et</strong></span> <span class='ocrx_word' id='word_1_200' title='bbox 1240 697 1292 724; x_wconf 83' lang='lat' dir='ltr'><strong>alia</strong></span> <span class='ocrx_word' id='word_1_201' title='bbox 1312 698 1434 732; x_wconf 71' lang='lat' dir='ltr'><strong>quaedam</strong></span> <span class='ocrx_word' id='word_1_202' title='bbox 1457 698 1485 725; x_wconf 93' lang='lat' dir='ltr'><strong>in</strong></span> <span class='ocrx_word' id='word_1_203' title='bbox 1507 692 1629 725; x_wconf 86' lang='lat' dir='ltr'><strong>Ecclesia</strong></span> <span class='ocrx_word' id='word_1_204' title='bbox 1650 698 1698 725; x_wconf 89' lang='lat' dir='ltr'><strong>do-</strong></span> 
     </span>
    </p>
   </div>
   <div class='ocr_carea' id='block_1_29' title="bbox 908 739 1699 779">
    <p class='ocr_par' dir='ltr' id='par_1_29' title="bbox 908 739 1699 779">
     <span class='ocr_line' id='line_1_29' title="bbox 908 739 1699 779; baseline 0.003 -10"><span class='ocrx_word' id='word_1_205' title='bbox 908 747 1001 779; x_wconf 86' lang='lat' dir='ltr'><strong>gmata</strong></span> <span class='ocrx_word' id='word_1_206' title='bbox 1015 743 1172 776; x_wconf 86' lang='lat' dir='ltr'><strong>secretiora,</strong></span> <span class='ocrx_word' id='word_1_207' title='bbox 1185 751 1245 779; x_wconf 70' lang='lat' dir='ltr'><strong>qua:</strong></span> <span class='ocrx_word' id='word_1_208' title='bbox 1259 743 1335 770; x_wconf 86' lang='lat' dir='ltr'><strong>adire</strong></span> <span class='ocrx_word' id='word_1_209' title='bbox 1356 751 1406 771; x_wconf 88' lang='lat' dir='ltr'><strong>nec</strong></span> <span class='ocrx_word' id='word_1_210' title='bbox 1424 743 1491 779; x_wconf 89' lang='lat' dir='ltr'><strong>ipsis</strong></span> <span class='ocrx_word' id='word_1_211' title='bbox 1513 739 1699 771; x_wconf 57' lang='lat' dir='ltr'><strong>sacerdotibuh</strong></span> 
     </span>
    </p>
   </div>
   <div class='ocr_carea' id='block_1_30' title="bbox 910 790 1699 823">
    <p class='ocr_par' dir='ltr' id='par_1_30' title="bbox 910 790 1699 823">
     <span class='ocr_line' id='line_1_30' title="bbox 910 790 1699 823; baseline 0.001 -7"><span class='ocrx_word' id='word_1_212' title='bbox 910 790 1006 822; x_wconf 86' lang='lat' dir='ltr'><strong>liceat;</strong></span> <span class='ocrx_word' id='word_1_213' title='bbox 1021 790 1066 817; x_wconf 89' lang='lat' dir='ltr'><strong>illa</strong></span> <span class='ocrx_word' id='word_1_214' title='bbox 1077 791 1137 818; x_wconf 89' lang='lat' dir='ltr'><strong>dico</strong></span> <span class='ocrx_word' id='word_1_215' title='bbox 1148 791 1192 818; x_wconf 90' lang='lat' dir='ltr'><strong>ubi</strong></span> <span class='ocrx_word' id='word_1_216' title='bbox 1204 799 1267 818; x_wconf 89' lang='lat' dir='ltr'><strong>arca</strong></span> <span class='ocrx_word' id='word_1_217' title='bbox 1279 790 1443 823; x_wconf 83' lang='lat' dir='ltr'><strong>reconditur,</strong></span> <span class='ocrx_word' id='word_1_218' title='bbox 1454 791 1500 818; x_wconf 82' lang='lat' dir='ltr'><strong>tibi</strong></span> <span class='ocrx_word' id='word_1_219' title='bbox 1511 798 1579 817; x_wconf 86' lang='lat' dir='ltr'><strong>urna</strong></span> <span class='ocrx_word' id='word_1_220' title='bbox 1593 797 1699 817; x_wconf 64' lang='lat' dir='ltr'><strong>manna;</strong></span> 
     </span>
    </p>
   </div>
   <div class='ocr_carea' id='block_1_31' title="bbox 911 832 1700 872">
    <p class='ocr_par' dir='ltr' id='par_1_31' title="bbox 911 832 1700 872">
     <span class='ocr_line' id='line_1_31' title="bbox 911 832 1700 872; baseline -0.001 -8"><span class='ocrx_word' id='word_1_221' title='bbox 911 841 938 864; x_wconf 93' lang='lat' dir='ltr'><strong>et</strong></span> <span class='ocrx_word' id='word_1_222' title='bbox 953 837 1049 863; x_wconf 66' lang='lat' dir='ltr'><strong>tabula:</strong></span> <span class='ocrx_word' id='word_1_223' title='bbox 1064 838 1229 864; x_wconf 85' lang='lat' dir='ltr'><strong>testamenti.</strong></span> <span class='ocrx_word' id='word_1_224' title='bbox 1245 836 1301 864; x_wconf 91' lang='lat' dir='ltr'><strong>lllic</strong></span> <span class='ocrx_word' id='word_1_225' title='bbox 1316 845 1350 864; x_wconf 90' lang='lat' dir='ltr'><strong>ne</strong></span> <span class='ocrx_word' id='word_1_226' title='bbox 1363 836 1428 872; x_wconf 88' lang='lat' dir='ltr'><strong>ipsis</strong></span> <span class='ocrx_word' id='word_1_227' title='bbox 1446 835 1554 871; x_wconf 88' lang='lat' dir='ltr'><strong>quidem</strong></span> <span class='ocrx_word' id='word_1_228' title='bbox 1574 832 1700 864; x_wconf 69' lang='lat' dir='ltr'><strong>sacerdo-</strong></span> 
     </span>
    </p>
   </div>
   <div class='ocr_carea' id='block_1_32' title="bbox 912 880 1701 916">
    <p class='ocr_par' dir='ltr' id='par_1_32' title="bbox 912 880 1701 916">
     <span class='ocr_line' id='line_1_32' title="bbox 912 880 1701 916; baseline -0.001 -8"><span class='ocrx_word' id='word_1_229' title='bbox 912 881 983 908; x_wconf 86' lang='lat' dir='ltr'><strong>tibus</strong></span> <span class='ocrx_word' id='word_1_230' title='bbox 1005 882 1085 908; x_wconf 86' lang='lat' dir='ltr'><strong>datur</strong></span> <span class='ocrx_word' id='word_1_231' title='bbox 1107 889 1254 909; x_wconf 82' lang='lat' dir='ltr'><strong>accessus:</strong></span> <span class='ocrx_word' id='word_1_232' title='bbox 1270 881 1317 908; x_wconf 87' lang='lat' dir='ltr'><strong>sed</strong></span> <span class='ocrx_word' id='word_1_233' title='bbox 1339 881 1386 908; x_wconf 91' lang='lat' dir='ltr'><strong>uni</strong></span> <span class='ocrx_word' id='word_1_234' title='bbox 1412 885 1503 908; x_wconf 83' lang='lat' dir='ltr'><strong>tamen</strong></span> <span class='ocrx_word' id='word_1_235' title='bbox 1526 880 1648 916; x_wconf 78' lang='lat' dir='ltr'><strong>pontiﬁci</strong></span> <span class='ocrx_word' id='word_1_236' title='bbox 1673 885 1701 908; x_wconf 86' lang='lat' dir='ltr'><strong>et</strong></span> 
     </span>
    </p>
   </div>
   <div class='ocr_carea' id='block_1_33' title="bbox 82 926 1700 968">
    <p class='ocr_par' dir='ltr' id='par_1_33' title="bbox 82 926 1700 968">
     <span class='ocr_line' id='line_1_33' title="bbox 82 926 1700 968; baseline -0.001 -14"><span class='ocrx_word' id='word_1_237' title='bbox 82 931 104 954; x_wconf 87' lang='lat' dir='ltr'><strong>et</strong></span> <span class='ocrx_word' id='word_1_238' title='bbox 120 926 207 955; x_wconf 72' lang='lat' dir='ltr'><strong>oll‘erre</strong></span> <span class='ocrx_word' id='word_1_239' title='bbox 223 934 277 954; x_wconf 91' lang='lat' dir='ltr'><strong>non</strong></span> <span class='ocrx_word' id='word_1_240' title='bbox 293 927 320 954; x_wconf 92' lang='lat' dir='ltr'><strong>in</strong></span> <span class='ocrx_word' id='word_1_241' title='bbox 335 932 481 963; x_wconf 84' lang='lat' dir='ltr'><strong>conspectu</strong></span> <span class='ocrx_word' id='word_1_242' title='bbox 496 928 612 955; x_wconf 90' lang='lat' dir='ltr'><strong>Domini.</strong></span> <span class='ocrx_word' id='word_1_243' title='bbox 643 928 708 961; x_wconf 88' lang='lat' dir='ltr'><strong>Quis</strong></span> <span class='ocrx_word' id='word_1_244' title='bbox 730 937 794 966; x_wconf 87' lang='lat' dir='ltr'><strong>ergo</strong></span> <span class='ocrx_word' id='word_1_245' title='bbox 818 926 897 968; x_wconf 61' lang='grc' dir='ltr'><strong>εεῑῷ</strong></span> <span class='ocrx_word' id='word_1_246' title='bbox 910 927 974 955; x_wconf 87' lang='lat' dir='ltr'><strong>huic</strong></span> <span class='ocrx_word' id='word_1_247' title='bbox 996 927 1078 954; x_wconf 86' lang='lat' dir='ltr'><strong>semel</strong></span> <span class='ocrx_word' id='word_1_248' title='bbox 1102 927 1129 954; x_wconf 92' lang='lat' dir='ltr'><strong>in</strong></span> <span class='ocrx_word' id='word_1_249' title='bbox 1153 934 1234 959; x_wconf 90' lang='lat' dir='ltr'><strong>anno,</strong></span> <span class='ocrx_word' id='word_1_250' title='bbox 1258 927 1341 954; x_wconf 86' lang='lat' dir='ltr'><strong>certis</strong></span> <span class='ocrx_word' id='word_1_251' title='bbox 1362 926 1522 961; x_wconf 88' lang='lat' dir='ltr'><strong>quibusdam</strong></span> <span class='ocrx_word' id='word_1_252' title='bbox 1539 931 1567 953; x_wconf 85' lang='lat' dir='ltr'><strong>et</strong></span> <span class='ocrx_word' id='word_1_253' title='bbox 1578 926 1700 961; x_wconf 81' lang='lat' dir='ltr'><strong>mysticis</strong></span> 
     </span>
    </p>
   </div>
   <div class='ocr_carea' id='block_1_34' title="bbox 82 972 857 1010">
    <p class='ocr_par' dir='ltr' id='par_1_34' title="bbox 82 972 857 1010">
     <span class='ocr_line' id='line_1_34' title="bbox 82 972 857 1010; baseline 0.005 -11"><span class='ocrx_word' id='word_1_254' title='bbox 82 972 121 1008; x_wconf 84' lang='lat' dir='ltr'><strong>qui</strong></span> <span class='ocrx_word' id='word_1_255' title='bbox 137 972 209 999; x_wconf 81' lang='lat' dir='ltr'><strong>oli‘ert</strong></span> <span class='ocrx_word' id='word_1_256' title='bbox 232 973 260 999; x_wconf 92' lang='lat' dir='ltr'><strong>in</strong></span> <span class='ocrx_word' id='word_1_257' title='bbox 279 976 424 1008; x_wconf 87' lang='lat' dir='ltr'><strong>conspectu</strong></span> <span class='ocrx_word' id='word_1_258' title='bbox 443 973 565 1000; x_wconf 86' lang='lat' dir='ltr'><strong>Domini?</strong></span> <span class='ocrx_word' id='word_1_259' title='bbox 576 973 623 1000; x_wconf 89' lang='lat' dir='ltr'><strong>llle</strong></span> <span class='ocrx_word' id='word_1_260' title='bbox 635 974 732 1009; x_wconf 87' lang='lat' dir='ltr'><strong>opinor</strong></span> <span class='ocrx_word' id='word_1_261' title='bbox 744 975 790 1010; x_wconf 85' lang='lat' dir='ltr'><strong>qui</strong></span> <span class='ocrx_word' id='word_1_262' title='bbox 804 983 857 1003; x_wconf 91' lang='lat' dir='ltr'><strong>non</strong></span> 
     </span>
    </p>
   </div>
   <div class='ocr_carea' id='block_1_35' title="bbox 83 1019 859 1053">
    <p class='ocr_par' dir='ltr' id='par_1_35' title="bbox 83 1019 859 1053">
     <span class='ocr_line' id='line_1_35' title="bbox 83 1019 859 1053; baseline 0.004 -7"><span class='ocrx_word' id='word_1_263' title='bbox 83 1019 139 1046; x_wconf 73' lang='lat' dir='ltr'><strong>exiit</strong></span> <span class='ocrx_word' id='word_1_264' title='bbox 149 1026 164 1045; x_wconf 91' lang='lat' dir='ltr'><strong>a</strong></span> <span class='ocrx_word' id='word_1_265' title='bbox 176 1023 324 1053; x_wconf 87' lang='lat' dir='ltr'><strong>conspectu</strong></span> <span class='ocrx_word' id='word_1_266' title='bbox 338 1019 456 1051; x_wconf 87' lang='lat' dir='ltr'><strong>Domini,</strong></span> <span class='ocrx_word' id='word_1_267' title='bbox 470 1019 540 1046; x_wconf 84' lang='lat' dir='ltr'><strong>sicut</strong></span> <span class='ocrx_word' id='word_1_268' title='bbox 554 1019 630 1053; x_wconf 88' lang='lat' dir='ltr'><strong>Cain,</strong></span> <span class='ocrx_word' id='word_1_269' title='bbox 648 1024 675 1047; x_wconf 87' lang='lat' dir='ltr'><strong>et</strong></span> <span class='ocrx_word' id='word_1_270' title='bbox 687 1020 799 1048; x_wconf 80' lang='lat' dir='ltr'><strong>ell‘ectus</strong></span> <span class='ocrx_word' id='word_1_271' title='bbox 816 1026 859 1049; x_wconf 89' lang='lat' dir='ltr'><strong>est</strong></span> 
     </span>
    </p>
   </div>
   <div class='ocr_carea' id='block_1_36' title="bbox 83 1064 859 1101">
    <p class='ocr_par' dir='ltr' id='par_1_36' title="bbox 83 1064 859 1101">
     <span class='ocr_line' id='line_1_36' title="bbox 83 1064 859 1101; baseline 0.004 -10"><span class='ocrx_word' id='word_1_272' title='bbox 83 1064 168 1092; x_wconf 78' lang='lat' dir='ltr'><strong>timens</strong></span> <span class='ocrx_word' id='word_1_273' title='bbox 180 1069 205 1092; x_wconf 91' lang='lat' dir='ltr'><strong>et</strong></span> <span class='ocrx_word' id='word_1_274' title='bbox 220 1068 350 1092; x_wconf 88' lang='lat' dir='ltr'><strong>tremens.</strong></span> <span class='ocrx_word' id='word_1_275' title='bbox 374 1064 403 1091; x_wconf 86' lang='lat' dir='ltr'><strong>Si</strong></span> <span class='ocrx_word' id='word_1_276' title='bbox 426 1065 487 1100; x_wconf 86' lang='lat' dir='ltr'><strong>quis</strong></span> <span class='ocrx_word' id='word_1_277' title='bbox 500 1072 565 1100; x_wconf 85' lang='lat' dir='ltr'><strong>ergo</strong></span> <span class='ocrx_word' id='word_1_278' title='bbox 578 1070 619 1093; x_wconf 88' lang='lat' dir='ltr'><strong>est</strong></span> <span class='ocrx_word' id='word_1_279' title='bbox 632 1066 678 1101; x_wconf 88' lang='lat' dir='ltr'><strong>qui</strong></span> <span class='ocrx_word' id='word_1_280' title='bbox 691 1066 773 1095; x_wconf 88' lang='lat' dir='ltr'><strong>habet</strong></span> <span class='ocrx_word' id='word_1_281' title='bbox 790 1066 859 1097; x_wconf 84' lang='lat' dir='ltr'><strong>ﬁdu-</strong></span> 
     </span>
    </p>
   </div>
   <div class='ocr_carea' id='block_1_37' title="bbox 82 1110 858 1149">
    <p class='ocr_par' dir='ltr' id='par_1_37' title="bbox 82 1110 858 1149">
     <span class='ocr_line' id='line_1_37' title="bbox 82 1110 858 1149; baseline 0.004 -12"><span class='ocrx_word' id='word_1_282' title='bbox 82 1110 141 1138; x_wconf 88' lang='lat' dir='ltr'><strong>ciam</strong></span> <span class='ocrx_word' id='word_1_283' title='bbox 159 1114 250 1146; x_wconf 71' lang='lat' dir='ltr'><strong>astare</strong></span> <span class='ocrx_word' id='word_1_284' title='bbox 271 1111 299 1138; x_wconf 92' lang='lat' dir='ltr'><strong>in</strong></span> <span class='ocrx_word' id='word_1_285' title='bbox 316 1115 460 1146; x_wconf 89' lang='lat' dir='ltr'><strong>conspectu</strong></span> <span class='ocrx_word' id='word_1_286' title='bbox 483 1111 607 1144; x_wconf 88' lang='lat' dir='ltr'><strong>Domini,</strong></span> <span class='ocrx_word' id='word_1_287' title='bbox 629 1116 658 1140; x_wconf 90' lang='lat' dir='ltr'><strong>et</strong></span> <span class='ocrx_word' id='word_1_288' title='bbox 676 1120 730 1140; x_wconf 89' lang='lat' dir='ltr'><strong>non</strong></span> <span class='ocrx_word' id='word_1_289' title='bbox 750 1111 820 1149; x_wconf 81' lang='lat' dir='ltr'><strong>fugit</strong></span> <span class='ocrx_word' id='word_1_290' title='bbox 842 1121 858 1141; x_wconf 86' lang='lat' dir='ltr'><strong>a</strong></span> 
     </span>
    </p>
   </div>
   <div class='ocr_carea' id='block_1_38' title="bbox 81 1154 858 1196">
    <p class='ocr_par' dir='ltr' id='par_1_38' title="bbox 81 1154 858 1196">
     <span class='ocr_line' id='line_1_38' title="bbox 81 1154 858 1196; baseline 0.005 -14"><span class='ocrx_word' id='word_1_291' title='bbox 81 1154 141 1182; x_wconf 74' lang='lat' dir='ltr'><strong>{acie</strong></span> <span class='ocrx_word' id='word_1_292' title='bbox 160 1156 228 1191; x_wconf 79' lang='lat' dir='ltr'><strong>ejus,</strong></span> <span class='ocrx_word' id='word_1_293' title='bbox 254 1163 304 1183; x_wconf 89' lang='lat' dir='ltr'><strong>nec</strong></span> <span class='ocrx_word' id='word_1_294' title='bbox 324 1160 463 1191; x_wconf 84' lang='lat' dir='ltr'><strong>aspectum</strong></span> <span class='ocrx_word' id='word_1_295' title='bbox 485 1155 543 1196; x_wconf 85' lang='lat' dir='ltr'><strong>ejus</strong></span> <span class='ocrx_word' id='word_1_296' title='bbox 566 1158 669 1193; x_wconf 85' lang='lat' dir='ltr'><strong>peccati</strong></span> <span class='ocrx_word' id='word_1_297' title='bbox 692 1158 858 1187; x_wconf 87' lang='lat' dir='ltr'><strong>conscientia</strong></span> 
     </span>
    </p>
   </div>
   <div class='ocr_carea' id='block_1_39' title="bbox 82 1201 856 1237">
    <p class='ocr_par' dir='ltr' id='par_1_39' title="bbox 82 1201 856 1237">
     <span class='ocr_line' id='line_1_39' title="bbox 82 1201 856 1237; baseline 0.004 -9"><span class='ocrx_word' id='word_1_298' title='bbox 82 1201 195 1235; x_wconf 77' lang='lat' dir='ltr'><strong>declinat,</strong></span> <span class='ocrx_word' id='word_1_299' title='bbox 211 1201 266 1232; x_wconf 88' lang='lat' dir='ltr'><strong>iste</strong></span> <span class='ocrx_word' id='word_1_300' title='bbox 291 1202 320 1229; x_wconf 91' lang='lat' dir='ltr'><strong>in</strong></span> <span class='ocrx_word' id='word_1_301' title='bbox 343 1206 491 1237; x_wconf 88' lang='lat' dir='ltr'><strong>conspectu</strong></span> <span class='ocrx_word' id='word_1_302' title='bbox 510 1201 559 1230; x_wconf 89' lang='lat' dir='ltr'><strong>Dei</strong></span> <span class='ocrx_word' id='word_1_303' title='bbox 579 1202 658 1231; x_wconf 83' lang='lat' dir='ltr'><strong>oﬁ‘ert</strong></span> <span class='ocrx_word' id='word_1_304' title='bbox 681 1203 856 1232; x_wconf 86' lang='lat' dir='ltr'><strong>sacriﬁcium.</strong></span> 
     </span>
    </p>
   </div>
   <div class='ocr_carea' id='block_1_40' title="bbox 82 1247 860 1285">
    <p class='ocr_par' dir='ltr' id='par_1_40' title="bbox 82 1247 860 1285">
     <span class='ocr_line' id='line_1_40' title="bbox 82 1247 860 1285; baseline 0.005 -11"><span class='ocrx_word' id='word_1_305' title='bbox 82 1247 149 1279; x_wconf 82' lang='lat' dir='ltr'><strong>lianc</strong></span> <span class='ocrx_word' id='word_1_306' title='bbox 161 1255 223 1283; x_wconf 83' lang='lat' dir='ltr'><strong>ergo</strong></span> <span class='ocrx_word' id='word_1_307' title='bbox 244 1247 360 1275; x_wconf 89' lang='lat' dir='ltr'><strong>hostiam</strong></span> <span class='ocrx_word' id='word_1_308' title='bbox 379 1255 440 1283; x_wconf 62' lang='lat' dir='ltr'><strong>qua</strong></span> <span class='ocrx_word' id='word_1_309' title='bbox 453 1248 565 1277; x_wconf 84' lang='lat' dir='ltr'><strong>otl‘ertur</strong></span> <span class='ocrx_word' id='word_1_310' title='bbox 578 1257 629 1284; x_wconf 90' lang='lat' dir='ltr'><strong>pro</strong></span> <span class='ocrx_word' id='word_1_311' title='bbox 642 1254 774 1285; x_wconf 84' lang='lat' dir='ltr'><strong>peccatis,</strong></span> <span class='ocrx_word' id='word_1_312' title='bbox 793 1251 860 1278; x_wconf 86' lang='lat' dir='ltr'><strong>dicit</strong></span> 
     </span>
    </p>
   </div>
   <div class='ocr_carea' id='block_1_41' title="bbox 81 1294 861 1332">
    <p class='ocr_par' dir='ltr' id='par_1_41' title="bbox 81 1294 861 1332">
     <span class='ocr_line' id='line_1_41' title="bbox 81 1294 861 1332; baseline 0.004 -10"><span class='ocrx_word' id='word_1_313' title='bbox 81 1301 132 1323; x_wconf 80' lang='lat' dir='ltr'><strong>esse</strong></span> <span class='ocrx_word' id='word_1_314' title='bbox 155 1294 254 1322; x_wconf 81' lang='lat' dir='ltr'><strong>Sancta</strong></span> <span class='ocrx_word' id='word_1_315' title='bbox 276 1299 436 1322; x_wconf 78' lang='lat' dir='ltr'><strong>sanctorum.</strong></span> <span class='ocrx_word' id='word_1_316' title='bbox 460 1294 546 1330; x_wconf 77' lang='lat' dir='ltr'><strong>Majas</strong></span> <span class='ocrx_word' id='word_1_317' title='bbox 567 1296 670 1332; x_wconf 81' lang='lat' dir='ltr'><strong>aliquid</strong></span> <span class='ocrx_word' id='word_1_318' title='bbox 687 1297 787 1325; x_wconf 83' lang='lat' dir='ltr'><strong>audere</strong></span> <span class='ocrx_word' id='word_1_319' title='bbox 801 1297 861 1325; x_wconf 87' lang='lat' dir='ltr'><strong>vult</strong></span> 
     </span>
    </p>
   </div>
   <div class='ocr_carea' id='block_1_42' title="bbox 81 1341 861 1378">
    <p class='ocr_par' dir='ltr' id='par_1_42' title="bbox 81 1341 861 1378">
     <span class='ocr_line' id='line_1_42' title="bbox 81 1341 861 1378; baseline 0.005 -11"><span class='ocrx_word' id='word_1_320' title='bbox 81 1348 177 1373; x_wconf 82' lang='lat' dir='ltr'><strong>sermo,</strong></span> <span class='ocrx_word' id='word_1_321' title='bbox 190 1341 211 1368; x_wconf 89' lang='lat' dir='ltr'><strong>si</strong></span> <span class='ocrx_word' id='word_1_322' title='bbox 225 1345 315 1369; x_wconf 84' lang='lat' dir='ltr'><strong>tamen</strong></span> <span class='ocrx_word' id='word_1_323' title='bbox 327 1345 355 1368; x_wconf 87' lang='lat' dir='ltr'><strong>et</strong></span> <span class='ocrx_word' id='word_1_324' title='bbox 368 1345 459 1370; x_wconf 82' lang='lat' dir='ltr'><strong>vester</strong></span> <span class='ocrx_word' id='word_1_325' title='bbox 472 1347 600 1377; x_wconf 85' lang='lat' dir='ltr'><strong>sequatur</strong></span> <span class='ocrx_word' id='word_1_326' title='bbox 613 1343 731 1378; x_wconf 89' lang='lat' dir='ltr'><strong>auditus,</strong></span> <span class='ocrx_word' id='word_1_327' title='bbox 746 1351 805 1378; x_wconf 83' lang='lat' dir='ltr'><strong>quae</strong></span> <span class='ocrx_word' id='word_1_328' title='bbox 818 1348 861 1372; x_wconf 88' lang='lat' dir='ltr'><strong>cst</strong></span> 
     </span>
    </p>
   </div>
   <div class='ocr_carea' id='block_1_43' title="bbox 82 1385 861 1422">
    <p class='ocr_par' dir='ltr' id='par_1_43' title="bbox 82 1385 861 1422">
     <span class='ocr_line' id='line_1_43' title="bbox 82 1385 861 1422; baseline 0.005 -9"><span class='ocrx_word' id='word_1_329' title='bbox 82 1385 164 1414; x_wconf 86' lang='lat' dir='ltr'><strong>hostia</strong></span> <span class='ocrx_word' id='word_1_330' title='bbox 179 1393 239 1421; x_wconf 69' lang='lat' dir='ltr'><strong>quae</strong></span> <span class='ocrx_word' id='word_1_331' title='bbox 248 1394 296 1421; x_wconf 87' lang='lat' dir='ltr'><strong>pro</strong></span> <span class='ocrx_word' id='word_1_332' title='bbox 312 1387 432 1422; x_wconf 78' lang='lat' dir='ltr'><strong>peccatis</strong></span> <span class='ocrx_word' id='word_1_333' title='bbox 452 1387 575 1422; x_wconf 82' lang='lat' dir='ltr'><strong>oﬁ‘ertur,</strong></span> <span class='ocrx_word' id='word_1_334' title='bbox 589 1393 617 1416; x_wconf 91' lang='lat' dir='ltr'><strong>et</strong></span> <span class='ocrx_word' id='word_1_335' title='bbox 630 1393 672 1417; x_wconf 90' lang='lat' dir='ltr'><strong>est</strong></span> <span class='ocrx_word' id='word_1_336' title='bbox 686 1388 786 1417; x_wconf 85' lang='lat' dir='ltr'><strong>Sancta</strong></span> <span class='ocrx_word' id='word_1_337' title='bbox 797 1397 861 1417; x_wconf 87' lang='lat' dir='ltr'><strong>san-</strong></span> 
     </span>
    </p>
   </div>
   <div class='ocr_carea' id='block_1_44' title="bbox 81 1432 861 1468">
    <p class='ocr_par' dir='ltr' id='par_1_44' title="bbox 81 1432 861 1468">
     <span class='ocr_line' id='line_1_44' title="bbox 81 1432 861 1468; baseline 0.005 -10"><span class='ocrx_word' id='word_1_338' title='bbox 81 1435 191 1466; x_wconf 87' lang='lat' dir='ltr'><strong>ctorum,</strong></span> <span class='ocrx_word' id='word_1_339' title='bbox 211 1432 267 1461; x_wconf 87' lang='lat' dir='ltr'><strong>nisi</strong></span> <span class='ocrx_word' id='word_1_340' title='bbox 290 1433 444 1468; x_wconf 85' lang='lat' dir='ltr'><strong>unigenitus</strong></span> <span class='ocrx_word' id='word_1_341' title='bbox 466 1433 536 1461; x_wconf 89' lang='lat' dir='ltr'><strong>ﬁlius</strong></span> <span class='ocrx_word' id='word_1_342' title='bbox 559 1434 607 1462; x_wconf 87' lang='lat' dir='ltr'><strong>Dei</strong></span> <span class='ocrx_word' id='word_1_343' title='bbox 630 1435 761 1462; x_wconf 88' lang='lat' dir='ltr'><strong>Dominus</strong></span> <span class='ocrx_word' id='word_1_344' title='bbox 783 1442 861 1463; x_wconf 89' lang='lat' dir='ltr'><strong>meus</strong></span> 
     </span>
    </p>
   </div>
   <div class='ocr_carea' id='block_1_45' title="bbox 80 1475 862 1516">
    <p class='ocr_par' dir='ltr' id='par_1_45' title="bbox 80 1475 862 1516">
     <span class='ocr_line' id='line_1_45' title="bbox 80 1475 862 1516; baseline 0.006 -13"><span class='ocrx_word' id='word_1_345' title='bbox 80 1475 152 1505; x_wconf 80' lang='lat' dir='ltr'><strong>lesus</strong></span> <span class='ocrx_word' id='word_1_346' title='bbox 165 1476 307 1506; x_wconf 82' lang='lat' dir='ltr'><strong>Christus?</strong></span> <span class='ocrx_word' id='word_1_347' title='bbox 320 1477 381 1513; x_wconf 89' lang='lat' dir='ltr'><strong>lpse</strong></span> <span class='ocrx_word' id='word_1_348' title='bbox 390 1478 463 1506; x_wconf 89' lang='lat' dir='ltr'><strong>solus</strong></span> <span class='ocrx_word' id='word_1_349' title='bbox 476 1483 518 1507; x_wconf 87' lang='lat' dir='ltr'><strong>est</strong></span> <span class='ocrx_word' id='word_1_350' title='bbox 530 1479 618 1507; x_wconf 84' lang='lat' dir='ltr'><strong>hostia</strong></span> <span class='ocrx_word' id='word_1_351' title='bbox 630 1488 679 1516; x_wconf 91' lang='lat' dir='ltr'><strong>pro</strong></span> <span class='ocrx_word' id='word_1_352' title='bbox 692 1481 821 1515; x_wconf 89' lang='lat' dir='ltr'><strong>peccatis,</strong></span> <span class='ocrx_word' id='word_1_353' title='bbox 834 1484 862 1513; x_wconf 87' lang='lat' dir='ltr'><strong>et</strong></span> 
     </span>
    </p>
   </div>
   <div class='ocr_carea' id='block_1_46' title="bbox 81 1522 862 1561">
    <p class='ocr_par' dir='ltr' id='par_1_46' title="bbox 81 1522 862 1561">
     <span class='ocr_line' id='line_1_46' title="bbox 81 1522 862 1561; baseline 0.008 -12"><span class='ocrx_word' id='word_1_354' title='bbox 81 1522 131 1556; x_wconf 86' lang='lat' dir='ltr'><strong>ipse</strong></span> <span class='ocrx_word' id='word_1_355' title='bbox 142 1527 182 1550; x_wconf 88' lang='lat' dir='ltr'><strong>est</strong></span> <span class='ocrx_word' id='word_1_356' title='bbox 190 1524 281 1552; x_wconf 85' lang='lat' dir='ltr'><strong>hostia</strong></span> <span class='ocrx_word' id='word_1_357' title='bbox 294 1524 393 1552; x_wconf 87' lang='lat' dir='ltr'><strong>Sancta</strong></span> <span class='ocrx_word' id='word_1_358' title='bbox 406 1529 571 1556; x_wconf 83' lang='lat' dir='ltr'><strong>sanctorum.</strong></span> <span class='ocrx_word' id='word_1_359' title='bbox 593 1525 646 1554; x_wconf 85' lang='lat' dir='ltr'><strong>Sed</strong></span> <span class='ocrx_word' id='word_1_360' title='bbox 657 1527 729 1561; x_wconf 89' lang='lat' dir='ltr'><strong>quod</strong></span> <span class='ocrx_word' id='word_1_361' title='bbox 741 1527 862 1555; x_wconf 84' lang='lat' dir='ltr'><strong>addidit?</strong></span> 
     </span>
    </p>
   </div>
   <div class='ocr_carea' id='block_1_47' title="bbox 82 1568 860 1611">
    <p class='ocr_par' dir='ltr' id='par_1_47' title="bbox 82 1568 860 1611">
     <span class='ocr_line' id='line_1_47' title="bbox 82 1568 860 1611; baseline 0.009 -16"><span class='ocrx_word' id='word_1_362' title='bbox 82 1568 209 1602; x_wconf 81' lang='lat' dir='ltr'><strong>Sacerdos,</strong></span> <span class='ocrx_word' id='word_1_363' title='bbox 221 1570 320 1605; x_wconf 86' lang='lat' dir='ltr'><strong>inquit,</strong></span> <span class='ocrx_word' id='word_1_364' title='bbox 335 1572 381 1606; x_wconf 78' lang='lat' dir='ltr'><strong>qui</strong></span> <span class='ocrx_word' id='word_1_365' title='bbox 394 1572 470 1607; x_wconf 64' lang='lat' dir='ltr'><strong>aiert</strong></span> <span class='ocrx_word' id='word_1_366' title='bbox 482 1572 559 1606; x_wconf 85' lang='lat' dir='ltr'><strong>illud,</strong></span> <span class='ocrx_word' id='word_1_367' title='bbox 574 1573 631 1601; x_wconf 83' lang='lat' dir='ltr'><strong>edet</strong></span> <span class='ocrx_word' id='word_1_368' title='bbox 642 1572 720 1601; x_wconf 83' lang='lat' dir='ltr'><strong>illud.</strong></span> <span class='ocrx_word' id='word_1_369' title='bbox 734 1573 783 1601; x_wconf 82' lang='lat' dir='ltr'><strong>Hic</strong></span> <span class='ocrx_word' id='word_1_370' title='bbox 795 1581 860 1611; x_wconf 86' lang='lat' dir='ltr'><strong>ergo</strong></span> 
     </span>
    </p>
   </div>
   <div class='ocr_carea' id='block_1_48' title="bbox 81 1616 878 1653">
    <p class='ocr_par' dir='ltr' id='par_1_48' title="bbox 81 1616 878 1653">
     <span class='ocr_line' id='line_1_48' title="bbox 81 1616 878 1653; baseline 0.008 -11"><span class='ocrx_word' id='word_1_371' title='bbox 81 1619 118 1641; x_wconf 85' lang='lat' dir='ltr'><strong>est</strong></span> <span class='ocrx_word' id='word_1_372' title='bbox 130 1616 254 1644; x_wconf 85' lang='lat' dir='ltr'><strong>sacerdos</strong></span> <span class='ocrx_word' id='word_1_373' title='bbox 266 1617 311 1651; x_wconf 88' lang='lat' dir='ltr'><strong>qui</strong></span> <span class='ocrx_word' id='word_1_374' title='bbox 322 1621 433 1652; x_wconf 87' lang='lat' dir='ltr'><strong>peccata</strong></span> <span class='ocrx_word' id='word_1_375' title='bbox 444 1617 535 1653; x_wconf 85' lang='lat' dir='ltr'><strong>populi</strong></span> <span class='ocrx_word' id='word_1_376' title='bbox 546 1619 663 1647; x_wconf 87' lang='lat' dir='ltr'><strong>comedit</strong></span> <span class='ocrx_word' id='word_1_377' title='bbox 674 1623 702 1647; x_wconf 88' lang='lat' dir='ltr'><strong>et</strong></span> <span class='ocrx_word' id='word_1_378' title='bbox 714 1620 861 1653; x_wconf 80' lang='lat' dir='ltr'><strong>consumit,</strong></span> <span class='ocrx_word' id='word_1_379' title='bbox 874 1616 878 1644; x_wconf 70' lang='grc' dir='ltr'><em>τ</em></span> 
     </span>
    </p>
   </div>
   <div class='ocr_carea' id='block_1_49' title="bbox 82 1660 861 1695">
    <p class='ocr_par' dir='ltr' id='par_1_49' title="bbox 82 1660 861 1695">
     <span class='ocr_line' id='line_1_49' title="bbox 82 1660 861 1695; baseline 0.01 -8"><span class='ocrx_word' id='word_1_380' title='bbox 82 1660 109 1687; x_wconf 80' lang='lat' dir='ltr'><strong>tle</strong></span> <span class='ocrx_word' id='word_1_381' title='bbox 122 1668 171 1695; x_wconf 84' lang='lat' dir='ltr'><strong>quo</strong></span> <span class='ocrx_word' id='word_1_382' title='bbox 188 1662 292 1689; x_wconf 88' lang='lat' dir='ltr'><strong>dictum</strong></span> <span class='ocrx_word' id='word_1_383' title='bbox 307 1667 349 1690; x_wconf 85' lang='lat' dir='ltr'><strong>est</strong></span> <span class='ocrx_word' id='word_1_384' title='bbox 362 1671 369 1690; x_wconf 89' lang='lat'><strong>:</strong></span> <span class='ocrx_word' id='word_1_385' title='bbox 385 1662 426 1690; x_wconf 84' lang='lat' dir='ltr'><strong>Tu</strong></span> <span class='ocrx_word' id='word_1_386' title='bbox 443 1672 470 1691; x_wconf 75' lang='lat' dir='ltr'><strong>es</strong></span> <span class='ocrx_word' id='word_1_387' title='bbox 491 1666 612 1694; x_wconf 71' lang='lat' dir='ltr'><strong>sacerdos</strong></span> <span class='ocrx_word' id='word_1_388' title='bbox 626 1665 654 1692; x_wconf 82' lang='lat' dir='ltr'><strong>in</strong></span> <span class='ocrx_word' id='word_1_389' title='bbox 670 1669 796 1694; x_wconf 72' lang='lat' dir='ltr'><strong>wternum</strong></span> <span class='ocrx_word' id='word_1_390' title='bbox 818 1674 861 1694; x_wconf 75' lang='lat' dir='ltr'><strong>sc-</strong></span> 
     </span>
    </p>
   </div>
   <div class='ocr_carea' id='block_1_50' title="bbox 82 1705 862 1746">
    <p class='ocr_par' dir='ltr' id='par_1_50' title="bbox 82 1705 862 1746">
     <span class='ocr_line' id='line_1_50' title="bbox 82 1705 862 1746; baseline 0.009 -15"><span class='ocrx_word' id='word_1_391' title='bbox 82 1705 184 1734; x_wconf 77' lang='lat' dir='ltr'><strong>cundum</strong></span> <span class='ocrx_word' id='word_1_392' title='bbox 197 1707 319 1735; x_wconf 83' lang='lat' dir='ltr'><strong>ordinem</strong></span> <span class='ocrx_word' id='word_1_393' title='bbox 330 1707 518 1736; x_wconf 70' lang='lat' dir='ltr'><strong>Melchisedech</strong></span> <span class='ocrx_word' id='word_1_394' title='bbox 543 1708 628 1743; x_wconf 84' lang='lat' dir='ltr'><strong>(Psal.</strong></span> <span class='ocrx_word' id='word_1_395' title='bbox 650 1709 716 1746; x_wconf 79' lang='lat' dir='ltr'><strong>clx).</strong></span> <span class='ocrx_word' id='word_1_396' title='bbox 737 1709 862 1739; x_wconf 83' lang='lat' dir='ltr'><strong>Salvator</strong></span> 
     </span>
    </p>
   </div>
   <div class='ocr_carea' id='block_1_51' title="bbox 82 1753 862 1790">
    <p class='ocr_par' dir='ltr' id='par_1_51' title="bbox 82 1753 862 1790">
     <span class='ocr_line' id='line_1_51' title="bbox 82 1753 862 1790; baseline 0.006 -12"><span class='ocrx_word' id='word_1_397' title='bbox 82 1757 138 1785; x_wconf 79' lang='lat' dir='ltr'><strong>ergo</strong></span> <span class='ocrx_word' id='word_1_398' title='bbox 151 1756 178 1779; x_wconf 90' lang='lat' dir='ltr'><strong>et</strong></span> <span class='ocrx_word' id='word_1_399' title='bbox 190 1753 323 1780; x_wconf 87' lang='lat' dir='ltr'><strong>Dominus</strong></span> <span class='ocrx_word' id='word_1_400' title='bbox 343 1761 420 1780; x_wconf 89' lang='lat' dir='ltr'><strong>meus</strong></span> <span class='ocrx_word' id='word_1_401' title='bbox 443 1757 555 1789; x_wconf 79' lang='lat' dir='ltr'><strong>peccata</strong></span> <span class='ocrx_word' id='word_1_402' title='bbox 580 1754 670 1790; x_wconf 89' lang='lat' dir='ltr'><strong>populi</strong></span> <span class='ocrx_word' id='word_1_403' title='bbox 697 1755 763 1783; x_wconf 85' lang='lat' dir='ltr'><strong>edit.</strong></span> <span class='ocrx_word' id='word_1_404' title='bbox 790 1755 862 1789; x_wconf 87' lang='lat' dir='ltr'><strong>Quo-</strong></span> 
     </span>
    </p>
   </div>
   <div class='ocr_carea' id='block_1_52' title="bbox 83 1791 860 1835">
    <p class='ocr_par' dir='ltr' id='par_1_52' title="bbox 83 1791 860 1835">
     <span class='ocr_line' id='line_1_52' title="bbox 83 1791 860 1835; baseline 0.008 -13"><span class='ocrx_word' id='word_1_405' title='bbox 83 1796 152 1823; x_wconf 91' lang='lat' dir='ltr'><strong>modo</strong></span> <span class='ocrx_word' id='word_1_406' title='bbox 163 1797 219 1824; x_wconf 87' lang='lat' dir='ltr'><strong>edit</strong></span> <span class='ocrx_word' id='word_1_407' title='bbox 233 1801 346 1832; x_wconf 89' lang='lat' dir='ltr'><strong>peccata</strong></span> <span class='ocrx_word' id='word_1_408' title='bbox 358 1798 467 1833; x_wconf 82' lang='lat' dir='ltr'><strong>populi?</strong></span> <span class='ocrx_word' id='word_1_409' title='bbox 485 1798 555 1827; x_wconf 83' lang='lat' dir='ltr'><strong>Audi</strong></span> <span class='ocrx_word' id='word_1_410' title='bbox 572 1791 637 1834; x_wconf 85' lang='lat' dir='ltr'><strong>quid</strong></span> <span class='ocrx_word' id='word_1_411' title='bbox 653 1800 784 1835; x_wconf 88' lang='lat' dir='ltr'><strong>scriptum</strong></span> <span class='ocrx_word' id='word_1_412' title='bbox 800 1805 860 1828; x_wconf 90' lang='lat' dir='ltr'><strong>est:</strong></span> 
     </span>
    </p>
   </div>
   <div class='ocr_carea' id='block_1_53' title="bbox 82 1840 863 1879">
    <p class='ocr_par' dir='ltr' id='par_1_53' title="bbox 82 1840 863 1879">
     <span class='ocr_line' id='line_1_53' title="bbox 82 1840 863 1879; baseline 0.008 -11"><span class='ocrx_word' id='word_1_413' title='bbox 82 1840 155 1875; x_wconf 78' lang='lat' dir='ltr'><strong>Deus,</strong></span> <span class='ocrx_word' id='word_1_414' title='bbox 174 1843 275 1878; x_wconf 83' lang='lat' dir='ltr'><strong>inquit,</strong></span> <span class='ocrx_word' id='word_1_415' title='bbox 302 1848 390 1871; x_wconf 85' lang='lat' dir='ltr'><strong>noster</strong></span> <span class='ocrx_word' id='word_1_416' title='bbox 403 1844 471 1879; x_wconf 82' lang='lat' dir='ltr'><strong>ignis</strong></span> <span class='ocrx_word' id='word_1_417' title='bbox 486 1853 640 1874; x_wconf 77' lang='lat' dir='ltr'><strong>consumens</strong></span> <span class='ocrx_word' id='word_1_418' title='bbox 654 1850 701 1873; x_wconf 83' lang='lat' dir='ltr'><strong>est.</strong></span> <span class='ocrx_word' id='word_1_419' title='bbox 717 1845 787 1878; x_wconf 83' lang='lat' dir='ltr'><strong>Quid</strong></span> <span class='ocrx_word' id='word_1_420' title='bbox 799 1853 863 1874; x_wconf 92' lang='lat' dir='ltr'><strong>con-</strong></span> 
     </span>
    </p>
   </div>
   <div class='ocr_carea' id='block_1_54' title="bbox 82 1888 861 1928">
    <p class='ocr_par' dir='ltr' id='par_1_54' title="bbox 82 1888 861 1928">
     <span class='ocr_line' id='line_1_54' title="bbox 82 1888 861 1928; baseline 0.008 -15"><span class='ocrx_word' id='word_1_421' title='bbox 82 1888 153 1915; x_wconf 84' lang='lat' dir='ltr'><strong>sumit</strong></span> <span class='ocrx_word' id='word_1_422' title='bbox 168 1889 242 1917; x_wconf 87' lang='lat' dir='ltr'><strong>Deus</strong></span> <span class='ocrx_word' id='word_1_423' title='bbox 256 1889 326 1925; x_wconf 80' lang='lat' dir='ltr'><strong>ignis</strong></span> <span class='ocrx_word' id='word_1_424' title='bbox 338 1900 345 1917; x_wconf 87' lang='lat'><strong>:</strong></span> <span class='ocrx_word' id='word_1_425' title='bbox 358 1891 479 1926; x_wconf 86' lang='lat' dir='ltr'><strong>nunquid</strong></span> <span class='ocrx_word' id='word_1_426' title='bbox 490 1895 545 1919; x_wconf 84' lang='lat' dir='ltr'><strong>tam</strong></span> <span class='ocrx_word' id='word_1_427' title='bbox 559 1891 644 1927; x_wconf 78' lang='lat' dir='ltr'><strong>inepti</strong></span> <span class='ocrx_word' id='word_1_428' title='bbox 658 1892 760 1919; x_wconf 88' lang='lat' dir='ltr'><strong>erimus</strong></span> <span class='ocrx_word' id='word_1_429' title='bbox 771 1895 801 1919; x_wconf 87' lang='lat' dir='ltr'><strong>ut</strong></span> <span class='ocrx_word' id='word_1_430' title='bbox 810 1899 861 1928; x_wconf 90' lang='lat' dir='ltr'><strong>pu-</strong></span> 
     </span>
    </p>
   </div>
   <div class='ocr_carea' id='block_1_55' title="bbox 83 1934 862 1973">
    <p class='ocr_par' dir='ltr' id='par_1_55' title="bbox 83 1934 862 1973">
     <span class='ocr_line' id='line_1_55' title="bbox 83 1934 862 1973; baseline 0.005 -12"><span class='ocrx_word' id='word_1_431' title='bbox 83 1938 160 1962; x_wconf 82' lang='lat' dir='ltr'><strong>temus</strong></span> <span class='ocrx_word' id='word_1_432' title='bbox 178 1935 253 1968; x_wconf 86' lang='lat' dir='ltr'><strong>quod</strong></span> <span class='ocrx_word' id='word_1_433' title='bbox 264 1934 313 1964; x_wconf 88' lang='lat' dir='ltr'><strong>Dei</strong></span> <span class='ocrx_word' id='word_1_434' title='bbox 322 1935 391 1970; x_wconf 87' lang='lat' dir='ltr'><strong>ignis</strong></span> <span class='ocrx_word' id='word_1_435' title='bbox 403 1936 476 1972; x_wconf 84' lang='lat' dir='ltr'><strong>ligna</strong></span> <span class='ocrx_word' id='word_1_436' title='bbox 493 1941 646 1971; x_wconf 85' lang='lat' dir='ltr'><strong>consumat,</strong></span> <span class='ocrx_word' id='word_1_437' title='bbox 663 1941 709 1964; x_wconf 90' lang='lat' dir='ltr'><strong>aut</strong></span> <span class='ocrx_word' id='word_1_438' title='bbox 723 1937 862 1973; x_wconf 85' lang='lat' dir='ltr'><strong>stipulam,</strong></span> 
     </span>
    </p>
   </div>
   <div class='ocr_carea' id='block_1_56' title="bbox 82 1979 862 2018">
    <p class='ocr_par' dir='ltr' id='par_1_56' title="bbox 82 1979 862 2018">
     <span class='ocr_line' id='line_1_56' title="bbox 82 1979 862 2018; baseline 0.005 -12"><span class='ocrx_word' id='word_1_439' title='bbox 82 1983 118 2006; x_wconf 85' lang='lat' dir='ltr'><strong>aut</strong></span> <span class='ocrx_word' id='word_1_440' title='bbox 127 1979 239 2007; x_wconf 83' lang='lat' dir='ltr'><strong>fenum?</strong></span> <span class='ocrx_word' id='word_1_441' title='bbox 249 1980 296 2008; x_wconf 85' lang='lat' dir='ltr'><strong>sed</strong></span> <span class='ocrx_word' id='word_1_442' title='bbox 306 1981 441 2013; x_wconf 80' lang='lat' dir='ltr'><strong>consumit</strong></span> <span class='ocrx_word' id='word_1_443' title='bbox 449 1982 521 2009; x_wconf 87' lang='lat' dir='ltr'><strong>Deus</strong></span> <span class='ocrx_word' id='word_1_444' title='bbox 531 1982 599 2018; x_wconf 88' lang='lat' dir='ltr'><strong>ignis</strong></span> <span class='ocrx_word' id='word_1_445' title='bbox 611 1982 729 2010; x_wconf 89' lang='lat' dir='ltr'><strong>humana</strong></span> <span class='ocrx_word' id='word_1_446' title='bbox 739 1987 862 2018; x_wconf 88' lang='lat' dir='ltr'><strong>peccata,</strong></span> 
     </span>
    </p>
   </div>
   <div class='ocr_carea' id='block_1_57' title="bbox 83 2023 864 2063">
    <p class='ocr_par' dir='ltr' id='par_1_57' title="bbox 83 2023 864 2063">
     <span class='ocr_line' id='line_1_57' title="bbox 83 2023 864 2063; baseline 0.006 -13"><span class='ocrx_word' id='word_1_447' title='bbox 83 2023 118 2051; x_wconf 83' lang='lat' dir='ltr'><strong>illa</strong></span> <span class='ocrx_word' id='word_1_448' title='bbox 139 2024 272 2057; x_wconf 81' lang='lat' dir='ltr'><strong>absumit,</strong></span> <span class='ocrx_word' id='word_1_449' title='bbox 296 2024 342 2052; x_wconf 86' lang='lat' dir='ltr'><strong>illa</strong></span> <span class='ocrx_word' id='word_1_450' title='bbox 365 2026 487 2059; x_wconf 77' lang='lat' dir='ltr'><strong>devorat,</strong></span> <span class='ocrx_word' id='word_1_451' title='bbox 514 2026 560 2054; x_wconf 87' lang='lat' dir='ltr'><strong>illa</strong></span> <span class='ocrx_word' id='word_1_452' title='bbox 581 2031 690 2063; x_wconf 89' lang='lat' dir='ltr'><strong>purgat,</strong></span> <span class='ocrx_word' id='word_1_453' title='bbox 717 2027 864 2056; x_wconf 90' lang='lat' dir='ltr'><strong>secundum</strong></span> 
     </span>
    </p>
   </div>
   <div class='ocr_carea' id='block_1_58' title="bbox 81 2069 864 2113">
    <p class='ocr_par' dir='ltr' id='par_1_58' title="bbox 81 2069 864 2113">
     <span class='ocr_line' id='line_1_58' title="bbox 81 2069 864 2113; baseline 0.008 -19"><span class='ocrx_word' id='word_1_454' title='bbox 81 2069 143 2102; x_wconf 85' lang='lat' dir='ltr'><strong>quod</strong></span> <span class='ocrx_word' id='word_1_455' title='bbox 163 2073 193 2097; x_wconf 87' lang='lat' dir='ltr'><strong>et</strong></span> <span class='ocrx_word' id='word_1_456' title='bbox 214 2069 279 2097; x_wconf 83' lang='lat' dir='ltr'><strong>alibi</strong></span> <span class='ocrx_word' id='word_1_457' title='bbox 294 2069 425 2106; x_wconf 79' lang='lat' dir='ltr'><strong>dicit:Et</strong></span> <span class='ocrx_word' id='word_1_458' title='bbox 446 2071 564 2113; x_wconf 70' lang='lat' dir='ltr'><strong>purgabo</strong></span> <span class='ocrx_word' id='word_1_459' title='bbox 589 2077 614 2099; x_wconf 87' lang='lat' dir='ltr'><strong>te</strong></span> <span class='ocrx_word' id='word_1_460' title='bbox 632 2073 687 2109; x_wconf 82' lang='lat' dir='ltr'><strong>igni</strong></span> <span class='ocrx_word' id='word_1_461' title='bbox 711 2073 746 2100; x_wconf 87' lang='lat' dir='ltr'><strong>ad</strong></span> <span class='ocrx_word' id='word_1_462' title='bbox 768 2081 864 2108; x_wconf 80' lang='lat' dir='ltr'><strong>purum</strong></span> 
     </span>
    </p>
   </div>
   <div class='ocr_carea' id='block_1_59' title="bbox 82 2114 864 2154">
    <p class='ocr_par' dir='ltr' id='par_1_59' title="bbox 82 2114 864 2154">
     <span class='ocr_line' id='line_1_59' title="bbox 82 2114 864 2154; baseline 0.006 -12"><span class='ocrx_word' id='word_1_463' title='bbox 82 2114 141 2147; x_wconf 65' lang='lat' dir='ltr'><strong>(lia.</strong></span> <span class='ocrx_word' id='word_1_464' title='bbox 164 2115 196 2152; x_wconf 92' lang='grc' dir='ltr'><strong>ι).</strong></span> <span class='ocrx_word' id='word_1_465' title='bbox 221 2115 279 2144; x_wconf 84' lang='lat' dir='ltr'><strong>Hoc</strong></span> <span class='ocrx_word' id='word_1_466' title='bbox 302 2120 345 2144; x_wconf 80' lang='lat' dir='ltr'><strong>est</strong></span> <span class='ocrx_word' id='word_1_467' title='bbox 367 2116 533 2146; x_wconf 80' lang='lat' dir='ltr'><strong>manducare</strong></span> <span class='ocrx_word' id='word_1_468' title='bbox 559 2123 701 2153; x_wconf 84' lang='lat' dir='ltr'><strong>peccatum</strong></span> <span class='ocrx_word' id='word_1_469' title='bbox 723 2118 796 2153; x_wconf 85' lang='lat' dir='ltr'><strong>ejus,</strong></span> <span class='ocrx_word' id='word_1_470' title='bbox 817 2119 864 2154; x_wconf 88' lang='lat' dir='ltr'><strong>qui</strong></span> 
     </span>
    </p>
   </div>
   <div class='ocr_carea' id='block_1_60' title="bbox 83 2159 864 2201">
    <p class='ocr_par' dir='ltr' id='par_1_60' title="bbox 83 2159 864 2201">
     <span class='ocr_line' id='line_1_60' title="bbox 83 2159 864 2201; baseline 0.006 -15"><span class='ocrx_word' id='word_1_471' title='bbox 83 2159 152 2187; x_wconf 78' lang='lat' dir='ltr'><strong>ollert</strong></span> <span class='ocrx_word' id='word_1_472' title='bbox 173 2161 339 2192; x_wconf 82' lang='lat' dir='ltr'><strong>sacriﬁcium</strong></span> <span class='ocrx_word' id='word_1_473' title='bbox 358 2169 409 2197; x_wconf 90' lang='lat' dir='ltr'><strong>pro</strong></span> <span class='ocrx_word' id='word_1_474' title='bbox 429 2168 541 2198; x_wconf 84' lang='lat' dir='ltr'><strong>peccato</strong></span> <span class='ocrx_word' id='word_1_475' title='bbox 557 2173 564 2190; x_wconf 91' lang='lat'>:</span> <span class='ocrx_word' id='word_1_476' title='bbox 581 2164 639 2200; x_wconf 81' lang='lat' dir='ltr'><strong>ipse</strong></span> <span class='ocrx_word' id='word_1_477' title='bbox 657 2165 729 2201; x_wconf 85' lang='lat' dir='ltr'><strong>enim</strong></span> <span class='ocrx_word' id='word_1_478' title='bbox 752 2169 864 2201; x_wconf 87' lang='lat' dir='ltr'><strong>peccata</strong></span> 
     </span>
    </p>
   </div>
   <div class='ocr_carea' id='block_1_61' title="bbox 83 2207 864 2247">
    <p class='ocr_par' dir='ltr' id='par_1_61' title="bbox 83 2207 864 2247">
     <span class='ocr_line' id='line_1_61' title="bbox 83 2207 864 2247; baseline 0.008 -15"><span class='ocrx_word' id='word_1_479' title='bbox 83 2209 165 2234; x_wconf 85' lang='lat' dir='ltr'><strong>nostra</strong></span> <span class='ocrx_word' id='word_1_480' title='bbox 181 2207 314 2243; x_wconf 84' lang='lat' dir='ltr'><strong>suscepit,</strong></span> <span class='ocrx_word' id='word_1_481' title='bbox 338 2208 407 2236; x_wconf 88' lang='lat' dir='ltr'><strong>etin</strong></span> <span class='ocrx_word' id='word_1_482' title='bbox 421 2210 568 2247; x_wconf 82' lang='lat' dir='ltr'><strong>semetipso</strong></span> <span class='ocrx_word' id='word_1_483' title='bbox 591 2217 624 2238; x_wconf 89' lang='lat' dir='ltr'><strong>ea</strong></span> <span class='ocrx_word' id='word_1_484' title='bbox 646 2214 776 2245; x_wconf 89' lang='lat' dir='ltr'><strong>tanquam</strong></span> <span class='ocrx_word' id='word_1_485' title='bbox 793 2211 864 2246; x_wconf 85' lang='lat' dir='ltr'><strong>ignis</strong></span> 
     </span>
    </p>
   </div>
   <div class='ocr_carea' id='block_1_62' title="bbox 83 2252 863 2294">
    <p class='ocr_par' dir='ltr' id='par_1_62' title="bbox 83 2252 863 2294">
     <span class='ocr_line' id='line_1_62' title="bbox 83 2252 863 2294; baseline 0.008 -16"><span class='ocrx_word' id='word_1_486' title='bbox 83 2252 191 2286; x_wconf 75' lang='lat' dir='ltr'><strong>comedit</strong></span> <span class='ocrx_word' id='word_1_487' title='bbox 212 2257 243 2280; x_wconf 85' lang='lat' dir='ltr'><strong>et</strong></span> <span class='ocrx_word' id='word_1_488' title='bbox 262 2253 389 2287; x_wconf 76' lang='lat' dir='ltr'><strong>absntnit.</strong></span> <span class='ocrx_word' id='word_1_489' title='bbox 415 2254 569 2294; x_wconf 29' lang='lat' dir='ltr'><strong>Dicitnergo</strong></span> <span class='ocrx_word' id='word_1_490' title='bbox 592 2255 655 2283; x_wconf 84' lang='lat' dir='ltr'><strong>lex:</strong></span> <span class='ocrx_word' id='word_1_491' title='bbox 669 2255 800 2284; x_wconf 75' lang='lat' dir='ltr'><strong>Sacerdos</strong></span> <span class='ocrx_word' id='word_1_492' title='bbox 818 2258 863 2292; x_wconf 85' lang='lat' dir='ltr'><strong>qui</strong></span> 
     </span>
    </p>
   </div>
   <div class='ocr_carea' id='block_1_63' title="bbox 85 2297 866 2337">
    <p class='ocr_par' dir='ltr' id='par_1_63' title="bbox 85 2297 866 2337">
     <span class='ocr_line' id='line_1_63' title="bbox 85 2297 866 2337; baseline 0.005 -13"><span class='ocrx_word' id='word_1_493' title='bbox 85 2297 206 2332; x_wconf 77' lang='lat' dir='ltr'><strong>obtulerit,</strong></span> <span class='ocrx_word' id='word_1_494' title='bbox 218 2298 278 2327; x_wconf 72' lang='lat' dir='ltr'><strong>edet</strong></span> <span class='ocrx_word' id='word_1_495' title='bbox 288 2297 354 2327; x_wconf 86' lang='lat' dir='ltr'><strong>illud</strong></span> <span class='ocrx_word' id='word_1_496' title='bbox 367 2298 398 2335; x_wconf 63' lang='lat' dir='ltr'><strong>in,</strong></span> <span class='ocrx_word' id='word_1_497' title='bbox 404 2297 464 2335; x_wconf 63' lang='lat' dir='ltr'><strong>loco</strong></span> <span class='ocrx_word' id='word_1_498' title='bbox 472 2303 575 2335; x_wconf 68' lang='lat' dir='ltr'><strong>sancto,</strong></span> <span class='ocrx_word' id='word_1_499' title='bbox 584 2301 611 2325; x_wconf 81' lang='lat' dir='ltr'><strong>in</strong></span> <span class='ocrx_word' id='word_1_500' title='bbox 622 2301 689 2326; x_wconf 79' lang='lat' dir='ltr'><strong>atria</strong></span> <span class='ocrx_word' id='word_1_501' title='bbox 700 2301 866 2337; x_wconf 71' lang='lat' dir='ltr'><strong>tabernaculi</strong></span> 
     </span>
    </p>
   </div>
   <div class='ocr_carea' id='block_1_64' title="bbox 86 2342 865 2380">
    <p class='ocr_par' dir='ltr' id='par_1_64' title="bbox 86 2342 865 2380">
     <span class='ocr_line' id='line_1_64' title="bbox 86 2342 865 2380; baseline 0.005 -11"><span class='ocrx_word' id='word_1_502' title='bbox 86 2344 234 2377; x_wconf 76' lang='lat' dir='ltr'><strong>testimonii;</strong></span> <span class='ocrx_word' id='word_1_503' title='bbox 257 2351 428 2379; x_wconf 85' lang='lat' dir='ltr'><strong>consequens</strong></span> <span class='ocrx_word' id='word_1_504' title='bbox 444 2343 516 2380; x_wconf 81' lang='lat' dir='ltr'><strong>enim</strong></span> <span class='ocrx_word' id='word_1_505' title='bbox 528 2347 571 2372; x_wconf 89' lang='lat' dir='ltr'><strong>est</strong></span> <span class='ocrx_word' id='word_1_506' title='bbox 585 2348 615 2372; x_wconf 90' lang='lat' dir='ltr'><strong>ut</strong></span> <span class='ocrx_word' id='word_1_507' title='bbox 625 2342 774 2372; x_wconf 80' lang='lat' dir='ltr'><strong>secundum</strong></span> <span class='ocrx_word' id='word_1_508' title='bbox 797 2346 865 2373; x_wconf 92' lang='lat' dir='ltr'><strong>ima-</strong></span> 
     </span>
    </p>
   </div>
   <div class='ocr_carea' id='block_1_65' title="bbox 85 2388 865 2425">
    <p class='ocr_par' dir='ltr' id='par_1_65' title="bbox 85 2388 865 2425">
     <span class='ocr_line' id='line_1_65' title="bbox 85 2388 865 2425; baseline 0.003 -9"><span class='ocrx_word' id='word_1_509' title='bbox 85 2388 166 2423; x_wconf 75' lang='lat' dir='ltr'><strong>ginem</strong></span> <span class='ocrx_word' id='word_1_510' title='bbox 187 2390 246 2425; x_wconf 86' lang='lat' dir='ltr'><strong>ejus</strong></span> <span class='ocrx_word' id='word_1_511' title='bbox 268 2390 314 2425; x_wconf 91' lang='lat' dir='ltr'><strong>qui</strong></span> <span class='ocrx_word' id='word_1_512' title='bbox 334 2390 515 2424; x_wconf 77' lang='lat' dir='ltr'><strong>sacerdotium</strong></span> <span class='ocrx_word' id='word_1_513' title='bbox 534 2389 663 2419; x_wconf 83' lang='lat' dir='ltr'><strong>Ecclesiae</strong></span> <span class='ocrx_word' id='word_1_514' title='bbox 682 2389 766 2424; x_wconf 87' lang='lat' dir='ltr'><strong>dedit,</strong></span> <span class='ocrx_word' id='word_1_515' title='bbox 783 2391 865 2418; x_wconf 88' lang='lat' dir='ltr'><strong>etiam</strong></span> 
     </span>
    </p>
   </div>
   <div class='ocr_carea' id='block_1_66' title="bbox 86 2433 867 2471">
    <p class='ocr_par' dir='ltr' id='par_1_66' title="bbox 86 2433 867 2471">
     <span class='ocr_line' id='line_1_66' title="bbox 86 2433 867 2471; baseline 0.006 -12"><span class='ocrx_word' id='word_1_516' title='bbox 86 2433 192 2462; x_wconf 83' lang='lat' dir='ltr'><strong>ministri</strong></span> <span class='ocrx_word' id='word_1_517' title='bbox 209 2438 237 2464; x_wconf 87' lang='lat' dir='ltr'><strong>et</strong></span> <span class='ocrx_word' id='word_1_518' title='bbox 257 2435 411 2469; x_wconf 76' lang='lat' dir='ltr'><strong>sacerdotes</strong></span> <span class='ocrx_word' id='word_1_519' title='bbox 423 2435 550 2463; x_wconf 70' lang='lat' dir='ltr'><strong>Ecclesiae</strong></span> <span class='ocrx_word' id='word_1_520' title='bbox 564 2438 677 2470; x_wconf 86' lang='lat' dir='ltr'><strong>peccata</strong></span> <span class='ocrx_word' id='word_1_521' title='bbox 687 2435 780 2471; x_wconf 85' lang='lat' dir='ltr'><strong>populi</strong></span> <span class='ocrx_word' id='word_1_522' title='bbox 795 2436 867 2464; x_wconf 86' lang='lat' dir='ltr'><strong>acci-</strong></span> 
     </span>
    </p>
   </div>
   <div class='ocr_carea' id='block_1_67' title="bbox 86 2478 867 2516">
    <p class='ocr_par' dir='ltr' id='par_1_67' title="bbox 86 2478 867 2516">
     <span class='ocr_line' id='line_1_67' title="bbox 86 2478 867 2516; baseline 0.003 -10"><span class='ocrx_word' id='word_1_523' title='bbox 86 2478 170 2513; x_wconf 80' lang='lat' dir='ltr'><strong>piant,</strong></span> <span class='ocrx_word' id='word_1_524' title='bbox 196 2484 224 2509; x_wconf 88' lang='lat' dir='ltr'><strong>et</strong></span> <span class='ocrx_word' id='word_1_525' title='bbox 247 2480 300 2515; x_wconf 87' lang='lat' dir='ltr'><strong>ipsi</strong></span> <span class='ocrx_word' id='word_1_526' title='bbox 315 2480 453 2508; x_wconf 85' lang='lat' dir='ltr'><strong>imitantes</strong></span> <span class='ocrx_word' id='word_1_527' title='bbox 479 2481 649 2516; x_wconf 83' lang='lat' dir='ltr'><strong>magistrum,</strong></span> <span class='ocrx_word' id='word_1_528' title='bbox 678 2480 867 2508; x_wconf 85' lang='lat' dir='ltr'><strong>remissionem</strong></span> 
     </span>
    </p>
   </div>
   <div class='ocr_carea' id='block_1_68' title="bbox 87 2524 870 2561">
    <p class='ocr_par' dir='ltr' id='par_1_68' title="bbox 87 2524 870 2561">
     <span class='ocr_line' id='line_1_68' title="bbox 87 2524 870 2561; baseline 0.001 -8"><span class='ocrx_word' id='word_1_529' title='bbox 87 2529 250 2557; x_wconf 64' lang='lat' dir='ltr'><strong>peccatorum</strong></span> <span class='ocrx_word' id='word_1_530' title='bbox 261 2525 359 2561; x_wconf 89' lang='lat' dir='ltr'><strong>populo</strong></span> <span class='ocrx_word' id='word_1_531' title='bbox 373 2525 502 2553; x_wconf 86' lang='lat' dir='ltr'><strong>tribuant.</strong></span> <span class='ocrx_word' id='word_1_532' title='bbox 511 2524 614 2552; x_wconf 85' lang='lat' dir='ltr'><strong>Debent</strong></span> <span class='ocrx_word' id='word_1_533' title='bbox 628 2532 692 2561; x_wconf 88' lang='lat' dir='ltr'><strong>ergo</strong></span> <span class='ocrx_word' id='word_1_534' title='bbox 706 2529 734 2552; x_wconf 90' lang='lat' dir='ltr'><strong>et</strong></span> <span class='ocrx_word' id='word_1_535' title='bbox 750 2525 800 2561; x_wconf 88' lang='lat' dir='ltr'><strong>ipsi</strong></span> <span class='ocrx_word' id='word_1_536' title='bbox 815 2525 870 2554; x_wconf 89' lang='lat' dir='ltr'><strong>Ec-.</strong></span> 
     </span>
    </p>
   </div>
   <div class='ocr_carea' id='block_1_69' title="bbox 88 2568 866 2605">
    <p class='ocr_par' dir='ltr' id='par_1_69' title="bbox 88 2568 866 2605">
     <span class='ocr_line' id='line_1_69' title="bbox 88 2568 866 2605; baseline 0.001 -8"><span class='ocrx_word' id='word_1_537' title='bbox 88 2568 168 2598; x_wconf 65' lang='lat' dir='ltr'><strong>etesias</strong></span> <span class='ocrx_word' id='word_1_538' title='bbox 190 2570 345 2599; x_wconf 77' lang='lat' dir='ltr'><strong>sacerdotes</strong></span> <span class='ocrx_word' id='word_1_539' title='bbox 362 2570 401 2598; x_wconf 89' lang='lat' dir='ltr'><strong>ita</strong></span> <span class='ocrx_word' id='word_1_540' title='bbox 417 2569 532 2605; x_wconf 85' lang='lat' dir='ltr'><strong>perfecti</strong></span> <span class='ocrx_word' id='word_1_541' title='bbox 549 2577 619 2602; x_wconf 90' lang='lat' dir='ltr'><strong>esse,</strong></span> <span class='ocrx_word' id='word_1_542' title='bbox 632 2574 659 2597; x_wconf 94' lang='lat' dir='ltr'><strong>et</strong></span> <span class='ocrx_word' id='word_1_543' title='bbox 671 2570 698 2597; x_wconf 92' lang='lat' dir='ltr'><strong>in</strong></span> <span class='ocrx_word' id='word_1_544' title='bbox 710 2570 806 2597; x_wconf 87' lang='lat' dir='ltr'><strong>olliciis</strong></span> <span class='ocrx_word' id='word_1_545' title='bbox 821 2578 866 2598; x_wconf 86' lang='lat' dir='ltr'><strong>sa-</strong></span> 
     </span>
    </p>
   </div>
   <div class='ocr_carea' id='block_1_70' title="bbox 89 2612 867 2651">
    <p class='ocr_par' dir='ltr' id='par_1_70' title="bbox 89 2612 867 2651">
     <span class='ocr_line' id='line_1_70' title="bbox 89 2612 867 2651; baseline 0.001 -10"><span class='ocrx_word' id='word_1_546' title='bbox 89 2614 263 2643; x_wconf 71' lang='lat' dir='ltr'><strong>cerdotalibus</strong></span> <span class='ocrx_word' id='word_1_547' title='bbox 283 2615 392 2648; x_wconf 85' lang='lat' dir='ltr'><strong>eruditi,</strong></span> <span class='ocrx_word' id='word_1_548' title='bbox 409 2618 443 2646; x_wconf 85' lang='lat' dir='ltr'><strong>ut</strong></span> <span class='ocrx_word' id='word_1_549' title='bbox 451 2618 564 2651; x_wconf 87' lang='lat' dir='ltr'><strong>peccata</strong></span> <span class='ocrx_word' id='word_1_550' title='bbox 579 2612 669 2649; x_wconf 89' lang='lat' dir='ltr'><strong>populi</strong></span> <span class='ocrx_word' id='word_1_551' title='bbox 686 2614 714 2641; x_wconf 95' lang='lat' dir='ltr'><strong>in</strong></span> <span class='ocrx_word' id='word_1_552' title='bbox 729 2614 789 2641; x_wconf 92' lang='lat' dir='ltr'><strong>loco</strong></span> <span class='ocrx_word' id='word_1_553' title='bbox 804 2623 867 2642; x_wconf 89' lang='lat' dir='ltr'><strong>san-</strong></span> 
     </span>
    </p>
   </div>
   <div class='ocr_carea' id='block_1_71' title="bbox 90 2657 866 2697">
    <p class='ocr_par' dir='ltr' id='par_1_71' title="bbox 90 2657 866 2697">
     <span class='ocr_line' id='line_1_71' title="bbox 90 2657 866 2697; baseline 0.004 -11"><span class='ocrx_word' id='word_1_554' title='bbox 90 2662 137 2692; x_wconf 85' lang='lat' dir='ltr'><strong>cto,</strong></span> <span class='ocrx_word' id='word_1_555' title='bbox 159 2660 186 2689; x_wconf 87' lang='lat' dir='ltr'><strong>iu</strong></span> <span class='ocrx_word' id='word_1_556' title='bbox 205 2661 285 2694; x_wconf 74' lang='lat' dir='ltr'><strong>atriis</strong></span> <span class='ocrx_word' id='word_1_557' title='bbox 308 2657 475 2695; x_wconf 72' lang='lat' dir='ltr'><strong>tabernaculi</strong></span> <span class='ocrx_word' id='word_1_558' title='bbox 492 2660 650 2693; x_wconf 82' lang='lat' dir='ltr'><strong>testimonii,</strong></span> <span class='ocrx_word' id='word_1_559' title='bbox 669 2659 721 2695; x_wconf 89' lang='lat' dir='ltr'><strong>ipsi</strong></span> <span class='ocrx_word' id='word_1_560' title='bbox 734 2668 786 2687; x_wconf 92' lang='lat' dir='ltr'><strong>non</strong></span> <span class='ocrx_word' id='word_1_561' title='bbox 799 2669 866 2697; x_wconf 83' lang='lat' dir='ltr'><strong>pec-</strong></span> 
     </span>
    </p>
   </div>
   <div class='ocr_carea' id='block_1_72' title="bbox 90 2705 867 2740">
    <p class='ocr_par' dir='ltr' id='par_1_72' title="bbox 90 2705 867 2740">
     <span class='ocr_line' id='line_1_72' title="bbox 90 2705 867 2740; baseline 0.004 -8"><span class='ocrx_word' id='word_1_562' title='bbox 90 2705 168 2734; x_wconf 81' lang='lat' dir='ltr'><strong>cando</strong></span> <span class='ocrx_word' id='word_1_563' title='bbox 183 2710 354 2735; x_wconf 80' lang='lat' dir='ltr'><strong>consumant.</strong></span> <span class='ocrx_word' id='word_1_564' title='bbox 369 2706 438 2740; x_wconf 86' lang='lat' dir='ltr'><strong>Quid</strong></span> <span class='ocrx_word' id='word_1_565' title='bbox 461 2710 552 2734; x_wconf 87' lang='lat' dir='ltr'><strong>autem</strong></span> <span class='ocrx_word' id='word_1_566' title='bbox 575 2710 617 2734; x_wconf 90' lang='lat' dir='ltr'><strong>est</strong></span> <span class='ocrx_word' id='word_1_567' title='bbox 637 2706 664 2733; x_wconf 91' lang='lat' dir='ltr'><strong>in</strong></span> <span class='ocrx_word' id='word_1_568' title='bbox 691 2705 749 2733; x_wconf 93' lang='lat' dir='ltr'><strong>loco</strong></span> <span class='ocrx_word' id='word_1_569' title='bbox 771 2713 867 2735; x_wconf 89' lang='lat' dir='ltr'><strong>sancto</strong></span> 
     </span>
    </p>
   </div>
   <div class='ocr_carea' id='block_1_73' title="bbox 67 2752 867 2789">
    <p class='ocr_par' dir='ltr' id='par_1_73' title="bbox 67 2752 867 2789">
     <span class='ocr_line' id='line_1_73' title="bbox 67 2752 867 2789; baseline 0.003 -10"><span class='ocrx_word' id='word_1_570' title='bbox 67 2770 71 2775; x_wconf 85' lang='grc'><strong><em>-</em></strong></span> <span class='ocrx_word' id='word_1_571' title='bbox 90 2752 247 2781; x_wconf 80' lang='lat' dir='ltr'><strong>manducare</strong></span> <span class='ocrx_word' id='word_1_572' title='bbox 266 2754 425 2789; x_wconf 84' lang='lat' dir='ltr'><strong>peccatum?</strong></span> <span class='ocrx_word' id='word_1_573' title='bbox 443 2753 532 2782; x_wconf 88' lang='lat' dir='ltr'><strong>Locus</strong></span> <span class='ocrx_word' id='word_1_574' title='bbox 548 2757 608 2781; x_wconf 88' lang='lat' dir='ltr'><strong>erat</strong></span> <span class='ocrx_word' id='word_1_575' title='bbox 620 2756 730 2781; x_wconf 86' lang='lat' dir='ltr'><strong>sanctus</strong></span> <span class='ocrx_word' id='word_1_576' title='bbox 744 2753 771 2780; x_wconf 91' lang='lat' dir='ltr'><strong>in</strong></span> <span class='ocrx_word' id='word_1_577' title='bbox 787 2761 867 2789; x_wconf 87' lang='lat' dir='ltr'><strong>quem</strong></span> 
     </span>
    </p>
   </div>
   <div class='ocr_carea' id='block_1_74' title="bbox 92 2799 868 2836">
    <p class='ocr_par' dir='ltr' id='par_1_74' title="bbox 92 2799 868 2836">
     <span class='ocr_line' id='line_1_74' title="bbox 92 2799 868 2836; baseline -0.004 -7"><span class='ocrx_word' id='word_1_578' title='bbox 92 2803 194 2834; x_wconf 72' lang='lat' dir='ltr'><strong>Venerat</strong></span> <span class='ocrx_word' id='word_1_579' title='bbox 215 2799 339 2836; x_wconf 74' lang='lat' dir='ltr'><strong>Moyses,</strong></span> <span class='ocrx_word' id='word_1_580' title='bbox 364 2800 511 2834; x_wconf 86' lang='lat' dir='ltr'><strong>secundum</strong></span> <span class='ocrx_word' id='word_1_581' title='bbox 535 2800 607 2836; x_wconf 85' lang='lat' dir='ltr'><strong>quod</strong></span> <span class='ocrx_word' id='word_1_582' title='bbox 636 2800 737 2828; x_wconf 91' lang='lat' dir='ltr'><strong>dictum</strong></span> <span class='ocrx_word' id='word_1_583' title='bbox 764 2804 806 2827; x_wconf 90' lang='lat' dir='ltr'><strong>est</strong></span> <span class='ocrx_word' id='word_1_584' title='bbox 834 2800 868 2827; x_wconf 89' lang='lat' dir='ltr'><strong>ad</strong></span> 
     </span>
    </p>
   </div>
   <div class='ocr_carea' id='block_1_75' title="bbox 92 2845 868 2883">
    <p class='ocr_par' dir='ltr' id='par_1_75' title="bbox 92 2845 868 2883">
     <span class='ocr_line' id='line_1_75' title="bbox 92 2845 868 2883; baseline 0 -10"><span class='ocrx_word' id='word_1_585' title='bbox 92 2849 150 2871; x_wconf 65' lang='lat' dir='ltr'><strong>eum</strong></span> <span class='ocrx_word' id='word_1_586' title='bbox 171 2854 178 2872; x_wconf 90' lang='lat'><strong>:</strong></span> <span class='ocrx_word' id='word_1_587' title='bbox 196 2845 285 2874; x_wconf 76' lang='lat' dir='ltr'><strong>Locus</strong></span> <span class='ocrx_word' id='word_1_588' title='bbox 304 2847 372 2874; x_wconf 82' lang='lat' dir='ltr'><strong>enim</strong></span> <span class='ocrx_word' id='word_1_589' title='bbox 395 2848 428 2882; x_wconf 9' lang='lat' dir='ltr'><strong>in,</strong></span> <span class='ocrx_word' id='word_1_590' title='bbox 446 2855 499 2883; x_wconf 70' lang='lat' dir='ltr'><strong>quo</strong></span> <span class='ocrx_word' id='word_1_591' title='bbox 521 2852 596 2880; x_wconf 72' lang='lat' dir='ltr'><strong>stas,</strong></span> <span class='ocrx_word' id='word_1_592' title='bbox 620 2851 690 2874; x_wconf 88' lang='lat' dir='ltr'><strong>terra</strong></span> <span class='ocrx_word' id='word_1_593' title='bbox 717 2850 810 2873; x_wconf 81' lang='lat' dir='ltr'><strong>sancta</strong></span> <span class='ocrx_word' id='word_1_594' title='bbox 830 2850 868 2873; x_wconf 80' lang='lat' dir='ltr'><strong>est</strong></span> 
     </span>
    </p>
   </div>
   <div class='ocr_carea' id='block_1_76' title="bbox 93 2886 869 2930">
    <p class='ocr_par' dir='ltr' id='par_1_76' title="bbox 93 2886 869 2930">
     <span class='ocr_line' id='line_1_76' title="bbox 93 2886 869 2930; baseline 0 -9"><span class='ocrx_word' id='word_1_595' title='bbox 93 2886 186 2921; x_wconf 72' lang='grc' dir='ltr'><strong>(Ε’ωά.</strong></span> <span class='ocrx_word' id='word_1_596' title='bbox 199 2893 231 2928; x_wconf 89' lang='grc' dir='ltr'><strong>ι).</strong></span> <span class='ocrx_word' id='word_1_597' title='bbox 249 2893 378 2927; x_wconf 74' lang='lat' dir='ltr'><strong>Similiter</strong></span> <span class='ocrx_word' id='word_1_598' title='bbox 393 2901 462 2930; x_wconf 29' lang='lat' dir='ltr'><strong>[ergo</strong></span> <span class='ocrx_word' id='word_1_599' title='bbox 481 2897 509 2923; x_wconf 89' lang='lat' dir='ltr'><strong>et</strong></span> <span class='ocrx_word' id='word_1_600' title='bbox 527 2893 557 2922; x_wconf 89' lang='lat' dir='ltr'><strong>in</strong></span> <span class='ocrx_word' id='word_1_601' title='bbox 576 2892 697 2921; x_wconf 85' lang='lat' dir='ltr'><strong>Ecclesia</strong></span> <span class='ocrx_word' id='word_1_602' title='bbox 721 2892 769 2922; x_wconf 83' lang='lat' dir='ltr'><strong>Dei</strong></span> <span class='ocrx_word' id='word_1_603' title='bbox 793 2891 869 2921; x_wconf 90' lang='lat' dir='ltr'><strong>locus</strong></span> 
     </span>
    </p>
   </div>
   <div class='ocr_carea' id='block_1_77' title="bbox 909 973 1698 1009">
    <p class='ocr_par' dir='ltr' id='par_1_77' title="bbox 909 973 1698 1009">
     <span class='ocr_line' id='line_1_77' title="bbox 909 973 1698 1009; baseline 0 -9"><span class='ocrx_word' id='word_1_604' title='bbox 909 973 1144 1009; x_wconf 90' lang='lat' dir='ltr'><strong>puriﬁcationibus</strong></span> <span class='ocrx_word' id='word_1_605' title='bbox 1165 973 1322 1000; x_wconf 90' lang='lat' dir='ltr'><strong>conceditur</strong></span> <span class='ocrx_word' id='word_1_606' title='bbox 1340 973 1411 1000; x_wconf 88' lang='lat' dir='ltr'><strong>istud</strong></span> <span class='ocrx_word' id='word_1_607' title='bbox 1427 973 1530 1001; x_wconf 89' lang='lat' dir='ltr'><strong>intrare</strong></span> <span class='ocrx_word' id='word_1_608' title='bbox 1548 977 1698 1006; x_wconf 88' lang='lat' dir='ltr'><strong>secretum;</strong></span> 
     </span>
    </p>
   </div>
   <div class='ocr_carea' id='block_1_78' title="bbox 910 1018 1701 1055">
    <p class='ocr_par' dir='ltr' id='par_1_78' title="bbox 910 1018 1701 1055">
     <span class='ocr_line' id='line_1_78' title="bbox 910 1018 1701 1055; baseline -0.003 -7"><span class='ocrx_word' id='word_1_609' title='bbox 910 1024 973 1048; x_wconf 87' lang='lat' dir='ltr'><strong>sunt</strong></span> <span class='ocrx_word' id='word_1_610' title='bbox 983 1023 1011 1047; x_wconf 90' lang='lat' dir='ltr'><strong>et</strong></span> <span class='ocrx_word' id='word_1_611' title='bbox 1021 1019 1074 1046; x_wconf 87' lang='lat' dir='ltr'><strong>alia</strong></span> <span class='ocrx_word' id='word_1_612' title='bbox 1092 1018 1219 1046; x_wconf 64' lang='lat' dir='ltr'><strong>Ecclesiae</strong></span> <span class='ocrx_word' id='word_1_613' title='bbox 1238 1019 1373 1055; x_wconf 78' lang='lat' dir='ltr'><strong>dogmata,</strong></span> <span class='ocrx_word' id='word_1_614' title='bbox 1390 1019 1423 1046; x_wconf 90' lang='lat' dir='ltr'><strong>ad</strong></span> <span class='ocrx_word' id='word_1_615' title='bbox 1437 1027 1497 1054; x_wconf 80' lang='lat' dir='ltr'><strong>quae</strong></span> <span class='ocrx_word' id='word_1_616' title='bbox 1509 1020 1624 1054; x_wconf 86' lang='lat' dir='ltr'><strong>possunt</strong></span> <span class='ocrx_word' id='word_1_617' title='bbox 1637 1024 1701 1054; x_wconf 84' lang='lat' dir='ltr'><strong>per-</strong></span> 
     </span>
    </p>
   </div>
   <div class='ocr_carea' id='block_1_79' title="bbox 910 1062 1701 1098">
    <p class='ocr_par' dir='ltr' id='par_1_79' title="bbox 910 1062 1701 1098">
     <span class='ocr_line' id='line_1_79' title="bbox 910 1062 1701 1098; baseline 0 -8"><span class='ocrx_word' id='word_1_618' title='bbox 910 1064 1002 1091; x_wconf 84' lang='lat' dir='ltr'><strong>venire</strong></span> <span class='ocrx_word' id='word_1_619' title='bbox 1025 1064 1107 1092; x_wconf 88' lang='lat' dir='ltr'><strong>etiam</strong></span> <span class='ocrx_word' id='word_1_620' title='bbox 1125 1063 1238 1097; x_wconf 62' lang='lat' dir='ltr'><strong>Levita,</strong></span> <span class='ocrx_word' id='word_1_621' title='bbox 1252 1064 1298 1091; x_wconf 89' lang='lat' dir='ltr'><strong>sed</strong></span> <span class='ocrx_word' id='word_1_622' title='bbox 1317 1062 1444 1091; x_wconf 79' lang='lat' dir='ltr'><strong>inferiora</strong></span> <span class='ocrx_word' id='word_1_623' title='bbox 1463 1068 1527 1091; x_wconf 89' lang='lat' dir='ltr'><strong>sunt</strong></span> <span class='ocrx_word' id='word_1_624' title='bbox 1540 1064 1574 1092; x_wconf 89' lang='lat' dir='ltr'><strong>ab</strong></span> <span class='ocrx_word' id='word_1_625' title='bbox 1587 1064 1629 1091; x_wconf 91' lang='lat' dir='ltr'><strong>his</strong></span> <span class='ocrx_word' id='word_1_626' title='bbox 1641 1070 1701 1098; x_wconf 64' lang='lat' dir='ltr'><strong>quae</strong></span> 
     </span>
    </p>
   </div>
   <div class='ocr_carea' id='block_1_80' title="bbox 911 1110 1700 1140">
    <p class='ocr_par' dir='ltr' id='par_1_80' title="bbox 911 1110 1700 1140">
     <span class='ocr_line' id='line_1_80' title="bbox 911 1110 1700 1140; baseline 0 -2"><span class='ocrx_word' id='word_1_627' title='bbox 911 1110 1098 1140; x_wconf 78' lang='lat' dir='ltr'><strong>sacerdotibus</strong></span> <span class='ocrx_word' id='word_1_628' title='bbox 1120 1110 1195 1138; x_wconf 89' lang='lat' dir='ltr'><strong>adire</strong></span> <span class='ocrx_word' id='word_1_629' title='bbox 1214 1118 1373 1138; x_wconf 85' lang='lat' dir='ltr'><strong>concessum</strong></span> <span class='ocrx_word' id='word_1_630' title='bbox 1384 1114 1435 1138; x_wconf 89' lang='lat' dir='ltr'><strong>est.</strong></span> <span class='ocrx_word' id='word_1_631' title='bbox 1454 1110 1516 1139; x_wconf 92' lang='lat' dir='ltr'><strong>Scio</strong></span> <span class='ocrx_word' id='word_1_632' title='bbox 1531 1115 1558 1138; x_wconf 87' lang='lat' dir='ltr'><strong>et</strong></span> <span class='ocrx_word' id='word_1_633' title='bbox 1575 1111 1626 1138; x_wconf 90' lang='lat' dir='ltr'><strong>alia</strong></span> <span class='ocrx_word' id='word_1_634' title='bbox 1639 1119 1700 1138; x_wconf 87' lang='lat' dir='ltr'><strong>esse</strong></span> 
     </span>
    </p>
   </div>
   <div class='ocr_carea' id='block_1_81' title="bbox 911 1150 1701 1192">
    <p class='ocr_par' dir='ltr' id='par_1_81' title="bbox 911 1150 1701 1192">
     <span class='ocr_line' id='line_1_81' title="bbox 911 1150 1701 1192; baseline 0.003 -9"><span class='ocrx_word' id='word_1_635' title='bbox 911 1157 945 1184; x_wconf 90' lang='lat' dir='ltr'><strong>ad</strong></span> <span class='ocrx_word' id='word_1_636' title='bbox 960 1164 1020 1192; x_wconf 70' lang='lat' dir='ltr'><strong>qua:</strong></span> <span class='ocrx_word' id='word_1_637' title='bbox 1034 1161 1146 1192; x_wconf 87' lang='lat' dir='ltr'><strong>possunt</strong></span> <span class='ocrx_word' id='word_1_638' title='bbox 1164 1157 1293 1184; x_wconf 88' lang='lat' dir='ltr'><strong>accedere</strong></span> <span class='ocrx_word' id='word_1_639' title='bbox 1308 1157 1390 1185; x_wconf 89' lang='lat' dir='ltr'><strong>etiam</strong></span> <span class='ocrx_word' id='word_1_640' title='bbox 1406 1156 1454 1185; x_wconf 90' lang='lat' dir='ltr'><strong>ﬁlii</strong></span> <span class='ocrx_word' id='word_1_641' title='bbox 1466 1157 1559 1191; x_wconf 85' lang='lat' dir='ltr'><strong>Israel,</strong></span> <span class='ocrx_word' id='word_1_642' title='bbox 1579 1158 1633 1185; x_wconf 83' lang='lat' dir='ltr'><strong>hoc</strong></span> <span class='ocrx_word' id='word_1_643' title='bbox 1647 1150 1701 1189; x_wconf 80' lang='lat' dir='ltr'><strong>est,</strong></span> 
     </span>
    </p>
   </div>
   <div class='ocr_carea' id='block_1_82' title="bbox 910 1198 1702 1243">
    <p class='ocr_par' dir='ltr' id='par_1_82' title="bbox 910 1198 1702 1243">
     <span class='ocr_line' id='line_1_82' title="bbox 910 1198 1702 1243; baseline -0.001 -12"><span class='ocrx_word' id='word_1_644' title='bbox 910 1203 985 1236; x_wconf 82' lang='lat' dir='ltr'><strong>laici,</strong></span> <span class='ocrx_word' id='word_1_645' title='bbox 999 1211 1054 1231; x_wconf 90' lang='lat' dir='ltr'><strong>non</strong></span> <span class='ocrx_word' id='word_1_646' title='bbox 1071 1208 1162 1231; x_wconf 89' lang='lat' dir='ltr'><strong>tamen</strong></span> <span class='ocrx_word' id='word_1_647' title='bbox 1177 1203 1343 1240; x_wconf 65' lang='lat' dir='ltr'><strong>alienigenae,</strong></span> <span class='ocrx_word' id='word_1_648' title='bbox 1358 1203 1410 1231; x_wconf 87' lang='lat' dir='ltr'><strong>nisi</strong></span> <span class='ocrx_word' id='word_1_649' title='bbox 1423 1204 1445 1231; x_wconf 90' lang='lat' dir='ltr'><strong>si</strong></span> <span class='ocrx_word' id='word_1_650' title='bbox 1461 1202 1636 1239; x_wconf 88' lang='lat' dir='ltr'><strong>ascriptijam</strong></span> <span class='ocrx_word' id='word_1_651' title='bbox 1645 1198 1702 1243; x_wconf 70' lang='lat' dir='ltr'><strong>fue-</strong></span> 
     </span>
    </p>
   </div>
   <div class='ocr_carea' id='block_1_83' title="bbox 911 1247 1702 1285">
    <p class='ocr_par' dir='ltr' id='par_1_83' title="bbox 911 1247 1702 1285">
     <span class='ocr_line' id='line_1_83' title="bbox 911 1247 1702 1285; baseline -0.001 -8"><span class='ocrx_word' id='word_1_652' title='bbox 911 1250 967 1277; x_wconf 84' lang='lat' dir='ltr'><strong>rint</strong></span> <span class='ocrx_word' id='word_1_653' title='bbox 978 1250 1006 1277; x_wconf 88' lang='lat' dir='ltr'><strong>in</strong></span> <span class='ocrx_word' id='word_1_654' title='bbox 1020 1249 1140 1278; x_wconf 84' lang='lat' dir='ltr'><strong>Ecclesia</strong></span> <span class='ocrx_word' id='word_1_655' title='bbox 1152 1250 1258 1277; x_wconf 90' lang='lat' dir='ltr'><strong>Domini</strong></span> <span class='ocrx_word' id='word_1_656' title='bbox 1272 1259 1278 1276; x_wconf 88' lang='lat'>:</span> <span class='ocrx_word' id='word_1_657' title='bbox 1293 1249 1434 1285; x_wconf 59' lang='lat' dir='ltr'><strong>Egyptius</strong></span> <span class='ocrx_word' id='word_1_658' title='bbox 1447 1250 1519 1277; x_wconf 89' lang='lat' dir='ltr'><strong>enim</strong></span> <span class='ocrx_word' id='word_1_659' title='bbox 1535 1250 1612 1277; x_wconf 85' lang='lat' dir='ltr'><strong>tertia</strong></span> <span class='ocrx_word' id='word_1_660' title='bbox 1627 1247 1702 1284; x_wconf 79' lang='lat' dir='ltr'><strong>gene-</strong></span> 
     </span>
    </p>
   </div>
   <div class='ocr_carea' id='block_1_84' title="bbox 913 1294 1700 1332">
    <p class='ocr_par' dir='ltr' id='par_1_84' title="bbox 913 1294 1700 1332">
     <span class='ocr_line' id='line_1_84' title="bbox 913 1294 1700 1332; baseline -0.001 -10"><span class='ocrx_word' id='word_1_661' title='bbox 913 1295 1013 1323; x_wconf 84' lang='lat' dir='ltr'><strong>ratione</strong></span> <span class='ocrx_word' id='word_1_662' title='bbox 1039 1295 1147 1323; x_wconf 79' lang='lat' dir='ltr'><strong>intrabit</strong></span> <span class='ocrx_word' id='word_1_663' title='bbox 1165 1296 1193 1323; x_wconf 86' lang='lat' dir='ltr'><strong>in</strong></span> <span class='ocrx_word' id='word_1_664' title='bbox 1216 1294 1336 1322; x_wconf 82' lang='lat' dir='ltr'><strong>Ecclesia</strong></span> <span class='ocrx_word' id='word_1_665' title='bbox 1354 1295 1461 1322; x_wconf 81' lang='lat' dir='ltr'><strong>Domini</strong></span> <span class='ocrx_word' id='word_1_666' title='bbox 1484 1295 1574 1331; x_wconf 84' lang='lat' dir='ltr'><strong>(Deut.</strong></span> <span class='ocrx_word' id='word_1_667' title='bbox 1601 1294 1700 1332; x_wconf 78' lang='lat' dir='ltr'><strong>xxx&quot;).</strong></span> 
     </span>
    </p>
   </div>
   <div class='ocr_carea' id='block_1_85' title="bbox 911 1339 1702 1376">
    <p class='ocr_par' dir='ltr' id='par_1_85' title="bbox 911 1339 1702 1376">
     <span class='ocr_line' id='line_1_85' title="bbox 911 1339 1702 1376; baseline -0.004 -7"><span class='ocrx_word' id='word_1_668' title='bbox 911 1340 998 1369; x_wconf 88' lang='lat' dir='ltr'><strong>Credo</strong></span> <span class='ocrx_word' id='word_1_669' title='bbox 1011 1339 1091 1369; x_wconf 82' lang='lat' dir='ltr'><strong>ﬁdem</strong></span> <span class='ocrx_word' id='word_1_670' title='bbox 1100 1340 1189 1369; x_wconf 85' lang='lat' dir='ltr'><strong>Patris</strong></span> <span class='ocrx_word' id='word_1_671' title='bbox 1198 1345 1227 1369; x_wconf 90' lang='lat' dir='ltr'><strong>et</strong></span> <span class='ocrx_word' id='word_1_672' title='bbox 1236 1340 1297 1368; x_wconf 87' lang='lat' dir='ltr'><strong>Filii</strong></span> <span class='ocrx_word' id='word_1_673' title='bbox 1309 1344 1336 1368; x_wconf 88' lang='lat' dir='ltr'><strong>et</strong></span> <span class='ocrx_word' id='word_1_674' title='bbox 1348 1340 1466 1376; x_wconf 89' lang='lat' dir='ltr'><strong>Spiritus</strong></span> <span class='ocrx_word' id='word_1_675' title='bbox 1478 1339 1565 1368; x_wconf 87' lang='lat' dir='ltr'><strong>sancti</strong></span> <span class='ocrx_word' id='word_1_676' title='bbox 1578 1340 1606 1367; x_wconf 90' lang='lat' dir='ltr'><strong>in</strong></span> <span class='ocrx_word' id='word_1_677' title='bbox 1622 1346 1702 1374; x_wconf 87' lang='lat' dir='ltr'><strong>quem</strong></span> 
     </span>
    </p>
   </div>
   <div class='ocr_carea' id='block_1_86' title="bbox 912 1382 1703 1423">
    <p class='ocr_par' dir='ltr' id='par_1_86' title="bbox 912 1382 1703 1423">
     <span class='ocr_line' id='line_1_86' title="bbox 912 1382 1703 1423; baseline -0.004 -9"><span class='ocrx_word' id='word_1_678' title='bbox 912 1386 999 1414; x_wconf 89' lang='lat' dir='ltr'><strong>credit</strong></span> <span class='ocrx_word' id='word_1_679' title='bbox 1008 1386 1097 1414; x_wconf 87' lang='lat' dir='ltr'><strong>omnis</strong></span> <span class='ocrx_word' id='word_1_680' title='bbox 1108 1385 1154 1421; x_wconf 92' lang='lat' dir='ltr'><strong>qui</strong></span> <span class='ocrx_word' id='word_1_681' title='bbox 1174 1386 1294 1413; x_wconf 88' lang='lat' dir='ltr'><strong>sociatur</strong></span> <span class='ocrx_word' id='word_1_682' title='bbox 1310 1384 1437 1413; x_wconf 78' lang='lat' dir='ltr'><strong>Ecclesize</strong></span> <span class='ocrx_word' id='word_1_683' title='bbox 1455 1384 1513 1417; x_wconf 90' lang='lat' dir='ltr'><strong>Dei,</strong></span> <span class='ocrx_word' id='word_1_684' title='bbox 1529 1384 1639 1412; x_wconf 86' lang='lat' dir='ltr'><strong>tertiam</strong></span> <span class='ocrx_word' id='word_1_685' title='bbox 1660 1382 1703 1423; x_wconf 78' lang='lat' dir='ltr'><strong>ge-</strong></span> 
     </span>
    </p>
   </div>
   <div class='ocr_carea' id='block_1_87' title="bbox 912 1431 1704 1468">
    <p class='ocr_par' dir='ltr' id='par_1_87' title="bbox 912 1431 1704 1468">
     <span class='ocr_line' id='line_1_87' title="bbox 912 1431 1704 1468; baseline -0.003 -9"><span class='ocrx_word' id='word_1_686' title='bbox 912 1432 1081 1460; x_wconf 87' lang='lat' dir='ltr'><strong>nerationem</strong></span> <span class='ocrx_word' id='word_1_687' title='bbox 1094 1432 1208 1468; x_wconf 81' lang='lat' dir='ltr'><strong>mystice</strong></span> <span class='ocrx_word' id='word_1_688' title='bbox 1224 1432 1333 1460; x_wconf 88' lang='lat' dir='ltr'><strong>dictam.</strong></span> <span class='ocrx_word' id='word_1_689' title='bbox 1354 1432 1546 1461; x_wconf 75' lang='lat' dir='ltr'><strong>Verumtamen</strong></span> <span class='ocrx_word' id='word_1_690' title='bbox 1564 1431 1704 1458; x_wconf 88' lang='lat' dir='ltr'><strong>sciendum</strong></span> 
     </span>
    </p>
   </div>
   <div class='ocr_carea' id='block_1_88' title="bbox 913 1475 1701 1513">
    <p class='ocr_par' dir='ltr' id='par_1_88' title="bbox 913 1475 1701 1513">
     <span class='ocr_line' id='line_1_88' title="bbox 913 1475 1701 1513; baseline -0.001 -8"><span class='ocrx_word' id='word_1_691' title='bbox 913 1482 955 1505; x_wconf 88' lang='lat' dir='ltr'><strong>est</strong></span> <span class='ocrx_word' id='word_1_692' title='bbox 968 1478 1040 1513; x_wconf 88' lang='lat' dir='ltr'><strong>quod</strong></span> <span class='ocrx_word' id='word_1_693' title='bbox 1059 1485 1092 1505; x_wconf 83' lang='lat' dir='ltr'><strong>ex</strong></span> <span class='ocrx_word' id='word_1_694' title='bbox 1110 1478 1206 1506; x_wconf 90' lang='lat' dir='ltr'><strong>hostiis</strong></span> <span class='ocrx_word' id='word_1_695' title='bbox 1218 1485 1278 1513; x_wconf 80' lang='lat' dir='ltr'><strong>quae</strong></span> <span class='ocrx_word' id='word_1_696' title='bbox 1290 1477 1451 1511; x_wconf 84' lang='lat' dir='ltr'><strong>oll&#39;eruntur,</strong></span> <span class='ocrx_word' id='word_1_697' title='bbox 1470 1477 1535 1505; x_wconf 90' lang='lat' dir='ltr'><strong>licet</strong></span> <span class='ocrx_word' id='word_1_698' title='bbox 1548 1475 1701 1505; x_wconf 83' lang='lat' dir='ltr'><strong>concedan-</strong></span> 
     </span>
    </p>
   </div>
   <div class='ocr_carea' id='block_1_89' title="bbox 913 1520 1704 1555">
    <p class='ocr_par' dir='ltr' id='par_1_89' title="bbox 913 1520 1704 1555">
     <span class='ocr_line' id='line_1_89' title="bbox 913 1520 1704 1555; baseline -0.001 -6"><span class='ocrx_word' id='word_1_699' title='bbox 913 1525 959 1549; x_wconf 90' lang='lat' dir='ltr'><strong>tur</strong></span> <span class='ocrx_word' id='word_1_700' title='bbox 984 1522 1170 1550; x_wconf 83' lang='lat' dir='ltr'><strong>sacerdotibus</strong></span> <span class='ocrx_word' id='word_1_701' title='bbox 1194 1522 1227 1550; x_wconf 88' lang='lat' dir='ltr'><strong>ad</strong></span> <span class='ocrx_word' id='word_1_702' title='bbox 1250 1522 1399 1555; x_wconf 87' lang='lat' dir='ltr'><strong>edendum,</strong></span> <span class='ocrx_word' id='word_1_703' title='bbox 1423 1529 1478 1550; x_wconf 88' lang='lat' dir='ltr'><strong>non</strong></span> <span class='ocrx_word' id='word_1_704' title='bbox 1500 1526 1589 1550; x_wconf 87' lang='lat' dir='ltr'><strong>tamen</strong></span> <span class='ocrx_word' id='word_1_705' title='bbox 1612 1520 1704 1549; x_wconf 82' lang='lat' dir='ltr'><strong>omnia</strong></span> 
     </span>
    </p>
   </div>
   <div class='ocr_carea' id='block_1_90' title="bbox 913 1565 1703 1604">
    <p class='ocr_par' dir='ltr' id='par_1_90' title="bbox 913 1565 1703 1604">
     <span class='ocr_line' id='line_1_90' title="bbox 913 1565 1703 1604; baseline -0.005 -8"><span class='ocrx_word' id='word_1_706' title='bbox 913 1568 1108 1601; x_wconf 91' lang='lat' dir='ltr'><strong>conceduntur,</strong></span> <span class='ocrx_word' id='word_1_707' title='bbox 1133 1568 1179 1596; x_wconf 87' lang='lat' dir='ltr'><strong>sed</strong></span> <span class='ocrx_word' id='word_1_708' title='bbox 1198 1576 1260 1604; x_wconf 87' lang='lat' dir='ltr'><strong>pars</strong></span> <span class='ocrx_word' id='word_1_709' title='bbox 1275 1574 1309 1595; x_wconf 82' lang='lat' dir='ltr'><strong>ex</strong></span> <span class='ocrx_word' id='word_1_710' title='bbox 1326 1568 1392 1603; x_wconf 86' lang='lat' dir='ltr'><strong>ipsis</strong></span> <span class='ocrx_word' id='word_1_711' title='bbox 1408 1566 1499 1602; x_wconf 86' lang='lat' dir='ltr'><strong>aliqua</strong></span> <span class='ocrx_word' id='word_1_712' title='bbox 1512 1566 1568 1594; x_wconf 87' lang='lat' dir='ltr'><strong>Deo</strong></span> <span class='ocrx_word' id='word_1_713' title='bbox 1580 1565 1703 1599; x_wconf 79' lang='lat' dir='ltr'><strong>offertur,</strong></span> 
     </span>
    </p>
   </div>
   <div class='ocr_carea' id='block_1_91' title="bbox 914 1610 1704 1650">
    <p class='ocr_par' dir='ltr' id='par_1_91' title="bbox 914 1610 1704 1650">
     <span class='ocr_line' id='line_1_91' title="bbox 914 1610 1704 1650; baseline -0.004 -9"><span class='ocrx_word' id='word_1_714' title='bbox 914 1618 942 1642; x_wconf 87' lang='lat' dir='ltr'><strong>et</strong></span> <span class='ocrx_word' id='word_1_715' title='bbox 956 1614 1051 1642; x_wconf 89' lang='lat' dir='ltr'><strong>altaris</strong></span> <span class='ocrx_word' id='word_1_716' title='bbox 1072 1614 1179 1650; x_wconf 80' lang='lat' dir='ltr'><strong>ignibus</strong></span> <span class='ocrx_word' id='word_1_717' title='bbox 1201 1614 1324 1646; x_wconf 88' lang='lat' dir='ltr'><strong>traditur,</strong></span> <span class='ocrx_word' id='word_1_718' title='bbox 1349 1617 1379 1640; x_wconf 90' lang='lat' dir='ltr'><strong>ut</strong></span> <span class='ocrx_word' id='word_1_719' title='bbox 1398 1613 1517 1641; x_wconf 87' lang='lat' dir='ltr'><strong>sciamus</strong></span> <span class='ocrx_word' id='word_1_720' title='bbox 1534 1612 1615 1639; x_wconf 90' lang='lat' dir='ltr'><strong>etiam</strong></span> <span class='ocrx_word' id='word_1_721' title='bbox 1630 1610 1704 1647; x_wconf 88' lang='lat' dir='ltr'><strong>quod</strong></span> 
     </span>
    </p>
   </div>
   <div class='ocr_carea' id='block_1_92' title="bbox 914 1653 1705 1695">
    <p class='ocr_par' dir='ltr' id='par_1_92' title="bbox 914 1653 1705 1695">
     <span class='ocr_line' id='line_1_92' title="bbox 914 1653 1705 1695; baseline -0.005 -7"><span class='ocrx_word' id='word_1_722' title='bbox 914 1664 942 1688; x_wconf 88' lang='lat' dir='ltr'><strong>et</strong></span> <span class='ocrx_word' id='word_1_723' title='bbox 964 1660 987 1688; x_wconf 91' lang='lat' dir='ltr'><strong>si</strong></span> <span class='ocrx_word' id='word_1_724' title='bbox 1009 1660 1167 1687; x_wconf 86' lang='lat' dir='ltr'><strong>conceditur</strong></span> <span class='ocrx_word' id='word_1_725' title='bbox 1185 1659 1263 1687; x_wconf 88' lang='lat' dir='ltr'><strong>nobis</strong></span> <span class='ocrx_word' id='word_1_726' title='bbox 1285 1659 1376 1695; x_wconf 86' lang='lat' dir='ltr'><strong>aliqua</strong></span> <span class='ocrx_word' id='word_1_727' title='bbox 1394 1667 1427 1686; x_wconf 79' lang='lat' dir='ltr'><strong>ex</strong></span> <span class='ocrx_word' id='word_1_728' title='bbox 1443 1658 1542 1686; x_wconf 87' lang='lat' dir='ltr'><strong>divinis</strong></span> <span class='ocrx_word' id='word_1_729' title='bbox 1555 1653 1705 1693; x_wconf 78' lang='lat' dir='ltr'><strong>Scripturis</strong></span> 
     </span>
    </p>
   </div>
   <div class='ocr_carea' id='block_1_93' title="bbox 914 1702 1705 1742">
    <p class='ocr_par' dir='ltr' id='par_1_93' title="bbox 914 1702 1705 1742">
     <span class='ocr_line' id='line_1_93' title="bbox 914 1702 1705 1742; baseline -0.005 -8"><span class='ocrx_word' id='word_1_730' title='bbox 914 1707 1117 1742; x_wconf 86' lang='lat' dir='ltr'><strong>apprehendere</strong></span> <span class='ocrx_word' id='word_1_731' title='bbox 1130 1711 1158 1734; x_wconf 86' lang='lat' dir='ltr'><strong>et</strong></span> <span class='ocrx_word' id='word_1_732' title='bbox 1169 1713 1344 1742; x_wconf 80' lang='lat' dir='ltr'><strong>cognoscere,</strong></span> <span class='ocrx_word' id='word_1_733' title='bbox 1361 1709 1424 1733; x_wconf 90' lang='lat' dir='ltr'><strong>sunt</strong></span> <span class='ocrx_word' id='word_1_734' title='bbox 1437 1708 1528 1732; x_wconf 90' lang='lat' dir='ltr'><strong>tamen</strong></span> <span class='ocrx_word' id='word_1_735' title='bbox 1539 1702 1629 1739; x_wconf 87' lang='lat' dir='ltr'><strong>aliqua</strong></span> <span class='ocrx_word' id='word_1_736' title='bbox 1644 1710 1705 1738; x_wconf 65' lang='lat' dir='ltr'><strong>quae</strong></span> 
     </span>
    </p>
   </div>
   <div class='ocr_carea' id='block_1_94' title="bbox 914 1751 1705 1788">
    <p class='ocr_par' dir='ltr' id='par_1_94' title="bbox 914 1751 1705 1788">
     <span class='ocr_line' id='line_1_94' title="bbox 914 1751 1705 1788; baseline -0.005 -7"><span class='ocrx_word' id='word_1_737' title='bbox 914 1753 970 1780; x_wconf 93' lang='lat' dir='ltr'><strong>Deo</strong></span> <span class='ocrx_word' id='word_1_738' title='bbox 992 1753 1155 1781; x_wconf 85' lang='lat' dir='ltr'><strong>reservanda</strong></span> <span class='ocrx_word' id='word_1_739' title='bbox 1175 1757 1248 1786; x_wconf 87' lang='lat' dir='ltr'><strong>sunt,</strong></span> <span class='ocrx_word' id='word_1_740' title='bbox 1275 1760 1335 1788; x_wconf 65' lang='lat' dir='ltr'><strong>qua</strong></span> <span class='ocrx_word' id='word_1_741' title='bbox 1356 1760 1419 1779; x_wconf 87' lang='lat' dir='ltr'><strong>cum</strong></span> <span class='ocrx_word' id='word_1_742' title='bbox 1434 1751 1639 1787; x_wconf 78' lang='lat' dir='ltr'><strong>intelligentiam</strong></span> <span class='ocrx_word' id='word_1_743' title='bbox 1653 1756 1705 1777; x_wconf 81' lang='lat' dir='ltr'><strong>no—</strong></span> 
     </span>
    </p>
   </div>
   <div class='ocr_carea' id='block_1_95' title="bbox 915 1796 1705 1837">
    <p class='ocr_par' dir='ltr' id='par_1_95' title="bbox 915 1796 1705 1837">
     <span class='ocr_line' id='line_1_95' title="bbox 915 1796 1705 1837; baseline -0.008 -9"><span class='ocrx_word' id='word_1_744' title='bbox 915 1804 999 1828; x_wconf 85' lang='lat' dir='ltr'><strong>stram</strong></span> <span class='ocrx_word' id='word_1_745' title='bbox 1014 1804 1153 1835; x_wconf 87' lang='lat' dir='ltr'><strong>superent,</strong></span> <span class='ocrx_word' id='word_1_746' title='bbox 1167 1807 1317 1834; x_wconf 89' lang='lat' dir='ltr'><strong>sensusque</strong></span> <span class='ocrx_word' id='word_1_747' title='bbox 1328 1805 1424 1826; x_wconf 89' lang='lat' dir='ltr'><strong>eorum</strong></span> <span class='ocrx_word' id='word_1_748' title='bbox 1444 1805 1526 1833; x_wconf 89' lang='lat' dir='ltr'><strong>supra</strong></span> <span class='ocrx_word' id='word_1_749' title='bbox 1539 1804 1589 1824; x_wconf 91' lang='lat' dir='ltr'><strong>nos</strong></span> <span class='ocrx_word' id='word_1_750' title='bbox 1603 1796 1652 1837; x_wconf 71' lang='lat' dir='ltr'><strong>sit,</strong></span> <span class='ocrx_word' id='word_1_751' title='bbox 1669 1802 1705 1822; x_wconf 86' lang='lat' dir='ltr'><strong>ne</strong></span> 
     </span>
    </p>
   </div>
   <div class='ocr_carea' id='block_1_96' title="bbox 914 1841 1706 1880">
    <p class='ocr_par' dir='ltr' id='par_1_96' title="bbox 914 1841 1706 1880">
     <span class='ocr_line' id='line_1_96' title="bbox 914 1841 1706 1880; baseline -0.008 -6"><span class='ocrx_word' id='word_1_752' title='bbox 914 1846 986 1874; x_wconf 78' lang='lat' dir='ltr'><strong>forte</strong></span> <span class='ocrx_word' id='word_1_753' title='bbox 998 1846 1077 1873; x_wconf 85' lang='lat' dir='ltr'><strong>aliter</strong></span> <span class='ocrx_word' id='word_1_754' title='bbox 1092 1854 1108 1873; x_wconf 93' lang='lat' dir='ltr'><strong>a</strong></span> <span class='ocrx_word' id='word_1_755' title='bbox 1123 1846 1201 1873; x_wconf 88' lang='lat' dir='ltr'><strong>nobis</strong></span> <span class='ocrx_word' id='word_1_756' title='bbox 1216 1852 1297 1880; x_wconf 88' lang='lat' dir='ltr'><strong>quam</strong></span> <span class='ocrx_word' id='word_1_757' title='bbox 1314 1852 1343 1872; x_wconf 88' lang='lat' dir='ltr'><strong>se</strong></span> <span class='ocrx_word' id='word_1_758' title='bbox 1354 1843 1436 1871; x_wconf 87' lang='lat' dir='ltr'><strong>habet</strong></span> <span class='ocrx_word' id='word_1_759' title='bbox 1448 1843 1550 1871; x_wconf 83' lang='lat' dir='ltr'><strong>veritas</strong></span> <span class='ocrx_word' id='word_1_760' title='bbox 1563 1841 1706 1877; x_wconf 81' lang='lat' dir='ltr'><strong>proferan-</strong></span> 
     </span>
    </p>
   </div>
   <div class='ocr_carea' id='block_1_97' title="bbox 916 1885 1705 1927">
    <p class='ocr_par' dir='ltr' id='par_1_97' title="bbox 916 1885 1705 1927">
     <span class='ocr_line' id='line_1_97' title="bbox 916 1885 1705 1927; baseline -0.01 -7"><span class='ocrx_word' id='word_1_761' title='bbox 916 1898 969 1926; x_wconf 89' lang='lat' dir='ltr'><strong>tur,</strong></span> <span class='ocrx_word' id='word_1_762' title='bbox 995 1892 1091 1920; x_wconf 90' lang='lat' dir='ltr'><strong>melius</strong></span> <span class='ocrx_word' id='word_1_763' title='bbox 1109 1891 1166 1927; x_wconf 88' lang='lat' dir='ltr'><strong>igni</strong></span> <span class='ocrx_word' id='word_1_764' title='bbox 1187 1891 1239 1919; x_wconf 87' lang='lat' dir='ltr'><strong>ista</strong></span> <span class='ocrx_word' id='word_1_765' title='bbox 1261 1897 1415 1922; x_wconf 82' lang='lat' dir='ltr'><strong>servamus;</strong></span> <span class='ocrx_word' id='word_1_766' title='bbox 1440 1892 1468 1915; x_wconf 86' lang='lat' dir='ltr'><strong>et</strong></span> <span class='ocrx_word' id='word_1_767' title='bbox 1489 1887 1551 1915; x_wconf 87' lang='lat' dir='ltr'><strong>ideo</strong></span> <span class='ocrx_word' id='word_1_768' title='bbox 1572 1886 1653 1914; x_wconf 85' lang='lat' dir='ltr'><strong>etiam</strong></span> <span class='ocrx_word' id='word_1_769' title='bbox 1677 1885 1705 1913; x_wconf 92' lang='lat' dir='ltr'><strong>in</strong></span> 
     </span>
    </p>
   </div>
   <div class='ocr_carea' id='block_1_98' title="bbox 915 1927 1706 1973">
    <p class='ocr_par' dir='ltr' id='par_1_98' title="bbox 915 1927 1706 1973">
     <span class='ocr_line' id='line_1_98' title="bbox 915 1927 1706 1973; baseline -0.011 -6"><span class='ocrx_word' id='word_1_770' title='bbox 915 1939 968 1967; x_wconf 90' lang='lat' dir='ltr'><strong>hoc</strong></span> <span class='ocrx_word' id='word_1_771' title='bbox 980 1938 1052 1972; x_wconf 91' lang='lat' dir='ltr'><strong>loco,</strong></span> <span class='ocrx_word' id='word_1_772' title='bbox 1069 1946 1129 1973; x_wconf 71' lang='lat' dir='ltr'><strong>qum</strong></span> <span class='ocrx_word' id='word_1_773' title='bbox 1147 1927 1262 1972; x_wconf 20' lang='lat' dir='ltr'><strong>quidem.</strong></span> <span class='ocrx_word' id='word_1_774' title='bbox 1270 1943 1398 1965; x_wconf 86' lang='lat' dir='ltr'><strong>concessa</strong></span> <span class='ocrx_word' id='word_1_775' title='bbox 1416 1937 1479 1962; x_wconf 89' lang='lat' dir='ltr'><strong>sunt</strong></span> <span class='ocrx_word' id='word_1_776' title='bbox 1499 1933 1654 1961; x_wconf 86' lang='lat' dir='ltr'><strong>hOminibus</strong></span> <span class='ocrx_word' id='word_1_777' title='bbox 1671 1931 1706 1959; x_wconf 79' lang='lat' dir='ltr'><strong>ad</strong></span> 
     </span>
    </p>
   </div>
   <div class='ocr_carea' id='block_1_99' title="bbox 915 1976 1708 2017">
    <p class='ocr_par' dir='ltr' id='par_1_99' title="bbox 915 1976 1708 2017">
     <span class='ocr_line' id='line_1_99' title="bbox 915 1976 1708 2017; baseline -0.01 -6"><span class='ocrx_word' id='word_1_778' title='bbox 915 1983 1058 2016; x_wconf 87' lang='lat' dir='ltr'><strong>edendum,</strong></span> <span class='ocrx_word' id='word_1_779' title='bbox 1074 1986 1156 2017; x_wconf 88' lang='lat' dir='ltr'><strong>prout</strong></span> <span class='ocrx_word' id='word_1_780' title='bbox 1171 1981 1319 2017; x_wconf 89' lang='lat' dir='ltr'><strong>potuimus,</strong></span> <span class='ocrx_word' id='word_1_781' title='bbox 1340 1981 1411 2007; x_wconf 82' lang='lat' dir='ltr'><strong>intra</strong></span> <span class='ocrx_word' id='word_1_782' title='bbox 1430 1977 1634 2007; x_wconf 85' lang='lat' dir='ltr'><strong>tabernaculum</strong></span> <span class='ocrx_word' id='word_1_783' title='bbox 1653 1976 1708 2004; x_wconf 83' lang='lat' dir='ltr'><strong>Do-</strong></span> 
     </span>
    </p>
   </div>
   <div class='ocr_carea' id='block_1_100' title="bbox 915 2023 1707 2063">
    <p class='ocr_par' dir='ltr' id='par_1_100' title="bbox 915 2023 1707 2063">
     <span class='ocr_line' id='line_1_100' title="bbox 915 2023 1707 2063; baseline -0.009 -7"><span class='ocrx_word' id='word_1_784' title='bbox 915 2029 982 2056; x_wconf 89' lang='lat' dir='ltr'><strong>mini</strong></span> <span class='ocrx_word' id='word_1_785' title='bbox 1007 2026 1235 2063; x_wconf 86' lang='lat' dir='ltr'><strong>consumpsimus.</strong></span> <span class='ocrx_word' id='word_1_786' title='bbox 1266 2025 1295 2054; x_wconf 91' lang='lat' dir='ltr'><strong>Si</strong></span> <span class='ocrx_word' id='word_1_787' title='bbox 1323 2033 1376 2061; x_wconf 91' lang='lat' dir='ltr'><strong>qua</strong></span> <span class='ocrx_word' id='word_1_788' title='bbox 1398 2031 1464 2052; x_wconf 86' lang='lat' dir='ltr'><strong>vero</strong></span> <span class='ocrx_word' id='word_1_789' title='bbox 1488 2027 1652 2059; x_wconf 85' lang='lat' dir='ltr'><strong>supersunt,</strong></span> <span class='ocrx_word' id='word_1_790' title='bbox 1678 2023 1707 2050; x_wconf 79' lang='lat' dir='ltr'><strong>et</strong></span> 
     </span>
    </p>
   </div>
   <div class='ocr_carea' id='block_1_101' title="bbox 914 2067 1704 2108">
    <p class='ocr_par' dir='ltr' id='par_1_101' title="bbox 914 2067 1704 2108">
     <span class='ocr_line' id='line_1_101' title="bbox 914 2067 1704 2108; baseline -0.008 -7"><span class='ocrx_word' id='word_1_791' title='bbox 914 2073 957 2102; x_wconf 87' lang='lat' dir='ltr'><strong>vel</strong></span> <span class='ocrx_word' id='word_1_792' title='bbox 975 2081 1025 2101; x_wconf 87' lang='lat' dir='ltr'><strong>nos</strong></span> <span class='ocrx_word' id='word_1_793' title='bbox 1043 2072 1232 2108; x_wconf 89' lang='lat' dir='ltr'><strong>in_audiendo,</strong></span> <span class='ocrx_word' id='word_1_794' title='bbox 1253 2071 1296 2099; x_wconf 87' lang='lat' dir='ltr'><strong>vel</strong></span> <span class='ocrx_word' id='word_1_795' title='bbox 1318 2078 1368 2099; x_wconf 85' lang='lat' dir='ltr'><strong>nos</strong></span> <span class='ocrx_word' id='word_1_796' title='bbox 1387 2075 1515 2105; x_wconf 86' lang='lat' dir='ltr'><strong>superant</strong></span> <span class='ocrx_word' id='word_1_797' title='bbox 1533 2070 1562 2097; x_wconf 86' lang='lat' dir='ltr'><strong>in</strong></span> <span class='ocrx_word' id='word_1_798' title='bbox 1579 2067 1704 2101; x_wconf 85' lang='lat' dir='ltr'><strong>dicendo,</strong></span> 
     </span>
    </p>
   </div>
   <div class='ocr_carea' id='block_1_102' title="bbox 915 2118 1704 2155">
    <p class='ocr_par' dir='ltr' id='par_1_102' title="bbox 915 2118 1704 2155">
     <span class='ocr_line' id='line_1_102' title="bbox 915 2118 1704 2155; baseline -0.008 -8"><span class='ocrx_word' id='word_1_799' title='bbox 915 2127 1055 2148; x_wconf 88' lang='lat' dir='ltr'><strong>servemus</strong></span> <span class='ocrx_word' id='word_1_800' title='bbox 1081 2118 1136 2155; x_wconf 88' lang='lat' dir='ltr'><strong>igni</strong></span> <span class='ocrx_word' id='word_1_801' title='bbox 1158 2118 1269 2152; x_wconf 85' lang='lat' dir='ltr'><strong>altaris,</strong></span> <span class='ocrx_word' id='word_1_802' title='bbox 1295 2121 1424 2153; x_wconf 77' lang='lat' dir='ltr'><strong>tanquam</strong></span> <span class='ocrx_word' id='word_1_803' title='bbox 1442 2123 1502 2145; x_wconf 88' lang='lat' dir='ltr'><strong>eam</strong></span> <span class='ocrx_word' id='word_1_804' title='bbox 1520 2119 1626 2151; x_wconf 84' lang='lat' dir='ltr'><strong>partem</strong></span> <span class='ocrx_word' id='word_1_805' title='bbox 1643 2121 1704 2149; x_wconf 71' lang='lat' dir='ltr'><strong>quae</strong></span> 
     </span>
    </p>
   </div>
   <div class='ocr_carea' id='block_1_103' title="bbox 913 2159 1669 2202">
    <p class='ocr_par' dir='ltr' id='par_1_103' title="bbox 913 2159 1669 2202">
     <span class='ocr_line' id='line_1_103' title="bbox 913 2159 1669 2202; baseline -0.008 -9"><span class='ocrx_word' id='word_1_806' title='bbox 913 2173 964 2202; x_wconf 91' lang='lat' dir='ltr'><strong>pro</strong></span> <span class='ocrx_word' id='word_1_807' title='bbox 977 2168 1090 2202; x_wconf 87' lang='lat' dir='ltr'><strong>peccato</strong></span> <span class='ocrx_word' id='word_1_808' title='bbox 1111 2170 1192 2200; x_wconf 87' lang='lat' dir='ltr'><strong>super</strong></span> <span class='ocrx_word' id='word_1_809' title='bbox 1212 2164 1299 2191; x_wconf 87' lang='lat' dir='ltr'><strong>altare</strong></span> <span class='ocrx_word' id='word_1_810' title='bbox 1316 2162 1423 2190; x_wconf 89' lang='lat' dir='ltr'><strong>Domini</strong></span> <span class='ocrx_word' id='word_1_811' title='bbox 1440 2160 1552 2196; x_wconf 71' lang='lat' dir='ltr'><strong>iubetur</strong></span> <span class='ocrx_word' id='word_1_812' title='bbox 1567 2159 1669 2188; x_wconf 72' lang='lat' dir='ltr'><strong>oﬁ‘erri.</strong></span> 
     </span>
    </p>
   </div>
   <div class='ocr_carea' id='block_1_104' title="bbox 1221 2219 1404 2249">
    <p class='ocr_par' dir='ltr' id='par_1_104' title="bbox 1221 2219 1404 2249">
     <span class='ocr_line' id='line_1_104' title="bbox 1221 2219 1404 2249; baseline -0.016 -1"><span class='ocrx_word' id='word_1_813' title='bbox 1221 2219 1336 2249; x_wconf 82' lang='lat' dir='ltr'><strong>CAPUT</strong></span> <span class='ocrx_word' id='word_1_814' title='bbox 1355 2219 1404 2248; x_wconf 73' lang='lat' dir='ltr'><strong>IV.</strong></span> 
     </span>
    </p>
   </div>
   <div class='ocr_carea' id='block_1_105' title="bbox 1023 2254 1595 2291">
    <p class='ocr_par' dir='ltr' id='par_1_105' title="bbox 1023 2254 1595 2291">
     <span class='ocr_line' id='line_1_105' title="bbox 1023 2254 1595 2291; baseline -0.009 -8"><span class='ocrx_word' id='word_1_815' title='bbox 1023 2255 1144 2290; x_wconf 81' lang='lat' dir='ltr'><strong>Qualiter</strong></span> <span class='ocrx_word' id='word_1_816' title='bbox 1159 2255 1251 2283; x_wconf 63' lang='lat' dir='ltr'><strong>hostiae</strong></span> <span class='ocrx_word' id='word_1_817' title='bbox 1263 2264 1309 2291; x_wconf 89' lang='lat' dir='ltr'><strong>pro</strong></span> <span class='ocrx_word' id='word_1_818' title='bbox 1325 2254 1426 2282; x_wconf 76' lang='lat' dir='ltr'><strong>delictis</strong></span> <span class='ocrx_word' id='word_1_819' title='bbox 1440 2254 1595 2289; x_wconf 75' lang='lat' dir='ltr'><strong>offerantur.</strong></span> 
     </span>
    </p>
   </div>
   <div class='ocr_carea' id='block_1_106' title="bbox 870 2294 1707 2342">
    <p class='ocr_par' dir='ltr' id='par_1_106' title="bbox 870 2294 1707 2342">
     <span class='ocr_line' id='line_1_106' title="bbox 870 2294 1707 2342; baseline -0.01 -12"><span class='ocrx_word' id='word_1_820' title='bbox 942 2301 1028 2342; x_wconf 70' lang='lat' dir='ltr'><strong>_(CAP.</strong></span> <span class='ocrx_word' id='word_1_821' title='bbox 1048 2301 1108 2337; x_wconf 84' lang='lat' dir='ltr'><strong>vit.)</strong></span> <span class='ocrx_word' id='word_1_822' title='bbox 1130 2300 1194 2328; x_wconf 76' lang='lat' dir='ltr'><strong>ch</strong></span> <span class='ocrx_word' id='word_1_823' title='bbox 1207 2308 1309 2336; x_wconf 85' lang='lat' dir='ltr'><strong>quoque</strong></span> <span class='ocrx_word' id='word_1_824' title='bbox 1330 2304 1367 2326; x_wconf 86' lang='lat' dir='ltr'><strong>est</strong></span> <span class='ocrx_word' id='word_1_825' title='bbox 1384 2298 1425 2325; x_wconf 75' lang='lat' dir='ltr'><strong>lea:</strong></span> <span class='ocrx_word' id='word_1_826' title='bbox 1439 2297 1531 2325; x_wconf 63' lang='lat' dir='ltr'><strong>hostire</strong></span> <span class='ocrx_word' id='word_1_827' title='bbox 1549 2305 1595 2332; x_wconf 85' lang='lat' dir='ltr'><strong>pro</strong></span> <span class='ocrx_word' id='word_1_828' title='bbox 1613 2294 1707 2323; x_wconf 81' lang='lat' dir='ltr'><strong>delicto</strong></span> 
     </span>
    </p>
   </div>
   <div class='ocr_carea' id='block_1_107' title="bbox 917 2342 1705 2379">
    <p class='ocr_par' dir='ltr' id='par_1_107' title="bbox 917 2342 1705 2379">
     <span class='ocr_line' id='line_1_107' title="bbox 917 2342 1705 2379; baseline -0.009 -3"><span class='ocrx_word' id='word_1_829' title='bbox 917 2347 1046 2376; x_wconf 85' lang='lat' dir='ltr'><strong>Sanctum</strong></span> <span class='ocrx_word' id='word_1_830' title='bbox 1063 2350 1214 2374; x_wconf 85' lang='lat' dir='ltr'><strong>sanctorum</strong></span> <span class='ocrx_word' id='word_1_831' title='bbox 1226 2351 1272 2379; x_wconf 87' lang='lat' dir='ltr'><strong>est,</strong></span> <span class='ocrx_word' id='word_1_832' title='bbox 1289 2344 1388 2372; x_wconf 86' lang='lat' dir='ltr'><strong>idcirco</strong></span> <span class='ocrx_word' id='word_1_833' title='bbox 1403 2344 1447 2371; x_wconf 86' lang='lat' dir='ltr'><strong>ubi</strong></span> <span class='ocrx_word' id='word_1_834' title='bbox 1464 2344 1615 2371; x_wconf 83' lang='lat' dir='ltr'><strong>immolatur</strong></span> <span class='ocrx_word' id='word_1_835' title='bbox 1628 2342 1705 2370; x_wconf 88' lang='lat' dir='ltr'><strong>holo-</strong></span> 
     </span>
    </p>
   </div>
   <div class='ocr_carea' id='block_1_108' title="bbox 917 2389 1706 2425">
    <p class='ocr_par' dir='ltr' id='par_1_108' title="bbox 917 2389 1706 2425">
     <span class='ocr_line' id='line_1_108' title="bbox 917 2389 1706 2425; baseline -0.006 -5"><span class='ocrx_word' id='word_1_836' title='bbox 917 2397 1050 2425; x_wconf 80' lang='lat' dir='ltr'><strong>caustum,</strong></span> <span class='ocrx_word' id='word_1_837' title='bbox 1070 2391 1229 2422; x_wconf 83' lang='lat' dir='ltr'><strong>mactabitur</strong></span> <span class='ocrx_word' id='word_1_838' title='bbox 1241 2395 1264 2418; x_wconf 86' lang='lat' dir='ltr'><strong>et</strong></span> <span class='ocrx_word' id='word_1_839' title='bbox 1278 2391 1382 2417; x_wconf 82' lang='lat' dir='ltr'><strong>victima</strong></span> <span class='ocrx_word' id='word_1_840' title='bbox 1398 2399 1445 2425; x_wconf 80' lang='lat' dir='ltr'><strong>pro</strong></span> <span class='ocrx_word' id='word_1_841' title='bbox 1466 2390 1575 2423; x_wconf 85' lang='lat' dir='ltr'><strong>delicto,</strong></span> <span class='ocrx_word' id='word_1_842' title='bbox 1598 2389 1706 2425; x_wconf 86' lang='lat' dir='ltr'><strong>sanguis</strong></span> 
     </span>
    </p>
   </div>
   <div class='ocr_carea' id='block_1_109' title="bbox 917 2436 1703 2474">
    <p class='ocr_par' dir='ltr' id='par_1_109' title="bbox 917 2436 1703 2474">
     <span class='ocr_line' id='line_1_109' title="bbox 917 2436 1703 2474; baseline -0.005 -8"><span class='ocrx_word' id='word_1_843' title='bbox 917 2439 975 2474; x_wconf 78' lang='lat' dir='ltr'><strong>ejus</strong></span> <span class='ocrx_word' id='word_1_844' title='bbox 990 2446 1036 2474; x_wconf 79' lang='lat' dir='ltr'><strong>per</strong></span> <span class='ocrx_word' id='word_1_845' title='bbox 1046 2445 1140 2473; x_wconf 71' lang='lat' dir='ltr'><strong>gyrum</strong></span> <span class='ocrx_word' id='word_1_846' title='bbox 1151 2437 1277 2473; x_wconf 72' lang='lat' dir='ltr'><strong>fundatur</strong></span> <span class='ocrx_word' id='word_1_847' title='bbox 1293 2436 1403 2470; x_wconf 83' lang='lat' dir='ltr'><strong>altaris;</strong></span> <span class='ocrx_word' id='word_1_848' title='bbox 1424 2437 1531 2472; x_wconf 74' lang='lat' dir='ltr'><strong>offerent</strong></span> <span class='ocrx_word' id='word_1_849' title='bbox 1549 2446 1580 2465; x_wconf 74' lang='lat' dir='ltr'><strong>ex</strong></span> <span class='ocrx_word' id='word_1_850' title='bbox 1593 2446 1623 2464; x_wconf 88' lang='lat' dir='ltr'><strong>ea</strong></span> <span class='ocrx_word' id='word_1_851' title='bbox 1638 2444 1703 2463; x_wconf 84' lang='lat' dir='ltr'><strong>cau-</strong></span> 
     </span>
    </p>
   </div>
   <div class='ocr_carea' id='block_1_110' title="bbox 919 2481 1703 2519">
    <p class='ocr_par' dir='ltr' id='par_1_110' title="bbox 919 2481 1703 2519">
     <span class='ocr_line' id='line_1_110' title="bbox 919 2481 1703 2519; baseline -0.005 -7"><span class='ocrx_word' id='word_1_852' title='bbox 919 2484 980 2512; x_wconf 85' lang='lat' dir='ltr'><strong>dam</strong></span> <span class='ocrx_word' id='word_1_853' title='bbox 996 2488 1019 2511; x_wconf 84' lang='lat' dir='ltr'><strong>et</strong></span> <span class='ocrx_word' id='word_1_854' title='bbox 1034 2483 1137 2518; x_wconf 85' lang='lat' dir='ltr'><strong>adipem</strong></span> <span class='ocrx_word' id='word_1_855' title='bbox 1161 2482 1206 2519; x_wconf 87' lang='lat' dir='ltr'><strong>qui</strong></span> <span class='ocrx_word' id='word_1_856' title='bbox 1223 2482 1304 2518; x_wconf 83' lang='lat' dir='ltr'><strong>operit</strong></span> <span class='ocrx_word' id='word_1_857' title='bbox 1324 2481 1428 2515; x_wconf 81' lang='lat' dir='ltr'><strong>vitalia,</strong></span> <span class='ocrx_word' id='word_1_858' title='bbox 1450 2483 1515 2509; x_wconf 79' lang='lat' dir='ltr'><strong>duos</strong></span> <span class='ocrx_word' id='word_1_859' title='bbox 1537 2481 1703 2514; x_wconf 85' lang='lat' dir='ltr'><strong>renunculos,</strong></span> 
     </span>
    </p>
   </div>
   <div class='ocr_carea' id='block_1_111' title="bbox 919 2527 1705 2565">
    <p class='ocr_par' dir='ltr' id='par_1_111' title="bbox 919 2527 1705 2565">
     <span class='ocr_line' id='line_1_111' title="bbox 919 2527 1705 2565; baseline -0.004 -9"><span class='ocrx_word' id='word_1_860' title='bbox 919 2533 943 2556; x_wconf 88' lang='lat' dir='ltr'><strong>et</strong></span> <span class='ocrx_word' id='word_1_861' title='bbox 956 2528 1141 2565; x_wconf 81' lang='lat' dir='ltr'><strong>pinguedinem</strong></span> <span class='ocrx_word' id='word_1_862' title='bbox 1154 2536 1213 2563; x_wconf 74' lang='lat' dir='ltr'><strong>quw</strong></span> <span class='ocrx_word' id='word_1_863' title='bbox 1224 2528 1303 2564; x_wconf 71' lang='lat' dir='ltr'><strong>juxta</strong></span> <span class='ocrx_word' id='word_1_864' title='bbox 1321 2527 1367 2555; x_wconf 84' lang='lat' dir='ltr'><strong>ilia</strong></span> <span class='ocrx_word' id='word_1_865' title='bbox 1388 2533 1435 2560; x_wconf 79' lang='lat' dir='ltr'><strong>est,</strong></span> <span class='ocrx_word' id='word_1_866' title='bbox 1460 2527 1645 2562; x_wconf 80' lang='lat' dir='ltr'><strong>reticulumque</strong></span> <span class='ocrx_word' id='word_1_867' title='bbox 1661 2527 1705 2561; x_wconf 84' lang='lat' dir='ltr'><strong>je-</strong></span> 
     </span>
    </p>
   </div>
   <div class='ocr_carea' id='block_1_112' title="bbox 918 2573 1707 2607">
    <p class='ocr_par' dir='ltr' id='par_1_112' title="bbox 918 2573 1707 2607">
     <span class='ocr_line' id='line_1_112' title="bbox 918 2573 1707 2607; baseline -0.004 -5"><span class='ocrx_word' id='word_1_868' title='bbox 918 2575 986 2603; x_wconf 84' lang='lat' dir='ltr'><strong>coris</strong></span> <span class='ocrx_word' id='word_1_869' title='bbox 1005 2583 1063 2602; x_wconf 87' lang='lat' dir='ltr'><strong>cum</strong></span> <span class='ocrx_word' id='word_1_870' title='bbox 1088 2574 1254 2607; x_wconf 72' lang='lat' dir='ltr'><strong>ranunculis,</strong></span> <span class='ocrx_word' id='word_1_871' title='bbox 1276 2579 1299 2601; x_wconf 88' lang='lat' dir='ltr'><strong>et</strong></span> <span class='ocrx_word' id='word_1_872' title='bbox 1321 2573 1433 2601; x_wconf 79' lang='lat' dir='ltr'><strong>adolebit</strong></span> <span class='ocrx_word' id='word_1_873' title='bbox 1448 2583 1479 2601; x_wconf 86' lang='lat' dir='ltr'><strong>ea</strong></span> <span class='ocrx_word' id='word_1_874' title='bbox 1493 2574 1614 2604; x_wconf 73' lang='lat' dir='ltr'><strong>sacerdos</strong></span> <span class='ocrx_word' id='word_1_875' title='bbox 1629 2580 1707 2607; x_wconf 80' lang='lat' dir='ltr'><strong>super</strong></span> 
     </span>
    </p>
   </div>
   <div class='ocr_carea' id='block_1_113' title="bbox 918 2618 1702 2654">
    <p class='ocr_par' dir='ltr' id='par_1_113' title="bbox 918 2618 1702 2654">
     <span class='ocr_line' id='line_1_113' title="bbox 918 2618 1702 2654; baseline -0.004 -8"><span class='ocrx_word' id='word_1_876' title='bbox 918 2619 1011 2647; x_wconf 88' lang='lat' dir='ltr'><strong>altare.</strong></span> <span class='ocrx_word' id='word_1_877' title='bbox 1033 2618 1173 2645; x_wconf 66' lang='lat' dir='ltr'><strong>lucentium</strong></span> <span class='ocrx_word' id='word_1_878' title='bbox 1189 2624 1226 2646; x_wconf 82' lang='lat' dir='ltr'><strong>est</strong></span> <span class='ocrx_word' id='word_1_879' title='bbox 1240 2618 1346 2646; x_wconf 84' lang='lat' dir='ltr'><strong>Domini</strong></span> <span class='ocrx_word' id='word_1_880' title='bbox 1358 2628 1404 2654; x_wconf 89' lang='lat' dir='ltr'><strong>pro</strong></span> <span class='ocrx_word' id='word_1_881' title='bbox 1418 2619 1519 2646; x_wconf 84' lang='lat' dir='ltr'><strong>delicto.</strong></span> <span class='ocrx_word' id='word_1_882' title='bbox 1538 2618 1628 2645; x_wconf 81' lang='lat' dir='ltr'><strong>Omnis</strong></span> <span class='ocrx_word' id='word_1_883' title='bbox 1643 2626 1702 2643; x_wconf 86' lang='lat' dir='ltr'><strong>ma-</strong></span> 
     </span>
    </p>
   </div>
   <div class='ocr_carea' id='block_1_114' title="bbox 918 2663 1706 2700">
    <p class='ocr_par' dir='ltr' id='par_1_114' title="bbox 918 2663 1706 2700">
     <span class='ocr_line' id='line_1_114' title="bbox 918 2663 1706 2700; baseline -0.005 -8"><span class='ocrx_word' id='word_1_884' title='bbox 918 2664 1007 2692; x_wconf 81' lang='lat' dir='ltr'><strong>sculus</strong></span> <span class='ocrx_word' id='word_1_885' title='bbox 1022 2664 1054 2690; x_wconf 86' lang='lat' dir='ltr'><strong>de</strong></span> <span class='ocrx_word' id='word_1_886' title='bbox 1069 2663 1227 2692; x_wconf 81' lang='lat' dir='ltr'><strong>sacerdotali</strong></span> <span class='ocrx_word' id='word_1_887' title='bbox 1249 2672 1340 2700; x_wconf 84' lang='lat' dir='ltr'><strong>genere</strong></span> <span class='ocrx_word' id='word_1_888' title='bbox 1360 2664 1388 2691; x_wconf 80' lang='lat' dir='ltr'><strong>in</strong></span> <span class='ocrx_word' id='word_1_889' title='bbox 1406 2663 1462 2691; x_wconf 87' lang='lat' dir='ltr'><strong>loco</strong></span> <span class='ocrx_word' id='word_1_890' title='bbox 1482 2668 1571 2691; x_wconf 81' lang='lat' dir='ltr'><strong>sancto</strong></span> <span class='ocrx_word' id='word_1_891' title='bbox 1591 2666 1706 2690; x_wconf 82' lang='lat' dir='ltr'><strong>vescetur</strong></span> 
     </span>
    </p>
   </div>
   <div class='ocr_carea' id='block_1_115' title="bbox 917 2706 1707 2745">
    <p class='ocr_par' dir='ltr' id='par_1_115' title="bbox 917 2706 1707 2745">
     <span class='ocr_line' id='line_1_115' title="bbox 917 2706 1707 2745; baseline -0.003 -10"><span class='ocrx_word' id='word_1_892' title='bbox 917 2709 958 2736; x_wconf 83' lang='lat' dir='ltr'><strong>his</strong></span> <span class='ocrx_word' id='word_1_893' title='bbox 970 2708 1102 2742; x_wconf 80' lang='lat' dir='ltr'><strong>carnibus,</strong></span> <span class='ocrx_word' id='word_1_894' title='bbox 1117 2709 1179 2745; x_wconf 81' lang='lat' dir='ltr'><strong>quia</strong></span> <span class='ocrx_word' id='word_1_895' title='bbox 1193 2708 1319 2737; x_wconf 87' lang='lat' dir='ltr'><strong>Sanctum</strong></span> <span class='ocrx_word' id='word_1_896' title='bbox 1340 2713 1490 2737; x_wconf 83' lang='lat' dir='ltr'><strong>sanctorum</strong></span> <span class='ocrx_word' id='word_1_897' title='bbox 1512 2713 1559 2736; x_wconf 83' lang='lat' dir='ltr'><strong>est.</strong></span> <span class='ocrx_word' id='word_1_898' title='bbox 1583 2706 1617 2735; x_wconf 80' lang='lat' dir='ltr'><strong>Et</strong></span> <span class='ocrx_word' id='word_1_899' title='bbox 1637 2706 1707 2734; x_wconf 82' lang='lat' dir='ltr'><strong>sicut</strong></span> 
     </span>
    </p>
   </div>
   <div class='ocr_carea' id='block_1_116' title="bbox 917 2752 1706 2792">
    <p class='ocr_par' dir='ltr' id='par_1_116' title="bbox 917 2752 1706 2792">
     <span class='ocr_line' id='line_1_116' title="bbox 917 2752 1706 2792; baseline -0.004 -10"><span class='ocrx_word' id='word_1_900' title='bbox 917 2764 965 2792; x_wconf 83' lang='lat' dir='ltr'><strong>pro</strong></span> <span class='ocrx_word' id='word_1_901' title='bbox 979 2760 1084 2791; x_wconf 87' lang='lat' dir='ltr'><strong>peccato</strong></span> <span class='ocrx_word' id='word_1_902' title='bbox 1100 2756 1210 2790; x_wconf 77' lang='lat' dir='ltr'><strong>offertur</strong></span> <span class='ocrx_word' id='word_1_903' title='bbox 1224 2756 1320 2788; x_wconf 83' lang='lat' dir='ltr'><strong>hostia,</strong></span> <span class='ocrx_word' id='word_1_904' title='bbox 1339 2755 1377 2783; x_wconf 80' lang='lat' dir='ltr'><strong>ita</strong></span> <span class='ocrx_word' id='word_1_905' title='bbox 1396 2759 1420 2781; x_wconf 80' lang='lat' dir='ltr'><strong>et</strong></span> <span class='ocrx_word' id='word_1_906' title='bbox 1432 2763 1479 2790; x_wconf 78' lang='lat' dir='ltr'><strong>pro</strong></span> <span class='ocrx_word' id='word_1_907' title='bbox 1494 2753 1588 2781; x_wconf 81' lang='lat' dir='ltr'><strong>delicto</strong></span> <span class='ocrx_word' id='word_1_908' title='bbox 1604 2752 1706 2780; x_wconf 76' lang='lat' dir='ltr'><strong>utrius-</strong></span> 
     </span>
    </p>
   </div>
   <div class='ocr_carea' id='block_1_117' title="bbox 918 2797 1706 2837">
    <p class='ocr_par' dir='ltr' id='par_1_117' title="bbox 918 2797 1706 2837">
     <span class='ocr_line' id='line_1_117' title="bbox 918 2797 1706 2837; baseline -0.004 -9"><span class='ocrx_word' id='word_1_909' title='bbox 918 2810 967 2837; x_wconf 90' lang='lat' dir='ltr'><strong>que</strong></span> <span class='ocrx_word' id='word_1_910' title='bbox 982 2800 1074 2828; x_wconf 71' lang='lat' dir='ltr'><strong>hostiaz</strong></span> <span class='ocrx_word' id='word_1_911' title='bbox 1090 2809 1143 2828; x_wconf 87' lang='lat' dir='ltr'><strong>una</strong></span> <span class='ocrx_word' id='word_1_912' title='bbox 1155 2800 1196 2828; x_wconf 74' lang='lat' dir='ltr'><strong>lea:</strong></span> <span class='ocrx_word' id='word_1_913' title='bbox 1207 2802 1266 2835; x_wconf 80' lang='lat' dir='ltr'><strong>erit,</strong></span> <span class='ocrx_word' id='word_1_914' title='bbox 1278 2802 1314 2829; x_wconf 88' lang='lat' dir='ltr'><strong>ad</strong></span> <span class='ocrx_word' id='word_1_915' title='bbox 1328 2801 1490 2829; x_wconf 80' lang='lat' dir='ltr'><strong>sacerdotem</strong></span> <span class='ocrx_word' id='word_1_916' title='bbox 1500 2797 1545 2834; x_wconf 87' lang='lat' dir='ltr'><strong>qui</strong></span> <span class='ocrx_word' id='word_1_917' title='bbox 1558 2806 1617 2826; x_wconf 82' lang='lat' dir='ltr'><strong>eam</strong></span> <span class='ocrx_word' id='word_1_918' title='bbox 1629 2798 1706 2826; x_wconf 83' lang='lat' dir='ltr'><strong>obtu-</strong></span> 
     </span>
    </p>
   </div>
   <div class='ocr_carea' id='block_1_118' title="bbox 918 2843 1705 2882">
    <p class='ocr_par' dir='ltr' id='par_1_118' title="bbox 918 2843 1705 2882">
     <span class='ocr_line' id='line_1_118' title="bbox 918 2843 1705 2882; baseline 0.001 -10"><span class='ocrx_word' id='word_1_919' title='bbox 918 2845 987 2880; x_wconf 87' lang='lat' dir='ltr'><strong>lerit,</strong></span> <span class='ocrx_word' id='word_1_920' title='bbox 998 2845 1144 2882; x_wconf 78' lang='lat' dir='ltr'><strong>pertinebit.</strong></span> <span class='ocrx_word' id='word_1_921' title='bbox 1159 2846 1297 2875; x_wconf 84' lang='lat' dir='ltr'><strong>Delictum-</strong></span> <span class='ocrx_word' id='word_1_922' title='bbox 1303 2845 1448 2881; x_wconf 80' lang='lat' dir='ltr'><strong>aliquando</strong></span> <span class='ocrx_word' id='word_1_923' title='bbox 1459 2843 1567 2879; x_wconf 88' lang='lat' dir='ltr'><strong>quidem</strong></span> <span class='ocrx_word' id='word_1_924' title='bbox 1580 2844 1705 2880; x_wconf 80' lang='lat' dir='ltr'><strong>recogni-</strong></span> 
     </span>
    </p>
   </div>
   <div class='ocr_carea' id='block_1_119' title="bbox 918 2888 1702 2930">
    <p class='ocr_par' dir='ltr' id='par_1_119' title="bbox 918 2888 1702 2930">
     <span class='ocr_line' id='line_1_119' title="bbox 918 2888 1702 2930; baseline -0.004 -9"><span class='ocrx_word' id='word_1_925' title='bbox 918 2896 976 2922; x_wconf 87' lang='lat' dir='ltr'><strong>tum</strong></span> <span class='ocrx_word' id='word_1_926' title='bbox 991 2897 1130 2930; x_wconf 85' lang='lat' dir='ltr'><strong>pcccatum</strong></span> <span class='ocrx_word' id='word_1_927' title='bbox 1142 2898 1234 2928; x_wconf 88' lang='lat' dir='ltr'><strong>vocat,</strong></span> <span class='ocrx_word' id='word_1_928' title='bbox 1246 2891 1390 2928; x_wconf 86' lang='lat' dir='ltr'><strong>aliquando</strong></span> <span class='ocrx_word' id='word_1_929' title='bbox 1404 2893 1495 2918; x_wconf 85' lang='lat' dir='ltr'><strong>autem</strong></span> <span class='ocrx_word' id='word_1_930' title='bbox 1507 2888 1659 2926; x_wconf 73' lang='lat' dir='ltr'><strong>illud‘quod</strong></span> <span class='ocrx_word' id='word_1_931' title='bbox 1673 2890 1702 2919; x_wconf 84' lang='lat' dir='ltr'><strong>in</strong></span> 
     </span>
    </p>
   </div>
  </div>
