3940 6352
416 339 557 403 αλδιθῖ

1094 337 1158 396 B.
1198 334 1457 397 assam
1494 337 1721 395 nsum
1753 330 2428 392 ARGBIEPJIIOGUNT.
2472 330 2760 414 mea
2796 329 2980 386 PARS
3012 292 3083 387 l.

452 464 632 532 ipsum
655 460 1011 516 «amttitur
1033 458 1223 514 Deum.
1253 458 1406 514 Sicut
1422 456 1561 513 illud
1580 455 1730 526 quod
1752 455 1809 509 in
1833 451 2041 509 sanctis
2062 452 2116 514 Α
2139 449 2284 514 triri,
2320 462 2555 518 quarum
2582 446 2840 517 priuitin
2855 458 2956 516 pa-
2972 442 3479 514 piuuttluuinw
3490 443 3565 503 riu.
3580 459 3714 500 anti-

452 560 798 625 perpetratur
857 550 1315 623 ῃοιωὼιιοιιιιιιι
1372 549 1621 620 superius
1675 544 2031 602 ostendimus.

422 645 566 719 ,(Εσ
606 641 879 716 Origene.)
936 641 1065 700 ﬁcio
1115 651 1301 698 tamen
1348 649 1408 697 et
1445 640 1592 695 illam
1655 636 2033 701 diﬁ‘erentiam,

446 748 578 807 qua
624 735 898 793 nonnullis
945 734 1272 804 sapientium
1318 732 1441 788 visa
1469 739 1574 796 est,
1602 730 1751 801 quod
1777 727 2033 784 delictum

418 872 427 875 -
457 830 677 902 quidem
704 829 782 884 sit
815 842 941 885 eum
976 840 1088 884 non
1129 828 1360 883 facimus
1386 840 1453 881 ea
1487 840 1609 896 quae
1650 822 1835 878 facere
1872 820 2033 876 debe-

424 936 601 987 .mns,
640 926 923 991 peccaumi
966 906 1096 976 vero
1131 918 1223 985 sit,
1262 934 1389 975 cum
1416 916 1889 973 cemmittimusea
1915 926 2034 982 quae

424 1012 796 1073 committere
838 1026 948 1067 non
992 1012 1270 1068 debemus.
1316 1008 1424 1065 Sed
1468 1008 1586 1063 haec
1622 1006 1879 1078 quoniam
1925 1018 2034 1059 non

456 1117 673 1173 semper
710 1104 766 1159 in
808 1100 1111 1172 Scripturis
1152 1101 1349 1157 divinis
1398 1101 1498 1157 sub
1540 1100 1643 1154 ista
1686 1098 2035 1155 distinctione

453 1194 780 1260 invenimus,
812 1195 1014 1251 idcirco
1040 1194 1369 1265 generaliter
1394 1191 1661 1248 atiirmare
1693 1204 1801 1245 non
1838 1205 2032 1262 possu-

452 1303 599 1345 mus.
648 1288 759 1360 (Ea:
785 1286 1092 1358 Hesychia.)
1133 1287 1479 1357 Qumcunque
1524 1292 1705 1341 autem
1749 1285 1818 1340 ad
1863 1284 2033 1339 Deum

454 1376 786 1444 referuntur,
839 1376 1108 1434 difﬁcilem
1154 1377 1355 1434 habent
1400 1377 1629 1437 veniam,
1686 1376 1761 1430 ita
1805 1383 1867 1429 ut.
1914 1373 2033 1428 Heli

453 1468 581 1525 ﬁliis
606 1469 852 1526 diceret:
881 1467 940 1525 Si
977 1470 1131 1525 homo
1174 1470 1460 1539 peccaverit
1483 1470 1537 1523 in
1564 1469 1798 1523 homines
1816 1509 1833 1534 ,
1864 1467 2035 1522 orabit

455 1578 552 1634 pro
578 1577 672 1629 eo;
695 1564 742 1616 si
765 1578 882 1617 vero
912 1563 970 1615 in
999 1561 1168 1616 Deum
1188 1562 1495 1632 peccaverit,
1527 1562 1642 1631 quis
1665 1576 1759 1631 pro
1785 1576 1843 1613 eo
1864 1560 2036 1612 orabit

452 1650 507 1723 (1
533 1651 662 1723 Reg.
694 1651 801 1723 tt)?
829 1651 1145 1711 Necessaria
1182 1665 1310 1722 ergo
1329 1651 1556 1705 arietem
1586 1650 1813 1720 figuram
1845 1663 2037 1719 geren-

451 1753 563 1802 tem
604 1746 848 1811 Domini,
886 1745 953 1800 de
991 1759 1098 1813 quo
1140 1745 1344 1798 dictum
1382 1750 1506 1797 est:
1540 1742 1675 1797 Ecce
1711 1756 1878 1809 agnas
1914 1739 2035 1805 Dei,

2137 541 2468 599 ctiﬁcatione
2510 541 2701 611 peragi.
2737 552 3037 608 omnesque
3072 536 3269 609 corrigi
3312 536 3539 595 βείω.
3574 537 3715 595 Haec

2136 636 2323 691 (licens
2362 634 2586 699 addidit,
2632 632 2740 688 Pro
2772 628 2961 689 delicto
2992 640 3091 697 est,
3120 630 3419 687 ostendens
3442 631 3591 699 quod
3616 642 3718 687 non

2134 728 2338 784 frustra
2379 728 2709 784 sacriﬁcium
2740 728 2844 783 hoc
2870 724 3089 781 diflttrre
3128 716 3199 779 ab
3245 723 3367 779 aliis
3407 720 3712 789 sacriﬁciis,

2134 840 2257 895 qua:
2280 832 2409 879 sunt
2426 836 2526 895 pro
2551 824 2790 893 peccatis
2814 822 2969 887 dixit,-
2997 820 3095 875 sed
3115 819 3241 890 quia
3262 834 3367 889 pro
3390 817 3598 874 delicto
3614 828 3713 883 est,

2132 919 2189 974 id
2211 926 2315 984 est,
2345 918 2397 972 in
2424 918 2591 972 Deum
2622 916 2794 971 tendit
2821 910 3106 986 peucaium
3128 913 3263 983 ejus.
3294 909 3483 966 Omnis
3520 927 3717 966 mucu-

2134 1010 2217 1064 lus
2256 1010 2320 1064 de
2356 1007 2675 1064 sacerdotali
2726 988 2910 1078 genere
2934 1007 2986 1061 in
3015 1005 3130 1060 loco
3169 1008 3352 1059 sancto
3380 1012 3622 1058 vescatur
3644 1005 3717 1058 bis

2134 1099 2455 1165 carnalibus,
2488 1101 2615 1171 quia
2644 1097 2897 1153 Sanctum
2941 1107 3243 1153 sanctorum
3289 1106 3389 1152 est.
3431 1095 3587 1152 Sient
3630 1108 3714 1166 pro

2133 1202 2343 1265 peccato
2386 1194 2606 1263 offertur
2643 1192 2834 1260 hostia,
2865 1193 2943 1247 ita
2970 1201 3019 1247 et
3048 1209 3144 1264 pro
3173 1191 3400 1256 delicto;
3445 1193 3716 1262 atriusque

2135 1284 2322 1339 bestia
2347 1296 2453 1337 una
2484 1282 2570 1339 lea:
2590 1283 2707 1347 erit,
2736 1292 2839 1340 etc.
2869 1284 2979 1350 (Ex
3009 1281 3278 1353 Origene.)
3325 1278 3500 1351 igitur
3537 1282 3715 1337 eodem

2135 1376 2297 1430 modo
2319 1382 2484 1445 atque
2504 1375 2691 1429 eadem
2720 1375 3012 1430 traditione
3039 1374 3106 1429 de
3139 1373 3414 1428 sacrificio
3447 1373 3594 1443 quod
3630 1387 3716 1443 pro

2136 1467 2335 1522 delicto
2380 1466 2607 1522 oﬁ‘ertur
2645 1466 3017 1537 accipiendum
3043 1473 3147 1529 est,
3179 1454 3323 1534 quod
3351 1472 3406 1519 et
3437 1480 3605 1535 supra
3630 1478 3716 1518 ex-

2134 1557 2415 1626 posuimus
2443 1557 2509 1611 de
2532 1571 2597 1611 eo
2620 1556 2764 1627 quod
2786 1570 2885 1626 pro
2906 1563 3131 1625 peccato
3152 1563 3256 1610 est.
3288 1553 3558 1610 Similiter
3582 1555 3714 1609 enim

2129 1647 2350 1717 jubetur
2379 1648 2565 1716 adipes
2605 1647 2791 1701 arietis
2817 1646 2870 1699 hi
2900 1646 2990 1715 qui
3025 1645 3173 1699 circa
3221 1658 3383 1699 renes
3423 1651 3578 1708 sunt,
3612 1643 3716 1697 etii

2136 1737 2229 1805 qui
2258 1738 2517 1791 interiora
2550 1738 2821 1807 operiunt,
2857 1736 3059 1806 imponi
3081 1746 3244 1805 super
3273 1734 3470 1800 altare,
3505 1742 3567 1789 ιιι
3592 1742 3646 1790 et
3666 1742 3717 1789 ta

451 1852 569 1890 ecce
590 1836 679 1905 qui
706 1833 842 1889 tollit
860 1842 1075 1904 peccata
1105 1832 1309 1897 mundi,
1344 1832 1483 1887 sumi
1514 1832 1568 1886 in
1597 1830 1866 1885 sacriﬁcio
1896 1830 2034 1883 dixi-
2060 1824 2108 1887 B
2135 1829 2227 1898 qui
2251 1830 2367 1883 haec
2394 1829 2550 1884 audis
2574 1830 2715 1885 scias
2742 1842 2902 1882 omne
2932 1827 3075 1897 quod
3099 1834 3184 1882 est
3211 1827 3355 1881 intra
3378 1835 3433 1882 te
3454 1827 3707 1891 crassius,

452 1940 593 1990 mus,
626 1927 683 1980 in
706 1940 813 1995 quo
834 1925 950 1981 solo
977 1933 1081 1991 est,
1112 1932 1332 1994 peccata
1358 1938 1480 1994 qum
1509 1924 1561 1977 in
1587 1937 1711 1977 eum
1738 1922 2029 1976 commissa

454 2024 581 2071 sunt
603 2015 867 2073 relaxare.
900 2015 1128 2086 Oportet
1152 2024 1335 2071 autem
1373 2015 1541 2083 quaeri
1577 2028 1745 2083 quare
1768 2028 1874 2067 non
1916 2026 2034 2066 om-

453 2110 542 2165 nis
570 2110 715 2166 aries
742 2109 795 2163 in
829 2109 1203 2165 holocaustum
1234 2109 1313 2174 fit,
1340 2109 1480 2162 sicut
1507 2114 1561 2162 et
1585 2107 1784 2161 vitulus
1812 2107 1904 2176 qui
1932 2120 2032 2176 pro

449 2203 648 2274 populo
674 2211 731 2259 et
757 2218 858 2273 pro
889 2202 1172 2258 sacerdote
1195 2202 1412 2257 oblatus
1432 2207 1542 2266 est;
1581 2200 1693 2269 ipse
1718 2200 1863 2253 enim
1896 2197 2034 2267 ﬁgu-

452 2307 570 2349 ram
616 2306 807 2364 gerere
862 2292 1115 2349 sacriﬁcii
1155 2291 1443 2363 unigeniti,
1486 2299 1570 2347 est
1605 2290 1904 2361 probatus;
1937 2288 2033 2345 sed

450 2380 527 2437 ibi
567 2383 786 2452 quidem
833 2383 959 2452 quia
1001 2382 1270 2453 generalis
1309 2383 1623 2452 dispensata
1651 2389 1734 2437 est
1763 2382 2031 2447 remissio,

450 2480 508 2529 et
533 2474 712 2529 omnis
732 2474 956 2528 humani
983 2474 1194 2544 generis
1236 2481 1457 2543 peracta
1496 2478 1581 2528 est
1626 2473 1804 2539 venia,
1849 2482 2036 2527 neces-

451 2560 602 2617 sario
633 2576 795 2618 omne
820 2561 1023 2617 Christi
1052 2561 1381 2618 sacriﬁcium
1412 2560 1655 2616 offertur.
1688 2561 2035 2631 Qumcunque

451 2664 582 2722 ergo
602 2664 729 2709 eum
748 2661 979 2723 possunt
996 2653 1228 2719 salvere,
1255 2653 1374 2708 haec
1397 2651 1453 2707 in
1479 2652 1809 2707 saciiﬁcium
1832 2652 2036 2708 Christi

453 2742 657 2813 suscipi
685 2742 966 2814 legislator
986 2742 1167 2814 jussit.
1211 2743 1342 2812 Quae
1378 2753 1506 2800 sunt
1543 2751 1724 2803 autem
1754 2745 1871 2799 haec
1896 2743 2031 2798 Pais
2060 2774 2067 2779 η

450 2834 538 2892 lus
575 2836 690 2892 ait:
722 2835 919 2894 Pacem
966 2839 1244 2909 sequimini
1290 2855 1411 2894 cum
1456 2839 1697 2897 omnibus
1734 2840 1941 2904 dicens,
1986 2848 2035 2894 et

450 2929 888 2996 sanctimoniam,
925 2932 1038 2988 sine
1069 2948 1173 3002 qua
1212 2946 1361 2987 nemo
1402 2930 1590 2987 videbit
1632 2932 1797 2987 Deum
1844 2930 2030 3003 (Hebr.

452 3018 576 3090 xm)
601 3037 617 3073 :
641 3022 785 3091 quod
827 3031 884 3076 et
915 3037 1057 3078 nunc
1083 3022 1362 3094 legislator
1392 3022 1718 3093 signiﬁcavit
1766 3034 1864 3091 per
1911 3026 2036 3076 ante

451 3107 651 3167 factum
697 3110 1024 3169 oblationem
1076 3113 1415 3168 interiorum.
1469 3113 1839 3184 Cogitationes
1884 3112 2029 3167 enim

2135 1931 2189 1977 et
2208 1922 2385 1990 operit
2406 1922 2660 1976 interiora
2683 1928 2793 1984 tua,
2811 1919 3008 1975 debere
3023 1928 3075 1974 te
3092 1918 3276 1974 oﬂ‘erri
3301 1918 3409 1989 igni
3431 1919 3647 1981 altaris,
3667 1926 3718 1971 ut

2132 2019 2433 2083 purgentur
2451 2012 2633 2066 omnia
2653 2011 2913 2065 interiora
2936 2018 3053 2076 tua,
3077 2017 3132 2064 et
3157 2009 3311 2064 dicas
3331 2017 3387 2063 et
3407 2017 3489 2073 tu,
3511 2010 3654 2065 sicut
3672 2014 3717 2061 et

2133 2102 2305 2159 David
2354 2106 2605 2159 dicebat:
2634 2104 2884 2170 Benedic,
2914 2105 3093 2158 anima
3134 2119 3273 2168 mea,
3299 2100 3588 2157 Dominum
3608 2144 3622 2167 ,
3674 2110 3717 2156 et

2135 2200 2311 2253 omnia
2351 2199 2606 2252 interiora
2637 2214 2753 2252 mea
2783 2212 2969 2252 nomen
2997 2202 3235 2251 sanctam
3262 2194 3379 2265 ejus
3406 2190 3586 2267 (Petti.
3612 2192 3713 2265 cu).

2135 2290 2251 2346 Nisi
2282 2291 2426 2345 enim
2453 2291 2633 2346 ablata
2660 2289 2825 2344 ἣκει-ιι
2850 2288 3154 2345 crassitudo
3196 2286 3288 2343 illa
3327 2292 3450 2357 qua:
3481 2288 3619 2357 tegit
3646 2289 3717 2340 in-

2135 2383 2341 2438 teriora
2371 2388 2461 2437 tua
2479 2423 2493 2449 ,
2529 2396 2636 2438 non
2664 2385 2893 2452 pessiiut
2927 2379 3177 2435 subtilem
3216 2384 3268 2434 et
3290 2379 3607 2450 Spiritalem
3634 2394 3716 2435 ca-

2135 2490 2267 2546 pere
2292 2488 2534 2541 sensum,
2558 2480 2658 2529 tiec
2680 2476 2906 2544 pOSsunt
2930 2470 3262 2528 ittteilecmm
3288 2480 3489 2542 capere
3517 2472 3717 2541 sapien-

2138 2566 2250 2630 tite,
2273 2573 2329 2620 et
2354 2566 2475 2621 ideo
2503 2566 2792 2620 Dominum
2822 2558 3045 2620 laudare
3072 2580 3177 2619 non
3211 2572 3461 2634 possunt.
3496 2562 3650 2631 Quod
3678 2561 3717 2617 si

2141 2657 2382 2712 ablatum
2419 2656 2582 2713 fuerit
2613 2670 2775 2713 omne
2804 2657 2950 2727 quod
2979 2656 3178 2728 pingue
3207 2658 3294 2711 est
3318 2654 3388 2709 de
3416 2656 3643 2710 renibus
3668 2662 3715 2708 et

2138 2750 2207 2806 de
2235 2751 2486 2806 omnibus
2516 2749 2867 2806 interioribus
2891 2752 3176 2818 viscerum,
3211 2752 3339 2805 tunc
3366 2762 3501 2805 vere
3530 2758 3717 2819 purga-

2138 2849 2228 2897 tus
2252 2842 2402 2897 omni
2437 2842 2572 2898 vitio
2598 2841 2841 2897 libidinis
2881 2838 3142 2912 jugulasti
3181 2834 3415 2897 bestiam
3458 2850 3566 2910 pm
3603 2838 3718 2895 deli-

2139 2937 2245 2994 cto,
2279 2938 2335 2985 et
2369 2931 2609 2987 obtulisti
2637 2931 2968 2986 sacriﬁcium
2998 2928 3229 2986 Domino
3263 2931 3319 2984 in
3341 2926 3575 2985 odorem
3609 2944 3720 2984 sua-

2137 3020 2341 3084 vitatis,
2387 3022 2713 3089 Sacerdotis,
2753 3023 2946 3093 inquit,
2972 3024 3063 3094 qui
3096 3018 3249 3094 oﬂ'ert
3273 3012 3432 3088 illud,
3469 3028 3525 3078 et
3551 3035 3717 3091 repro-

2136 3112 2344 3183 pitiacit
2383 3126 2477 3182 pro
2520 3112 2711 3167 delicto
2760 3114 2927 3184 ipsius
2974 3102 3093 3168 erit.
3137 3098 3361 3168 Discant
3410 3111 3717 3168 sacerdotes

451 3208 580 3255 sunt
602 3200 957 3271 intelligibilia
1000 3202 1279 3268 interiora,
1324 3205 1521 3274 quibus
1558 3220 1746 3274 pacem
1785 3204 2034 3259 habenti-
2061 3187 2107 3252 C
2140 3198 2353 3258 Domini
2381 3204 2474 3273 qui
2495 3202 2751 3260 Ecciesiis
2770 3210 3029 3275 praesunt,
3053 3204 3181 3274 quia
3204 3214 3332 3274 pars
3370 3203 3453 3260 eis
3482 3202 3613 3260 data
3645 3207 3718 3255 est

451 3289 578 3355 bus,
610 3303 797 3360 pacem
826 3307 949 3347 cum
979 3294 1234 3350 omnibus
1264 3294 1605 3351 habebimus.
1638 3295 1922 3351 Oblatione
1948 3312 2038 3349 au-

453 3388 563 3435 tem
594 3392 785 3439 renum
826 3389 881 3437 et
916 3383 1154 3452 pinnulae
1186 3392 1241 3438 et
1270 3385 1467 3455 epatis,
1496 3394 1553 3440 et
1580 3385 1870 3453 femorum,
1905 3400 2037 3441 san-

453 3470 839 3533 ctiﬁcatiuuem
885 3472 1183 3545 significat,
1230 3489 1352 3544 quas
1390 3475 1549 3531 nobis
1572 3476 1826 3531 ordinata
1858 3485 1942 3531 est
1969 3478 2037 3531 ad

454 3562 703 3619 salutem.
734 3563 841 3635 (Ec
872 3561 1171 3636 Gregorio.)
1195 3565 1333 3633 Quid
1366 3566 1425 3622 in
1448 3568 1644 3634 cauda,
1668 3568 1772 3623 nisi
1802 3566 1928 3624 ﬁnis
1955 3574 2040 3623 est

458 3655 740 3725 corporis?
768 3666 825 3713 et
848 3657 940 3713 illa
966 3658 1108 3713 bene
1133 3658 1403 3725 immolat,
1434 3660 1527 3731 qui
1555 3660 1881 3716 sacrificium
1909 3661 2036 3716 boni

452 3746 635 3816 operis
690 3762 865 3818 usque
911 3748 984 3805 ad
1029 3748 1196 3808 finem
1240 3750 1437 3806 debitae
1484 3753 1734 3822 perducit
1782 3752 2034 3809 actionis.

452 3837 635 3897 Cauda
679 3854 810 3910 ergo
850 3841 1042 3897 hostias
1089 3842 1145 3898 in
1192 3842 1364 3899 altare
1392 3842 1574 3898 offerri
1605 3844 1939 3914 praecipitur,
1978 3851 2039 3897 ut

450 3932 703 3989 videlicet
727 3948 890 3990 omne
929 3936 1132 3990 bonum
1171 3951 1297 3993 cum
1344 3937 1635 4007 incipimus
1660 3937 1826 3993 etiam
1853 3950 2040 4008 persus-

449 4032 679 4080 verante
699 4025 809 4081 ﬁne
839 4027 1224 4096 eompleamus.
1276 4026 1386 4100 (Ec
1425 4028 1736 4101 Hesychia.)
1778 4029 1913 4085 Nota
1942 4044 2038 4084 au-

451 4119 562 4173 tem
584 4114 710 4181 quia
739 4120 1075 4182 quaecunque
1100 4116 1157 4169 in
1184 4116 1455 4173 sacriﬁcio
1483 4118 1855 4186 paciﬁcorum,
1893 4132 1958 4173 ea
1982 4127 2036 4173 et

452 4203 513 4259 in
536 4205 640 4265 hoc
665 4205 933 4263 sacriﬁcio
956 4206 1213 4275 praecepit
1240 4206 1357 4261 ﬁeri
1385 4227 1397 4261 :
1423 4210 1634 4279 adipem
1654 4209 1807 4278 jubet
1830 4210 2034 4265 offerri.

457 4295 741 4351 Desiderat
774 4295 921 4350 enim
965 4295 1213 4359 Christus
1242 4300 1298 4351 et
1322 4308 1469 4363 eum,
1514 4301 1607 4368 qui
1652 4301 1835 4370 gravia
1878 4301 2039 4359 habet

455 4394 677 4458 peccata
715 4385 958 4454 salvare;
995 4402 1121 4459 cum
1155 4387 1312 4461 adipe
1358 4389 1651 4445 secundum
1682 4390 2037 4463 Septuaginta

450 4488 507 4533 et
534 4478 777 4535 lumbum
810 4478 990 4536 ufi‘ert.
1022 4480 1209 4551 Neque
1236 4481 1381 4536 enim
1409 4482 1749 4539 solummodo
1774 4487 1876 4541 hoc
1896 4486 2031 4551 vult,

451 4571 547 4625 sed
566 4576 621 4624 et
641 4561 819 4639 potest
836 4591 849 4625 :
866 4572 1084 4628 lumbus
1105 4546 1287 4629 autem
1310 4582 1518 4644 utpote
1544 4574 1682 4630 forte
1706 4546 2030 4642 membrum,
2058 4546 2113 4607 D

452 4658 725 4731 signiﬁcat
752 4661 1032 4718 virtutem.
1059 4663 1205 4720 Duos
1227 4665 1552 4719 rcnuucnlos
1573 4675 1627 4720 et
1648 4666 2031 4737 pinguedinem

450 4767 574 4823 qua
610 4752 769 4824 juxta
806 4755 896 4810 ilia
935 4765 1039 4823 est,
1077 4759 1190 4813 vult
1228 4759 1428 4830 quippe
1455 4758 1688 4814 maxime
1714 4760 2036 4829 pteuitentis

452 4846 705 4901 mandari
762 4846 1072 4909 interiorem
1118 4851 1414 4916 hominem,
1450 4851 1564 4906 vult
1616 4852 1780 4906 etiam
1835 4851 2035 4907 habere

452 4950 579 4997 eum
607 4944 663 4991 at
687 4937 1017 5005 castitatem,
1050 4950 1271 5010 propter
1295 4944 1437 5012 quod
1469 4958 1577 4999 non
1609 4944 1781 4998 solum
1820 4956 2029 5009 renum,

454 5030 551 5086 sed
581 5038 639 5093 et
663 5030 879 5085 iliorum
914 5032 999 5087 vel
1034 5033 1299 5089 femorum
1345 5035 1727 5105 pinguedinem
1777 5050 1870 5088 seu
1914 5036 2035 5089 adi—

453 5136 581 5192 pem
621 5118 807 5176 oficrri
840 5122 1022 5191 jussit,
1056 5126 1183 5192 quia
1227 5127 1341 5180 haec
1368 5128 1763 5182 commistionis
1792 5127 2034 5181 ministe-

454 5213 535 5269 ria
561 5220 618 5268 et
642 5212 908 5268 seminum
934 5223 1210 5283 putantur.
1253 5217 1387 5272 Cum
1427 5220 1512 5274 his
1552 5220 1713 5273 etiam
1749 5217 2033 5271 reticulum

450 5300 679 5374 jecoris,
701 5304 807 5371 vel,
825 5305 967 5361 sicut
988 5306 1647 5379 Septuaginta,pinuui;un
1678 5312 1887 5380 licpzztis
1910 5327 2035 5366 cum

458 5395 770 5451 renunculis
808 5396 1013 5452 auferri
1056 5401 1332 5471 praecepit,
1377 5409 1431 5456 et
1471 5399 1653 5457 offerri
1678 5420 1801 5458 cum
1830 5404 1951 5460 aliis
1978 5406 2032 5459 in

459 5486 622 5541 altari
649 5487 880 5543 hostiam
902 5488 1129 5545 Domino
1152 5507 1167 5555 ;
1194 5491 1312 5546 vult
1331 5492 1477 5547 enim
1499 5508 1620 5547 cum
1645 5494 1737 5563 qui
1767 5496 2036 5563 pu-niten-

368 5650 371 5655 ν
458 5576 593 5632 tiam
631 5580 764 5648 agit,
803 5581 1295 5651 concupiscentiam
1343 5584 1617 5653 propriam
1663 5599 1769 5639 non
1806 5586 2032 5653 habere,

459 5671 555 5723 sed
572 5685 787 5727 omnem
811 5688 932 5729 eam
954 5674 1149 5731 ofierre
1170 5675 1297 5740 Deo,
1329 5677 1455 5746 quia
1478 5678 1624 5732 enim
1652 5681 2037 5749 concupiscen-

462 5764 567 5822 tias
609 5764 724 5823 sive
758 5764 1026 5825 desideria
1061 5770 1115 5824 in
1155 5769 1352 5841 hepate
1390 5770 1597 5825 moveri
1635 5769 1822 5828 dicunt
1853 5777 1908 5827 et
1932 5784 2036 5829 nu-

2141 3310 2265 3352 cum
2297 3297 2364 3351 iis
2392 3306 2624 3366 quorum
2660 3294 2855 3354 delicta
2900 3297 3392 3368 repropitiaverint.
3441 3295 3589 3363 Quid
3629 3309 3717 3349 au-

2143 3396 2252 3442 tem
2287 3396 2371 3443 est
2411 3388 2774 3459 repropitiare
2816 3387 3067 3444 delictum
3097 3406 3109 3442 :
3138 3388 3183 3442 si
3211 3387 3583 3457 assumpseris
3607 3398 3720 3457 pec-

2140 3488 2412 3549 catorem,
2468 3494 2523 3540 et
2570 3483 2881 3550 monendo,
2943 3481 3248 3547 hortando,
3309 3478 3598 3548 docendo,
3647 3476 3717 3533 in.

2141 3576 2401 3630 struendo
2440 3575 2730 3632 adduxeris
2753 3588 2877 3630 eum
2907 3575 2975 3630 ad
3000 3572 3399 3644 pmniwntiam,
3439 3566 3512 3627 ab
3541 3580 3717 3627 errore

2141 3668 2469 3734 correxeris,
2506 3684 2538 3724 a
2574 3667 2722 3723 vitiis
2749 3665 3145 3731 emendaret-is,
3198 3662 3253 3721 et
3302 3662 3560 3718 efieceris
3605 3670 3716 3717 eum

2140 3763 2300 3817 talem
2348 3770 2406 3818 ut
2446 3763 2497 3818 ei
2543 3766 2806 3818 converso
2844 3760 3111 3833 propitius
3156 3760 3250 3816 ﬁat
3293 3756 3461 3823 Deus,
3501 3772 3608 3829 pro
3635 3757 3717 3811 de-

2138 3852 2269 3909 licto
2293 3853 2676 3924 repropittasse
2702 3848 2939 3919 diceris;
2980 3851 3026 3907 si
3055 3864 3185 3921 ergo
3206 3850 3332 3905 talis
3352 3846 3523 3904 fueris
3554 3862 3720 3903 sacer-

2140 3948 2253 4009 dos,
2289 3952 2342 4001 et
2379 3944 2503 4001 talis
2534 3942 2699 4000 fuerit
2723 3940 2968 3999 doctrina
3004 3952 3094 3997 tua
3130 3949 3185 3998 et
3217 3956 3399 3997 sermo
3424 3948 3577 4006 tuus,
3602 3951 3719 4010 pars

2142 4040 2237 4095 tibi
2263 4038 2425 4095 datur
2450 4046 2640 4094 eorum
2680 4048 2819 4109 quos
2855 4036 3184 4101 correxeris,
3225 4040 3286 4089 ut
3314 4034 3534 4088 illorum
3569 4030 3720 4088 meri-

2142 4136 2253 4186 tum
2279 4138 2369 4185 tua
2408 4140 2619 4186 merces
2646 4128 2737 4194 sit,
2769 4130 2823 4184 et
2851 4128 3063 4184 illorum
3100 4127 3246 4183 salus
3276 4134 3366 4181 tua
3395 4122 3597 4196 gloria.
3620 4122 3719 4178 Aut

2140 4240 2247 4280 non
2274 4233 2328 4279 et
2362 4222 2653 4294 Apostolds
2678 4222 2797 4278 hate
2820 4221 3057 4278 ostendit
3089 4220 3180 4275 ubi
3214 4206 3347 4274 dicit
3373 4237 3386 4272 :
3419 4216 3567 4283 Quia
3590 4213 3722 4288 quod

2137 4317 2634 4386 sitpertediﬁcaverit
2676 4318 2793 4388 quis
2850 4314 3139 4369 mercedem
3181 4312 3399 4382 accipiet
3444 4308 3551 4384 (II
3603 4308 3717 4364 Cor.

2138 4408 2247 4479 ιιι).
2311 4404 2617 4478 intelligant
2669 4404 2835 4479 igitur
2885 4404 3195 4460 sacerdotes
3242 4399 3455 4456 Domini
3503 4398 3600 4453 ubi
3644 4402 3721 4451 est

2139 4502 2223 4557 eis
2262 4501 2385 4555 data
2428 4500 2626 4571 portio,
2663 4500 2718 4555 et
2766 4499 2821 4553 in
2859 4498 2963 4554 hoc
3000 4498 3194 4548 vacent
3228 4498 3394 4560 atque
3448 4491 3539 4546 his
3596 4504 3718 4560 ope-

2142 4607 2258 4644 ram
2310 4592 2476 4654 dent,
2534 4603 2639 4641 non
2692 4601 2751 4640 se
2785 4583 3035 4640 inanibus
3081 4591 3138 4639 et
3182 4578 3470 4651 super-finis
3515 4581 3721 4636 actibus

2141 4679 2439 4751 implicent,
2458 4678 2549 4735 sed
2572 4680 2748 4734 sciant
2766 4688 2825 4734 se
2840 4678 2894 4731 in
2917 4670 3064 4731 nullo
3084 4676 3189 4730 alio
3210 4676 3418 4746 partem
3444 4662 3721 4730 habituros

2142 4773 2284 4843 apud
2327 4770 2495 4828 Deum
2521 4813 2534 4836 ,
2578 4770 2683 4826 nisi
2712 4771 2763 4824 in
2795 4778 2859 4825 eo
2909 4768 3050 4839 quod
3077 4765 3309 4823 offerant
3334 4780 3430 4837 pro
3463 4764 3719 4839 peccatis.

2140 4866 2194 4921 id
2219 4874 2321 4930 est,
2345 4862 2488 4934 quod
2512 4874 2541 4916 ιι
2565 4863 2650 4917 via
2676 4860 2880 4931 peccati
2901 4859 3270 4915 converterint
3291 4861 3655 4927 pec’catorem‘.

2214 4952 2470 5009 Sacerdos
2522 4954 2610 5023 qui
2650 4938 2828 5023 offeret
2877 4950 3168 5004 holocausti
3217 4948 3479 5002 victimam
3518 4940 3720 4999 habebit

2139 5042 2323 5116 pellem
2347 5044 2501 5114 ejus;
2532 5053 2579 5097 et
2627 5054 2777 5096 omne
2806 5041 3124 5111 sacriﬁcium
3160 5030 3349 5093 similae
3374 5034 3515 5109 quod
3548 5034 3722 5106 coqui-

2141 5146 2228 5189 tur
2255 5137 2313 5190 in
2341 5134 2569 5199 clibano,
2617 5143 2663 5189 et
2699 5131 2955 5205 quidquid
2984 5132 3038 5185 in
3069 5128 3325 5189 craticula
3356 5127 3432 5183 vel
3460 5129 3520 5183 in
3544 5134 3719 5182 sarta—

2140 5227 2259 5298 gine
2286 5236 2634 5299 prmparatur,
2685 5226 2797 5297 ejus
2823 5227 2918 5279 erit
2944 5224 3227 5282 sacerdotis
3259 5241 3290 5276 α
3333 5238 3436 5293 quo
3462 5218 3720 5290 oﬂ'ertur;

2142 5319 2247 5372 sive
2296 5308 2407 5373 oleo
2436 5324 2731 5389 conspersa,
2781 5315 2886 5370 sive
2927 5312 3079 5370 arida
3117 5313 3305 5384 fuerit,
3356 5313 3555 5366 cunctis
3599 5308 3720 5379 [illis

2141 5413 2319 5469 Aaron
2340 5420 2490 5481 (aqua
2520 5416 2764 5461 mensura
2787 5423 2879 5476 per
2898 5402 3128 5476 singulos
3154 5394 3431 5459 dividetur.
3471 5392 3723 5472 Legimus

2139 5502 2193 5557 in
2232 5500 2367 5555 libro
2413 5496 2535 5562 Job,
2594 5496 2735 5569 quod
2790 5486 3044 5549 laudante
3099 5494 3327 5548 Domino
3376 5482 3556 5571 ipsum
3600 5486 3720 5551 Job,

2140 5590 2306 5645 Satan
2338 5586 2711 5657 responderit:
2768 5582 2963 5639 Pellem
2992 5596 3086 5655 pro
3134 5583 3266 5655 pelle
3293 5591 3341 5637 et
3381 5590 3571 5635 cuncta
3608 5592 3725 5650 qua

2136 5683 2286 5737 habet
2311 5682 2462 5735 homo
2491 5680 2631 5735 dabit
2663 5688 2756 5750 pro
2782 5681 2960 5733 anima
2996 5692 3093 5733 sua
3121 5672 3262 5748 (Job.
3296 5678 3379 5753 ιι).
3413 5667 3524 5753 [Ε’άὲ
3555 5675 3722 5742 Hecy-

2136 5767 2300 5843 chio.]
2342 5770 2483 5841 Ergo
2524 5766 2701 5842 pellis,
2745 5768 3053 5825 divitiarum
3097 5766 3526 5832 circumstantia,
3566 5758 3722 5841 quasi
