3940 6352
195 386 306 448 “allii

741 429 750 435 _
845 385 852 422 a
901 405 904 410 -
1111 371 1734 443 ematTmNEs-m
1765 355 2430 436 LEVITICliM.—'-:iiiB;
2467 355 2566 436 n3;
2657 377 2664 398 ί
2759 355 2766 392 ’-

3353 375 3456 439 sio

201 503 902 564 exterius‘cimutnMsc'st
933 500 1237 566 licinium,
1270 504 1435 570 quam
1461 495 1660 553 oﬁ'erre
1685 496 1849 558 in-s‘A
1870 493 2108 550 lentib‘ns
2127 493 2338 552 lii‘rcuiti
2365 499 2457 549 aut
2479 501 2639 550 ovem
2670 495 2762 550 aut
2793 507 2892 567 par
2920 489 3196 551 tul-turnia
3223 501 3314 552 aut
3334 499 3425 570 poi

188 593 449 671 tetigisti?
465 591 747 652 sacerdoti
783 597 837 650 hi
865 597 958 666 qui
997 589 1187 650 volunt
1221 591 1604 648 holocaustum
1649 588 1770 645 ﬁeri

203 693 675 760 ωυωιςτιρνψιεν
705 685 867 758 quod
917 689 978 742 tu
1022 689 1116 757 qui
1145 672 1412 742 Micios:
1462 683 1771 754 apostotteae

201 784 548 846 credng
568 781 856 836 rendam;
882 779 1201 835 substantias
1231 787 1360 832 suas
1375 777 1444 832 ad
1472 779 1624 848 pedes
1641 773 1772 847 apo-

201 880 432 936 «alth
463 877 724 947 ponebant
771 875 909 947 (Act;
953 873 1054 943 tv).
1106 874 1244 942 Quia
1275 879 1404 943 ergo
1432 869 1626 943 pellem
1667 885 1770 940 pro

200 972 340 1043 pelle
375 971 530 1032 dixit,
593 968 898 1024 necessarie
945 967 1260 1022 divitiarum
1307 961 1768 1021 circumstantiam

200 1069 346 1133 quam
372 1061 605 1130 perdidit
652 1061 753 1116 Joh
778 1076 878 1131 pro
922 1061 1182 1131 patientia
1221 1069 1338 1130 qute
1361 1060 1414 1115 ei
1445 1053 1634 1114 relicta
1687 1066 1770 1112 est

200 1153 562 1226 intelligimus”;
614 1153 804 1225 pellem
831 1161 1039 1211 autem.
1071 1154 1195 1223 quia
1232 1151 1400 1206 multa
1435 1163 1498 1206 ex
1522 1151 1586 1204 ea
1612 1145 1768 1204 utilia

197 1241 334 1310 ﬁunt,
365 1245 678 1314 patientiam
726 1245 1066 1315 proﬁtemur,
1118 1259 1236 1313 qtae
1267 1242 1434 1297 multa
1478 1243 1766 1310 acquired-

195 1337 325 1390 tlbiis
352 1347 411 1391 se
438 1337 687 1406 providet
712 1338 852 1392 bona
880 1354 894 1402 ;
943 1337 1071 1406 quia
1097 1341 1277 1389 autem
1307 1331 1649 1403 intelligihile
1680 1331 1768 1386 hic

197 1426 436 1480 describit
483 1426 916 1493 holocaustuum,
970 1429 1084 1497 ipse
1131 1437 1318 1480 textus
1365 1425 1625 1479 ostendit;
1681 1423 1772 1476 Ait

194 1517 324 1569 enim
350 1529 363 1568 ξ
405 1515 664 1570 Sacerdos
695 1518 784 1580 qui
814 1519 995 1586 ὀπώπει
1026 1518 1323 1572 holocaustl
1343 1516 1630 1579 victimam,
1664 1521 1769 1568 ben

191 1607 358 1671 boum,
393 1616 487 1661 aut
507 1610 712 1674 ovium,
743 1617 836 1663 aut
882 1611 1113 1664 aliorum
1166 1609 1447 1670 similium,
1477 1606 1570 1661 sed
1597 1597 1773 1661 homio

188 1699 292 1762 nis;
334 1700 423 1753 ubi
467 1701 614 1754 enim
645 1708 752 1755 nou
793 1702 977 1755 abhis
1024 1703 1115 1770 qui
1155 1699 1411 1765 offerunt,
1461 1700 1556 1755 sed
1583 1701 1650 1754 ab
1688 1699 1770 1753 his

177 1804 293 1858 quae
316 1789 640 1857 oderantur,
693 1793 962 1847 sacriﬁcia
991 1792 1426 1857 considerantur,
1459 1791 1767 1846 necessarie

1869 585 1952 645 los
1974 573 2346 644 columbarum
2370 583 2569 644 nilei-ro
2597 590 2651 644 in
2675 589 3024 646 sacriﬁcium.
3409 615 3411 618 ⁴

1941 676 2054 736 Hoc
2079 677 2261 736 autem
2286 679 2393 735 etsi
2443 677 2768 736 sacriﬁcium
2812 680 3114 738 Salvatoris
3165 681 3456 754 sigitiﬁCat,

1868 780 2053 829 tamen
2090 774 2218 844 quia
2244 771 2352 828 rion
2384 771 2668 845 theologia:
2697 773 2892 844 ’gratia,
2944 775 3037 831 sed
3062 773 3225 831 causa
3257 767 3459 832 utilita-

1870 868 1942 922 tis
1979 863 2262 923 offerentis
2309 867 2576 938 przecepta
2604 871 2715 934 est,
2748 877 2802 925 et
2833 869 2976 925 hanc
3002 869 3130 925 ﬁliis
3158 865 3339 926 Aaron
3367 869 3460 926 de-

1867 963 2097 1032 putavit.
2152 963 2258 1035 (Ea:
2289 961 2554 1036 Origene.)
2589 963 2928 1020 Sacriﬁcium
2951 964 3174 1035 jubetur
3203 966 3459 1022 salutaris

1870 1059 1924 1112 in
1953 1060 2073 1113 oleo
2099 1059 2237 1124 ﬁeri,
2277 1060 2417 1113 sicut
2447 1075 2607 1134 supra
2652 1057 2765 1132 jam
2793 1061 3030 1116 diximus
3056 1081 3068 1116 :
3124 1059 3457 1117 sacriﬁcium

1865 1166 1999 1206 vero
2047 1168 2145 1221 pro
2183 1162 2405 1221 peccato
2435 1153 2542 1206 non
2593 1153 2654 1206 ﬁt
2687 1151 2741 1207 in
2777 1155 2916 1209 oleo.
2955 1154 3096 1209 Dicit
3147 1154 3312 1220 enim,
3355 1171 3458 1209 non

1867 1246 2170 1315 superponi!
2200 1245 2247 1299 ei
2277 1240 2469 1311 victim,
2514 1237 2763 1316 qitoiil'am
2809 1249 2902 1316 pro
2927 1249 3135 1317 peccato
3172 1251 3266 1301 'es't.
3302 1243 3458 1312 Quod

1869 1351 1997 1407 ergo
2027 1354 2123 1399 pro
2159 1347 2381 1408 peccato
2411 1346 2512 1402 est,
2544 1355 2643 1393 nec
2672 1340 2850 1393 oleum
2879 1339 3078 1394 laetitiae
3098 1341 3168 1401 ei,
3203 1355 3304 1394 nec
3332 1339 3460 1394 thus

1871 1430 2154 1483 suavitatis
2191 1431 2523 1501 imponitur:
2571 1419 2922 1500 peccantibus
2962 1431 3104 1484 enim
3144 1429 3273 1484 dicit
3315 1429 3461 1500 Apo-

1874 1519 2074 1574 stolus:
2112 1521 2176 1574 Et
2222 1521 2424 1591 lugeam
2453 1541 2538 1576 eos
2578 1523 2669 1593 ηυξ
2701 1527 2822 1576 aulo
2866 1523 3227 1590 peccaverunt,
3263 1532 3307 1575 et
3356 1527 3460 1576 non

1872 1623 2085 1682 egerunt
2115 1615 2469 1682 ptrititentiam
2515 1615 2596 1686 (11
2647 1613 2768 1669 Cor.
2813 1616 2933 1687 xn).
2997 1607 3108 1669 Nec
3151 1597 3286 1668 odor
3314 1613 3367 1667 in
3397 1627 3462 1668 eo

1872 1706 2156 1760 suavitatis
2193 1713 2292 1770 “est,
2338 1707 2463 1776 quia
2500 1724 2561 1762 ex
2595 1724 2824 1778 persona
2874 1707 3180 1778 peccatoris
3222 1705 3458 1760 dicitur:

1871 1793 2312 1865 Computruerunt
2370 1807 2416 1850 ef
2483 1808 2742 1868 corrupta:
2811 1806 2931 1850 sunt
2996 1797 3264 1850 cicatrices
3332 1812 3462 1850 mea:

179 1883 487 1936 animalium
532 1885 869 1937 mentibnem
915 1885 1044 1938 facit
1070 1903 1082 1937 :
1134 1885 1222 1938 hic.
1243 1891 1421 1937 autem
1456 1884 1581 1952 quia
1611 1897 1765 1951 aper—
1793 1853 1840 1917 Β
1870 1853 2041 1958 (Psal.
2082 1886 2308 1957 Skxvn).
2338 1881 2445 1942 Cor
2475 1905 2601 1957 ergo
2625 1853 2710 1942 est
2744 1885 2979 1942 hominis
3007 1887 3273 1951 clibanus,
3315 1887 3460 1942 istud

175 1972 276 2026 tius
303 1973 478 2027 voluit
529 1973 877 2028 introducere
913 1989 1196 2044 personam
1226 1974 1478 2038 Domini,
1514 1975 1766 2029 sacerdo-

168 2069 278 2116 tem
307 2065 496 2134 posufl;
530 2063 902 2119 belccaustum
934 2063 1169 2120 hominis
1208 2064 1564 2131 offerentem;
1608 2063 1765 2120 intel-

175 2154 392 2225 ligibilia
419 2158 567 2210 enim
600 2161 779 2211 itosu'a
824 2153 1138 2212 holocausta
1177 2157 1325 2212 solus
1355 2156 1606 2212 Christus
1634 2157 1765 2213 oile-

184 2253 280 2309 ret,
310 2244 376 2298 ad
405 2246 558 2314 cujus
608 2245 966 2301 imitationem
995 2262 1181 2302 eorum
1221 2247 1413 2301 hostia!
1455 2243 1509 2302 et
1535 2261 1764 2302 conver-

189 2337 413 2391 sationes
439 2339 743 2392 studeatur.

250 2431 362 2485 Non
392 2431 564 2486 solum
597 2444 776 2487 autent
811 2431 864 2486 in
904 2433 1023 2504 ejus
1068 2429 1349 2499 doctrinis,
1383 2433 1478 2489 sed
1514 2443 1567 2488 et
1592 2433 1646 2489 ih
1675 2447 1764 2491 re-

189 2531 358 2590 spectu
412 2521 527 2589 ejus
584 2526 900 2594 patientiam
957 2527 1009 2578 in
1070 2527 1416 2595 passiouibus
1473 2529 1756 2595 habennls,

189 2610 340 2666 Paulo
367 2613 615 2669 dicente:
659 2614 956 2685 Rccogitdte
992 2619 1165 2670 autem
1195 2627 1315 2670 eunt
1337 2620 1426 2687 qui
1457 2620 1613 2672 talem
1648 2638 1765 2674 sus-

189 2705 327 2759 tinuit
379 2715 412 2759 η
461 2708 824 2776 peccirtmibus
869 2709 1115 2764 adversus
1175 2711 1509 2781 semetipsum
1557 2717 1770 2767 contra-

187 2795 463 2864 dictionem,
527 2807 582 2851 ut
621 2805 683 2852 ne
719 2799 1009 2870 [aligemini
1038 2801 1228 2854 animis
1258 2799 1439 2856 vestris
1469 2803 1766 2872 deﬁcientes

189 2883 353 2955 (Hebr.
389 2888 508 2959 an);
553 2888 685 2944 Post
708 2891 822 2945 lucc
852 2890 986 2945 dixit
1013 2909 1028 2946 :
1084 2889 1252 2946 Obiite
1279 2895 1600 2963 sacrificium
1630 2896 1767 2966 quod

185 2981 402 3048 coquitur
443 2983 497 3036 in
535 2981 762 3047 clibano,
789 2992 836 3037 et
883 2985 1138 3055 quidquid
1182 2986 1237 3038 in
1289 2986 1543 3039 craticula
1592 2987 1668 3040 vel
1715 2988 1770 3042 iit

188 3075 424 3142 sartagine
441 3081 808 3146 praeparatur,
837 3076 952 3146 ejus
974 3077 1070 3131 erit
1094 3077 1380 3133 sacerdotis
1404 3096 1435 3133 (ι
1463 3097 1563 3151 quo
1585 3079 1770 3150 olferé-

1868 1987 2046 2030 autcm
2090 1993 2200 2040 cor,
2250 1979 2294 2032 si
2327 1980 2455 2032 vitia
2508 1980 2906 2044 sueeenderint,
2951 1979 3034 2034 vel
3081 1977 3328 2034 diabolus
3378 1977 3461 2032 in-

1865 2065 2250 2133 ﬂammaverlt,
2284 2085 2388 2121 non
2420 2079 2634 2137 coquet,
2685 2069 2777 2124 sed
2810 2077 3034 2134 exuret;
3068 2070 3113 2125 si
3138 2086 3268 2125 vero
3296 2069 3384 2124 ille
3406 2069 3462 2124 id

1867 2158 2210 2213 succenderit
2241 2160 2330 2228 qui
2366 2159 2500 2213 dixit
2525 2179 2536 2212 :
2581 2159 2763 2228 Ignem
2792 2163 2904 2214 veni
2931 2160 3133 2214 mittere
3163 2161 3217 2213 in
3240 2172 3459 2227 terram,

1865 2263 2035 2321 panes
2085 2249 2490 2320 Scripturarunt
2547 2237 2851 2305 divinarum
2904 2259 2959 2306 et
2999 2255 3310 2306 sermonum
3343 2251 3457 2317 Dei,

1866 2359 2002 2412 quos
2035 2344 2089 2396 in
2126 2341 2288 2398 corde
2335 2343 2591 2413 Suscipio,
2628 2347 2732 2397 'non
2781 2360 2950 2399 exuro
2979 2343 3044 2397 ad
3077 2343 3457 2415 perditionem,

1867 2433 1960 2487 sed
1990 2447 2166 2502 coquo
2197 2434 2261 2486 ad
2288 2432 2637 2488 sacriﬁcium.
2688 2433 2753 2488 Et
2795 2433 3040 2489 fortassis
3064 2429 3154 2489 illa
3186 2434 3344 2506 coqui
3376 2431 3460 2487 di-

1869 2533 2065 2578 cuntur
2092 2526 2142 2578 in
2183 2525 2427 2587 clibano,
2479 2539 2599 2595 ane
2629 2525 2889 2581 interiora
2921 2520 3047 2582 sunt
3075 2536 3129 2581 ct
3158 2527 3457 2592 recondita,

1867 2621 1968 2672 tice
1999 2617 2227 2688 proﬁtrr‘l
2281 2613 2438 2672 facile
2483 2617 2551 2673 ad
2601 2620 2790 2691 vulgus
2838 2621 3084 2691 possunt.
3147 2615 3461 2676 Sentehim

1867 2709 2033 2762 multa
2068 2708 2121 2761 in
2153 2706 2449 2777 Scripturis
2492 2707 2687 2763 divinis
2735 2703 3044 2778 huiusmodi
3079 2729 3093 2764 :
3148 2697 3289 2765 siclut
3320 2710 3461 2780 apud

1866 2799 2229 2866 Ezechielem,
2264 2807 2385 2855 eum
2413 2800 2497 2855 vel
2528 2801 2591 2856 de
2627 2799 2906 2865 cherubin,
2949 2802 3028 2857 vel
3073 2801 3138 2858 'de'
3163 2797 3275 2856 Deo
3312 2809 3367 2856 et
3396 2799 3462 2854 de

1871 2893 1962 2948 illa
1990 2893 2276 2962 magniﬁca
2297 2895 2507 2948 visione
2537 2893 2884 2948 describitur.
2933 2891 3059 2946 llrec
3085 2891 3217 2946 "siin
3247 2890 3461 2946 clibano

1871 2995 1977 3041 non
2003 2995 2324 3056 coquantur,
2393 2987 2600 3042 comedi
2640 2987 2711 3040 ita
2744 2993 2803 3039 ut
2832 2991 2958 3039 sunt
2996 2977 3165 3039 ‘cruda
3208 2989 3314 3037 nos
3340 2995 3463 3052 pos.

1863 3085 2027 3144 sunt,
2076 3085 2249 3148 neque
2285 3079 2426 3132 enim
2468 3079 2792 3133 eredendum
2835 3081 2918 3132 est
2974 3074 3117 3146 quod
3153 3075 3223 3130 sit
3264 3073 3461 3128 animal

191 3169 299 3224 lui:
327 3165 785 3222 reminiscendum
825 3173 910 3223 est
957 3167 1082 3238 quia
1113 3169 1384 3225 sacrificia
1413 3171 1528 3226 hazc
1561 3171 1770 3228 theolo-
1811 3238 1822 3241 _
1871 3171 2138 3240 quoddam
2173 3171 2224 3225 in
2254 3169 2427 3224 forma
2457 3169 2627 3224 leonis
2661 3170 2894 3241 positum
2923 3183 3030 3238 quo
3058 3169 3290 3222 vehatur
3319 3165 3462 3222 Deus

193 3255 280 3324 εἰῶ
314 3269 428 3312 esse
470 3259 740 3330 unigeniti
779 3260 1205 3330 dispensationis
1251 3261 1510 3329 diximus,
1547 3272 1599 3318 et
1635 3264 1764 3319 illud
1793 3238 1838 3304 C
1867 3238 1953 3317 vel
1986 3259 2130 3315 aliud
2163 3261 2214 3316 in
2245 3251 2415 3316 i‘orma
2456 3259 2630 3326 vituli,
2662 3238 2773 3314 aut
2805 3260 3016 3329 aquilae.
3075 3258 3201 3313 Hmc‘
3248 3261 3378 3329 ergo
3408 3255 3462 3312 et

193 3348 388 3413 quidem
431 3351 576 3419 quod
623 3359 707 3406 est
750 3350 819 3407 de
868 3350 1115 3419 clibano,
1168 3353 1402 3409 diximus
1460 3355 1766 3425 signiﬁcare

194 3436 408 3509 Virginis
443 3444 687 3514 parturit.
718 3443 873 3511 Quod
900 3445 1032 3499 tero
1056 3443 1122 3499 de
1149 3445 1425 3517 sartagine
1451 3455 1556 3512 est,
1583 3448 1763 3502 crucis

193 3532 518 3602 passionem;
575 3531 707 3590 illud
738 3539 904 3591 etiam
953 3535 1097 3607 quod
1153 3537 1219 3592 de
1266 3537 1529 3593 craticula
1579 3547 1682 3604 est,
1736 3555 1765 3593 a

195 3632 358 3679 morte
391 3629 864 3697 resurrectionem,
923 3630 1187 3685 rationem
1226 3631 1282 3685 in
1337 3632 1587 3685 omnibus
1638 3631 1763 3686 red-

195 3711 392 3783 denles,
439 3717 493 3773 et
521 3717 875 3790 probationes
912 3731 1050 3791 quas
1103 3719 1388 3791 oportebat
1425 3720 1763 3789 adjicientcs.

197 3804 310 3872 Quia
331 3815 454 3880 ergo
477 3809 597 3865 hinc
628 3811 912 3883 theologia;
938 3813 1326 3867 incarnationis
1349 3814 1592 3884 proxima
1621 3821 1762 3876 sunt,

195 3903 478 3956 necessarie
506 3903 808 3958 sacerdotis
843 3903 1123 3957 offerentis
1150 3913 1293 3968 eam,
1343 3901 1545 3958 Christi
1575 3904 1764 3958 videli-

197 3991 401 4045 cetnati
441 3999 498 4045 et
527 3992 672 4061 passi
720 4000 775 4046 et
814 3994 1150 4062 resurgentis
1201 4001 1302 4047 est.
1348 3987 1457 4048 Sed
1507 3994 1768 4048 nimirum

198 4092 368 4135 novum
423 4081 522 4136 tibi
573 4076 790 4138 videtur
835 4076 981 4154 quod
1033 4081 1294 4138 infertur:
1343 4073 1464 4140 Sive
1505 4085 1618 4138 oleo
1648 4099 1771 4138 con-

198 4187 349 4242 spersa
371 4216 387 4242 ,
427 4177 535 4230 sive
558 4175 712 4230 arida
741 4177 963 4248 fuerint,
991 4178 1190 4231 Cunctis
1233 4177 1362 4248 ﬁliis
1394 4177 1572 4231 Aaron
1619 4187 1768 4247 a'qtia

199 4269 415 4322 tnensura
454 4284 548 4338 per
597 4269 830 4340 singulos
876 4267 1157 4324 dividetur.
1195 4269 1561 4340 Conspe'rsnm
1601 4271 1770 4340 siqui-

203 4352 301 4409 dem
343 4359 394 4411 in
421 4358 542 4414 oleo
582 4359 911 4413 sacriﬁcium
944 4361 1010 4414 de
1035 4360 1210 4414 simila
1238 4361 1384 4421 dicit,
1415 4360 1557 4430 quod
1588 4377 1686 4414 nec
1711 4363 1765 4416 in

203 4445 406 4515 cllbano,
438 4465 541 4505 nec
563 4452 617 4505 in
650 4452 924 4522 sartagine
961 4451 1045 4505 vel
1101 4453 1153 4506 in
1184 4452 1442 4508 craticula
1491 4454 1762 4507 mittitur:

203 4552 308 4609 ergo
339 4552 390 4596 et
420 4544 589 4612 ipsam
618 4555 738 4597 esse
771 4543 1097 4612 theologiam
1135 4546 1392 4609 diximus,
1442 4546 1539 4598 sed
1570 4555 1672 4598 non
1699 4545 1764 4598 de

1867 3352 1912 3407 si
1943 3361 2046 3423 qlia
2076 3351 2379 3424 ltujttSmodi
2407 3353 2550 3418 Sunt,
2604 3353 2708 3407 nan
2741 3359 2866 3407 situt
2905 3343 3071 3406 cruda
3110 3346 3453 3419 proferenda,

1866 3441 1960 3499 sed
2009 3444 2065 3498 in
2096 3443 2273 3498 cordis
2320 3441 2532 3497 clibaub
2579 3449 2704 3498 sunt
2751 3440 3052 3512 coquenda.
3107 3435 3235 3493 Tria
3273 3437 3459 3507 itaque

1868 3543 1993 3589 sunt
2039 3531 2153 3588 haec
2181 3535 2236 3588 id
2265 3535 2462 3604 quibus
2511 3535 2643 3589 dicit
2694 3533 2959 3588 sacrificia
3005 3532 3206 3587 debere
3250 3535 3461 3602 pracpa-

1858 3625 1977 3679 rari
2007 3645 2018 3678 :
2057 3626 2108 3678 in
2148 3625 2382 3690 cllbano,
2417 3626 2470 3679 in
2505 3627 2800 3696 sartagine,
2835 3625 2888 3679 iu
2916 3623 3217 3689 craticula;
3250 3631 3304 3677 et
3329 3623 3463 3691 puto

1868 3712 2010 3782 quod
2037 3712 2280 3767 clibanus
2309 3715 2604 3768 secundum
2635 3713 2717 3766 sui
2744 3711 2996 3775 formam,
3028 3707 3381 3782 profundiora
3407 3718 3465 3764 et

1867 3819 1932 3859 ea
1964 3817 2083 3874 qua:
2123 3813 2246 3859 sunt.
2287 3801 2704 3868 inenarrabilis,
2759 3801 3026 3872 signiﬁcet
3060 3801 3113 3855 in
3164 3799 3463 3870 Scripturis

1868 3895 2104 3961 divinis;
2143 3899 2360 3965 sartago
2387 3901 2516 3948 vero
2547 3909 2609 3948 ea
2644 3908 2763 3962 quae
2791 3893 2835 3946 si
2878 3891 3191 3961 frequenter
3227 3905 3291 3945 ac
3322 3891 3462 3958 stepe

1867 3993 2174 4050 versentur,
2216 3985 2443 4055 intelligi
2475 3993 2528 4039 et
2571 3983 2830 4054 explicari
2882 3989 3151 4053 possunt;
3199 3977 3462 4038 craticula

1872 4084 2081 4141 autent,
2133 4091 2195 4131 ea
2227 4085 2346 4146 qua:
2375 4075 2553 4146 palam
2605 4084 2731 4131 sunt
2775 4083 2826 4130 et
2869 4065 3070 4147 absque
3101 4075 3280 4146 aliqua
3309 4073 3462 4130 obte-

1871 4169 2052 4223 Ctione
2074 4175 2396 4235 cernuntur;
2428 4167 2692 4239 triplicem
2716 4171 2949 4237 natuun
2977 4169 3028 4222 in
3057 4163 3355 4238 Scripttii‘is
3377 4159 3461 4221 dl-

1869 4261 2011 4314 vinis
2051 4259 2417 4332 intelligentia!
2469 4261 2698 4316 inveniri
2747 4265 2887 4332 sdip‘e
2925 4261 3163 4315 diximus
3212 4259 3457 4324 inodum,

1861 4353 2185 4407 historicum
2233 4354 2480 4415 scilicet,
2526 4353 2805 4418 moralem,
2859 4355 3178 4424 mysticum,
3230 4347 3372 4407 unde
3406 4353 3463 4406 et

1867 4459 2065 4516 corpus
2092 4446 2268 4500 inesse
2293 4447 2342 4500 ei
2368 4453 2424 4500 ct
2445 4446 2680 4499 animam
2706 4459 2768 4499 ac
2798 4444 3050 4514 spiritum
3073 4442 3457 4506 intelleximus,

1868 4537 2022 4605 cujus
2050 4535 2418 4607 intelligentia:
2451 4537 2720 4606 triplicem
2761 4531 3016 4599 formam,
3065 4521 3458 4587 Sacriﬁciorum

203 4626 447 4689 Dominica
479 4634 879 4698 incarnatione,
919 4641 980 4687 iit
1006 4641 1111 4687 non
1162 4648 1292 4703 ergo
1313 4645 1528 4688 omnem
1557 4635 1765 4689 theolo—

1871 4595 2061 4695 tri'plex
2097 4624 2183 4680 hic
2211 4595 2806 4696 apparatus-ostendit.
2857 4621 2962 4678 Sed
3003 4595 3057 4677 et
3099 4620 3225 4678 alibi
3255 4623 3462 4678 inveni-

205 4719 320 4786 giani
369 4723 884 4779 eit‘cu‘mseribainus
939 4713 994 4777 in
1057 4721 1333 4791 Unigeniti
1383 4725 1759 4790 immanitate;

205 4819 384 4877 oportet
411 4817 554 4869 enim
583 4827 685 4869 nos
717 4817 771 4868 et
799 4816 864 4870 de
901 4811 1080 4870 Patris
1105 4825 1158 4870 et
1188 4816 1253 4869 de
1294 4814 1529 4884 Spiritus
1562 4817 1761 4882 sancti,

206 4901 444 4959 sedetiatn
461 4907 634 4975 ipsius
657 4904 799 4970 Filii,
816 4919 1011 4975 quaeea
1024 4890 1185 4960 Pa'tre
1208 4913 1289 4960 est
1315 4906 1622 4960 substantia
1647 4909 1759 4961 diss

205 5001 395 5061 putare,
433 5004 726 5069 propterea
781 5011 888 5050 non
941 4997 993 5049 in
1037 4998 1326 5065 semetipso
1364 5005 1606 5067 portare,
1658 4997 1762 5053 hoc

207 5085 495 5142 sacrificium
526 5087 807 5159 repetivit,
840 5089 935 5141 sed
969 5087 1090 5141 ﬁliis
1134 5087 1312 5142 Aaron
1351 5090 1481 5144 illud
1509 5089 1576 5144 ad
1609 5093 1762 5145 theo-

207 5168 375 5243 logiam
413 5191 508 5250 per
533 5181 948 5236 meditationem
994 5179 1402 5249 proﬁcientibus
1448 5183 1762 5252 Scriptura-

210 5279 308 5322 rum
331 5269 617 5342 deputavit,
650 5273 940 5341 unicuique
985 5271 1267 5341 aequaliter
1311 5272 1654 5342 dispartiens,
1709 5282 1766 5330 ttt

211 5369 296 5413 non
325 5363 617 5431 dissimilia,
653 5365 746 5419 sed
779 5381 969 5419 omnes
1001 5364 1196 5419 similia
1227 5363 1292 5419 de
1316 5359 1427 5418 Deo
1457 5366 1720 5420 sentirent
1746 5373 1761 5432 ;

213 5457 256 5503 et
289 5453 384 5511 hoc
409 5455 751 5513 manifestum
783 5458 907 5529 quia
951 5457 1222 5513 hatreticls
1272 5455 1338 5513 de
1369 5458 1458 5512 tali
1485 5459 1763 5528 percipere

215 5543 450 5600 sacriﬁcio
474 5564 579 5603 non
609 5551 901 5619 prmeepit;
931 5551 1056 5619 quia
1081 5563 1186 5605 non
1216 5551 1407 5605 eadem
1435 5549 1504 5606 de
1540 5551 1649 5605 Deo
1679 5567 1765 5606 sa-

214 5630 362 5700 piunt,
404 5641 492 5694 sed
519 5648 574 5694 et
602 5641 764 5696 nimis
790 5640 1110 5697 differentia.
1141 5641 1255 5698 Non
1283 5653 1638 5714 conspersum
1669 5657 1758 5698 aus

217 5723 310 5806 mm
345 5725 405 5783 de
448 5732 620 5787 simila
663 5733 856 5788 iterum
901 5733 1072 5798 dicit,
1116 5737 1332 5805 quando
1379 5735 1587 5792 decima
1636 5735 1760 5806 ephi

217 5805 396 5886 “sque
418 5819 536 5876 oleo
562 5830 620 5878 et
646 5825 800 5880 thure
828 5835 926 5895 pro
950 5833 1173 5896 peccato
1197 5826 1441 5894 offertur,
1480 5844 1512 5884 a
1536 5843 1642 5884 non
1665 5805 1762 5884 vas

1867 4724 2006 4781 iuus,
2039 4708 2226 4782 idest,
2280 4718 2331 4770 in
2365 4719 2429 4771 iis
2476 4718 2627 4786 ipsis,
2677 4730 2795 4784 qua:
2822 4715 2889 4770 tle
2938 4711 3221 4772 sacriﬁciis
3249 4731 3457 4772 memo-

1868 4817 2062 4862 rantur
2090 4807 2194 4863 dici
2227 4809 2526 4864 canistrum
2557 4815 2803 4863 sanctum
2843 4807 3212 4880 perfectlmtls,
3249 4809 3303 4866 in
3350 4819 3458 4882 quo

1866 4909 1978 4958 tres
2001 4911 2167 4972 panes
2190 4903 2379 4957 haberi
2407 4901 2751 4956 mandantur.

1940 4995 2101 5049 Vides
2130 5007 2430 5049 consonare
2462 4992 2563 5046 sibi
2585 4999 3046 5048 sacramentorum
3073 4995 3314 5048 omnium
3344 4991 3458 5048 for-

1868 5096 1985 5140 inas
2009 5103 2020 5148 ;
2057 5086 2353 5140 canistrum
2383 5083 2754 5153 permotionis,
2783 5084 2836 5138 in
2872 5100 2977 5154 quo
3001 5095 3112 5139 tres
3135 5097 3301 5154 panes
3329 5083 3453 5153 poni

1860 5177 2140 5246 jubentur,
2171 5178 2302 5246 quid
2325 5175 2468 5230 aliud
2499 5173 2758 5232 debemus
2787 5177 3054 5247 accipere,
3088 5178 3191 5232 nisi
3217 5176 3455 5244 Seriptu-
3517 5229 3526 5238 ,

1867 5283 1958 5322 ras
1988 5268 2216 5331 divinas,
2273 5268 2422 5322 cibos
2471 5269 2807 5323 auditoribus
2846 5269 3134 5339 triplieiter
3181 5274 3454 5336 apponens

1867 5363 1994 5418 tes?
2043 5363 2139 5416 Vis
2174 5361 2268 5416 tibi
2309 5362 2458 5417 etde
2484 5363 2778 5434 evangeliis
2820 5362 3014 5417 similis
3055 5357 3297 5430 mySterli
3328 5369 3453 5426 pro-

1868 5454 2106 5511 feramus
2135 5453 2422 5527 excnipla?
2473 5457 2794 5511 Recolamus
2825 5453 3038 5509 Domini
3069 5459 3228 5504 voces
3255 5448 3347 5502 ubi
3371 5447 3452 5502 di;

1866 5549 1940 5603 cit
1964 5561 1977 5599 ε
2008 5548 2144 5613 Quia
2169 5547 2340 5602 medio
2367 5547 2528 5601 noctis
2553 5547 2686 5601 renll
2709 5545 2922 5618 quidam
2941 5543 3008 5596 ad
3030 5539 3253 5593 antlcum
3275 5545 3450 5603 suum,

1863 5639 2082 5711 pulsans
2125 5641 2312 5695 ostium
2365 5639 2500 5709 ejus,
2539 5649 2586 5692 et
2616 5641 2688 5690 ait
2717 5650 2736 5688 :
2789 5627 3278 5695 Amice,commoda
3321 5629 3452 5684 miht
3525 5670 3536 5682 .

1864 5740 1968 5786 tres
1996 5747 2175 5802 panes,
2225 5734 2472 5804 quoniam
2513 5731 2713 5784 amicus
2740 5723 2867 5778 mihi
2908 5719 3198 5790 supervenit
3240 5719 3305 5773 de
3343 5720 3450 5787 via,

1863 5835 1914 5883 et
1948 5833 2051 5882 non
2079 5828 2243 5883 habeo
2274 5825 2414 5897 quod
2441 5829 2702 5894 apponam
2726 5818 2773 5872 ei
2815 5814 2965 5888 (Luc.
3003 5813 3080 5887 iu)
3108 5829 3120 5881 ;
3170 5815 3224 5870 in
3254 5815 3450 5884 quibus
