3940 6352
480 331 598 398 ω

478 542 846 620 νὶιωριβιιιῑβιι
867 556 1044 612 panes
1057 545 1555 614 suum-.unnsaui/
1570 545 1902 611 intuba-oi.
1918 544 2067 606 salius

477 635 586 704 cui
601 635 984 705 insertagine.
1005 637 1366 706 .terliusaui:
1389 637 1451 694 in
1483 637 1752 698 emtiwla
1764 677 1770 694 .
1783 637 2070 712 coalitum.

474 723 608 790 Παῖς
633 725 1072 793 hiem-salivam“:
1090 727 1296 798 inquit,
1309 728 1635 798 sacriﬁcium
1651 730 1930 799 lautumiis
1945 728 2070 788 olea

473 816 730 876 siuemou
753 817 973 886 factum,
1025 818 1424 888 mitibusﬁls'is
1465 820 1786 894 durauerit
1816 820 2064 890 ,σέβομαι

475 903 768 976 nonaliter,
805 907 954 976 quod
986 908 1314 974 sacriﬁcium
1340 918 1427 972 est
1457 908 1682 968 factum.
1706 909 1760 968 in
1788 909 1928 976 oleo,
1955 910 2068 968 vel

473 996 1398 1074 miodlestnoniactumjnqlem,
1481 1049 1484 1058 .
1581 1045 1601 1060 ..

677 1143 684 1154 ι
753 1121 774 1136 ·-
1095 1108 1428 1167 carum
1537 1127 1540 1134 -
1917 1135 1920 1140 -

471 1195 562 1252 De
576 1195 698 1270 lege
711 1198 906 1261 hostia
943 1200 1283 1285 paci/50mm
1314 1200 1674 1285 quia/fertur
1691 1202 1933 1260 Domino
1959 1221 2059 1278 pro

513 1303 822 1338 ,:..-i:::-.:.
913 1280 1524 1340 grauat-umectum.
1617 1325 1620 1328 ,
2071 1325 2074 1328 .

505 1378 731 1451 ,(ιιυι).
744 1379 980 1445 Πρω-εει
1005 1380 1322 1437 (extimum
1333 1383 1674 1453 paciﬁcomm
1700 1402 1820 1456 qua:
1841 1388 2062 1457 oﬁ‘ertur

467 1468 732 1532 Domino:
758 1472 807 1525 si
839 1488 936 1542 pro
960 1473 1252 1542 gratiarum
1275 1474 1482 1527 actione
1511 1473 1672 1543 fuerit
1691 1475 2058 1548 ablatio,|o[fe-

466 1569 585 1620 rent.
607 1577 768 1630 panes
788 1561 980 1634 absque
1006 1563 1262 1632 fermento
1283 1580 1586 1634 conspersos
1612 1565 1725 1620 oleo
1747 1607 1762 1632 ,
1797 1578 1849 1621 et
1866 1567 2059 1636 lagona

463 1667 652 1720 azyma
677 1662 834 1706 uncta
859 1653 992 1717 olea,
1011 1663 1313 1724 coctumque
1333 1655 1562 1710 similam
1588 1669 1636 1710 et
1657 1656 1943 1727 callyridas
1955 1657 2058 1712 olei

463 1742 777 1796 admistione
789 1761 1138 1814 conspersus;
1165 1763 1326 1816 panes
1350 1763 1553 1817 quoque
1577 1749 1914 1817 fermentatus
1938 1766 2057 1803 cum

591 355 600 392 ε
643 423 670 445 Ι
1120 333 1183 389 Β.
1221 321 1483 400 assam
1522 337 1748 402 latum
1780 329 2782 402 anmurtommuormm
2807 344 2998 402 esas
3027 346 3071 403 1.

477 457 540 510 ιη
555 481 560 508 ι
573 445 1346 519 ,ωανξωπιρωωὶηαιωιιῡτί
1377 463 1485 512 nos
1525 460 1625 510 est.
1647 449 2070 522 tempus-hujus.
2087 445 2142 520 ᾼ
2164 449 2392 518 panibus
2407 453 2529 514 sine
2549 455 2846 524 fermento;
2861 475 3094 519 munera
3107 461 3735 534 isaariﬁciipaoiﬁcorun

3641 357 3735 416 ιιι

2169 562 2264 606 seu
2290 547 2844 624 salutatisprrecepit.
2881 553 3106 612 ﬁeri-in-
3138 558 3464 627 apomolicisv
3493 562 3736 623 videlicet

2167 639 2464 713 Seripturis
2486 662 2512 698 ει
2525 647 2886 716 apnuelioam
2913 653 3430 716 autemsdoctrinam
3455 659 3624 729 sequi
3637 675 3736 716 ins-

2164 735 2554 806 ximeoponet
2574 747 2708 794 eum
2726 741 2820 810 qui
2843 741 3382 814 saluaridesiderat;
3413 764 3594 819 panes
3618 767 3734 822 quos

2164 842 2271 898 que
2317 827 2678 887 fermentatus
2702 847 2824 890 cum
2857 835 3040 890 hostia
3067 838 3364 908 gratiarum
3407 856 3540 910 quas
3559 844 3734 900 imus-

2162 919 2308 975 latin-
2327 921 2590 991 paciﬁcis,
2618 939 2685 978 ex
2709 925 2905 994 quibus
2919 941 3066 983 unus
3089 944 3194 999 pm
3215 930 3470 999 primitiis
3495 933 3734 992 ollarum

2163 1012 2296 1079 Deo,
2327 1015 2876 1076 -et,erit-aaoerdotis
2920 1018 3013 1086 qui
3059 1017 3252 1075 laudet
3291 1021 3483 1080 hostia
3537 1027 3735 1096 sangui-

2162 1119 2306 1160 nem.
2333 1105 2686 1177 Septuaginta
2712 1118 2892 1166 autem
2927 1113 3156 1168 dicunt:
3193 1113 3267 1168 Et
3290 1117 3472 1186 offeret
3497 1119 3566 1172 de
3588 1122 3736 1174 aulai-

2163 1194 2259 1250 bu
2285 1200 2585 1253 uulneribus
2611 1201 2742 1266 suis,
2775 1201 3138 1259 laudationem
3168 1205 3299 1273 fleo,
3335 1210 3608 1264 sacerdoti
3632 1227 3735 1282 pra-

2163 1285 2404 1353 fssndenti
2425 1291 2730 1360 sanguinem
2766 1292 3019 1348 salutaris
3171 1299 3289 1351 erit.
3341 1297 3485 1366 Quid
3503 1313 3613 1370 per
3636 1301 3735 1357 hac

2161 1381 2537 1448 ostendentes,
2587 1385 2713 1453 quia
2743 1394 3222 1458 quantumcunque
3269 1389 3432 1445 homo
3479 1393 3654 1462 egen't
3689 1403 3735 1449 et

2161 1473 2380 1540 vixerit,
2435 1477 2737 1532 clicurrerit
2786 1487 2841 1532 et
2881 1480 3353 1550 comprehenderit
3379 1484 3496 1538 sive
3540 1499 3736 1542 assecu-

2161 1573 2249 1620 tus
2300 1566 2480 1632 fuerit,
2530 1568 2646 1622 sive
2676 1567 2946 1636 adjutorio
3002 1570 3216 1625 Domini
3265 1573 3498 1628 salutem
3531 1577 3732 1645 adipisci

2116 1711 2120 1714 .
2159 1657 2275 1712 sive
2296 1659 2512 1727 assequi
2542 1673 2649 1713 non
2668 1667 2866 1729 potest.
2899 1659 3131 1730 Propter
3146 1663 3292 1732 quod
3313 1673 3372 1718 et
3385 1663 3591 1720 Paulus
3611 1667 3736 1722 (lice-

2161 1747 2288 1801 bat:
2325 1746 2449 1802 Non
2476 1749 2694 1802 volentis
2725 1766 2888 1817 neque
2911 1754 3191 1818 currentis,
3227 1755 3318 1808 sed
3354 1757 3648 1810 miserantis
3672 1766 3733 1810 est

461 1837 634 1890 hostia
674 1811 995 1906 gratiarum,
1029 1811 1482 1909 quievimmelatur
1523 1811 1620 1908 pro
1663 1835 1897 1910 paciﬁcis
1925 1857 1946 1895 :
1994 1858 2059 1896 ea:
2086 1811 2140 1872 Β
2161 1835 2260 1892 Dei
2292 1853 2309 1890 :
2347 1839 2448 1908 ipsi
2499 1849 2676 1893 autem
2730 1811 2988 1895 sacerdoti
3046 1811 3386 1912 profundeuti
3438 1848 3733 1916 sanguinea:

462 1928 652 1998 quibus
681 1945 818 1982 unus
849 1945 944 1999 pro
987 1929 1233 2000 primitiis
1279 1929 1528 1999 offeretur
1566 1929 1826 1997 Domino,
1864 1941 1912 1986 et
1958 1933 2058 1986 erit

463 2018 750 2072 sacerdotis
773 2020 862 2090 qui
884 2019 1067 2089 fundet
1096 2021 1280 2075 hostia:
1297 2022 1607 2091 sanguinem
1633 2037 1653 2075 :
1692 2021 1847 2092 cujus
1873 2038 2056 2076 carnes

461 2108 648 2163 eadem
669 2111 1005 2165 comedentur
1026 2112 1132 2176 die,
1163 2128 1256 2166 nec
1276 2113 1561 2166 remanebit
1581 2129 1646 2166 ea:
1672 2113 1748 2166 eis
1767 2112 2057 2182 quidquam

462 2219 626 2272 usque
650 2219 824 2257 mane.
854 2202 964 2274 (Ea;
993 2201 1264 2274 Origene.)
1297 2203 1636 2260 Sacriﬁcium
1662 2204 1784 2268 hoc,
1803 2204 1949 2273 quod
1969 2219 2058 2259 sa-

460 2292 637 2348 lutare
685 2294 1008 2364 appellatur,
1043 2295 1100 2349 in
1139 2295 1278 2350 duas
1310 2295 1505 2350 dividit
1545 2302 1767 2365 partes;
1800 2303 1856 2349 et
1892 2311 2054 2349 unam

460 2383 681 2452 quidem
715 2384 1043 2442 laudationis
1077 2387 1344 2452 nominat,
1388 2387 1614 2444 alteram
1651 2389 1802 2455 voti;
1848 2397 2060 2444 utrum-

461 2490 567 2544 que
594 2485 778 2532 tamen
797 2478 1126 2534 sacriﬁcium
1155 2479 1393 2535 salutare
1417 2483 1748 2537 nominatur.

529 2567 646 2640 (Ea
681 2567 990 2643 Hesychia.)
1036 2571 1201 2627 Vides
1228 2573 1553 2630 rationalem
1593 2583 1650 2632 et
1673 2576 1906 2631 activam
1935 2590 2057 2632 esse

459 2661 634 2715 vitam
671 2676 740 2717 ex
774 2661 848 2717 iis
879 2677 1000 2732 qua:
1027 2663 1185 2720 nobis
1213 2664 1284 2719 ad
1309 2664 1536 2734 paciﬁca
1581 2667 1697 2722 sive
1729 2667 1799 2722 ad
1827 2667 2056 2722 salutem

461 2754 868 2810 transeuntibus
911 2757 1084 2823 dedit,
1138 2765 1460 2828 potestatem
1503 2759 1748 2816 tribuens
1793 2774 1960 2830 quam
1987 2774 2055 2814 ex

460 2845 705 2915 utrisque
744 2846 1076 2904 voluerimus
1133 2849 1335 2921 eligere
1357 2890 1373 2915 ,
1421 2850 1550 2920 quia
1596 2851 1742 2906 enim
1786 2850 2057 2906 rationale

458 2939 729 3008 quoddam
771 2948 858 2995 est
901 2941 1252 3009 sacriﬁcium,
1307 2941 1608 3011 gratiarum
1655 2943 1906 3008 actionis,
1937 2943 2054 2998 sive

459 3033 756 3086 secundum
823 3031 1180 3106 Septuaginta
1245 3033 1589 3090 laudationis.
1659 3034 1797 3089 Audi
1860 3033 2049 3099 David,

457 3131 744 3194 postquam
779 3124 1053 3194 prohibuit
1077 3109 1348 3181 sacriﬁcia
1382 3141 1504 3195 qua:
1534 3127 1830 3180 secundum
1877 3126 2052 3198 legem

457 3221 635 3275 erant,
662 3213 932 3267 dicentem
960 3232 972 3266 :
1021 3212 1250 3268 Immola
1286 3213 1394 3267 Deo
1432 3215 1753 3283 sacriﬁcium
1779 3215 1975 3282 laudis,
2003 3226 2052 3271 et

459 3303 620 3356 redde
645 3303 915 3356 Altissimo
936 3313 1056 3358 vota
1090 3314 1203 3358 tua.
1237 3304 1344 3375 (Ex
1371 3303 1642 3380 Origene.)
1688 3307 1780 3362 ille
1802 3321 1934 3379 ergo
1958 3311 2056 3365 ob-

460 3395 585 3450 tulit
608 3395 934 3451 sacriﬁcium
967 3397 1163 3462 laudis,
1191 3410 1293 3467 pro
1321 3395 1476 3464 cujus
1498 3398 1733 3465 actibus,
1762 3414 1866 3470 pro
1899 3400 2053 3469 cujus

459 3489 744 3554 doctrina,
788 3503 888 3558 pro
917 3487 1072 3558 cujus
1110 3487 1279 3544 verbo
1297 3497 1356 3544 et
1398 3489 1642 3547 moribus
1669 3500 1726 3546 et
1771 3492 2053 3563 disciplina

456 3582 706 3637 laudatur
733 3589 788 3636 et
806 3582 1147 3638 benedicitur
1183 3582 1346 3646 Deus,
1377 3581 1518 3637 sicut
1537 3597 1569 3638 e
1599 3584 1882 3640 contrario
1925 3594 2054 3640 sunt

459 3671 556 3738 illi,
612 3672 680 3726 de
724 3671 920 3742 quibus
957 3672 1193 3728 dicitur:
1224 3671 1365 3738 Quia
1413 3689 1509 3743 per
1551 3688 1640 3728 vos
1665 3689 1854 3729 nomen
1877 3689 2051 3730 meum

461 3762 855 3834 blasphematur
876 3765 1014 3819 inter
1033 3773 1210 3836 gentes
1241 3763 1420 3837 (Rom.
1454 3766 1538 3835 ιι).
1570 3764 1709 3820 Audi
1747 3775 1803 3820 et
1824 3766 2051 3822 Paulum

460 3855 534 3909 ad-
557 3851 813 3911 Hebrteos
830 3857 1158 3911 scribentem
1172 3869 1270 3926 per
1293 3869 1382 3910 se:
1415 3854 1548 3909 dicit
1568 3863 1777 3910 autem:
1809 3855 1898 3910 Sic
1925 3856 2055 3925 οπε-

457 3959 638 4000 ramus
663 3948 887 4001 hostiam
937 3947 1114 4002 laudis
1159 3961 1363 4018 semper
1387 3945 1500 4000 Deo
1529 3945 1763 4015 fructum
1789 3945 2052 4001 labiorum

458 4036 817 4106 conﬁtentium
847 4038 1044 4091 nomini
1073 4037 1188 4106 ejus
1228 4036 1414 4109 (Hebr.
1449 4035 1591 4106 xm).
1637 4035 1922 4104 Quomodo
1951 4053 2052 4092 au-

458 4137 569 4182 tem
593 4126 750 4196 jubet
801 4125 931 4180 illud
979 4126 1205 4182 oﬁ‘erri?
1260 4127 1456 4196 Oﬁ‘eret
1507 4143 1668 4197 panes
1721 4128 1912 4198 absque
1947 4130 2054 4200 fer.

459 4227 633 4274 mento
678 4233 981 4288 conspersos
1016 4217 1151 4283 oleo,
1183 4226 1232 4272 et
1259 4217 1452 4288 lagona
1490 4235 1679 4289 azyma
1721 4229 1880 4274 uncta
1915 4221 2048 4289 oleo,

459 4317 758 4380 certamque
785 4307 1010 4363 similam
1039 4317 1088 4362 et
1130 4307 1434 4378 collyridas,
1466 4307 1568 4362 olei
1593 4307 1906 4364 admistione
1935 4327 2054 4365 con-

457 4405 706 4473 spersos;
754 4401 896 4473 quod
946 4399 1300 4472 Septuaginta
1348 4400 1423 4453 ita
1471 4399 1678 4457 edunt:
1728 4401 1796 4455 Et
1825 4401 2052 4457 similam

459 4511 789 4566 conspersum
805 4483 918 4550 oleo
943 4494 1000 4549 in
1029 4493 1299 4566 collyridis
1322 4507 1518 4564 panum
1546 4509 1853 4564 azymorum
1869 4496 2050 4564 offeret

456 4601 674 4641 munera
696 4604 794 4640 sua
815 4601 970 4658 super
999 4585 1166 4640 altare
1204 4584 1527 4639 laudationis
1562 4584 1834 4640 salutaris.
1870 4584 2048 4642 Panes

457 4680 577 4734 sine
603 4677 889 4742 fermento,
914 4679 1034 4733 sive
1068 4689 1288 4748 azymos
1313 4689 1636 4746 conspersos
1663 4676 1719 4730 in
1755 4675 1895 4742 oleo,
1923 4691 2050 4746 apo-

458 4769 679 4827 stolicos
703 4769 890 4834 libros,
918 4769 1109 4840 lagana
1147 4777 1306 4825 uncta
1335 4769 1476 4834 oleo,
1522 4769 1866 4840 propheticos
1891 4769 2046 4825 intel-

459 4861 565 4932 lige
601 4877 614 4914 :
648 4862 775 4931 quia
817 4859 892 4914 illi
928 4861 1147 4930 quidem
1175 4860 1338 4915 nimis
1365 4859 1668 4929 epulantur,
1722 4859 1812 4914 isti
1861 4868 2045 4916 autem

461 4953 564 5009 etsi
593 4960 654 5010 ut
677 4953 778 5024 ipsi
817 4953 1116 5023 opulenter,
1151 4969 1258 5008 non
1286 4963 1462 5007 tamen
1492 4960 1700 5006 tantum
1721 4953 2044 5008 annuntiant

461 5047 889 5104 misericordiam
914 5047 1030 5111 Dei,
1055 5047 1179 5101 dum
1209 5045 1595 5100 misericordia:
1619 5051 1840 5114 propter
1867 5045 2048 5100 inube-

463 5139 720 5195 dicntiam
743 5137 1051 5192 Judaeorum
1075 5139 1402 5206 permiscent
1424 5138 1601 5193 minas
1618 5177 1632 5201 ,
1663 5137 1809 5192 unde
1855 5146 1910 5192 et
1936 5152 2045 5193 non

389 5225 394 5232 ’
463 5249 754 5306 conspersa
797 5232 916 5290 oleo
951 5231 1143 5302 lagona
1166 5276 1181 5300 ,
1229 5234 1322 5289 sed
1357 5241 1565 5290 tantum
1602 5244 1768 5290 uncta
1809 5249 1930 5290 esse
1966 5234 2046 5289 di-

464 5336 703 5385 cuntur:
753 5333 963 5382 coctam
1013 5336 1193 5380 autem
1236 5326 1465 5381 similam
1495 5337 1549 5383 et
1598 5327 1886 5400 collyridas
1939 5327 2045 5383 olei

465 5419 839 5473 commistione
886 5432 1206 5488 conspersa,
1254 5416 1338 5472 vel
1385 5417 1524 5473 sicut
1569 5416 1920 5490 Septuaginta
1966 5419 2046 5475 di-

465 5517 614 5578 cunt,
667 5507 734 5565 Et
765 5508 994 5565 similam
1028 5526 1359 5582 conspersum
1384 5509 1514 5582 (oleo
1558 5511 1824 5582 collyridis
1848 5529 2044 5582 panum

466 5619 788 5671 azymorum.
842 5599 1087 5657 Similam
1130 5602 1184 5656 in
1229 5601 1346 5658 oleo
1375 5617 1719 5672 conspersam
1754 5619 1876 5658 cum
1903 5604 2045 5660 elec-

467 5701 688 5762 iuosyna
719 5693 1035 5764 theologiam
1062 5691 1425 5764 intelligimus,
1461 5691 1602 5746 unde
1630 5699 1683 5747 et
1711 5691 1885 5748 simila
1920 5708 2046 5763 pro-

467 5791 590 5856 pter
617 5782 966 5840 subtilitatem
1004 5785 1220 5841 dicitur.
1261 5783 1648 5841 Verumtamen
1686 5783 1743 5840 in
1767 5784 2042 5854 collyridis

2158 1927 2410 1983 salutaris
2458 1927 2631 2000 (Rom.
2686 1930 2786 2000 ix),
2835 1931 2888 1984 id
2929 1939 3032 1998 est,
3083 1933 3286 1989 Christi
3331 1935 3664 1992 ministranti
3690 1947 3735 1992 et

2157 2016 2460 2088 perﬁcienti
2503 2017 2833 2074 sacriﬁcium
2873 2035 2971 2090 per
3015 2037 3172 2076 suum
3204 2023 3540 2093 adiutorium
3568 2016 3735 2095 primi-

2159 2109 2265 2163 tias
2279 2108 2444 2178 jussit
2464 2107 2670 2164 oﬁ'erri.
2697 2109 2932 2166 Attende
2954 2119 3137 2167 autem
3159 2113 3400 2183 qualiter
3421 2116 3592 2168 etiam
3619 2130 3736 2184 pru-

2157 2207 2366 2256 sentem
2398 2199 2530 2270 legis
2558 2202 2891 2257 sanctionem
2924 2203 3190 2259 conclusit
3217 2221 3232 2258 :
3259 2203 3430 2275 Cujus
3455 2223 3641 2260 carnes
3662 2225 3735 2260 ea-

2157 2292 2275 2347 dem
2312 2293 2645 2348 comedentur
2679 2295 2781 2359 die,
2818 2312 2908 2350 nec
2935 2297 3218 2351 remanebit
3244 2314 3313 2352 ea:
3351 2301 3428 2353 eis
3463 2300 3733 2370 quidquam

2157 2399 2319 2454 usque
2355 2401 2531 2449 mane,
2567 2384 2674 2451 vel,
2701 2385 2844 2441 sicut
2869 2385 3242 2458 Septuaginta,
3279 2397 3336 2442 et
3376 2406 3566 2445 carnes
3594 2392 3738 2444 ueri-

2154 2475 2267 2546 ﬁcii
2296 2477 2470 2531 laudis
2495 2477 2752 2534 salutaris
2780 2480 2879 2549 ipsi
2923 2491 3076 2534 erunt
3105 2495 3124 2536 :
3158 2481 3414 2539 videlicet
3454 2485 3732 2550 oﬁ'erentis,

2156 2576 2206 2620 et
2225 2568 2282 2620 in
2303 2583 2615 2639 quacunque
2642 2569 2729 2626 die
2757 2570 2976 2625 donabit
2997 2572 3313 2638 aomedetur,
3337 2590 3446 2629 non
3465 2575 3736 2646 relinquent

2155 2677 2222 2717 ea:
2242 2675 2303 2714 eo
2337 2677 2501 2731 usque
2523 2677 2700 2716 mane.
2749 2661 2848 2717 Hic
2877 2677 3055 2730 mane,
3092 2664 3348 2720 saeculum
3385 2664 3632 2721 futurum
3657 2682 3736 2737 ap-

2154 2753 2337 2824 pellat,
2366 2762 2425 2808 ut
2452 2763 2576 2825 pote
2616 2755 2708 2826 qui
2740 2763 2886 2810 totus
2908 2764 2993 2812 est
3019 2756 3178 2824 lucis,
3205 2766 3262 2814 et
3289 2760 3436 2815 nocti
3469 2761 3737 2830 praesentis

2155 2845 2336 2900 saeculi
2364 2846 2626 2901 succedit.
2672 2845 2792 2901 Non
2819 2848 2932 2902 vult
2969 2861 3099 2918 ergo
3127 2849 3194 2903 de
3213 2849 3476 2908 carnibus
3497 2851 3735 2906 sacriﬁcii

2156 2937 2414 2993 salutaris
2476 2939 2532 2992 in
2575 2953 2735 2994 mane
2771 2938 3040 3008 relinqui,
3082 2953 3180 3010 per
3226 2956 3362 3010 quas
3408 2957 3514 2997 nos
3550 2951 3738 3014 oportet

2153 3029 2372 3084 salvari.
2425 3028 2672 3085 Scientes
2698 3030 2826 3100 quia
2847 3045 2955 3084 non
2987 3038 3160 3086 restat
3191 3031 3248 3085 in
3276 3031 3367 3086 illo
3391 3035 3602 3090 saeculo
3625 3049 3736 3104 ope-

2155 3123 2314 3177 ratio.
2359 3121 2466 3193 (Ea:
2490 3121 2760 3195 Origene.)
2794 3123 2950 3193 Smpe
2987 3121 3103 3194 jam
3131 3125 3368 3180 diximus
3395 3128 3547 3195 quod
3568 3143 3736 3182 cantes

2155 3214 2213 3270 in
2243 3213 2539 3284 Scripturis
2568 3215 2799 3270 solidum
2827 3217 3070 3272 indicant
3103 3218 3305 3284 cibum,
3341 3221 3738 3292 perfectamque

2153 3307 2496 3371 doctrinam;
2545 3307 2846 3362 secundum
2900 3308 3210 3378 Scriptores
3262 3310 3408 3365 enim
3467 3313 3592 3368 scio
3635 3323 3739 3366 esse

2154 3400 2349 3453 animm
2403 3398 2582 3454 cibum
2637 3400 2928 3469 quemdam
2985 3399 3144 3456 lactis
3168 3441 3184 3466 ,
3235 3408 3294 3456 et
3346 3400 3517 3456 alium
3577 3401 3736 3457 cibum

2153 3491 2347 3545 animae
2380 3489 2588 3544 olerum
2616 3499 2671 3545 et
2700 3490 2863 3545 aliam
2903 3491 3104 3554 carnis,
3144 3491 3288 3547 sicut
3312 3491 3434 3561 ipse
3459 3491 3738 3562 Apostolus

2154 3585 2220 3639 de
2259 3581 2583 3654 quibusdam
2612 3583 2766 3647 dicit,
2791 3581 2931 3648 Quia
2963 3582 3098 3636 lacte
3126 3598 3214 3637 vos
3239 3583 3438 3652 potavi,
3472 3598 3587 3639 non
3615 3601 3736 3648 esca,

2154 3675 2384 3730 nondum
2412 3675 2553 3729 enim
2580 3674 2852 3744 poteratis,
2876 3673 2966 3727 sed
2987 3689 3080 3727 nec
3109 3673 3284 3726 adhuc
3307 3673 3552 3744 potestis,
3584 3675 3736 3728 adhuc

2151 3767 2292 3821 enim
2329 3766 2450 3820 estis
2471 3762 2710 3818 carnales
2743 3762 2795 3834 (Ι
2823 3761 3026 3818 Corint.
3058 3763 3164 3835 ιιι).
3193 3764 3262 3818 Ει
3290 3763 3493 3820 iterum
3519 3765 3650 3822 alibi
3673 3765 3737 3818 di-

2153 3858 2263 3913 cit:
2295 3856 2446 3910 Alius
2465 3856 2676 3927 quidem
2699 3854 2864 3909 credit
2879 3856 3204 3911 manducare
3231 3856 3428 3921 omnia,
3460 3858 3560 3922 qui
3583 3867 3740 3911 autem

2151 3947 2394 4018 inﬁrmus
2417 3957 2515 4012 est,
2543 3948 2688 4002 olera
2715 3948 2994 4001 manducet
3041 3945 3221 4018 (Rom.
3253 3947 3389 4019 XIV).
3433 3949 3502 4002 Et
3527 3963 3736 4004 rursum

2153 4037 2324 4092 alibi:
2383 4036 2742 4106 Perfectorum
2792 4045 2968 4090 autem
3016 4042 3093 4089 est
3145 4036 3291 4090 cibus
3340 4036 3544 4091 solidus
3575 4078 3590 4103 ,
3641 4048 3737 4092 etc.

2154 4128 2342 4200 (Hebr.
2382 4127 2460 4198 v).
2507 4126 2608 4183 Hic
2637 4143 2768 4198 ergo
2791 4142 2988 4183 carnes
3010 4127 3265 4182 sacriﬁcii
3305 4128 3572 4186 salutaris
3609 4129 3740 4200 quod

2152 4217 2378 4274 oﬁ‘ertur
2405 4233 2502 4289 pro
2557 4218 2898 4285 laudatione,
2943 4219 3112 4289 ipsius
3141 4219 3364 4288 iubetur
3403 4235 3528 4278 esse
3573 4237 3740 4279 sacer-

2154 4310 2314 4367 dotis.
2354 4309 2434 4363 Ex
2455 4307 2630 4363 simila
2659 4324 2788 4363 vero
2811 4309 3102 4380 tripliciter
3145 4309 3349 4375 oblata,
3383 4319 3447 4366 ut
3471 4327 3640 4381 supra
3665 4312 3738 4365 di-

2153 4402 2368 4456 ximus:
2421 4415 2585 4455 unum
2616 4409 2822 4455 tantum
2851 4401 2996 4471 quod
3034 4400 3300 4470 placuerit
3335 4403 3612 4457 sacerdoti
3655 4404 3739 4457 de-

2143 4501 2392 4582 putatur,
2409 4501 2605 4548 caetera
2627 4492 2910 4548 offerentis
2924 4501 3053 4547 sunt
3077 4493 3221 4555 laici,
3242 4495 3323 4546 ita
3349 4501 3532 4548 tamen
3559 4503 3623 4548 ut
3649 4493 3739 4548 sub

2152 4583 2240 4637 die
2283 4585 2673 4645 comedantur,
2741 4595 2842 4636 nec
2889 4589 3174 4636 remaneat
3221 4597 3287 4636 ex
3331 4583 3417 4637 his
3460 4584 3667 4654 aliquid
3692 4583 3741 4637 in

2151 4693 2330 4736 mane.
2380 4677 2585 4732 Carues
2622 4688 2752 4743 ergo
2801 4673 2857 4727 in
2885 4673 3083 4742 quibus
3119 4674 3323 4730 solidus
3367 4675 3524 4731 cibus
3563 4687 3651 4732 est
3691 4683 3740 4730 et

2149 4767 2391 4842 perfecta
2419 4766 2668 4831 scientia,
2701 4764 3075 4820 sacerdotibus
3101 4765 3453 4834 deputantur,
3488 4768 3620 4837 quia
3659 4767 3741 4821 de-

2148 4863 2279 4918 bent
2305 4862 2360 4916 in
2388 4859 2641 4914 omnibus
2667 4872 2786 4912 esse
2806 4855 3063 4925 perfecti,
3101 4859 3154 4911 in
3177 4858 3449 4923 doctrina,
3482 4859 3538 4913 in
3566 4861 3736 4915 virtu-

2149 4954 2310 5015 tibus,
2343 4952 2398 5005 in
2427 4950 2701 5012 moribus;
2742 4948 2786 5000 si
2816 4947 2961 5002 enim
2987 4945 3091 5002 hoc
3119 4947 3172 5000 in
3201 4962 3262 5004 se
3289 4962 3398 5003 non
3428 4948 3736 5014 habuerint,

2151 5045 2217 5100 de
2239 5040 2630 5098 sacriﬁciorum
2677 5037 2932 5092 carnibus
2969 5053 3078 5091 non
3122 5038 3304 5092 edent.
3353 5038 3497 5094 Caro
3517 5056 3646 5111 quas
3676 5055 3739 5095 ex

2152 5133 2436 5191 sacriﬁciis
2482 5131 2853 5186 sacerdotibus
2897 5131 3207 5200 deputatur,
3258 5131 3486 5186 verbum
3526 5132 3624 5187 Dei
3659 5140 3739 5186 est

2153 5228 2294 5299 quod
2324 5227 2376 5280 in
2405 5224 2648 5280 Ecclesia
2674 5225 2888 5279 docent.
2942 5222 3045 5276 l’er
3070 5223 3172 5277 hoc
3205 5237 3358 5294 ergo,
3409 5223 3603 5294 ﬁguris
3629 5239 3739 5294 my-

2152 5323 2301 5379 sticis
2331 5326 2779 5382 commonentur,
2823 5325 2884 5370 ut
2927 5331 3051 5370 cum
3079 5315 3327 5386 proferre
3371 5317 3438 5370 ad
3481 5316 3737 5386 populum

2151 5428 2459 5470 sermonem
2499 5409 2783 5480 cmperint,
2827 5421 2935 5463 non
2965 5409 3220 5463 hesterna
3263 5407 3575 5478 proferant,
3629 5423 3736 5463 non

2151 5516 2335 5561 vetera
2384 5517 2504 5574 qua:
2533 5510 2659 5557 sunt
2681 5499 2979 5556 secundum
3026 5499 3260 5554 litteram
3303 5497 3732 5569 proloquantur;

2150 5601 2245 5656 sed
2272 5615 2367 5671 per
2397 5597 2627 5668 gratiam
2672 5595 2767 5649 Dei
2793 5607 2934 5648 nova
2981 5605 3192 5663 semper
3216 5591 3516 5662 proferant,
3555 5601 3610 5648 et
3635 5592 3738 5662 spi—

2149 5691 2327 5748 ritalia
2366 5701 2580 5756 semper
2607 5685 2922 5750 inveniant;
2962 5684 3008 5739 si
3049 5684 3193 5738 enim
3229 5697 3294 5737 eu
3316 5697 3439 5752 quae
3481 5683 3750 5737 didiceris-

2149 5801 2179 5839 a
2205 5781 2402 5836 ludatis
2437 5781 2702 5835 hestcmze
2740 5777 2824 5834 dic
2854 5777 2970 5832 haec
2991 5775 3156 5834 hodie
3179 5775 3236 5830 in
3274 5773 3518 5832 Ecclesia
3554 5771 3734 5843 profe-
