3940 6352
879 361 888 413 i
927 347 1724 418 nummomsuw

1828 347 2136 419 itm;
2169 355 2397 420 tam
2438 353 2692 422 ιιίςῑιη
2758 354 2794 402 it

3319 353 3434 420 δικ

201 497 280 541 rus
299 499 322 550 ιν
338 507 342 516 ·
357 475 1224 546 ιιοοα·εει·,-εῆεειει·ιιωιιεεπιεω
1253 475 1517 531 sacriﬁcii
1535 497 1550 504 ν
1565 471 1727 531 edere

1849 487 1972 529 σω
1987 478 2106 530 aeut
2125 474 2398 547 (Properti.
2431 474 2540 547 unt
2564 473 2752 544 Neque
2765 467 2928 531 enim
2941 473 3203 534 mium
3218 451 3438 532 uescit-

197 578 360 633 linum
383 587 515 628 vero
533 571 787 640 illudque
815 577 1398 640 separatim-tanquam
1413 567 1748 637 prmeipuum
1848 568 1928 624 bit
1951 568 2212 632 malrum,
2240 571 2336 624 sed
2362 569 2996 639 solneqnenspmtsentls
3019 570 3160 626 vita!
3177 577 3414 640 tempus,

196 665 452 723 senibus
473 679 595 732 quas
621 679 689 719 ea
713 662 1182 730 simila-praecepta
1205 659 1438 726 θεωρία
1463 659 1588 713 hoc:
1599 658 1746 714 illam

1845 670 2064 731 propter
2088 661 2240 731 quod.
2253 662 2429 716 dixit:
2470 657 2649 732 Neque
2669 661 2807 716 enim
2830 662 2960 716 scies
2977 663 3106 733 quid
3129 664 3314 734 pariet
3332 675 3438 718 su"

194 771 385 832 partem
417 759 658 815 scientim
683 756 916 812 arbitror
955 751 1228 824 designari
1247 753 1322 807 de
1363 767 1471 822 qua
1497 753 1748 822 superius
1843 755 2301 824 perventuradies,
2327 751 2390 808 id
2433 761 2535 817 est,
2582 751 2816 812 ne'fom
2842 754 2902 810 in
2925 756 3281 819 esmoriarls,
3321 745 3438 811 ευ(

193 852 426 915 animus,
463 863 606 919 quat
627 846 926 918 perlectam
965 841 1621 914 indicatproﬁmdamque
1648 844 1752 900 do?
1845 843 1913 900 ab
1933 846 2108 915 aliqua
2138 845 2451 916 impediat-is
2493 859 2671 900 causa.
2729 844 2998 916 Quidquid
3043 845 3225 901 tertius
3272 847 3430 900 inro-~

190 943 420 998 enim.
459 941 578 996 Sed
623 939 870 1010 requiras
903 936 1156 1002 fortasse,
1198 951 1322 991 cum
1364 935 1609 1006 superius
1629 936 1746 990 Ier—
1845 937 1978 992 nerit
2017 939 2130 992 dies
2163 939 2300 1007 ignis
2321 939 2572 991 absumet.
2614 938 2717 992 Per
2750 934 2891 991 diem
2915 937 3139 993 tertium
3175 936 3414 992 futurum

190 1041 409 1088 mentum
446 1032 663 1102 penitus
712 1030 780 1084 de
805 1028 1086 1084 sacriﬁciis
1122 1027 1383 1096 abiecerit
1408 1053 1441 1092 ,δ
1470 1030 1748 1096 quomodo
1841 1029 2084 1085 indicans
2113 1029 2385 1085 sacculum.
2427 1029 2483 1084 ln
2514 1030 2629 1099 ipso
2675 1030 2870 1100 quippe
2910 1030 3176 1099 generalis
3219 1039 3304 1085 est
3331 1041 3438 1084 re-g

186 1138 317 1177 mne
361 1135 524 1192 super
563 1133 730 1192 panes
759 1119 1110 1176 fermentatus
1149 1117 1473 1174 sacriﬁcium
1521 1116 1749 1172 mandat.

184 1211 407 1281 imponi?
448 1212 652 1268 Verum
677 1210 986 1281 diligentius
1014 1209 1228 1264 intuere
1262 1208 1390 1277 quia
1416 1221 1524 1262 non
1557 1209 1627 1262 ad
1653 1222 1740 1262 sa-

181 1301 424 1358 oriﬁcium
451 1302 548 1358 sed
569 1301 644 1358 ad
691 1300 1049 1358 ministerium
1074 1297 1338 1354 sacriﬁcii.
1382 1297 1737 1353 fermentatus

180 1391 318 1460 panis
360 1391 684 1446 assumitur:
711 1390 841 1459 quid
864 1389 1126 1460 ergohoc
1172 1387 1262 1452 sit,
1313 1401 1418 1457 age.
1438 1387 1736 1441 videamus.

181 1481 422 1536 Dominus
462 1483 518 1536 in
544 1481 848 1552 Evangeliis
894 1481 1184 1536 humanam
1213 1479 1513 1534 doctrinam
1553 1477 1744 1532 Phari-

176 1589 389 1630 ποι-πω
431 1575 524 1644 qui
568 1575 849 1630 tradebant
892 1573 1227 1636 traditiones,
1253 1579 1530 1638 praecepta
1569 1567 1744 1624 homi-

173 1680 310 1730 num,
345 1664 672 1720 fermentum
708 1664 961 1735 appellat,
993 1677 1116 1718 cum
1145 1661 1278 1716 dicit
1299 1657 1606 1728 discipulis:
1641 1657 1742 1712 Ob-

170 1767 356 1810 servato
390 1775 424 1810 a
471 1758 720 1826 fermento
751 1753 1150 1810 Phor-imorum
1174 1749 1392 1822 (Matth.
1428 1767 1554 1817 xvr;
1605 1750 1734 1804 Luc.

1838 1122 2102 1179 surrectio
2129 1131 2482 1187 mortuorum,
2514 1133 2676 1190 quam
2698 1120 2944 1189 designat
2970 1122 3111 1177 tertii
3139 1122 3243 1176 diei
3273 1121 3412 1176 facta

1839 1213 2200 1272 resurrectio:
2215 1212 2443 1276 Domini,
2493 1227 2615 1282 quae
2656 1225 2815 1267 mane
2855 1214 3101 1282 provenit
3121 1253 3136 1276 ,
3174 1221 3434 1282 propter.

1839 1307 1982 1375 quod
2009 1315 2064 1360 et
2088 1321 2248 1360 mane
2281 1306 2535 1360 saeculum
2559 1305 2793 1360 diximus
2819 1305 3120 1375 signiﬁcare
3146 1306 3406 1360 futurum.

1842 1396 1996 1451 Tunc
2015 1412 2144 1468 ergo
2167 1398 2312 1468 quod
2358 1397 2627 1467 reliquum
2663 1405 2748 1452 est
2779 1397 2852 1452 de
2873 1398 3139 1452 sacriﬁcio
3157 1398 3414 1466 paciﬁco-

1842 1501 1985 1552 rum,
2039 1503 2138 1543 seu
2157 1489 2404 1554 salutari,
2447 1490 2574 1560 igne
2614 1497 3003 1553 consumetur;
3059 1490 3414 1558 quodcunque

1843 1579 1988 1632 enim
2036 1579 2412 1648 reliquerimus
2453 1582 2519 1636 ad
2566 1592 2807 1637 nostram
2852 1580 3080 1636 salutem
3115 1582 3412 1650 pertinens,

1842 1668 2178 1738 inoperatum
2206 1681 2311 1736 est,
2356 1672 2694 1742 inoperatum
2722 1679 2777 1726 et
2802 1672 2907 1726 hoc
2951 1672 3096 1741 quod
3123 1671 3261 1724 male
3287 1685 3413 1739 ope-

1842 1768 2020 1814 ratum
2042 1770 2146 1825 est,
2175 1770 2230 1814 et
2253 1761 2398 1829 ligna
2426 1770 2518 1815 aut
2547 1760 2728 1815 fenum
2758 1769 2921 1830 atque
2945 1761 3140 1829 stipula
3184 1760 3410 1825 factum,

168 1845 258 1915 ιιι)
292 1865 305 1901 ε
363 1848 617 1904 Similiter
667 1860 797 1917 81‘80
840 1846 1079 1900 humana
1135 1843 1380 1898 dOCU'ina
1434 1849 1536 1905 es"
1585 1840 1736 1894 Verbi
1763 1837 1812 1898 Β
1838 1850 2085 1919 hocigne
2104 1860 2469 1916 consumetur,
2510 1865 2608 1905 nos
2637 1859 2820 1905 autem
2841 1851 3224 1905 detrimentum
3245 1851 3412 1918 patie-

164 1955 345 2004 causa,
386 1939 740 2009 grammatica
765 1951 874 2002 ars,
902 1935 988 1992 vel
1017 1935 1305 1998 rhetorica,
1334 1931 1415 1987 vel
1441 1933 1605 1987 etiam
1626 1933 1737 1987 dia-

159 2030 388 2096 lectica;
423 2045 491 2085 ex
514 2044 621 2098 qua
645 2029 902 2091 doctrina,
926 2028 996 2080 ad
1017 2024 1342 2082 sacriﬁcium
1363 2021 1603 2092 quidem,
1632 2023 1735 2078 hoc

159 2129 254 2182 est,
286 2121 342 2174 in
371 2121 460 2174 his
491 2133 609 2189 quae
654 2119 721 2173 de
747 2117 858 2172 Deo
906 2115 1186 2171 sentienda
1211 2122 1355 2180 sunt,
1403 2113 1535 2168 nihil
1561 2114 1734 2169 suscie

162 2211 404 2279 piendum
426 2217 532 2274 est,
553 2223 734 2264 sermo
753 2222 883 2264 vero
902 2207 1110 2263 lucidus
1134 2213 1190 2261 et
1211 2205 1533 2275 eloquentia:
1560 2204 1735 2274 splen-

165 2303 250 2356 dor
276 2316 339 2356 ac
361 2301 668 2370 disputandi
691 2301 831 2356 ratio
865 2301 934 2355 ad
963 2299 1324 2354 ministerium
1348 2299 1500 2353 verbi
1523 2297 1620 2352 Dei
1644 2299 1734 2352 de-

165 2403 334 2448 center
357 2393 578 2464 jubetur
610 2393 867 2457 admitti,
914 2401 1010 2446 aut
1036 2407 1144 2446 non
1178 2406 1341 2460 super
1366 2391 1468 2446 hoc
1492 2389 1732 2444 fermen-

168 2494 267 2540 tum
300 2486 535 2541 habebat
571 2485 722 2540 verbi
759 2485 853 2539 Dei
883 2483 1209 2538 sacriﬁcium
1248 2481 1484 2550 positum
1513 2480 1602 2536 ille
1637 2481 1731 2550 qui

166 2578 396 2634 dicebat:
453 2575 808 2647 Corrumpunt
857 2591 1025 2630 mores
1076 2575 1234 2628 bonos
1284 2573 1548 2642 colloquia
1588 2571 1730 2627 mala

167 2670 210 2740 (Ι
231 2669 421 2724 Cor-int.
461 2668 576 2739 xv).
605 2668 675 2723 Et
701 2686 716 2722 :
740 2666 1010 2723 Cretenses
1027 2681 1229 2735 semper
1247 2663 1544 2728 mendaces,
1573 2662 1728 2716 male:

166 2758 335 2824 bestite,
363 2767 566 2814 ventres
589 2758 723 2827 pigri
747 2756 876 2828 (Tit.
897 2757 961 2830 ι),
989 2764 1045 2812 ει
1067 2755 1172 2810 alia
1201 2755 1289 2811 his
1304 2753 1500 2809 similia
1528 2768 1597 2808 ex
1621 2752 1730 2808 fer-

166 2859 328 2906 mento
354 2857 576 2920 sumpta
603 2848 957 2906 (ἐι-ωοοωωῖ

746 2940 974 2997 CAPUT
1023 2929 1113 2995 Vl.

222 3033 329 3100 Qua
354 3035 439 3090 die
465 3035 630 3090 liceat
650 3034 714 3089 de
739 3033 923 3088 hostiis
947 3041 1128 3104 sponte
1148 3031 1340 3088 oblatis
1365 3032 1653 3088 comedere.

219 3127 381 3198 (lam)
427 3127 492 3183 Si
550 3139 666 3183 voto
710 3125 788 3181 vel
829 3134 1008 3196 sponte
1055 3127 1334 3196 quisquam
1359 3125 1600 3181 obtulerit
1622 3127 1722 3181 Ito-

161 3220 315 3283 stiant,
345 3221 534 3276 eadem
575 3220 818 3274 similiter
844 3219 1024 3276 edatur
1057 3219 1162 3286 die,
1185 3220 1278 3274 sed
1324 3229 1375 3274 et
1408 3221 1455 3274 si
1497 3221 1624 3291 quid
1667 3221 1726 3274 in

161 3313 424 3366 crastinum
452 3312 786 3377 remanserit,
827 3313 960 3366 vesci
977 3311 1176 3365 licitum
1204 3320 1279 3366 est
1303 3311 1593 3382 ,‘quidqttid
1624 3329 1724 3365 au-

161 3410 248 3456 tent
275 3404 455 3460 tertius.
473 3404 733 3458 invenerit
757 3403 890 3468 dies,
914 3403 1052 3473 ignis
1079 3402 1337 3469 absumet,
1366 3413 1414 3457 et
1441 3403 1486 3456 si
1520 3402 1635 3473 quis
1660 3403 1724 3460 de

159 3495 384 3548 carnibus
433 3495 659 3549 victima:
693 3493 1034 3564 paciﬁcorum
1087 3494 1172 3548 die
1217 3494 1370 3549 tertio
1421 3494 1722 3561 comederit,

157 3583 301 3636 irrita
340 3585 424 3653 [iet
467 3585 685 3650 oblatio,
725 3601 817 3639 nec
861 3584 1092 3654 proderit
1141 3575 1422 3654 oﬂei‘enti;
1456 3587 1586 3655 quia
1624 3601 1726 3655 po-

158 3674 250 3726 tius
301 3691 622 3746 quacunque
687 3677 864 3729 anima
920 3674 1016 3729 tati
1063 3691 1118 3729 se
1167 3675 1340 3730 edulio
1391 3678 1724 3732 contamina-

160 3766 306 3832 vm‘t,
364 3769 820 3838 prmearicationis
883 3785 972 3824 rea
1042 3770 1160 3824 erit.
1239 3769 1349 3840 (Ex
1413 3769 1724 3842 Hesychia.)

162 3851 305 3910 Omne
330 3857 559 3927 quidem
590 3856 914 3914 sacriﬁcium
952 3859 1304 3928 paciﬁcorum
1339 3875 1434 3915 seu
1462 3860 1720 3928 salutare,

163 3954 499 4012 spontaneum
549 3953 656 4010 est,
702 3944 842 4001 unde
888 3945 1016 4000 illud
1070 3947 1210 4004 inter
1259 3949 1399 4004 dona
1445 3950 1725 4018 superiore

161 4044 287 4102 parte
314 4037 444 4092 libri
489 4035 654 4106 hujus
681 4035 956 4107 legislator
998 4037 1268 4106 ascripsit,
1298 4039 1392 4092 sed
1425 4040 1722 4108 gratiarum

162 4127 359 4190 actionis
411 4128 532 4183 sive
576 4126 749 4182 laudis
806 4125 1131 4182 sacriﬁcium
1161 4141 1468 4197 quanquam
1516 4129 1724 4198 species

162 4215 424 4274 oblationis
445 4217 568 4286 ejus
596 4231 716 4287 qua:
744 4233 888 4274 nunc
932 4217 1076 4274 dicta
1114 4223 1202 4274 est
1221 4218 1330 4284 sit;
1383 4225 1560 4274 tamen
1595 4220 1722 4289 quia

162 4305 396 4364 rationale
429 4308 705 4378 quoddam
733 4317 839 4373 est,
891 4317 1179 4380 prepterea
1205 4309 1263 4364 in
1299 4309 1428 4378 lege
1475 4309 1719 4365 volunta-

1837 1950 1994 2009 mur';
2027 1944 2119 1998 sed
2149 1944 2279 2014 quid
2313 1944 2398 2003 his
2425 1944 2675 1998 addidit?
2719 1942 2780 1998 Si
2810 1944 2927 2012 quis
2953 1943 3018 1996 de
3055 1943 3301 1997 carnibus
3334 1943 3412 1998 oi-

1835 2036 2005 2091 ctinue
2026 2037 2364 2106 paciﬁcorum
2383 2037 2468 2091 die
2492 2038 2641 2090 tertio
2661 2037 2964 2101 comederit,
2985 2038 3137 2090 irrita
3157 2037 3248 2105 [iet
3267 2037 3412 2091 obla-

1834 2130 1928 2193 tio,
1968 2142 2062 2181 nec
2100 2126 2332 2196 proderit
2362 2128 2641 2196 oﬂ'erenti;
2693 2129 2822 2198 quin
2847 2128 3038 2197 potius,
3091 2144 3411 2199 quaecunque

1833 2219 2012 2273 anima
2044 2218 2140 2272 tali
2181 2235 2236 2272 se
2264 2217 2439 2272 edulio
2467 2220 2923 2284 contaminaverit,
2964 2219 3410 2290 pravaricationis

1832 2325 1922 2364 res
1943 2313 2062 2364 erit.
2094 2309 2205 2365 Nec
2228 2309 2345 2365 haec
2371 2309 2576 2365 frustra
2613 2311 2866 2381 pruenti
2895 2311 3159 2367 sanctioni
3184 2311 3409 2377 addidit,

1831 2400 2079 2470 sedquia
2107 2401 2328 2471 quidem
2371 2409 2494 2471 post
2528 2401 2691 2457 ﬁnem
2726 2401 2886 2472 hujus
2922 2405 3048 2459 vitae
3091 2413 3146 2458 et
3173 2413 3413 2459 mortuo-

1831 2505 1950 2545 rum
1985 2493 2456 2558 resurrectionem,
2484 2493 2646 2549 aliam
2687 2494 2851 2565 talem
2878 2495 3046 2550 vitam
3069 2495 3246 2565 qualis
3267 2510 3412 2550 nunc

1830 2594 1913 2640 est
1939 2586 2246 2642 describere
2265 2595 2726 2658 praesumpserunt
2741 2628 2757 2653 ,
2791 2588 2936 2644 mille
2966 2602 3230 2644 annorum
3247 2589 3412 2658 quod-

1829 2677 1954 2732 dam
1972 2678 2224 2734 sarculum
2259 2679 2664 2735 introducentes
2694 2697 2709 2734 :
2738 2680 2794 2735 in
2818 2695 2946 2748 quo,
2971 2688 3033 2734 ut
3058 2681 3232 2746 aiunt,
3259 2679 3409 2736 Jeru—

1829 2769 1999 2825 salem
2035 2770 2304 2826 sensibilis
2349 2771 2731 2837 :ediﬁcabitur,
2777 2772 3146 2842 templumque
3193 2771 3311 2841 ejus
3353 2780 3414 2828 et

1830 2873 1949 2927 qua:
1959 2859 2014 2912 in
2031 2873 2096 2914 ea
2118 2861 2391 2928 quondam
2412 2859 2630 2914 fuerunt
2651 2858 2852 2916 Sancta
2873 2869 3184 2916 sanctorum
3207 2871 3412 2916 restau-

1829 2949 2112 3013 rabuntur,
2157 2958 2216 3004 et
2248 2948 2516 3004 sacriﬁcia
2552 2948 2874 3004 oﬁ‘eruntur.
2922 2947 3075 3003 Hanc
3110 2964 3250 3018 ergo,
3274 2965 3412 3020 prte-

1828 3039 2187 3108 sumptionem
2216 3037 2283 3092 de
2315 3039 2496 3094 animo
2521 3047 2710 3094 nostro
2741 3053 3022 3094 removere
3048 3039 3270 3108 cupiens
3306 3057 3318 3094 :
3350 3038 3416 3095 Si

1827 3128 1946 3199 quis
1972 3127 2036 3181 de
2065 3126 2342 3191 carnibus,
2388 3127 2480 3190 ait,
2518 3127 2858 3197 paciﬁcorum
2881 3127 2966 3184 die
2994 3128 3146 3184 tertio
3175 3129 3413 3184 comede-

1830 3219 1920 3284 rit,
1962 3218 2018 3274 id
2049 3227 2150 3280 est,
2185 3219 2230 3273 si
2259 3219 2382 3286 quis
2403 3217 2505 3273 sibi
2528 3218 2586 3273 in
2613 3217 2939 3288 cogitatione
2960 3227 3246 3289 proponat,
3283 3219 3411 3290 quia

1827 3316 1949 3380 post
1978 3308 2431 3364 resurrectionem
2456 3317 2788 3364 mortuorum
2815 3309 3073 3379 reliquias
3101 3308 3258 3378 hujus
3288 3310 3411 3368 vita:

1827 3409 2049 3456 acturus
2067 3408 2170 3466 est,
2194 3407 2249 3454 et
2293 3399 2454 3456 modo
2483 3401 2716 3472 quodam
2743 3402 3011 3468 comedat,
3045 3403 3301 3472 prtedicta
3352 3403 3408 3460 in

1826 3498 2005 3546 mente
2029 3499 2186 3546 utens
2214 3505 2314 3560 pro
2341 3491 2462 3548 cibo
2500 3489 2756 3558 fantasia,
2799 3499 2854 3547 et
2880 3506 3105 3562 sperans
3126 3493 3410 3549 comedere

1823 3597 1884 3637 se
1924 3597 1991 3636 eo
2015 3590 2255 3652 tempore
2285 3598 2393 3652 quo
2419 3583 2704 3638 comedere
2733 3583 3064 3652 impossibile
3091 3594 3197 3649 est,
3223 3585 3280 3639 id
3301 3593 3409 3651 est,

1823 3672 2078 3740 operari:
2115 3672 2274 3740 hujus
2301 3672 2503 3727 oblatio
2529 3688 2636 3728 non
2664 3673 2957 3741 suscipitur
3003 3688 3106 3730 nec
3141 3673 3412 3743 reputabi-

1824 3771 1916 3818 tur
1937 3763 1987 3818 ei
2010 3780 2024 3828 ;
2045 3764 2138 3833 qui
2162 3763 2309 3817 enim
2331 3762 2465 3817 falsa
2493 3764 2558 3818 de
2579 3762 2759 3819 futuro
2785 3765 2983 3820 saeculo
3009 3765 3263 3830 aestimat,
3286 3765 3412 3820 sibi-

1823 3853 2038 3923 metipsi
2083 3854 2339 3908 damnum
2379 3852 2542 3919 facit,
2599 3853 3120 3925 abominabilemque
3149 3863 3206 3911 et
3241 3856 3412 3926 pollu-

1824 3952 1937 3998 tam
1962 3944 2291 4000 oblationem
2323 3959 2478 3999 suam
2523 3943 2826 3999 constituit.
2871 3944 2988 4002 Non
3020 3946 3195 4002 solum
3223 3957 3406 4002 autem

1825 4035 1948 4098 hoc,
1973 4035 2066 4090 sed
2091 4043 2146 4089 et
2166 4044 2448 4104 peccatum
2473 4035 2691 4092 sibimet
2709 4037 3001 4105 contrahit,
3021 4048 3244 4109 propter
3265 4042 3410 4110 quod

1824 4125 1996 4180 dixit:
2051 4123 2191 4192 Quin
2219 4126 2391 4195 potius
2415 4143 2735 4197 quaecunque
2785 4129 2962 4183 anima
3010 4128 3106 4184 tali
3135 4147 3188 4184 se
3232 4130 3406 4186 edulio

1823 4215 2276 4281 contaminaverit,
2328 4217 2780 4285 prwvaricationis
2826 4235 2914 4274 rea
2939 4221 3038 4273 erit
3064 4237 3083 4286 ;
3115 4223 3406 4278 ostendens

1820 4305 1946 4375 quia
1971 4314 2026 4360 et
2056 4305 2110 4360 in
2148 4305 2344 4361 damno
2369 4308 2632 4363 bonorum
2660 4308 2813 4374 vivit,
2861 4319 2914 4364 et
2939 4320 3164 4380 peccato
3198 4328 3256 4366 se
3283 4313 3406 4367 sub-

164 4396 276 4452 rium
312 4416 420 4454 non
449 4399 620 4454 habet
647 4399 908 4464 additum,
944 4401 1189 4468 quicum
1221 4401 1338 4458 sine
1361 4401 1523 4458 dubio
1551 4401 1718 4456 ratio-
1812 4398 1976 4466 jicit,_
2003 4399 2318 4468 quicunque
2353 4413 2461 4454 non
2507 4398 2650 4454 bona
2686 4399 2752 4456 de
2795 4399 3148 4456 retributione
3175 4403 3408 4458 aestimat

162 4485 283 4543 nales
309 4490 499 4554 simus,
523 4488 768 4546 debitum
782 4489 1182 4558 quodammodo
1206 4491 1536 4561 praecipuum
1559 4491 1718 4547 Crea-

161 4579 246 4632 tori
272 4581 535 4638 rationale
591 4580 918 4636 sacriﬁcium
959 4580 1289 4645 debeamus;
1345 4590 1627 4650 propterea
1659 4583 1714 4636 in

163 4682 212 4724 eo
236 4671 602 4728 voluntarium
626 4671 714 4727 lex
741 4671 959 4727 reticuit
980 4687 1090 4727 non
1119 4671 1248 4728 illud
1268 4671 1541 4741 excipiens
1570 4689 1600 4726 a
1627 4688 1717 4728 v0-

161 4756 394 4818 luntariis.
446 4763 592 4818 Cras
631 4762 778 4818 enim
826 4761 1115 4832 aliquando
1162 4778 1262 4832 pro
1292 4763 1545 4832 praesenti
1583 4763 1715 4829 vita,

162 4848 416 4920 aliquando
442 4870 548 4924 pro
577 4853 758 4908 futura
779 4854 1079 4923 accipitur;
1128 4854 1225 4910 sed
1258 4853 1314 4907 in
1338 4854 1443 4910 isto
1473 4854 1592 4910 loco
1619 4869 1717 4923 pro

162 4946 382 5007 pnesenti
408 4947 518 5001 vita
554 4945 838 5014 accipitur,
879 4946 1018 5000 sicut
1060 4953 1120 5000 et
1156 4945 1284 5000 illud
1312 4947 1456 5016 quod
1484 4945 1719 5002 Jacohus

163 5029 204 5084 in
219 5031 438 5103 Epistula
469 5050 572 5092 sua
597 5035 729 5090 dicit
753 5052 765 5088 :
794 5033 930 5088 Ecce
957 5051 1114 5100 nunc,
1145 5037 1232 5105 qui
1253 5036 1448 5103 dicitis,
1471 5035 1643 5092 Hodie
1669 5045 1719 5092 et

163 5126 364 5180 crastino
390 5126 781 5182 ambulabimus
809 5126 865 5180 in
887 5125 1034 5179 illam
1075 5127 1334 5182 ciuitatem
1356 5137 1403 5182 et
1435 5127 1719 5197 negotiabi-

168 5228 278 5280 mus,
321 5227 371 5271 et
418 5218 630 5278 lucrum
682 5217 936 5286 faciemus
989 5215 1198 5285 (Jacob.
1231 5215 1326 5286 ιν).
1369 5215 1476 5271 Sed
1503 5225 1556 5272 et
1581 5233 1720 5287 pra:-

169 5316 273 5359 seus
300 5308 514 5376 quidem
559 5307 813 5364 sarculum
853 5307 1013 5362 hodie
1049 5305 1287 5361 dicitur:
1321 5308 1587 5375 quomodo
1616 5308 1720 5364 Da-

168 5393 240 5447 Vid
263 5397 419 5453 dicit:
445 5398 622 5453 Hodie
647 5399 694 5452 si
718 5415 890 5454 uocem
913 5397 1029 5467 ejus
1057 5396 1352 5462 audieritis,
1406 5405 1511 5450 etc.
1546 5395 1716 5468 (Psal.

170 5489 307 5558 xciv).
335 5488 440 5561 [Ex
469 5489 776 5562 Hesychia]
800 5489 1010 5545 Dicitur
1037 5495 1220 5544 autem
1250 5498 1304 5543 et
1331 5502 1475 5554 cras,
1503 5502 1612 5542 non
1645 5495 1725 5546 ta-

173 5589 276 5633 men
302 5584 520 5640 omnino
553 5585 648 5642 ἀνὰ
673 5583 945 5644 διαστολὴν
988 5581 1257 5647 hodierni,
1297 5581 1393 5638 sed
1434 5580 1560 5652 quia
1588 5596 1726 5651 prae-

174 5672 316 5726 sentis
327 5675 508 5732 saeculi
534 5690 646 5731 non
667 5674 857 5732 eadem
878 5681 1005 5730 sunt
1025 5683 1327 5744 temporum
1355 5672 1551 5743 spatia,
1589 5672 1729 5727 sicut

175 5754 220 5818 in
238 5759 544 5824 Proverbiis.
567 5766 804 5826 ostendit
828 5782 844 5821 :
875 5764 960 5820 Ne
985 5765 1132 5822 dicas
1159 5765 1324 5822 amico
1357 5774 1468 5834 tuo,
1511 5761 1654 5818 Vade
1677 5771 1728 5817 et

1818 4487 2040 4542 Christi.
2068 4487 2176 4562 (Ea:
2189 4486 2457 4560 Origene.)
2473 4489 2646 4544 Aliter
2671 4489 2728 4544 in
2750 4489 2912 4544 biduo
2937 4490 3134 4558 quibus
3158 4489 3283 4545 licet
3318 4507 3405 4548 vc-

1811 4569 1898 4634 ’δεί
1927 4594 2119 4635 carnes
2151 4579 2425 4646 sacriﬁcii,
2453 4587 2585 4650 puto
2613 4579 2720 4634 duo
2747 4579 3092 4635 Testamenta
3134 4596 3292 4650 posse
3330 4583 3408 4639 in-~

1823 4671 2008 4742 tclligi,
2039 4672 2095 4726 in
2121 4673 2316 4740 quibus
2341 4671 2505 4728 liceat
2531 4687 2692 4727 omne
2713 4673 2936 4728 verbum
2965 4673 3107 4742 quod
3138 4674 3206 4730 ad
3234 4674 3404 4732 Deum

1823 4763 2079 4831 pertinet,
2105 4764 2208 4818 hoc
2234 4765 2379 4818 enim
2409 4772 2494 4818 est
2524 4763 2852 4820 sacriﬁcium
2879 4766 3082 4835 requiri
3110 4775 3166 4821 et
3187 4767 3404 4833 discuti,

1824 4863 1985 4922 atque
2011 4869 2078 4908 ex
2105 4854 2237 4924 ipsis
2265 4869 2480 4908 omnem
2510 4869 2690 4908 rerum
2717 4855 2998 4910 scientiam
3025 4858 3160 4927 capi,
3206 4857 3252 4912 si
3273 4858 3401 4928 quid

1829 4951 2011 5000 autem
2037 4942 2366 5015 superfuerit
2395 4944 2538 5013 quod
2561 4959 2676 5020 non
2697 4944 2878 5000 divina
2908 4944 3186 5016 Scriptura
3215 4947 3401 5002 decer-

1820 5047 1935 5102 nat,
1968 5038 2170 5096 nullam
2193 5039 2359 5094 aliam
2385 5039 2710 5109 scripturam
2752 5041 2967 5096 tertiam
2998 5041 3191 5096 debere
3211 5047 3398 5096 aucto-

1820 5131 1979 5184 ritate
2019 5130 2258 5186 scientia:
2285 5130 2500 5200 suscipi,
2529 5145 2650 5200 quae
2685 5129 2775 5186 hic
2805 5130 2922 5187 dies
2949 5131 3107 5185 tertia
3156 5129 3400 5185 nomina-

1821 5225 1930 5281 tur,
1963 5218 2057 5272 sed
2101 5217 2211 5288 igni
2266 5217 2541 5273 tradamus
2571 5219 2710 5288 quod
2739 5226 3014 5289 superest,
3056 5217 3108 5272 id
3137 5225 3239 5282 est,
3290 5215 3399 5268 Deo

1821 5320 2197 5372 reservemus;
2225 5321 2399 5376 neque
2429 5307 2571 5361 enim
2596 5307 2650 5361 in
2671 5309 2925 5378 praesenti
2953 5308 3064 5363 vita
3089 5306 3228 5360 Deus
3259 5302 3398 5357 scire

1822 5412 1921 5452 nos
1959 5396 2141 5452 omnia
2167 5396 2355 5463 voluit,
2401 5399 2634 5452 maxime
2677 5413 2799 5454 cum
2835 5398 2888 5451 id
2927 5405 2981 5450 et
3008 5392 3292 5466 Apostolus
3318 5389 3398 5444 di-

1822 5496 1912 5544 cat
1935 5505 1946 5541 :
1979 5485 2116 5554 Quia
2145 5504 2208 5542 ea:
2248 5497 2395 5559 parte
2433 5488 2624 5542 scimus
2650 5496 2700 5542 et
2728 5505 2792 5542 ex
2811 5496 2959 5558 parte
2985 5483 3350 5555 prophetamus
3373 5497 3396 5547 ;

1823 5596 1940 5633 cum
1966 5581 2155 5633 venerit
2203 5588 2377 5633 autem
2410 5580 2550 5651 quod
2592 5579 2875 5650 perfectum
2911 5584 3014 5638 est,
3066 5571 3397 5626 destruentur

1822 5670 1916 5724 illa
1950 5686 2064 5741 qua:
2092 5681 2323 5741 exparte
2349 5681 2469 5725 sunt
2511 5668 2566 5742 (Ι
2587 5667 2768 5723 Corin.
2808 5664 2952 5730 xm).
2999 5662 3103 5717 Iste
3141 5670 3224 5718 est
3266 5678 3395 5735 ergo

1824 5761 1964 5835 ignis
1987 5763 2070 5819 cui
2093 5779 2210 5836 qua:
2253 5765 2310 5820 in
2335 5764 2555 5821 tertium
2585 5762 2727 5817 diem
2765 5753 3128 5825 supert‘uerint
3173 5772 3394 5815 servare
