3940 6352
183 374 273 443 ιιι

1061 364 2478 431 ωῠιηιοΝηικιωνηωυΙιά-υῶιι.
2558 372 2663 415 δεῖ
2732 378 2765 417 ιι

183 499 381 573 ceperit
406 492 483 552 ιιι·
504 494 592 550 his
634 496 729 547 aut
774 484 985 547 bimum
1034 488 1305 558 immolari
1328 504 1343 553 ;
1372 500 1479 542 nec
1527 487 1722 541 homin
1746 484 1803 548 Δ
1823 484 1929 542 ﬁds
1947 498 2123 557 neque
2140 500 2209 543 ea
2224 487 2419 557 spiritu
2434 486 3165 555 Διωιιιιιιηοιιαιίιιιιιιιιιοι
3185 492 3405 564 me

181 604 294 665 ergo
304 586 565 651 concedit,
594 592 656 639 ut
682 582 1011 638 desiderium
1036 580 1384 636 comedamus
1406 595 1424 632 ε
1452 576 1520 633 ad
1545 578 1719 632 Deum

179 686 307 743 enim
324 682 447 740 liiod
477 679 672 736 scituri
699 682 755 731 et
777 678 890 732 Deo
917 674 1100 730 offerri
1117 671 1295 743 jubet,
1318 678 1591 741 quatenus
1613 684 1725 724 non

1827 591 1901 632 ne
1916 575 2037 646 duo
2057 576 2415 634 denuntiat.

2439 668 2668 726 CAPUT
2699 669 2794 729 ιιι.

178 757 543 833 διιεοειιιιιιιιιιι
586 767 938 824 intentionem
975 766 1288 827 humanam,
1341 761 1436 816 sed
1466 761 1578 815 Deo
1622 759 1710 815 soli

1823 759 2014 823 Annus
2034 760 2217 816 dexter
2250 768 2299 817 et
2322 758 2681 836 musculum
2722 760 2789 817 de
2811 760 2996 823 hostiis
3040 765 3413 836 ραίβοοηηι

178 864 569 935 mussctljusque
592 863 669 916 rei
691 870 852 931 quam
877 859 1000 929 quis
1024 872 1092 913 ex
1111 856 1387 927 prmdictis
1411 853 1722 923 assequitur

176 959 471 1016 desiderium
522 948 814 1016 Metitur;
843 950 1093 1005 similiter
1122 955 1470 1017 peccatorum
1500 944 1716 999 deside-

176 1052 312 1112 rium,
341 1048 478 1118 quod
510 1054 608 1116 per
643 1044 927 1098 morticina
958 1051 1014 1096 et
1040 1054 1070 1095 a
1097 1040 1285 1094 bestiis
1315 1048 1473 1108 capta
1512 1036 1720 1107 signiti-

174 1149 309 1196 catur
334 1153 350 1192 :
376 1150 470 1208 per
496 1134 1052 1203 morticina'quidem,
1075 1140 1135 1185 ut
1167 1139 1292 1201 pote
1316 1132 1407 1199 qui
1436 1130 1719 1199 elegerunt

169 1244 251 1303 per
276 1231 529 1301 quasdam
579 1227 940 1298 impudicitiae
964 1235 1019 1279 et
1046 1240 1141 1295 per
1168 1224 1476 1293 superbiam
1507 1221 1715 1291 peccati

168 1329 402 1386 mortem;
423 1320 567 1407 quod
597 1319 787 1389 probat
818 1316 1013 1371 Paulus
1038 1317 1105 1370 de
1134 1314 1307 1369 viduis
1336 1315 1520 1370 dicens
1540 1330 1563 1367 :.
1581 1312 1714 1379 Quae

166 1414 281 1467 enim
303 1414 354 1468 in
372 1411 572 1465 deliciis
601 1414 676 1465 est
709 1409 887 1474 vidua,
919 1408 1089 1462 vivens
1125 1416 1335 1461 mortua
1364 1415 1462 1460 est.

218 1571 313 1625 Per
339 1585 401 1626 ea
439 1578 620 1626 autem
644 1584 765 1640 qum
790 1584 821 1625 a
857 1567 1046 1625 bestiis
1075 1538 1231 1636 capta
1259 1572 1384 1619 sunt
1409 1560 1721 1633 intelligun-

160 1671 235 1717 tur
254 1662 303 1715 hi
340 1662 431 1731 qui
477 1662 604 1721 dum
634 1660 910 1732 negligunt
957 1656 1226 1711 cautelam
1267 1668 1422 1708 suam
1457 1658 1511 1705 ct
1540 1657 1719 1706 custo-

154 1755 300 1819 diam,
341 1753 602 1822 captivati
646 1760 775 1809 sunt
800 1751 870 1807 ab
896 1746 1328 1817 iutelligibilibus
1348 1743 1537 1799 bestiis
1572 1756 1717 1796 com-

2375 830 2663 891 sacerdotis
2682 842 2805 889 sunt

1892 940 2069 1015 (Imm)
2097 940 2323 1003 Locutus
2344 951 2418 999 est
2439 943 2693 1003 Dominus
2714 945 2784 1003 ad
2812 944 3029 1018 lmen
3046 948 3225 1013 diosus
3248 968 3269 1013 ι
3291 952 3403 1011 ιω

1817 1042 1974 1106 quere
1993 1035 2118 1104 ﬁliis
2142 1035 2352 1089 Israel:
2387 1035 2491 1100 Qui
2522 1037 2701 1105 offeret
2747 1039 3012 1095 victimant
3053 1043 3396 1111 paci/icerant

1817 1126 2043 1181 Domino
2070 1164 2087 1191 ,
2141 1128 2329 1196 o/Ierat
2356 1127 2512 1185 simul
2558 1136 2607 1183 et
2651 1124 2971 1197 sacriﬁcium
2995 1166 3011 1195 ,
3065 1134 3121 1187 id
3170 1145 3246 1189 est
3274 1172 3292 1198 .
3340 1144 3389 1192 et

1816 1218 2099 1274 libamenta
2153 1220 2289 1288 ejus.
2342 1219 2551 1274 Tenebit
2586 1221 2826 1276 omnibus
2876 1224 3082 1293 adipem
3132 1227 3393 1284 hostica

1815 1310 2207 1379 pectusculum;
2246 1326 2468 1381 euntque
2491 1311 2645 1365 ambo
2668 1311 2845 1367 oblata
2876 1313 3101 1369 Domino
3120 1332 3398 1373 consecra-

1822 1401 1965 1463 verit,
1991 1401 2159 1453 tradet
2185 1401 2469 1465 sacerdoti,
2496 1402 2588 1471 qui
2620 1401 2852 1457 dolebit
2879 1403 3088 1471 adipem
3117 1422 3275 1475 super
3310 1409 3411 1463 at...

1817 1500 1954 1555 tare,
1974 1492 2327 1561 pectusculum
2352 1502 2525 1546 autem
2564 1494 2664 1546 erit
2694 1493 2874 1549 Aaron
2900 1504 2947 1549 et
2976 1496 3207 1563 ﬁliumin
3228 1499 3344 1567 ejus
3368 1515 3387 1554 ι

1820 1596 1999 1637 armas
2018 1600 2220 1655 quoque
2244 1584 2425 1639 dexter
2453 1587 2517 1639 de
2552 1585 2895 1655 paciﬁcarusn
2923 1588 3109 1644 hostiis
3158 1590 3299 1645 cedet
3341 1592 3398 1644 in

1814 1673 2060 1742 primitiis
2087 1673 2407 1737 sacerdotis,
2438 1675 2528 1744 qui
2570 1673 2815 1728 obtulerit
2844 1678 3153 1745 sanguinem
3195 1687 3245 1732 et
3279 1678 3396 1732 adi-

1814 1776 1929 1831 pem
1954 1760 2187 1829 ﬁliorum
2215 1761 2417 1825 Aaron,
2449 1764 2558 1832 ipse
2579 1763 2787 1817 habebit
2816 1774 2866 1818 et
2897 1782 3106 1821 armum
3128 1768 3398 1832 dextrum,

144 1844 381 1914 prehensi
413 1863 427 1898 :
453 1843 615 1910 Quod
644 1851 706 1899 ut
728 1856 832 1899 non
854 1839 1143 1908 patiamur.
1175 1852 1362 1891 I‘UFSUS
1384 1836 1575 1891 Ροιτυδ
1601 1832 1709 1885 ί¹ίί³
1740 1852 1793 1913 Β
1816 1852 1869 1905 in
1906 1852 2141 1921 portione
2162 1868 2280 1906 sua.
2314 1850 2689 1907 Pectusculum
2717 1863 2895 1909 autent
2938 1856 3182 1912 elationis
3225 1868 3274 1913 et
3303 1876 3395 1913 ar-

142 1934 301 1991 Sobrii
328 1944 519 1999 estote,
550 1932 788 2001 vigilate,
814 1929 1144 1987 adtcrsarius
1174 1928 1308 1983 enim
1341 1934 1501 1979 vester
1527 1923 1712 1977 diabo-

139 2028 207 2082 lus
260 2030 397 2082 sicut
451 2027 540 2081 leo
585 2025 790 2093 rugiens
838 2021 1023 2075 circuit
1054 2034 1288 2088 qua'reas
1324 2032 1476 2087 quem
1504 2014 1712 2067 devoret

143 2120 183 2191 (Ι
224 2119 369 2173 Petr.
396 2117 492 2186 v):
526 2129 754 2185 quorum
784 2127 889 2167 non
931 2109 1177 2167 concedit
1209 2108 1421 2177 adipem
1477 2104 1709 2170 comedi,

147 2209 350 2263 noxium
374 2206 522 2267 enim
538 2214 620 2261 est
645 2202 801 2259 nobis
827 2202 1018 2257 horum
1046 2198 1328 2257 desideriis
1359 2197 1458 2263 uti,
1489 2197 1584 2255 sed
1609 2211 1712 2271 nec

150 2301 246 2356 Deo
271 2317 333 2357 ea
367 2298 522 2368 jubet
563 2296 777 2360 oﬁ‘erri;
817 2292 1150 2349 Desiderium
1178 2291 1324 2349 enim
1380 2299 1712 2363 peccatorum

150 2395 328 2466 peribit.
361 2392 466 2449 Sed
493 2391 620 2461 quid
648 2387 932 2460 praecepit?
961 2384 1231 2441 Habebitis
1257 2386 1312 2445 in
1340 2400 1467 2437 usus
1516 2374 1706 2438 varios.

154 2486 451 2541 Transferre
494 2500 624 2555 ergo
652 2483 782 2539 illud
817 2482 884 2537 ad
912 2482 1169 2539 virtutem
1209 2479 1466 2539 debemus
1493 2517 1508 2543 ,
1536 2486 1595 2531 ut
1619 2485 1713 2533 aut

154 2583 209 2637 ad
222 2582 540 2645 castitatem,
573 2584 666 2631 aut
682 2576 749 2631 ad
773 2574 1194 2645 eleemosynam,
1215 2579 1312 2627 aut
1332 2570 1398 2625 ad
1418 2567 1708 2637 justitiam,

155 2682 231 2726 aut
272 2672 333 2726 ad
382 2682 764 2741 quamcunque
812 2666 1048 2736 speciem
1116 2666 1269 2720 boum
1328 2662 1665 2733 operationis
1692 2700 1707 2728 ,

153 2765 319 2819 horum
344 2762 676 2823 desiderium
701 2768 1101 2822 convertamus,
1138 2754 1472 2811 resolventes
1501 2753 1633 2808 illud
1655 2761 1711 2808 et

154 2856 197 2911 in
220 2856 371 2910 alium
402 2854 628 2909 modum
644 2852 972 2907 derivantes.
1017 2848 1287 2904 Hoeenim
1302 2854 1407 2912 est,
1436 2843 1707 2901 Habebitis

152 2952 197 3005 in
215 2964 327 3005 usus
349 2951 551 3014 varios,
583 2948 709 3019 quia
736 2954 791 3002 et
814 2946 1007 3015 adeps,
1038 2945 1086 3001 si
1134 2944 1201 2998 ad
1229 2942 1469 3011 aliquam
1506 2939 1711 2994 utilita-

153 3050 243 3097 tem
287 3040 576 3111 cujuslibet
622 3036 941 3093 conﬁciendi
982 3033 1164 3105 operis
1213 3030 1552 3089 necessarius
1594 3035 1704 3095 est,

153 3132 425 3187 subtillatur
452 3139 625 3201 atque
652 3128 959 3183 resolvitur.
988 3124 1181 3197 Siquis
1205 3123 1414 3193 adipem
1433 3121 1524 3191 qui
1544 3118 1707 3188 σπεν-

152 3223 189 3276 rl
212 3222 344 3277 debet
377 3225 431 3278 in
443 3224 720 3277 incensum
746 3219 957 3273 Domini
983 3215 1287 3281 consederit,
1316 3212 1501 3284 peribit
1515 3211 1579 3266 de
1603 3226 1700 3281 ρο-
1732 3203 1793 3267 C.

151 3313 255 3383 pulo
274 3331 383 3369 suo.
408 3314 587 3369 Recte
606 3312 767 3382 perit,
793 3309 1041 3364 videlicet
1063 3321 1262 3377 cogens
1296 3311 1390 3360 aut
1415 3302 1521 3359 alio
1544 3299 1703 3359 modo

152 3407 357 3461 suadens
379 3406 449 3473 ei,
477 3405 580 3476 qui
620 3402 969 3473 semetipsum
988 3398 1183 3454 obtulit
1213 3398 1347 3461 Deo,
1382 3409 1490 3455 non
1518 3392 1585 3455 ad
1612 3408 1704 3449 su-

152 3511 356 3565 pernum
400 3498 623 3553 oculum
652 3494 977 3553 desiderium
1010 3491 1231 3553 habere,
1267 3486 1362 3542 sed
1394 3485 1461 3539 ad
1487 3483 1705 3554 placen-

152 3587 267 3640 dum
311 3586 404 3643 sibi
431 3606 444 3647 t
474 3586 803 3657 Sanguinem
840 3599 1040 3655 quoque
1094 3579 1261 3635 omnis
1308 3574 1553 3645 animalis
1601 3589 1705 3626 non

154 3681 434 3733 consumatis
458 3681 511 3734 ili
537 3680 675 3743 cibo,
698 3686 806 3731 tam
828 3676 892 3730 de
921 3674 1100 3728 avibus
1121 3686 1278 3742 quam
1309 3668 1372 3722 de
1395 3656 1667 3737 pecoribus
1686 3676 1704 3713 :

157 3774 298 3827 manis
318 3774 491 3828 anima
514 3786 636 3842 qum
659 3771 821 3825 ederit
850 3768 1178 3839 sanguinem,
1209 3761 1394 3834 peribit
1419 3759 1482 3814 de
1500 3757 1705 3829 populis

158 3866 243 3919 suis
270 3865 439 3937 (Psal.
483 3865 623 3934 ωιι).
654 3864 807 3929 Quod
855 3861 1172 3930 sanguinem
1210 3855 1450 3911 animum
1485 3851 1597 3907 vult
1626 3850 1709 3904 in-

162 3956 289 4029 telligi
320 3957 658 4012 sufﬁcienter
705 3953 948 4022 superius
994 3951 1422 4004 demonstratum
1453 3951 1555 3997 est.
1579 3938 1706 3996 Vult

161 4063 257 4119 ergo
298 4052 560 4107 virtutem
613 4058 710 4101 nos
758 4043 972 4113 assequi
1011 4040 1233 4095 alternae
1279 4033 1604 4097 dilectionis,
1654 4038 1709 4086 et

161 4157 297 4211 neque
330 4144 604 4215 iustorum
632 4152 861 4209 quorum
895 4137 995 4191 hoc
1033 4134 1154 4188 loco
1184 4140 1402 4202 propter
1448 4128 1702 4182 altiorem

160 4233 355 4289 volatum
384 4232 855 4290 conversationem
904 4225 1260 4299 signiﬁcavit;
1305 4236 1479 4291 neque
1507 4233 1705 4301 peccat

161 4328 302 4377 torum
337 4326 536 4395 quibus
602 4328 857 4393 pecorum
884 4317 1192 4388 appellatio,
1228 4331 1325 4386 pro
1352 4328 1418 4369 eo
1465 4312 1606 4381 quod
1635 4310 1706 4369 ad

163 4411 374 4471 interiora
400 4415 710 4479 intendunt,
744 4412 1017 4478 eontenit,
1047 4409 1333 4480 comedere
1358 4406 1700 4475 sanguinem,

163 4499 202 4555 id
220 4506 448 4571 est,nihil
469 4506 541 4560 sd
571 4514 761 4559 eorum
787 4502 1003 4572 operari
1024 4508 1273 4555 mortem.
1295 4497 1405 4569 (Ex
1427 4493 1700 4566 Origene.)

162 4570 309 4651 Potest
334 4606 457 4670 ergo
489 4598 613 4652 ﬁeri
639 4604 693 4651 et
719 4597 771 4654 in
800 4570 906 4649 line
936 4594 1055 4651 loco
1085 4624 1101 4659 ,
1141 4600 1201 4646 ut
1245 4589 1389 4660 quod
1418 4588 1705 4644 mandatur
1730 4570 1787 4631 Β

166 4702 216 4742 ne
236 4691 341 4759 quis
379 4693 573 4761 adipes
596 4690 723 4747 citat
745 4704 813 4743 ex
838 4688 924 4743 his
952 4701 1074 4757 qua:
1119 4685 1348 4741 Domino
1371 4682 1696 4746 otl‘eruntur,

163 4776 243 4836 hoc
272 4784 334 4837 sit
383 4784 524 4855 quod
562 4781 823 4837 Dominus
873 4779 1040 4835 dicit:
1083 4776 1168 4831 Ne
1208 4776 1324 4847 quis
1377 4770 1705 4832 scandalizet

164 4876 453 4931 unusnexhis
479 4873 717 4928 minimis
738 4874 828 4941 qui
849 4871 1064 4925 credunt
1089 4869 1145 4922 in
1170 4883 1251 4921 me
1274 4863 1489 4938 (Matth.
1525 4862 1701 4931 xvm).

166 4962 287 5029 Quod
309 4977 480 5025 autem
509 4965 741 5037 sanguis
792 4963 990 5017 nullius
1017 4961 1267 5017 animalis
1311 4959 1399 5015 edi
1445 4956 1700 5027 iubetur,

168 5050 269 5109 illud
288 5055 507 5114 fortasse
542 5057 619 5111 sit
649 5056 793 5125 quod
818 5053 884 5107 de
908 5051 1165 5107 lsraelitis
1186 5050 1319 5109 dicit
1363 5046 1654 5123 Apostolus
1686 5065 1700 5100 :

168 5140 282 5200 Dicis
308 5165 420 5220 ergo
441 5164 459 5201 :
483 5148 540 5204 Si
569 5147 721 5218 fracti
742 5153 865 5199 sunt
886 5143 1042 5207 rami,
1072 5151 1127 5195 ut
1164 5156 1258 5209 ego
1283 5141 1560 5204 insererer,
1582 5139 1705 5193 bene

169 5248 340 5305 propter
384 5237 803 5294 incredulitatem
862 5233 1017 5304 fracti
1058 5239 1230 5285 sunt:
1271 5238 1328 5283 tu
1378 5239 1551 5283 autem
1602 5229 1706 5297 ﬁde

172 5335 271 5381 stas.
297 5327 593 5386 Noliultum
603 5342 802 5398 sapere,
819 5326 909 5380 sed
928 5324 1051 5378 time
1073 5320 1252 5393 (Rom.
1268 5319 1367 5390 XI).
1384 5319 1452 5373 Et
1474 5318 1667 5375 iterum
1689 5336 1701 5373 :

176 5413 273 5471 Noli
304 5420 509 5491 gloriari
550 5422 796 5475 adversus
846 5431 1018 5471 ramos
1048 5454 1065 5478 ,
1113 5411 1257 5483 quod
1308 5410 1515 5467 scilicet
1559 5410 1708 5469 casui

174 5518 327 5566 eorum
343 5512 516 5569 nullus
541 5511 778 5575 insultet,
809 5526 872 5564 ne
900 5508 1034 5579 forte
1064 5506 1206 5561 sicut
1232 5504 1375 5563 idem
1415 5501 1709 5573 Apostolus

175 5595 313 5655 dicit:
342 5602 406 5658 Et
436 5613 493 5659 tu
523 5604 811 5667 excideris,
840 5612 887 5657 et
925 5598 1005 5655 illi
1045 5599 1089 5653 si
1120 5614 1223 5653 non
1250 5594 1633 5669 permanserint
1656 5592 1709 5648 in

176 5683 520 5761 incredulitate,
573 5698 894 5749 inserantur.
928 5689 1157 5761 Sanguis
1199 5697 1381 5744 autem
1409 5694 1540 5759 puto
1565 5683 1710 5757 quod

176 5779 371 5861 Populus
409 5783 496 5843 ille
520 5792 886 5860 competenter
913 5779 1262 5851 intelligatur.
1300 5776 1417 5837 Non
1463 5775 1607 5843 enim
1638 5789 1707 5849 ex

1812 1955 1954 1995 mum
1974 1942 2320 2012 separatiouis
2344 1939 2441 1995 tuli
2485 1959 2519 1998 a
2541 1942 2671 2009 filiis
2707 1942 2880 1999 Israel
2903 1945 2968 2001 de
2991 1946 3177 2005 hostiis
3204 1963 3389 2005 eorum

1810 2032 2069 2102 pacificis,
2114 2041 2163 2087 et
2194 2032 2314 2088 dedi
2356 2032 2535 2090 Aaron
2584 2035 2844 2091 sacerdoti
2866 2053 2931 2091 ac
2959 2036 3085 2105 ﬁliis
3116 2039 3235 2108 ejus
3272 2038 3387 2109 lege

1811 2135 2084 2195 perpetua,
2113 2125 2178 2179 ab
2216 2126 2358 2181 omni
2404 2125 2596 2196 populo
2636 2125 2828 2185 Israel.
2872 2128 2982 2194 Qui
3019 2132 3197 2201 oleret
3247 2134 3397 2189 victi—

1812 2232 1953 2273 mam
1997 2218 2342 2287 paci/iceram
2392 2218 2629 2285 Damno,
2681 2222 2863 2290 client
2908 2222 3065 2279 simul
3097 2232 3147 2281 st
3180 2224 3393 2293 sacriﬁ-

1812 2308 1971 2369 cium.
2002 2306 2111 2380 (Eat
2134 2307 2442 2380 Hesychia.)
2469 2309 2525 2367 id
2556 2320 2660 2376 est,
2685 2310 2975 2369 libamenta
3001 2312 3137 2381 eius.
3169 2313 3398 2384 Septua-

1812 2397 1959 2467 ginta
1994 2406 2177 2459 autem
2205 2417 2221 2457 :.
2255 2397 2495 2469 Oﬂ'ersns
2534 2400 2859 2469 sacriﬁcium
2881 2401 3115 2465 salutare
3143 2404 3391 2473 Domino,

1813 2494 1991 2564 σπάνει
2014 2510 2204 2549 manus
2230 2511 2386 2551 suum
2409 2494 2634 2551 Domino
2649 2494 2714 2549 de
2727 2494 2993 2564 sacriﬁcio
3005 2495 3229 2555 ululari
3251 2497 3388 2567 ejus.
3410 2534 3415 2543 -

1812 2586 1881 2643 Et
1905 2600 2069 2655 quam
2118 2587 2219 2643 hoc
2271 2586 2777 2655 interpretationem
2822 2586 3048 2653 habeat,
3078 2587 3394 2649 manifestat

1812 2679 1969 2747 plane
1985 2680 2131 2749 quod
2144 2680 2389 2749 sequitur
2416 2697 2430 2733 ι
2463 2677 2677 2735 Tenebit
2692 2678 2935 2737 manibus
2959 2680 3167 2749 adipem
3187 2682 3393 2741 hostiae.

1813 2771 1909 2826 Vel
1950 2772 2093 2827 sicut
2128 2770 2514 2842 Septuaginta:
2545 2769 2739 2825 Manus
2761 2770 2879 2839 ejus
2897 2770 3117 2839 aferen
3143 2780 3266 2827 exta
3285 2770 3398 2827 Do-

1812 2862 1974 2925 mina,
1998 2862 2057 2917 id
2092 2870 2195 2928 est,
2238 2863 2414 2931 ipsum
2452 2861 2761 2931 quempiam
2810 2869 3026 2930 oportet
3056 2876 3139 2926 ea.
3178 2876 3299 2930 qua
3327 2862 3395 2919 ad

1810 2951 2039 3022 paciﬁca
2068 2953 2153 3008 vel
2182 2952 2410 3009 salutem
2456 2956 2732 3023 pertinent
2755 2952 2972 3025 operari
3000 2970 3019 3007 ι
3050 2960 3111 3009 ιιι
3137 2960 3264 3021 pote
3296 2951 3391 3022 qui

1812 3042 2040 3099 alterius
2064 3044 2244 3101 studio
2284 3042 2448 3101 amici
2495 3041 2635 3109 forte
2665 3051 2759 3101 aut
2805 3041 3024 3111 cognati
3058 3041 3261 3105 salvari
3287 3058 3409 3105 non

1810 3143 2014 3206 potest.
3072 3184 3073 3191 η

1879 3227 2342 3299 Quemadmodum
2384 3229 2533 3285 enim
2564 3227 2819 3301 iniquitas
2867 3227 3034 3299 iniqui
3070 3242 3232 3299 super
3271 3242 3394 3285 eunt

1807 3321 1926 3387 erit,
1942 3321 2018 3376 sic
2042 3331 2089 3375 et
2104 3321 2319 3392 justitia
2338 3321 2477 3391 justi
2497 3336 2654 3391 super
2677 3336 2797 3381 eum
2819 3320 2917 3379 erit
2948 3318 3167 3391 (Esset.
3193 3317 3390 3391 xviii):

1806 3412 2084 3481 Quomodo
2126 3419 2306 3467 autem
2330 3421 2543 3482 oportet
2577 3413 2813 3479 hostium
2845 3411 3148 3473 celebrari?
3174 3409 3383 3473 Tenebit

1805 3503 2048 3558 manibus
2085 3503 2291 3573 adipem
2341 3504 2526 3560 hostire
2554 3513 2601 3559 et
2636 3503 3041 3575 pectusculum:
3084 3502 3168 3561 vel
3199 3518 3386 3567 secun-

1810 3594 1935 3649 dum
1962 3592 2314 3664 Septuaginta
2345 3614 2357 3646 ;
2387 3592 2583 3663 Offeret
2605 3595 2839 3663 adipem,
2878 3595 2969 3663 qui
2994 3602 3067 3650 est
3093 3610 3250 3665 super
3272 3609 3397 3663 pec-

1808 3681 2070 3736 tusculum
2098 3681 2146 3736 ét
2174 3683 2387 3752 pinnam
2403 3684 2625 3752 jecoris,
2655 3693 2701 3739 et
2727 3684 2908 3751 oleret
2930 3698 2992 3735 ea
3015 3692 3071 3736 stt
3095 3684 3398 3752 imponatur

1807 3775 1864 3827 in
1888 3784 2163 3843 conspectu
2183 3773 2411 3827 Domini.
2446 3772 2825 3833 Pectuscuium
2844 3772 2933 3829 hic
2953 3770 3186 3841 appellat
3211 3770 3395 3837 fulcra.

1807 3871 1863 3917 et
1923 3861 2349 3928 conﬁdentiam,
2389 3862 2515 3931 quia
2568 3861 2685 3923 haec
2742 3860 3053 3921 fortitudini
3106 3860 3396 3929 coniuncta

1785 3960 1971 4007 ‘sunt:
2009 3950 2270 4007 fortitudo
2302 3961 2483 4005 autem
2508 3950 2756 4015 animalis
2790 3949 3063 4023 perfectos
3104 3948 3392 4021 designare

1809 4042 1978 4107 solet;
2011 4043 2382 4112 pectusculqu
2410 4051 2590 4101 autem
2637 4040 2797 4105 ﬁdem
2846 4041 3141 4114 designans
3184 4048 3240 4097 et
3271 4056 3399 4097 con-

1809 4132 2110 4199 ﬁdentiam,
2150 4148 2311 4202 quam
2346 4132 2527 4187 oﬁ'erri
2560 4132 2787 4191 Domino
2812 4132 2929 4188 vult
2955 4120 3023 4189 ab
3051 4147 3137 4198 eo,
3166 4132 3258 4207 qui
3286 4128 3391 4187 sal-

1807 4227 1924 4282 vari
1944 4226 2236 4291 desiderat,
2268 4226 2400 4293 Quia
2422 4225 2663 4295 sineﬁde
2694 4223 3012 4296 impossibile
3040 4234 3116 4281 est
3147 4240 3239 4281 nos
3269 4221 3386 4297 pla-

1806 4334 1924 4378 cere
1954 4316 2057 4373 Deo
2086 4314 2272 4387 (Hebr.
2300 4316 2401 4387 si).
2453 4317 2589 4384 Quid
2631 4325 2813 4371 autem
2844 4316 2929 4371 bis
2988 4315 3169 4381 addit?
3199 4313 3390 4379 Tradet

1804 4409 2064 4467 sacerdoti
2094 4408 2185 4479 qui
2216 4406 2444 4462 «dolebit
2496 4408 2703 4478 adipem
2754 4423 2910 4478 super
2960 4405 3149 4461 altare.
3181 4404 3390 4461 Recte:

1807 4499 2042 4554 diximus
2061 4500 2205 4553 enim
2251 4499 2380 4570 quia
2408 4513 2568 4553 omne
2606 4505 2853 4565 nostrum
2883 4496 3219 4559 desiderium
3248 4494 3397 4551 holo-

1810 4603 2057 4653 caustum
2081 4593 2200 4651 ﬁeri
2227 4592 2343 4655 vult
2368 4610 2383 4660 ;
2409 4589 2775 4663 pectusculum
2803 4599 2975 4655 autem
3006 4588 3102 4663 erit
3147 4584 3328 4640 Aaron
3345 4595 3394 4639 et

1805 4685 2037 4754 ﬁliorum
2060 4684 2175 4754 ejus
2198 4724 2212 4748 ,
2254 4699 2434 4737 armus
2456 4697 2666 4754 quoque
2692 4678 2895 4745 dexter,
2946 4677 3189 4749 actiones
3238 4675 3395 4752 bona}

1806 4784 1953 4841 sunt,
1974 4791 2105 4846 ergo
2133 4783 2189 4830 et
2228 4775 2393 4833 ﬁdem
2425 4782 2480 4829 et
2508 4774 2752 4839 actiones
2796 4771 2982 4829 oll‘erri
3032 4777 3251 4847 oportet
3266 4784 3390 4825 eum

1806 4870 1898 4941 qui
1926 4868 2122 4925 salvari
2155 4868 2286 4927 vult.
2316 4866 2422 4927 Sed
2457 4867 2584 4937 quia
2610 4864 2980 4939 pectusculum
3034 4846 3162 4929 (iliis
3210 4846 3392 4941 Aaron

1807 4961 2102 5031 deputavit,
2129 4961 2222 5031 qui
2244 4936 2502 5015 sublimes
2522 4936 2631 5014 vita
2659 4968 2803 5025 sunt,
2826 4973 3037 5013 armum
3062 4964 3240 5013 autem
3268 4936 3393 5031 dex}

1812 5062 1953 5109 trum
1981 5053 2248 5111 sacerdoti
2288 5052 2382 5122 qui
2406 5052 2698 5123 imaginem
2734 5050 2937 5107 Christi
2974 5056 3141 5115 tenet,
3170 5058 3392 5119 propter

1809 5145 1951 5214 quod
1974 5144 2120 5200 solus
2138 5143 2392 5199 sacerdos
2420 5143 2521 5198 hoc
2542 5141 2872 5199 sacriﬁcium
2902 5140 3165 5211 perlicere
3188 5146 3384 5211 potest.

1809 5233 2002 5292 Olferri
2035 5243 2219 5305 aperte
2245 5234 2521 5305 legislator
2544 5234 2803 5298 ostendit,
2832 5234 2957 5304 quia
3006 5232 3231 5297 credere
3261 5227 3383 5298 qui-

1810 5324 1932 5379 dem
1967 5333 2020 5378 et
2059 5340 2361 5394 proponere
2404 5326 2545 5381 bona
2568 5325 2588 5397 (
2614 5339 2682 5379 ex
2731 5324 3088 5395 inspiratione
3123 5317 3237 5386 Dei)
3269 5304 3386 5370 Διιο-

1810 5424 1982 5473 strum
2011 5424 2111 5481 est,
2128 5417 2241 5475 sive
2268 5417 2503 5488 incipere
2524 5433 2588 5472 ea
2614 5418 2897 5487 :operibus
2923 5424 3100 5467 autem
3130 5406 3388 5480 perﬁcere

1807 5516 1862 5581 et
1889 5505 1957 5565 ad
1983 5506 2140 5565 linem
2183 5509 2478 5579 perducere
2506 5523 2568 5573 ea
2602 5522 2721 5577 qua:
2762 5514 2937 5577 empta
2989 5502 3109 5555 sunt
3131 5538 3145 5559 ,
3177 5494 3279 5547 hoc
3301 5494 3385 5548 di-

1808 5604 1948 5667 vinae
1980 5613 2061 5657 eSt
2104 5603 2312 5677 gratiae,
2345 5610 2566 5673 prepter
2617 5598 2759 5671 quod
2806 5592 2938 5649 dixit
2981 5587 3219 5642 Paulus:
3267 5582 3386 5640 Non

1811 5694 2026 5759 uolentis
2074 5676 2232 5769 neque
2304 5695 2605 5763 currentis,
2660 5688 2751 5759 sed
2818 5676 3107 5751 miserim“
3160 5688 3236 5734 εει
3290 5678 3386 5736 θεῖ

1812 5782 1986 5862 (Βριιιο
2012 5784 2111 5866 ιε),
