3940 6352
173 373 298 444 est?
883 379 890 416 ι

935 387 958 402 ν
1005 367 1578 446 Mesammones
1609 371 1690 444 nv
1707 373 1744 445 ‘t

1845 367 2116 447 incum
2154 371 2232 429 ill
2264 372 2392 443 Mil.
2427 374 2670 444 unum»
2743 385 2774 422 τε

175 502 221 554 in
239 487 1054 570 «pradicas-suntidesenpue'
1081 493 1364 555 Sacriﬁcia
1398 501 1716 572 pressam.
1748 489 2866 572 AlChrlssiani'nicimarAINon-commis
2892 497 3410 576 autemva

174 585 791 660 Pmpterttiuodiaddiiiit
819 581 936 646 {In
961 593 1047 645 die
1069 607 1174 663 qua
1200 593 1385 647 obtulit
1401 609 1499 648 eos
1515 593 1732 665 Moyses

174 692 226 740 ut
246 679 530 736 sacerdotio
555 680 1050 752 fungerentur'mini
1065 723 1080 748 ,
1106 683 1300 753 etquo:
1324 683 1734 754 praecepit-dari

175 779 239 833 eis
263 775 511 829 Dominus
540 792 574 827 a
601 773 730 842 filiis
758 773 950 829 Israel.
973 775 1117 846 Ergo
1146 775 1202 830 in
1223 776 1308 830 his
1336 774 1493 831 nobis
1521 776 1756 831 unctio-a'

175 885 286 927 nem
317 865 501 935 dedit,
535 875 592 923 et
623 869 682 922 in
721 863 840 924 istis
875 883 977 925 nos
1013 869 1231 925 vocaVit
1262 869 1446 924 Deus:
1485 869 1584 924 Die
1628 883 1732 941 qua

177 960 352 1017 obtulit
377 967 482 1015 eos.
526 959 754 1027 Quando
790 967 972 1014 autem
1007 960 1154 1016 hoc?
1180 959 1421 1027 Quadie
1451 961 1736 1015 unxit-eos

176 1061 227 1110 ut
258 1053 555 1110 sacerdotio
588 1051 964 1123 fungerentur,
999 1053 1056 1108 id
1089 1059 1206 1118 est,
1247 1065 1352 1122 qua
1386 1052 1473 1107 die
1510 1051 1629 1107 illos
1663 1066 1738 1108 ex

175 1147 286 1204 ﬁliis
307 1145 473 1204 Israel
503 1147 691 1214 unxit,
716 1163 815 1218 per
835 1135 1146 1204 unctionem
1169 1147 1422 1211 videlicet
1448 1161 1568 1218 quae
1591 1161 1734 1203 nunc

175 1236 306 1297 diota
338 1249 483 1296 sunt.
523 1239 625 1308 Qui
659 1240 805 1296 enim
845 1239 1124 1295 sublimius
1163 1240 1352 1294 vivunt
1387 1251 1490 1296 seu
1513 1253 1737 1296 conver-

175 1339 366 1396 santur,
397 1340 545 1387 recte
573 1332 720 1386 omni
750 1329 1160 1386 excellentiores
1189 1339 1320 1386 sunt
1344 1331 1565 1402 populo,
1595 1332 1740 1386 unde

175 1429 223 1478 et
267 1424 425 1478 nimis
474 1429 773 1494 opportune
821 1422 1104 1494 legislator
1153 1421 1393 1477 subdidit
1423 1439 1437 1477 :
1467 1421 1742 1491 Religione

171 1526 403 1587 perpetua
432 1517 488 1570 in
510 1515 932 1586 generationibus
960 1516 1140 1571 vestris
1155 1555 1170 1582 ,
1194 1523 1463 1584 quatenus
1485 1525 1548 1569 tu
1574 1514 1746 1569 scires

170 1607 283 1675 quia
313 1607 638 1662 inconcussa
666 1608 782 1663 haec
809 1605 952 1678 apud
976 1605 1150 1661 Deum
1176 1606 1374 1676 religio
1401 1613 1518 1673 est,
1549 1612 1613 1659 ut
1639 1620 1742 1660 ne-

173 1710 266 1764 que
301 1696 600 1767 dignitate,
642 1713 820 1769 neque
853 1697 1122 1766 sapientia
1144 1739 1160 1762 ,
1195 1713 1375 1768 neque
1424 1697 1744 1769 cegnatione

1831 587 2102 648 stimabiliv
2115 594 2352 664 quadarn
2373 592 2732 649 sublimitate:
2742 593 2962 650 exwllit
2975 635 2977 638 ‹
2991 594 3160 654 Dele:
3175 598 3435 656 homini.

1830 686 1932 742 bus
1951 695 2009 742 et
2033 688 2206 759 gratia
2229 689 2413 758 inqua
2443 689 2495 744 ei
2521 689 2985 745 communicantes
3008 707 3038 757 ;~
3053 692 3430 764 ungitur-ipsa

1833 781 2103 851 sinuldem‘
2135 782 2590 848 su'bstantialiter,
2627 789 2727 838 nos
2763 787 3266 854 verooperatione'
3295 785 3424 856 eiad

1833 878 1890 926 et
1925 872 2097 940 gratia
2130 889 2146 926 :
2198 880 2485 942 propterea
2523 880 2799 944 unguntur
2832 874 3050 943 quidem
3090 876 3250 931 simul
3277 891 3431 932 cum

1835 963 2022 1018 Aaron
2059 963 2156 1018 ﬁlii
2175 959 2338 1032 ieius,
2375 963 2470 1018 sed
2497 974 2612 1018 non
2648 963 2777 1018 talia
2817 965 2874 1019 in
2906 966 3021 1031 eis,
3053 967 3238 1037 qualis:
3264 967 3425 1024 etrziti

1832 1054 2020 1111 Aaron
2056 1057 2112 1112 in
2147 1056 2403 1111 unctione
2440 1061 2696 1124 aguntur,
2743 1058 2896 1113 sicut.
2929 1060 3422 1118 manifestaan

1833 1148 2056 1218 quentia
2085 1163 2098 1200 :
2139 1147 2236 1202 sed
2259 1147 2425 1202 etiam
2451 1145 2510 1201 in
2533 1147 2638 1200 hoc
2661 1161 2816 1202 mens
2841 1149 2896 1202 in
2921 1151 3174 1218 praesenti
3195 1152 3424 1223 ﬁgenda

1833 1245 1918 1293 est
1938 1280 1953 1305 ,
1983 1239 2128 1308 quod
2153 1251 2262 1294 non
2295 1237 2502 1292 frustm
2531 1237 2650 1292 haec
2678 1238 2732 1292 in
2759 1237 3038 1295 Christum
3067 1243 3424 1312 accipiamus}

1835 1329 2184 1385 sciensienim‘
2213 1329 2522 1384 Eeclesiam"
2546 1329 2729 1384 dicere
2759 1330 2878 1385 haec
2909 1331 3426 1405 iegisiatorimystea

1838 1418 1949 1482 ria,
1981 1419 2266 1473 convocari
2297 1421 2513 1475 omnem
2546 1427 2749 1474 emtum
2782 1420 2896 1475 sive
2925 1420 3263 1494 Synagogam
3289 1435 3426 1495 pra»

1841 1510 2025 1580 cepit,
2064 1511 2118 1564 id
2152 1518 2271 1576 est,
2305 1510 2451 1580 quod
2485 1509 2666 1566 Graeci
2706 1510 3053 1569 Ecclesiaste:
3091 1514 3313 1581 dicunt,
3354 1517 3425 1574 ad

1836 1601 2060 1673 januam
2099 1603 2434 1659 tabernaculi
2473 1604 2790 1659 testimonii.
2833 1604 2964 1672 Quae
3009 1621 3281 1678 synagoga
3315 1619 3426 1665 non

1839 1702 2021 1765 potest
2048 1693 2206 1749 aliter
2234 1696 2300 1750 ad
2330 1695 2470 1751 hanc
2498 1695 2673 1766 legem
2711 1697 3148 1752 communionem
3185 1697 3419 1765 habere,

159 1789 422 1859 iustorum
441 1833 455 1858 ,
492 1808 672 1862 neque
700 1791 808 1846 alia
839 1790 1003 1846 simili
1046 1805 1113 1845 ex
1141 1805 1202 1846 re
1238 1790 1435 1861 populo
1461 1789 1544 1845 vel
1571 1789 1742 1861 pluri—
1770 1857 1809 1862 ῌ
1841 1787 1946 1842 nisi
1987 1788 2056 1841 ad
2090 1786 2388 1842 Ecclesiam
2425 1786 2741 1852 conveniat,
2775 1788 2917 1858 apud
2945 1802 3108 1858 quam
3137 1789 3332 1846 harum
3363 1789 3426 1845 ΩΑ

163 1857 257 1937 mis
292 1882 571 1938 excellere
585 1857 782 1952 possit
833 1880 959 1951 quis
980 1921 995 1946 ,
1026 1879 1132 1935 nisi
1169 1857 1548 1935 ea—assecutus
1571 1857 1741 1934 luerit
1767 1857 1818 1922 Β
1843 1892 2104 1948 gurarum
2138 1877 2341 1932 veritas
2375 1885 2748 1933 conservatur.

159 1992 273 2045 qum
304 1977 362 2030 in
395 1973 778 2044 superioribus
808 1979 933 2027 sunt
957 1978 1244 2042 praecepta.
1287 1969 1379 2026 Sic
1413 1970 1559 2025 enim
1593 1970 1740 2040 quis-

156 2067 301 2138 piam
331 2074 387 2121 et
417 2064 678 2122 sacerdos
706 2063 765 2116 ﬁt
795 2061 1090 2117 secundum
1122 2061 1502 2131 cognationem
1532 2060 1739 2116 Christi

161 2160 269 2212 veri
299 2157 634 2221 sacerdotis,
668 2155 757 2224 qui
789 2153 1189 2209 immaculatam
1221 2163 1276 2210 et
1303 2153 1606 2225 perfectam
1638 2156 1736 2210 de-

166 2247 483 2305 monstravit
514 2247 703 2300 vitam.
743 2243 852 2300 Sed
880 2245 1005 2315 quia
1036 2245 1350 2299 unctionem
1387 2260 1451 2301 ea
1489 2260 1608 2316 quas
1645 2260 1738 2301 su-

169 2339 338 2410 perius
362 2337 522 2409 plane
548 2337 690 2392 dicta
714 2342 838 2390 sunt
861 2335 1158 2403 intellexit,
1197 2351 1317 2405 qua:
1339 2336 1741 2406 subsequuntur

175 2430 500 2500 approbant:
532 2427 646 2483 Ista
687 2437 763 2482 est
802 2426 888 2481 lex
924 2426 1219 2481 holocausti
1262 2435 1311 2481 et
1353 2425 1602 2496 sacriﬁcii
1645 2443 1740 2497 pro

174 2529 362 2591 peccato
406 2528 562 2591 atque
603 2517 791 2572 delicto
811 2559 828 2584 ,
857 2527 904 2572 et
935 2534 1029 2588 pro
1057 2518 1446 2572 consecratione
1475 2526 1525 2573 et
1554 2519 1742 2588 paciﬁ-

176 2625 339 2664 corum
393 2609 620 2664 victimis
655 2625 785 2679 quas
826 2607 1095 2662 constituit
1148 2608 1400 2662 Dominus
1465 2607 1640 2679 Moysi
1686 2610 1742 2663 in

177 2709 330 2752 monte
346 2697 524 2765 Sinai,
539 2697 750 2769 quando
764 2699 1031 2752 mandavit
1055 2697 1182 2767 ﬁliis
1203 2697 1395 2764 Israel,
1415 2707 1471 2752 ut
1493 2701 1740 2768 o/ferrent

176 2789 439 2845 oblationes
468 2807 601 2844 suas
627 2790 852 2843 Domino
883 2789 937 2843 in
964 2789 1164 2843 deserto
1194 2787 1348 2845 Sinai
1377 2788 1396 2861 (
1419 2788 1559 2844 Ibid.
1583 2789 1624 2860 ).
1651 2789 1744 2844 Vi-

177 2881 260 2936 des
285 2881 500 2937 dilleren
512 2890 594 2936 tes
624 2879 1065 2936 conversationes
1094 2895 1213 2950 quae
1245 2879 1581 2949 coniungunt
1606 2878 1739 2944 Deo,

177 2973 273 3027 sive
304 2971 609 3043 perfectum
643 2973 911 3028 honorem
951 2971 1265 3040 sapientim,
1304 2969 1398 3039 qui
1441 2983 1540 3037 per
1588 2967 1741 3022 holo-

177 3073 399 3120 caustum
441 3063 812 3134 signiﬁcatur,
843 3062 957 3116 sive
986 3076 1082 3131 per
1121 3060 1449 3116 mediocrem
1476 3057 1743 3126 justitiam

175 3172 278 3226 qua:
314 3159 502 3213 idonea
543 3165 657 3222 est,
691 3164 747 3211 et
777 3171 897 3225 quae
927 3154 996 3209 ad
1031 3152 1258 3208 salutem
1295 3151 1571 3222 pertinent
1609 3165 1740 3220 ope-

178 3249 290 3302 rari.
329 3247 614 3304 Sacriﬁcia
646 3247 791 3302 enim
822 3246 937 3301 haec
966 3243 1321 3315 paciﬁcorum
1360 3243 1475 3298 sive
1509 3257 1608 3312 per
1644 3243 1743 3297 ho—
1769 3219 1814 3282 Ο

175 3333 393 3393 locausta
428 3345 691 3410 agantur,
734 3337 848 3391 sive
884 3349 981 3404 per
1018 3333 1348 3388 oblationem
1371 3373 1384 3397 ,
1427 3341 1576 3386 recte
1613 3345 1735 3386 esse

176 3431 346 3496 utilia,
381 3439 437 3486 ut
470 3439 609 3503 pote
647 3429 966 3500 dignitatem
1007 3424 1398 3482 sacerdotalem
1427 3424 1742 3494 praestantia

173 3521 255 3576 lex
289 3524 548 3580 intellexit
568 3564 582 3590 ,
614 3533 666 3578 et
695 3530 984 3593 propterea
1012 3520 1068 3574 in
1098 3520 1185 3574 die
1214 3533 1321 3588 qua
1352 3517 1631 3572 unctionis
1666 3515 1744 3570 le-

178 3630 292 3688 gem
327 3615 484 3688 Moysi
521 3618 582 3671 in
624 3626 808 3670 monte
845 3613 976 3668 Sina
1015 3612 1291 3666 mandavit
1323 3610 1586 3665 etiamea
1624 3623 1745 3679 qua:

185 3715 296 3760 sunt
323 3707 382 3762 de
410 3705 701 3762 sacriﬁciis
727 3703 999 3769 subdidit,
1031 3701 1298 3771 simulque
1323 3716 1387 3754 ea
1414 3701 1595 3754 omnia
1619 3699 1747 3752 bre-

179 3795 300 3852 viter
344 3799 690 3854 enumeravit
731 3805 788 3852 et
831 3793 1301 3850 commemoravit.
1356 3789 1463 3846 Sed
1497 3790 1591 3845 ubi
1629 3789 1746 3844 haec

183 3877 450 3944 constituta
482 3889 670 3942 dixit?
700 3887 767 3941 In
796 3888 999 3940 deserto
1029 3885 1182 3940 Sinai
1213 3899 1230 3936 :
1265 3884 1416 3938 Sinai
1445 3891 1748 3938 autem'ru-

185 3974 255 4032 bus
292 3979 380 4034 vel
427 3977 696 4046 temptatio
743 3975 1152 4044 interpretatur.
1201 3973 1407 4028 Similis
1444 3983 1528 4028 est
1565 3980 1746 4027 autem

185 4073 292 4126 rubo
329 4069 621 4142 temptatio
642 4112 656 4135 ,
690 4083 942 4139 asperum
976 4068 1176 4138 quippe
1214 4067 1508 4137 virgultum
1545 4074 1662 4131 est,
1693 4073 1749 4119 et

187 4159 304 4228 quod
349 4161 570 4216 diﬂicile
623 4175 788 4213 manu
843 4158 1345 4228 comprehenditur.
1401 4155 1752 4228 Signiﬁcatur

185 4259 338 4306 autem
365 4269 462 4324 per
493 4252 642 4306 hunc
661 4293 676 4317 ,
709 4252 835 4322 quia
867 4250 1322 4320 quemadmodum
1352 4261 1540 4304 eorum
1570 4250 1663 4319 qui
1693 4249 1748 4304 in

189 4352 331 4409 agone
361 4335 726 4406 contendunt,
760 4353 966 4396 corona
995 4341 1056 4393 in
1089 4339 1290 4395 sudore
1319 4345 1375 4393 et
1403 4337 1592 4392 labore
1620 4347 1704 4393 est
1730 4356 1744 4392 :

184 4425 249 4484 Sic
274 4439 323 4486 et
346 4447 552 4489 corona
578 4431 744 4487 bonae
769 4432 896 4486 vita:
925 4432 982 4486 in
1013 4431 1552 4501 temptationibuset
1581 4429 1749 4484 tribu-

185 4511 444 4578 lationibus
482 4529 944 4577 consummatur:
993 4521 1156 4574 tinem
1205 4527 1386 4575 autem
1435 4519 1762 4598 temptatio-1

185 4599 293 4664 hum
319 4618 369 4667 et
397 4611 814 4669 tribulationum
839 4609 1076 4666 Iacobus
1104 4609 1624 4666 nobisi'sullicienter
1652 4599 1761 4664 ex-i

182 4687 336 4766 posuit
357 4705 376 4756 ':
415 4703 620 4760 Beatus
663 4705 743 4758 uir
779 4704 868 4774 qui
893 4703 1585 4774 sustinet'temptationem,
1619 4703 1746 4773 quia

191 4789 284 4874 tutu
309 4797 553 4864 probatus
589 4795 783 4866 fuerit,
815 4795 1036 4866 accipiet
1060 4811 1310 4850 coronam
1340 4797 1457 4851 vita:
1480 4811 1640 4867 quam
1665 4809 1748 4852 re-

190 4885 392 4950 promisit
418 4889 568 4946 Deus
597 4888 933 4960 diligentibus
958 4905 1012 4945 se
1041 4889 1268 4960 (Iacob.
1298 4905 1316 4944 ι
1341 4890 1380 4960 ).
1457 4907 1460 4912 ·

249 4971 426 5048 (Leuit.
452 4979 620 5051 γιιι.)
653 4979 981 5050 Locutusque
1007 4989 1083 5035 est
1109 4980 1368 5036 Dominus
1393 4980 1464 5036 ad
1489 4980 1740 5053 Moysen,

193 5063 379 5125 dicens:
412 5073 563 5128 Tolle
605 5073 785 5126 Aaron
831 5088 948 5124 cum
994 5066 1121 5140 ﬁliis
1164 5074 1274 5126 suis
1299 5083 1460 5128 vestes
1489 5087 1671 5128 eorum
1700 5079 1751 5127 et

196 5155 421 5234 unctionis
462 5165 641 5220 oleum
663 5181 685 5230 ;
715 5162 936 5218 vitulum
967 5179 1064 5232 pro
1091 5173 1324 5234 peccato,
1355 5165 1748 5231 duoearietes,

199 5245 451 5310 canistrum
486 5273 608 5313 cum
639 5257 859 5326 azymis,
894 5263 942 5310 et
970 5255 1309 5324 congregabis
1330 5269 1540 5309 omnem.
1561 5266 1750 5311 cauum

202 5341 256 5396 ad
291 5341 468 5405 ostium
513 5348 840 5405 tabernaculi
884 5347 1185 5404 testimonii.
1234 5347 1373 5414 Quid
1417 5355 1596 5402 autem
1633 5348 1752 5404 hinc

205 5441 303 5500 quae
327 5429 463 5496 nunc
491 5435 636 5498 dicta
662 5449 787 5497 sunt
811 5438 1150 5512 signiﬁcent,
1176 5439 1282 5493 hoc
1310 5438 1407 5494 tibi
1437 5437 1750 5508 praecedens

209 5533 358 5610 sermo
403 5533 613 5597 tradet,
663 5532 792 5602 quia
823 5532 1010 5588 unctio
1037 5531 1243 5586 Christi
1272 5538 1329 5585 et
1365 5530 1453 5586 his
1504 5529 1599 5599 qui
1635 5527 1752 5599 ejus

209 5621 315 5671 sunt
354 5625 647 5680 communis
696 5634 753 5680 et
797 5641 907 5682 non
953 5623 1260 5679 communis
1296 5631 1399 5679 est.
1434 5621 1753 5680 Communis

211 5705 422 5776 intidem,
471 5714 595 5784 quia
641 5713 880 5784 ejusdem
915 5713 1186 5770 unctionis
1223 5722 1350 5769 sunt
1383 5722 1440 5770 et
1474 5714 1580 5784 ipsi
1625 5729 1755 5784 par—

203 5791 408 5872 ticipes,
456 5801 802 5879 quamobrem
840 5819 894 5868 et
928 5823 1027 5869 nos
1060 5811 1478 5883 participatione
1511 5809 1748 5879 Christi,

1913 1965 2063 2021 Fecit
2105 1965 2314 2038 Moyses
2343 1976 2400 2021 ut
2431 1966 2688 2022 Dominus
2717 1970 3098 2039 imperaverat,
3135 1983 3423 2042 congrega-

1841 2069 1999 2132 taque
2027 2061 2168 2115 omni
2192 2059 2348 2113 turba
2375 2068 2495 2113 ante
2522 2060 2659 2129 fores
2689 2061 2765 2113 ait
2788 2072 2808 2111 :
2838 2059 2947 2114 Iste
2973 2069 3048 2114 est
3077 2075 3247 2115 sermo
3271 2075 3426 2132 quem

1840 2149 1982 2204 misit
2017 2149 2277 2203 Dominus
2309 2148 2425 2218 ﬁeri
2451 2160 2468 2200 :
2519 2147 2812 2220 Statimque
2841 2149 3025 2203 obtulit
3055 2150 3236 2204 Aaron
3271 2159 3320 2205 et
3353 2151 3429 2221 ﬁo

1842 2246 1941 2299 tios
1981 2244 2116 2315 ejus,
2151 2259 2370 2315 cumque
2400 2243 2611 2298 lauisset
2640 2259 2749 2308 eos,
2781 2244 2978 2298 vestivit
3006 2245 3307 2314 pontiﬁcem
3335 2259 3426 2298 su-

1843 2337 2035 2392 bucula
2064 2337 2205 2392 linea
2230 2377 2245 2404 ,
2303 2337 2581 2407 accingens
2610 2353 2728 2391 eum
2757 2336 2928 2391 balteo
2948 2377 2962 2403 ,
3003 2345 3051 2390 et
3079 2336 3302 2391 inducas
3338 2346 3425 2390 ιιι-ι

1842 2428 1961 2481 nica
1988 2427 2351 2497 hyacinthina,
2382 2434 2430 2480 et
2448 2426 2671 2497 desuper
2692 2425 2962 2480 numerale
2991 2426 3259 2498 imposuit,
3286 2427 3428 2498 quod

1844 2521 2141 2589 astringens
2171 2519 2384 2590 cingulo
2427 2520 2692 2590 cooptavit
2734 2519 3027 2574 rationali:
3070 2521 3126 2575 in
3171 2535 3273 2592 quo
3315 2529 3428 2576 erat

1843 2609 2084 2687 doctrina
2112 2619 2160 2664 et
2190 2612 2404 2664 veritas.
2436 2609 2687 2680 Cydarim
2727 2627 2929 2683 quoque
2972 2615 3099 2667 texit
3144 2622 3331 2684 caput,
3355 2623 3428 2668 "et

1842 2716 2001 2771 super
2043 2718 2157 2756 eam
2211 2711 2394 2755 contra
2437 2702 2661 2770 frontem
2707 2703 2879 2771 posuit
2916 2702 3170 2757 laminam
3209 2705 3428 2759 auream

1845 2803 2202 2847 consecratam
2243 2795 2300 2847 in
2341 2795 2838 2862 sanctiﬁcationem,
2869 2796 3004 2848 sicut
3039 2798 3430 2866 prwceperat'ei

1847 2882 2126 2938 Dominus.
2161 2884 2292 2951 Qua:
2325 2885 2558 2956 mystice
2603 2886 2660 2939 in
2707 2886 2952 2941 Ecclesia
2999 2895 3253 2955 aguntur,
3304 2897 3432 2942 ante

1847 2976 2048 3029 multas
2086 2977 2468 3046 generationes
2507 2977 2746 3046 Spiritus
2781 2978 2878 3032 Dei
2915 2979 3194 3046 praecepit,
3233 2979 3330 3033 sed
3371 2988 3433 3034 et

1847 3082 1974 3122 cum
2011 3068 2309 3123 secundum
2342 3069 2695 3139 Septuaginta
2727 3069 2978 3138 superius
3004 3067 3233 3124 dixisset
3259 3067 3431 3124 :Cout-

1847 3177 1976 3216 voca
2007 3162 2075 3216 ad
2098 3163 2298 3233 januas
2327 3162 2658 3216 tabernaculi
2686 3163 2991 3227 testimonii,
3027 3163 3116 3217 hic
3146 3163 3260 3217 ait:
3291 3163 3430 3217 Con-

1846 3257 2045 3312 vocavit
2084 3258 2538 3328 congregationem
2577 3271 2684 3313 non
2730 3257 2799 3311 ad
2833 3257 3030 3327 januas
3054 3297 3068 3322 ,
3099 3257 3194 3311 sed
3233 3253 3428 3325 adja-

1845 3364 2005 3402 nuam
2048 3343 2376 3402 tabernaculi
2417 3347 2744 3402 testimonii:
2773 3347 3088 3402 admonens
3128 3359 3290 3401 aures
3333 3359 3430 3399 no-

1846 3449 1987 3496 stras
2022 3441 2324 3506 evidenter,
2367 3441 2510 3511 quod
2547 3441 2918 3511 apostolorum
2967 3441 3262 3506 doctrinae;
3293 3449 3430 3510 (guns

1844 3546 1964 3587 esse
1987 3528 2182 3599 januas
2213 3531 2549 3587 tabernaculi
2581 3532 2876 3588 testimonii
2907 3532 3219 3602 praecedens
3247 3541 3429 3586 sermo

1841 3621 2094 3693 exposuit
2116 3666 2129 3690 ,
2163 3633 2217 3678 ct
2246 3621 2448 3679 Christi
2482 3625 2728 3679 doctrina
2759 3632 2886 3679 sunt
2914 3624 3084 3694 ipsius
3113 3623 3308 3695 lingua:
3347 3623 3431 3706 in-

1847 3711 2004 3777 fusae,
2031 3721 2083 3766 et
2105 3727 2171 3766 cx
2193 3714 2281 3766 his
2308 3727 2374 3766 ex
2401 3714 2598 3780 quibus
2625 3713 2740 3781 ipse
2763 3711 2967 3766 docuit.
3000 3712 3431 3781 Congregataque

1849 3805 1992 3859 omni
2020 3805 2173 3858 turba
2200 3814 2321 3858 ante
2347 3804 2487 3873 fores
2517 3803 2591 3856 ait
2619 3816 2639 3854 :
2669 3802 2772 3856 Hic
2801 3809 2876 3856 est
2902 3817 3072 3856 sermo
3097 3817 3248 3872 quem
3268 3800 3434 3871 jussit

1846 3895 2104 3952 Dominus
2137 3898 2274 3967 ﬁeri.
2314 3897 2447 3965 Quis
2477 3913 2662 3953 sermo
2688 3897 2777 3952 ille
2797 3897 2822 3950 ?
2843 3896 2920 3951 De
2947 3912 3057 3966 quo
3087 3896 3293 3951 scilicet
3327 3891 3436 3948 ea.

1843 3977 1938 4042 :vid
1968 3987 2182 4043 dicebat
2207 4009 2221 4042 :
2256 3989 2514 4043 Dominus
2543 3989 2686 4043 dabit
2715 3989 2925 4043 verbum
2956 3987 3434 4059 esangelizar‘ttibtts

1850 4079 2041 4133 uirtute
2073 4078 2238 4133 multa
2278 4081 2296 4150 (
2326 4077 2468 4133 Psal.
2505 4093 2652 4134 vau
2678 4080 2736 4147 );
2775 4079 2871 4134 sed
2903 4086 2958 4133 et
2993 4079 3188 4134 Petrus
3220 4073 3434 4147 planius

1849 4167 1927 4223 ait
1953 4182 1968 4221 :
2000 4165 2118 4222 Hoc
2145 4177 2225 4223 est
2253 4168 2461 4223 verbum
2490 4169 2631 4240 quod
2661 4169 3034 4222 annuntiatum
3079 4176 3156 4222 est
3188 4166 3382 4236 uebisl
3403 4164 3432 4218 I

1851 4257 1997 4313 Petr.
2030 4259 2108 4330 ι).
2144 4259 2499 4331 Evangelicus‘
2529 4258 2800 4329 siquidem
2829 4273 3070 4330 pnesens
3103 4269 3284 4312 sema
3313 4263 3430 4320 est,

1850 4351 1974 4420 quia
2006 4358 2061 4405 et
2090 4349 2417 4422 Evangelica
2447 4351 2668 4406 suntab
2695 4366 2762 4405 eo
2792 4349 3396 4419 annuntiata-mystcriu
3415 4386 3429 4410 ,

1851 4441 2046 4512 quibus
2098 4447 2152 4496 et
2197 4443 2370 4513 gratia
2418 4441 2560 4497 inest
2607 4441 2983 4512 baptismatis,
3037 4438 3135 4492 sed
3177 4437 3307 4505 quid
3352 4445 3437 4491 est

1851 4531 2018 4585 etiam
2049 4532 2194 4600 quod
2224 4547 2370 4587 nunc
2397 4531 2620 4601 exponit
2644 4529 2816 4583 Deum
2845 4523 3432 4596 prmcipcre?.Statim-

1854 4635 1954 4690 que
1981 4620 2178 4674 obtulit
2196 4620 2380 4678 Aaron
2407 4630 2455 4674 et
2483 4619 2634 4690 ﬁlios
2653 4619 2768 4688 ejus
2786 4614 3434 4687 ,mumquelauiuat-eos,

1830 4711 2071 4780 quando
2107 4713 2154 4766 is
2187 4711 2279 4780 qui
2315 4725 2448 4766 vere
2489 4707 2878 4764 estsacerdos
2921 4706 3172 4763 Christus
3201 4704 3433 4766 offertur

1852 4802 2004 4860 Patri
2035 4815 2049 4857 :
2088 4802 2386 4858 Oblationis
2426 4801 2908 4870 enim-ejus'etiam
2935 4799 3124 4856 Daniel
3152 4798 3433 4863 meminit,

1851 4909 1978 4950 cum
2011 4893 2194 4950 dicit:
2242 4893 2312 4947 Et
2356 4902 2586 4948 ecce:ut~
2614 4893 2758 4962 ﬁlius
2803 4892 3436 4949 hominis-eumnubibus

1854 4985 2000 5054 cwli,
2029 4996 2078 5042 et
2105 4993 2271 5059 usque
2297 4985 2368 5040 ad
2389 4984 2664 5039 Vetustum
2689 4985 2894 5039 diem
2911 4985 3166 5055 pervenit.
3193 4980 3440 5038 Etobla-

1853 5089 1938 5135 tus
1974 5087 2052 5135 est
2089 5081 2146 5134 in
2179 5087 2458 5148 conspectu
2501 5077 2638 5148 eius.
2685 5074 2868 5131 Nostri
2908 5074 3106 5146 utique.
3137 5075 3438 5138 causa...“

1827 5173 2172 5238 'nobi‘scum,
2199 5177 2262 5226 ‘et
2307 5179 2533 5241 propter
2573 5181 2676 5226 nos
2712 5167 2951 5228 citentur
2983 5185 2996 5222 :
3045 5174 3330 5237 propterea
3353 5165 3434 5214 ,ει

1854 5276 2001 5318 nunc
2047 5273 2172 5317 eum
2215 5274 2342 5316 cum
2391 5259 2518 5315 ﬁliis
2561 5260 2673 5316 suis
2719 5259 2849 5314 dicit
2887 5258 3160 5322 oblatum,
3196 5266 3317 5308 cum
3347 5247 3435 5306 his

1858 5352 2115 5409 videlicet
2162 5350 2256 5421 qui
2302 5349 2620 5406 sublimiora
2665 5350 2885 5421 sapiunt
2923 5356 2982 5404 et
3021 5347 3114 5417 qui
3145 5342 3435 5398 imitantur

1854 5459 2024 5511 eum,
2052 5450 2314 5513 quantum
2341 5441 2426 5502 fas
2451 5450 2538 5500 est
2563 5441 2896 5507 hominibus,
2924 5439 3064 5494 sicut
3091 5432 3310 5498 Paulus,
3342 5427 3437 5498 qui

1829 5587 1832 5589 Α
1860 5536 1973 5590 ait:
2004 5534 2306 5590 lmitatores
2337 5534 2446 5594 mei
2465 5541 2656 5597 estote,
2682 5532 2817 5590 sicut
2845 5537 2893 5584 et
2923 5541 3015 5595 ego
3040 5519 3234 5578 Christi
3265 5515 3432 5590 (Phil.

1857 5643 1921 5684 ιιι
1942 5627 1962 5699 )
1980 5665 1997 5693 ,
2036 5626 2130 5682 sed
2165 5625 2376 5684 oblatio
2422 5626 2541 5694 ipsa
2587 5637 2686 5695 per
2733 5619 3060 5690 baptismum
3106 5610 3434 5678 celebratur,

1857 5724 2078 5787 propter
2107 5715 2264 5786 quod,
2301 5715 2377 5770 ait
2403 5730 2416 5770 :
2446 5709 2680 5784 Cumque
2711 5707 2922 5766 lavisset
2948 5719 3056 5758 eos.
3089 5699 3310 5758 Certum
3349 5706 3435 5755 est

1857 5817 2042 5866 autem
2066 5808 2211 5881 quod
2241 5806 2494 5866 Christus
2529 5802 2613 5866 ad.
2635 5794 3228 5883 sacriﬁeeudas-aquas
3245 5789 3429 5876 φριξ-
