3940 6352
418 345 531 413 838

1097 335 1160 397 Β.
1200 338 1458 399 RABANI
1495 332 1716 396 “Milli
1754 322 2425 391 ARCMERIMOCUN'I‘.
2465 324 2750 386 OPERUM
2786 322 2967 382 PARS
3000 320 3041 377 l.

3600 314 3708 378 Si

424 454 815 533 sinatisnostri
846 452 903 511 in
929 449 1171 511 Iordane
1196 450 1362 507 ﬂuvio
1391 448 1716 522 baptizatus.
1748 443 1856 501 Sed
1883 444 2000 498 lues
2025 441 2081 519 Α
2101 439 2321 512 ᾳᾶθιιίε
2350 439 2726 533 indumentum
2752 434 2945 533 capitis
2973 438 3075 487 est.
3105 428 3257 533 Opus
3280 433 3465 483 autem
3492 429 3708 533 cinguli

423 551 642 627 qitidetn
668 538 977 607 communia
1008 552 1138 601 sunt
1157 542 1344 598 Aaron
1372 556 1501 597 cum
1530 538 1657 595 ﬁliis
1684 536 1822 606 ejus,
1851 534 2008 590 Chri.

423 654 509 711 sto
537 641 785 709 videlicet
816 638 1133 703 nobiscum;
1178 633 1461 706 sequentia
1502 646 1635 687 vero
1667 640 2009 700 nequaquam

424 735 693 797 excedunt
731 731 930 804 quippe
976 743 1081 787 nos
1114 738 1276 798 atque
1302 725 1623 783 sublimiora
1652 722 1809 781 nobis
1850 726 2011 785 sunt,

425 828 634 903 solique
675 825 852 896 primo
899 838 966 878 ac
1009 835 1139 877 vero
1181 818 1455 883 sacerdoti
1484 813 1867 887 competentia.
1906 810 2009 871 Vsa

426 925 668 991 stivitquc
716 917 1029 991 pontiﬁcem.
1070 914 1328 971 subucula
1380 911 1521 969 linea
1564 912 1844 981 accinch
1888 922 2013 963 cum

428 1012 597 1075 balteo
618 1050 634 1078 ,
670 1020 719 1067 et
762 1009 987 1069 inducas
1015 1007 1239 1072 tunica;
1268 1008 1413 1076 quod
1442 1003 1796 1074 Septuaginta
1826 1009 2013 1057 trans-

428 1106 703 1177 tulerunt,
759 1101 830 1156 Et
874 1100 1047 1157 induit
1087 1115 1204 1154 eunt
1248 1098 1485 1153 tunicatis
1511 1104 1561 1151 ct
1599 1092 1877 1167 procth
1918 1106 2013 1145 εοε-

430 1213 589 1281 υρψ,
614 1205 662 1253 ct
692 1193 889 1249 vestivit
919 1189 1070 1247 illam
1106 1189 1391 1261 ypoditim.
1424 1187 1525 1243 llic
1565 1184 1857 1243 manifeste
1882 1182 2019 1239 Uni-c

428 1275 605 1361 geniti,
645 1286 893 1357 sequitur
928 1281 965 1355 -[
985 1279 1346 1352 exsequitur]
1396 1279 1869 1343 incarnationem;
1918 1275 2021 1345 qui

346 1372 353 1375 ’
430 1382 561 1453 quia
599 1388 771 1447 totum
800 1384 1051 1435 nostrum
1082 1376 1399 1429 incarnatus
1444 1380 1531 1429 est
1576 1372 1879 1437 hominem,
1929 1378 2019 1424 tm

430 1472 557 1529 nica
598 1470 749 1526 indui
792 1475 847 1522 et
887 1465 1153 1538 ypodititn
1199 1464 1402 1520 dicitur
1442 1478 1460 1517 :
1505 1463 1702 1533 duplex
1744 1470 1831 1517 est
1867 1460 2021 1516 enim

432 1572 619 1625 nostra
664 1561 941 1627 conditio,
985 1568 1042 1619 et
1080 1559 1243 1615 unius
1287 1558 1510 1630 quidem
1552 1558 1609 1612 in
1649 1557 1810 1611 nobis
1838 1553 2025 1609 estde

431 1658 688 1730 pulvere,
717 1656 858 1711 alter
897 1654 1175 1717 caelestis,
1206 1652 1305 1709 sed
1344 1662 1527 1706 tamen
1568 1652 1730 1705 unius
1766 1657 2017 1717 uterque.

2111 534 2225 595 sive
2257 548 2408 588 zona:
2444 531 2755 588 contortam
2791 526 3192 599 quodaminodo
3224 532 3283 578 et
3318 523 3707 594 constringere

2109 635 2195 683 est
2219 640 2344 682 eum
2374 625 2467 695 qui
2494 623 2765 694 cingitur;
2798 620 2903 675 hoc
2940 615 3228 673 ostendere
3252 612 3545 685 legislator
3574 628 3707 682 pro-

2108 720 2317 792 posuit,
2358 717 2486 787 quia
2520 715 2771 772 Christus
2807 710 2969 769 simul
3002 717 3317 766 ereaturam
3352 719 3595 761 omnem
3627 720 3707 759 re.

2111 812 2417 883 capitulans
2448 810 2565 867 sive
2603 817 2954 871 restaurans,
2994 802 3157 859 simul
3186 801 3355 855 etiam
3383 797 3708 855 confortans

2109 911 2355 960 nostram
2394 914 2665 965 massam,
2699 898 2853 967 cujus
2878 895 3151 966 primitias
3179 891 3416 962 sumpsit
3452 891 3707 945 incarna-

2112 997 2277 1053 tionis
2326 995 2641 1064 dispensare
2687 990 3050 1062 mysterium;
3103 987 3228 1057 quia
3277 1001 3380 1058 per
3422 985 3609 1056 ipsam
3655 992 3707 1039 et

2114 1104 2214 1149 nos
2257 1090 2425 1147 fertes
2464 1089 2593 1145 lacti
2645 1100 2853 1143 sumus.
2906 1085 3043 1153 Quis
3074 1094 3258 1139 autem
3300 1084 3375 1139 sit
3417 1082 3709 1153 dispensa-

2114 1184 2279 1241 tionis
2318 1185 2511 1239 modus
2549 1181 2786 1236 Joannes
2828 1179 2903 1232 ait
2933 1164 2947 1231 ἑ
2990 1176 3213 1231 Verbum
3241 1192 3369 1230 caro
3400 1175 3611 1245 factum
3638 1183 3711 1229 est

2116 1275 2316 1347 (Joan.
2341 1290 2359 1329 ι
2385 1275 2446 1345 );
2491 1273 2723 1342 ideoque
2762 1268 3009 1341 eydarim
3048 1270 3104 1322 et
3141 1280 3334 1321 zonam
3374 1266 3456 1320 ait
3500 1264 3711 1336 Moyses

2115 1370 2395 1442 byssinam
2424 1373 2546 1423 esse
2574 1378 2711 1436 opus
2736 1362 3030 1418 variatum.
3060 1362 3264 1433 Byssus
3290 1358 3439 1413 enim
3469 1359 3543 1412 de
3570 1366 3710 1413 terra

2118 1481 2240 1522 eum
2272 1466 2374 1529 sit,
2407 1476 2630 1519 carnem
2659 1460 3028 1521 demonstrat,
3060 1470 3181 1525 quae
3225 1462 3291 1507 ex
3332 1459 3486 1507 terra
3524 1458 3709 1505 nostra

2117 1566 2238 1623 est;
2271 1569 2409 1626 opus
2449 1550 2733 1625 plumarii,
2767 1549 2937 1603 Deum
2966 1547 3239 1612 Verbum,
3269 1544 3365 1614 qui
3410 1543 3621 1597 artifex
3665 1549 3713 1597 et

2118 1650 2364 1704 variatur
2398 1648 2567 1702 totius
2611 1652 2694 1699 est
2737 1651 3042 1707 creaturae;
3091 1640 3208 1717 ipse
3254 1637 3357 1693 sibi
3411 1651 3638 1691 carnem
3684 1652 3710 1690 a

431 1729 522 1807 Ait
544 1750 695 1806 enirn
720 1747 932 1819 Moyses
961 1762 976 1800 :
1006 1743 1279 1799 Formosa
1312 1743 1454 1797 Deus
1482 1742 1746 1796 hominem
1789 1739 1854 1793 de
1893 1738 2019 1791 limo
2056 1818 2063 1819 ί
2120 1742 2276 1796 nobis
2311 1746 2581 1807 sumptam
2611 1743 2869 1806 operatus
2897 1740 3013 1797 est,
3044 1731 3264 1786 varians
3307 1729 3363 1785 in
3405 1743 3471 1785 es
3520 1736 3716 1801 myste-

434 1851 590 1897 terra:
619 1837 787 1911 (Gen.
820 1837 893 1909 tt)
915 1878 929 1902 ,
959 1837 1052 1892 hic
1078 1843 1163 1890 est
1190 1822 1320 1905 ergo
1349 1843 1638 1889 terrenus:
1670 1842 1716 1887 et
1742 1832 2019 1904 insufﬂauit
2048 1818 2097 1880 Β
2124 1835 2205 1889 ria
2248 1832 2650 1905 quodammodo
2690 1838 2744 1886 et
2782 1827 3083 1883 creationis
3122 1823 3412 1879 miracula.
3444 1822 3585 1878 Post
3624 1823 3713 1876 hoc

433 1933 491 1987 in
518 1930 707 2002 faciem
728 1930 847 1998 eius
869 1930 1110 1999 spiritum
1133 1928 1251 1982 vim
1276 1926 1455 1999 (Ibid.
1475 1925 1527 1998 ),
1561 1925 1901 1996 apertissime
1931 1923 2020 1978 hic

439 2020 681 2087 emissus
718 2028 824 2077 est.
867 2018 1121 2075 Christus
1163 2027 1343 2073 autem
1383 2017 1626 2072 induitur
1664 2016 1881 2087 quidem
1914 2022 2024 2070 ter-

446 2129 636 2173 renum
660 2153 676 2179 ,
706 2113 763 2168 id
800 2122 889 2169 est
918 2111 1067 2168 illum
1095 2111 1189 2181 qui
1217 2111 1284 2167 de
1314 2119 1461 2165 terra
1490 2118 1606 2175 est,
1636 2117 1877 2165 veterem
1919 2108 2023 2162 ho-

449 2205 680 2269 minem,
712 2219 876 2273 queni
903 2203 1071 2259 etiam
1103 2202 1263 2258 simul
1295 2202 1466 2257 aﬁixit
1492 2203 1662 2256 cruci.
1709 2201 1799 2255 Ait
1828 2201 2028 2270 quippe

439 2293 640 2350 Paulus
687 2294 818 2363 quia
859 2303 1005 2348 cetus
1046 2293 1201 2346 homo
1248 2300 1424 2347 noster
1447 2290 1604 2345 simul
1630 2290 1921 2359 cruciﬁxus
1950 2295 2026 2342 est

445 2393 503 2441 κε
531 2383 835 2449 destruatur
860 2399 1049 2453 corpus
1072 2382 1271 2452 peccati
1305 2380 1497 2454 (Rom.
1527 2397 1581 2435 vt
1602 2381 1641 2451 ).
1685 2381 1907 2435 lmlutus
1945 2385 2031 2434 est

447 2482 717 2532 autemet
743 2475 1020 2531 caelestem
1040 2514 1054 2540 ,
1085 2489 1247 2544 quem
1276 2474 1393 2545 ipse
1420 2473 1729 2528 insulllavit.
1765 2472 1873 2528 Sed
1903 2472 2029 2541 quia

449 2564 592 2625 nihil
613 2565 731 2636 egit
750 2572 1029 2621 terrarum
1052 2566 1145 2621 hic
1161 2607 1177 2631 ,
1201 2580 1304 2621 nec
1327 2565 1665 2635 corruptioni
1691 2564 1996 2635 proximum
2013 2603 2027 2628 ,

447 2656 639 2728 procul
665 2657 831 2713 dubio
859 2657 1102 2713 scelestis
1127 2658 1348 2713 dicitur.
1384 2656 1501 2712 Hoc
1530 2655 1730 2711 Paulus
1757 2664 2031 2724 exponens

446 2752 618 2808 dicit:
648 2750 865 2815 Primus
895 2753 1051 2807 homo
1074 2751 1143 2805 de
1169 2762 1310 2806 terra
1352 2761 1620 2816 terrenus,
1664 2749 1921 2804 secundus
1968 2748 2034 2802 de

447 2843 577 2901 calo
605 2843 825 2903 catastis
854 2842 906 2916 (Ι
932 2841 1059 2898 Cor.
1088 2843 1202 2916 xv).
1234 2842 1387 2911 Quod
1414 2842 1626 2898 duobus
1654 2843 1832 2897 modis
1861 2841 2035 2912 accipi

449 2944 665 3007 oportet
690 2954 707 2993 :
738 2936 949 3008 primus
976 2937 1122 2991 enim
1162 2936 1327 2990 homo
1352 2943 1558 3000 noster,
1590 2934 1644 2989 id
1686 2942 1770 2989 est
1799 2947 1997 3004 corpus
2017 2974 2031 2998 ,

451 3040 522 3083 ex
551 3035 699 3083 terra
728 3026 1023 3082 formatum
1046 3033 1152 3093 est,
1175 3033 1400 3097 propter
1419 3026 1563 3095 quod
1588 3034 1837 3080 terrenus
1858 3025 2039 3078 dictus

452 3124 578 3183 est;
626 3119 812 3174 anima
839 3132 970 3172 vero
998 3118 1065 3172 de
1096 3117 1257 3181 ctelo,
1301 3117 1397 3171 Dei
1438 3125 1522 3171 est
1548 3118 1693 3171 enim
1721 3113 2030 3170 insut‘llatio.

454 3208 710 3266 Rursus:
757 3211 968 3281 primus
1004 3211 1170 3265 homo
1211 3210 1527 3265 inobediens
1564 3210 1736 3265 Adam
1781 3225 1847 3265 ex
1888 3216 2035 3264 terra

458 3307 714 3355 terrenus
730 3339 749 3365 ,
776 3300 905 3370 quia
940 3301 1198 3371 operibus
1224 3300 1467 3371 pulveris
1494 3302 1845 3370 semetipsum
1875 3302 2041 3370 depu-

456 3392 633 3456 tavit;
661 3392 931 3448 secundus
971 3392 1137 3445 homo
1164 3405 1369 3457 novus,
1400 3398 1484 3446 est
1526 3392 1811 3457 Christus,
1842 3392 1934 3461 qui
1974 3392 2043 3446 de

461 3479 605 3539 cado
642 3488 767 3537 est:
809 3495 916 3537 non
957 3480 1132 3537 solum
1170 3481 1299 3549 quia
1336 3480 1403 3537 de
1430 3481 1574 3536 caelo
1603 3482 1914 3549 descendit,
1944 3482 2041 3536 sed

462 3568 591 3640 quia
618 3577 675 3625 et
701 3569 1021 3640 dignitatem
1051 3571 1290 3627 omlestis
1319 3573 1588 3637 servavit,
1622 3573 1769 3628 dum
1795 3590 1897 3629 nec
1937 3581 2045 3630 ter-

459 3675 653 3719 renutu
680 3660 887 3732 aliquid
917 3670 1174 3732 operatus
1198 3672 1312 3729 est,
1344 3680 1446 3719 nec
1483 3665 1818 3736 corruptioni
1860 3666 2044 3736 proxi-

461 3766 632 3817 mum.
677 3752 822 3825 Ergo
870 3753 1106 3809 tunicam
1151 3754 1242 3809 hic
1287 3763 1563 3810 terrenum
1612 3755 1944 3825 appellavit:
1978 3757 2045 3811 de

465 3843 578 3900 lino
614 3844 794 3909 enim,
825 3845 970 3914 quod
993 3853 1079 3903 est
1113 3861 1182 3901 ex
1215 3853 1393 3911 terra,
1423 3847 1608 3902 tunica
1640 3846 1781 3901 facta
1813 3856 1937 3913 est;
1970 3847 2048 3901 ait

461 3936 650 3992 enim:
695 3936 765 3991 Et
804 3934 929 4006 fecit
967 3938 1042 3995 eis
1083 3938 1289 3994 tunicas
1330 3936 1540 4003 lineas;
1570 3939 1834 4009 ypoditim
1864 3948 2046 3993 autem

464 4027 776 4092 caelestem,
816 4027 945 4096 quia
974 4028 1211 4097 ypoditis
1237 4029 1491 4097 ponderis
1518 4036 1632 4094 est,
1664 4030 1824 4084 simul
1866 4038 2047 4085 autem

465 4124 521 4171 et
540 4116 1053 4186 hyacinthinusest;
1076 4118 1168 4172 hic
1188 4126 1369 4171 autem
1391 4118 1541 4171 color
1564 4119 1685 4173 ωειὶ
1709 4118 2052 4175 θειευιιιιιηι-

470 4223 575 4277 que
599 4215 848 4265 nostrum
875 4204 1133 4269 Christus
1171 4208 1409 4276 suscepit
1444 4209 1751 4274 hominem,
1784 4218 1840 4264 et
1879 4211 2051 4264 mani-

465 4297 663 4355 festum
706 4305 762 4354 et
801 4296 1111 4363 occultum,
1151 4305 1210 4353 et
1250 4305 1525 4354 terrenum
1560 4308 1617 4355 et
1656 4301 1964 4367 caelestem,
1998 4302 2053 4358 id

474 4398 562 4446 est
601 4404 803 4461 corpus
840 4387 1142 4460 perfectum
1184 4397 1244 4444 et
1271 4388 1508 4443 animam
1537 4390 1835 4460 perfectam
1857 4431 1873 4455 ,
1903 4399 1957 4446 ct
1997 4392 2052 4446 in

465 4480 722 4536 omnibus
752 4480 1023 4554 integram
1054 4498 1067 4532 :
1104 4487 1400 4548 utrumque
1426 4479 1575 4534 enim
1606 4488 1664 4535 ut
1692 4490 1819 4551 pote
1846 4482 2053 4535 utrius-

469 4588 575 4640 que
605 4581 821 4627 creator
848 4573 1100 4629 salvavit.
1138 4573 1276 4633 illud
1298 4572 1467 4627 etiam
1499 4572 1719 4626 intende
1749 4590 1762 4626 :
1794 4572 1866 4627 Et
1896 4572 2054 4627 desu-

469 4679 561 4733 per
611 4664 884 4719 ltumcrale
938 4665 1217 4736 imposuit,
1270 4665 1409 4736 quod
1459 4668 1753 4735 usti-ingens
1803 4666 2014 4737 cingulo
2035 4706 2051 4729 ,

477 4754 675 4823 aptavit
706 4755 982 4809 rationali.
1026 4756 1381 4827 Septuaginta
1412 4767 1593 4811 autem
1624 4757 1912 4811 ediderunt
1940 4776 1953 4810 :
1986 4757 2055 4810 Et

470 4843 645 4911 posuit
675 4860 832 4912 super
860 4843 1013 4899 illum
1036 4848 1363 4914 epomidem,
1397 4855 1444 4900 et
1483 4847 1646 4900 cinxit
1678 4844 1828 4899 illum
1863 4862 2052 4899 secun-

470 4931 607 4987 dum
649 4932 853 4991 aditum
888 4935 1175 5002 epqmidis,
1220 4945 1269 4988 et
1304 4937 1617 4990 constrinxit
1648 4934 1801 4988 illam:
1833 4935 1903 4987 ad
1938 4951 2055 4988 eam

474 5023 921 5093 aspernantem“,
976 5024 1156 5083 Suave
1200 5026 1405 5089 Christi
1446 5028 1637 5098 iugum
1676 5038 1799 5093 est,
1836 5028 1891 5083 id
1932 5036 2053 5094 est,

476 5117 793 5187 evangelica
827 5119 939 5175 vita
959 5158 977 5185 ,
1025 5134 1189 5189 quam
1226 5129 1288 5176 at
1330 5132 1458 5192 pote
1488 5124 1606 5194 ipse
1642 5124 2053 5190 demonstrans,

478 5220 630 5267 recte
666 5223 831 5279 super
866 5211 1126 5283 humeros
1156 5214 1440 5281 portabat,
1472 5216 1541 5270 de
1574 5231 1687 5287 qua
1713 5216 1793 5271 ait
1822 5233 1836 5270 :
1872 5215 2059 5271 Tollite

472 5300 664 5372 jugera
703 5318 877 5359 meum
913 5318 1071 5373 super
1100 5320 1211 5369 eos,
1252 5315 1301 5358 et
1336 5306 1519 5361 discito
1545 5311 1670 5378 quia
1699 5309 1842 5365 mitis
1866 5326 1983 5363 sunt
2010 5318 2060 5363 et

478 5389 695 5451 humilis
720 5397 918 5447 conte:
954 5392 1147 5463 fugata
1170 5395 1310 5448 enim
1349 5410 1522 5449 meum
1558 5396 1666 5451 lese
1694 5408 1804 5463 est,
1838 5408 1889 5453 et
1928 5416 2060 5455 onus

480 5498 657 5541 meum
683 5502 840 5541 sm
868 5485 1097 5561 (Matth.
1124 5486 1236 5559 ιι).
1280 5487 1424 5555 Quid
1464 5496 1551 5544 est
1578 5498 1759 5546 autem
1789 5493 2063 5565 cingulum

482 5582 590 5641 (tuo
623 5578 865 5635 amicam
893 5587 951 5634 et
976 5578 1244 5650 ypoﬁtim
1272 5578 1487 5639 cinxit?
1517 5580 1695 5651 Ipsum
1722 5598 1862 5653 opus
1889 5584 2059 5641 disce.

481 5661 622 5719 Dicit
652 5668 802 5723 enim
843 5670 899 5724 in
935 5669 1277 5727 mltemaculi
1303 5672 1751 5728 cotistruetione:
1797 5674 1866 5728 Et
1899 5676 2063 5743 facies

372 5763 380 5770 ·
483 5752 720 5817 sudarit»
747 5756 1016 5820 hostium
1043 5769 1094 5815 et
1120 5775 1313 5815 satum
1337 5777 1470 5815 onus
1496 5764 1722 5818 uarium.
1748 5764 1887 5826 Quia
1917 5766 2061 5822 enim

2125 1925 2393 1989 subdidit,
2444 1923 2744 1978 secundum
2789 1916 3185 1991 Septuaginta:
3248 1912 3319 1968 Et
3346 1913 3529 1985 posuit
3572 1925 3716 1981 super

2124 2034 2243 2074 cum
2298 2014 2577 2070 rationale.
2635 2012 2703 2068 Et
2752 2010 3025 2083 quomodo
3079 2008 3326 2079 qumdam
3377 2003 3714 2076 autographa

2126 2109 2362 2174 habent,
2411 2122 2569 2178 super
2614 2120 2753 2159 cum.
2804 2100 2913 2157 Sed
2959 2108 3192 2179 utraque
3239 2097 3302 2152 ad
3354 2095 3500 2150 idem
3554 2092 3714 2162 respi-

2128 2201 2282 2257 ciunt
2318 2218 2332 2253 :
2368 2197 2522 2264 Quod
2566 2196 2859 2265 astringcns
2916 2190 3127 2263 cingulo
3179 2187 3379 2259 aptarit
3437 2183 3714 2249 rationali,

2130 2291 2184 2345 in
2210 2306 2314 2361 quo
2361 2296 2473 2343 erat
2514 2287 2756 2341 doctrina
2799 2292 2849 2337 ct
2889 2283 3100 2337 veritas.
3144 2271 3505 2349 Septuaginta
3549 2284 3719 2330 autem

2131 2382 2423 2438 ediderunt
2451 2396 2465 2432 ε
2502 2377 2568 2431 Et
2597 2374 2847 2446 imposuit
2888 2388 3046 2444 super
3075 2370 3271 2441 logium
3302 2368 3655 2423 ostensioncnt
3677 2372 3722 2419 et

2133 2473 2426 2528 veritatem.
2454 2468 2571 2523 Hoc
2603 2475 2784 2521 autem
2816 2464 2946 2519 alibi
2978 2460 3377 2519 sacerdotalem
3410 2472 3721 2531 exponens,

2134 2569 2331 2626 stolam
2375 2564 2702 2622 rationalem
2727 2560 2919 2634 judicil
2950 2557 3266 2630 appellavit.
3300 2555 3621 2613 Secundum
3648 2568 3725 2608 ra-

2135 2661 2341 2718 tionale
2384 2660 2529 2715 enim
2570 2657 2807 2723 Christi,
2849 2654 2904 2711 id
2934 2663 3019 2710 est
3050 2651 3354 2709 doctrinam
3384 2657 3440 2707 ct
3466 2647 3722 2720 praedica-

2135 2760 2341 2814 tionem
2366 2755 2558 2827 judicii
2593 2754 2757 2809 futuri
2788 2752 3014 2824 regitur.
3048 2749 3431 2807 Ostensionem
3478 2752 3644 2819 ergo,
3676 2742 3723 2799 id

2135 2860 2253 2917 est,
2297 2847 2794 2903 manifestatloncm
2837 2852 2895 2899 et
2939 2859 3063 2899 cum
3093 2858 3159 2897 ea
3193 2841 3488 2901 veritatem
3528 2839 3720 2901 habet,

2138 2949 2199 2998 ut
2228 2949 2358 3012 pote
2387 2938 2779 2996 manifestante
2811 2953 2875 2993 eo
2901 2935 3218 2993 hominibus
3247 2933 3493 3005 ignbtam
3530 2930 3727 3002 myste-

2140 3034 2344 3088 riorum
2378 3032 2686 3086 veritatem.
2718 3027 2961 3095 Quatuor
2992 3032 3173 3082 autem
3205 3038 3468 3079 versuum
3498 3022 3548 3077 ei
3585 3021 3727 3076 ratio-

2141 3123 2285 3189 nali,
2318 3122 2372 3175 id
2401 3128 2518 3185 est,
2551 3135 2619 3175 ex
2662 3127 2899 3190 quatuor
2940 3115 3284 3191 generalibus
3320 3114 3654 3180 virtutibus,
3682 3112 3730 3166 et

2143 3234 2210 3273 ex
2269 3216 2553 3272 duodecim
2599 3213 2870 3286 lapidibus
2906 3212 3200 3287 partilibus
3240 3207 3647 3283 quodammodo
3684 3210 3731 3259 et

2145 3307 2474 3380 specialibus
2522 3307 2640 3363 lieri
2686 3309 2963 3385 praecepit.
3019 3305 3149 3376 Quae
3194 3304 3323 3362 Sunt
3378 3313 3567 3369 autem
3588 3298 3733 3357 haec?

2146 3399 2344 3471 Utique
2389 3399 2454 3454 de
2498 3399 2696 3475 quibus
2744 3398 3019 3467 scribebat
3064 3394 3307 3453 Paulus:
3342 3395 3567 3468 Oportet
3609 3391 3733 3448 enim

2147 3491 2446 3562 episcopum
2473 3490 2977 3562 irreprehensibilem
3005 3507 3117 3547 esse
3136 3531 3151 3557 ,
3180 3491 3317 3544 sicut
3343 3488 3443 3545 Dei
3469 3488 3734 3560 dispensa-

2149 3594 2312 3637 torem
2344 3582 2492 3656 (Tit.
2525 3583 2606 3654 ι).
2654 3584 2760 3640 Sed
2805 3582 3080 3654 quomodo
3122 3580 3657 3657 irreprehensibilis,
3687 3574 3733 3632 id

2149 3684 2264 3741 est,
2308 3675 2375 3729 ab
2408 3676 2761 3731 accusatione
2794 3676 3065 3742 mundus,
3098 3684 3155 3730 et
3186 3691 3215 3731 a
3249 3670 3471 3747 querela
3503 3671 3653 3728 omni
3684 3669 3736 3724 li—

2150 3766 2248 3820 ber
2290 3766 2398 3829 sit,
2439 3766 2526 3820 his
2569 3782 2688 3836 qtuu
2734 3774 2924 3837 postea
2966 3776 3272 3838 sequuntur
3299 3763 3546 3821 ostendit
3580 3783 3592 3817 :
3628 3761 3735 3817 Non

2152 3856 2473 3927 superbum,
2526 3874 2629 3913 non
2676 3858 3033 3931 iracundum,
3081 3876 3186 3913 non
3234 3855 3601 3933 vinolentum,
3646 3869 3735 3907 non

2152 3964 2541 4020 percussorem,
2586 3965 2688 4003 non
2728 3949 2897 4025 turpis
2939 3947 3074 4003 lucri
3113 3946 3395 4021 cupidum,
3442 3946 3539 4000 sed
3581 3941 3740 4014 hospi-

2154 4038 2340 4107 talem,
2388 4039 2692 4110 benignum,
2739 4050 2941 4095 castum
2963 4081 2977 4104 ,
3011 4039 3246 4109 justum,
3278 4047 3557 4103 sanctum,
3590 4032 3742 4089 conti-

2156 4140 2391 4194 nentem,
2428 4130 2823 4201 amplectentcm
2868 4148 2985 4185 eum
3017 4132 3106 4203 qui
3136 4129 3425 4185 secundum
3454 4127 3741 4182 doctrinam

2155 4231 2231 4276 est
2261 4220 2469 4282 ﬁdelem
2496 4230 2785 4279 sermbnem
2815 4221 3048 4294 (Ιὸἱά.).
3084 4221 3212 4276 Hinc
3254 4219 3400 4274 enim
3454 4216 3744 4286 unicuique

2157 4311 2374 4383 quidem
2403 4312 2656 4367 convenit
2682 4312 2931 4383 assequi,
2960 4311 3197 4368 maxime
3226 4320 3408 4365 tamen
3440 4306 3740 4370 sacerdoti,

2160 4404 2429 4476 siquidem
2473 4404 2697 4476 ﬁguram
2734 4405 2873 4475 gerit
2899 4404 3134 4473 Christi,
3168 4403 3258 4479 qui
3291 4402 3591 4479 prtedictos
3620 4402 3740 4455 duo-

2162 4497 2339 4551 decim
2368 4497 2577 4567 lapides
2604 4512 2766 4568 super
2796 4504 2984 4567 peclus
3026 4496 3307 4569 proprium
3349 4493 3614 4567 portavit.
3654 4489 3744 4559 Cy—

2161 4586 2281 4639 dari
2325 4602 2527 4657 quoque
2575 4585 2702 4639 texit
2745 4593 2936 4657 caput,
2979 4584 3125 4657 sive,
3175 4582 3473 4655 secundum
3519 4579 3745 4653 Septua-

2163 4677 2345 4748 ginta,
2376 4674 2444 4729 Et
2489 4676 2700 4747 posuit,
2732 4677 2938 4753 inquit,
2972 4693 3129 4747 super
3166 4684 3325 4749 caput
3367 4674 3481 4744 ejus
3518 4660 3744 4726 mitram.

2164 4765 2275 4821 Sed
2323 4767 2445 4835 quia
2499 4774 2553 4820 et
2599 4767 2776 4820 mitrm
2823 4768 2937 4821 sive
2986 4765 3173 4837 cydari
3222 4765 3603 4837 operationem
3648 4774 3744 4816 non

2163 4858 2480 4928 ignoramus
2500 4899 2513 4922 ,
2540 4866 2591 4910 et
2614 4858 2817 4923 Christi
2848 4865 3009 4930 caput
3038 4874 3157 4913 esse
3185 4858 3405 4917 Patrem
3436 4857 3745 4913 didicimus.

2167 4944 2456 5002 audiamus
2479 4948 2623 5017 (λαοιῖ
2652 4950 2897 5018 sequitur
2927 4966 2940 5004 :
2975 4949 3043 5003 Et
3073 4966 3230 5031 super
3255 4949 3370 5002 eam
3402 4958 3591 5002 contra
3620 4942 3751 5025 [ron-

2161 5049 2262 5094 tem
2291 5041 2464 5110 posuit
2496 5038 2746 5093 laminam
2777 5057 2994 5094 auream
3039 5049 3398 5115 consecratam
3434 5038 3489 5093 in
3523 5032 3752 5105 sanctiﬁ—

2168 5131 2398 5197 catione,
2428 5130 2563 5185 sicut
2605 5142 2920 5204 prtrccperat
2951 5132 2999 5186 ei
3028 5131 3307 5194 Dominus.
3332 5128 3632 5205 sublevare
3662 5130 3751 5183 nos

2164 5220 2445 5291 legislator
2484 5223 2671 5279 volens
2708 5223 2927 5277 mitram
2973 5221 3088 5278 sive
3126 5222 3370 5293 'cydarim
3409 5222 3575 5299 super
3600 5222 3753 5289 caput

2164 5322 2393 5385 propter
2431 5312 2649 5370 Patrem
2691 5314 3035 5369 memoravit.
3079 5304 3183 5367 Per
3222 5311 3484 5367 laminam
3524 5318 3580 5366 et
3626 5306 3755 5364 Scul-

2167 5414 2387 5475 pturam
2409 5448 2425 5472 ,
2456 5420 2552 5461 seu
2577 5405 2955 5469 formationem
2987 5403 3455 5470 sanctificationis,
3487 5394 3752 5458 incarnati

2168 5488 2267 5551 Dei
2298 5496 2496 5563 Verbi,
2527 5496 2620 5567 qui
2649 5504 2705 5552 et
2734 5497 2993 5552 sacerdos
3020 5503 3206 5552 noster
3233 5494 3413 5552 factus
3441 5500 3560 5562 est,
3591 5488 3757 5563 digni-

2168 5594 2339 5643 tatem
2383 5588 2442 5642 in
2483 5587 2753 5658 principio
2797 5603 2962 5659 quam
3009 5589 3173 5644 simul
3217 5603 3342 5645 cum
3386 5587 3554 5663 Patre
3595 5584 3754 5642 habet

2172 5676 2519 5733 manifestum
2562 5685 2648 5733 est
2689 5666 2831 5750 quia
2858 5679 3138 5751 exposuit;
3180 5685 3409 5750 propter
3434 5676 3581 5748 quod
3611 5673 3753 5729 illam

2169 5777 2225 5826 et
2247 5785 2409 5827 suner
2435 5771 2677 5839 cydarim
2703 5786 2800 5829 seu
2824 5760 3042 5828 mitram
3068 5779 3125 5827 et
3146 5758 3335 5828 contra
3361 5758 3558 5827 faciem
3582 5766 3753 5825 mitra:
