3940 6352
188 400 281 462 525

1091 393 1588 464 Exrosmonns
1623 401 1692 463 1N
1729 394 2124 466 Lmrtcntt.
2161 399 2232 452 -‘—
2268 407 2396 467 LIB:
2438 401 2502 468 tt.

3316 415 3420 483 39.6

187 517 288 572 sive
315 501 522 586 cydarls
547 515 794 590 imponit.
828 515 971 573 Dicit
1023 529 1245 575 autem:
1281 519 1595 593 Lignbisque
1624 531 1737 576 eam
1766 513 1817 588 Α
1846 519 2019 576 farina
2070 522 2286 579 videtur
2327 527 2559 580 ostendi.
2613 525 2832 585 Sciebat
2875 525 3001 604 ergo
3045 537 3284 605 pontifex
3333 537 3420 599 ille

182 612 295 665 vitta
329 607 694 677 hyacinthina,
728 611 873 674 sive,
909 613 1201 674 Secundum
1244 611 1594 682 Septuaginta
1617 655 1630 679 ,
1667 614 1735 666 Et

180 700 542 770 superimponas
587 717 746 771 super
788 704 1066 774 hyacintho
1115 713 1326 759 retorto.
1370 705 1735 773 Hyacinthum

179 800 417 847 retortum
465 795 854 849 hamanitatcm
902 797 1104 851 Christi
1148 796 1486 868 intelligens,
1532 811 1629 866 pro
1668 805 1733 852 eo

177 885 303 954 quod
340 885 774 955 inseparabiliter
804 887 1056 954 conjunta
1086 898 1172 952 est
1201 889 1488 941 divinitati.
1535 888 1603 940 Et
1631 889 1732 941 erit

172 990 311 1044 super
347 962 576 1030 thiaram
613 979 886 1033 imminens
921 980 1094 1049 fronte
1131 981 1416 1051 ponti/iris.
1449 981 1545 1034 Vel
1589 982 1728 1034 sicut

171 1064 499 1137 Septuaginta
518 1109 532 1132 ,
563 1078 612 1120 et
642 1069 740 1122 erit
769 1085 926 1139 super
955 1072 1162 1123 mitram
1191 1083 1372 1124 contra
1404 1073 1592 1140 faciem
1634 1073 1731 1125 mi-

167 1163 267 1210 tras.
292 1155 403 1210 Erit
428 1173 590 1227 super
611 1158 854 1222 mitram,
881 1159 1004 1229 quia
1030 1153 1192 1214 Pater
1212 1162 1266 1214 in
1293 1161 1449 1225 Filio,
1473 1172 1528 1214 et
1558 1161 1728 1215 Filius

163 1250 210 1304 in
243 1249 394 1305 Patre
419 1265 434 1306 :
472 1251 538 1304 Et
568 1263 687 1308 ante
714 1251 900 1320 {aciem
929 1254 1118 1307 ὐἱέι-αξ.
1153 1253 1253 1320 Qui
1281 1255 1428 1308 enim
1460 1254 1608 1307 videt.
1630 1253 1724 1306 1³1·-

160 1338 275 1396 llum
313 1339 399 1396 hic
435 1342 621 1399 videre
660 1352 717 1399 et
753 1345 969 1399 Patrem
1012 1346 1230 1400 dicitur.
1276 1345 1400 1417 (Ex-
1429 1346 1675 1416 Origene.
1705 1347 1723 1416 )

158 1433 283 1505 Ergo
325 1437 505 1492 omnis
550 1453 696 1492 nunc
748 1441 956 1494 sanctio
1003 1440 1284 1494 evidenter
1337 1439 1389 1493 in
1446 1438 1723 1508 Unigeniti

156 1523 425 1594 explanata
477 1536 562 1582 est
616 1531 960 1599 mysterium.
1015 1530 1205 1592 Aliter,
1258 1530 1402 1582 lavet
1457 1537 1510 1582 te
1559 1519 1726 1598 igitur

155 1615 377 1686 Moyses,
425 1619 541 1690 ipse
581 1627 632 1674 te
676 1619 849 1686 lavet,
895 1629 950 1675 et
992 1621 1108 1690 ipse
1139 1629 1192 1672 te
1223 1620 1443 1683 induat,
1477 1618 1563 1672 lex
1595 1631 1722 1685 ergo

151 1715 222 1762 est
259 1726 378 1779 quas
419 1719 471 1766 te
509 1712 691 1778 lavat,
737 1713 853 1782 ipsa
895 1712 1084 1766 sordes
1126 1719 1248 1764 tuas
1279 1709 1464 1774 diluit,
1495 1711 1641 1777 ipsa,
1677 1709 1722 1763 si

148 1799 322 1854 audias
353 1817 475 1856 eam
494 1843 508 1867 ,
537 1812 888 1871 peccatorum
917 1810 1131 1855 tuorum
1163 1800 1401 1854 maculas
1421 1801 1714 1869 absterget.

1845 619 2003 681 quem
2036 619 2164 669 tunc
2192 615 2478 671 ordinabat
2520 617 2731 690 MoySes
2755 664 2767 687 ,
2802 625 2925 691 quia
2961 623 3103 680 esset
3135 628 3422 685 circumci-

1839 705 1938 766 sio,
1959 707 2372 763 incircu’mcisus
2391 711 2634 782 pontifex
2659 717 2776 768 esse
2802 723 2904 769 non
2928 721 3154 786 poterat.
3179 719 3421 778 llahebat

1836 807 1965 865 ergo
2016 799 2115 853 iste
2161 799 2295 854 duas
2331 803 2583 858 tunicas:
2624 817 2785 859 unam
2830 801 3115 864 ministerii
3161 816 3418 884 carnalis,

1835 896 1887 941 et
1919 887 2075 942 aliam
2103 889 2473 962 intelligentiae
2517 895 2794 963 spiritalis.
2844 897 3062 954 Sciebat
3094 904 3219 972 quia
3247 913 3301 958 et
3326 922 3414 959 sa-

1833 980 2034 1033 criﬁcia
2070 982 2327 1050 spiritalia
2353 985 2532 1039 oﬁerri
2561 987 2757 1041 debent
2785 990 2915 1054 Deo,
2951 992 3207 1048 offerebat
3236 1005 3418 1053 tamen

1831 1069 2181 1126 nihilominus
2205 1081 2257 1127 et
2283 1075 2520 1129 carnalia
2547 1093 2559 1129 :
2590 1091 2695 1131 non
2719 1080 2862 1134 enim
2894 1090 3105 1151 poterat
3130 1093 3252 1140 esse
3287 1103 3416 1158 pon-

1829 1159 1960 1214 tifex
1994 1177 2182 1216 eorum
2222 1163 2311 1232 qui
2353 1173 2478 1219 tunc
2513 1175 2688 1232 erant,
2711 1170 2818 1223 nisi
2852 1171 3059 1228 hostias
3086 1176 3412 1232 immolaret.

1826 1250 1903 1306 Ita
1951 1269 2081 1324 ergo
2126 1257 2516 1312 convenienter
2545 1257 2633 1313 ille
2684 1262 2924 1332 pontifex
2960 1265 3166 1324 duabus
3196 1269 3416 1325 indutus

1829 1345 2021 1397 tunicis
2083 1347 2315 1414 dicitur;
2378 1350 2604 1418 apostoli
2663 1365 2790 1406 vero
2842 1356 2931 1423 qui
2989 1357 3180 1413 dicturi
3208 1371 3411 1416 erant:

1827 1433 1948 1501 quia
1979 1431 2021 1486 si
2062 1436 2542 1503 circumcidamini,
2573 1438 2815 1495 Christus
2863 1443 3002 1499 vobis
3046 1447 3176 1501 nihil
3228 1453 3415 1519 prode-

1829 1521 1895 1572 rit
1919 1519 2061 1592 (Gal.
2084 1523 2137 1591 v)
2161 1541 2174 1588 ;
2203 1534 2258 1578 et
2285 1527 2374 1595 qui
2401 1528 2596 1583 dicturi
2625 1541 2806 1597 erant,
2835 1534 2959 1602 quia
2989 1553 3138 1590 nemo
3163 1555 3249 1592 eos
3267 1542 3414 1608 judi-

1827 1619 1907 1664 εει
1939 1612 1992 1664 in
2023 1613 2136 1666 cibo
2167 1625 2260 1667 aut
2289 1617 2341 1667 in
2370 1627 2516 1685 potu,
2547 1629 2641 1671 aut
2691 1621 2745 1673 in
2789 1635 2940 1691 parte
2981 1625 3085 1678 diei
3134 1627 3273 1694 festi,
3325 1639 3419 1684 aut

1823 1705 2114 1768 neomenia,
2136 1717 2226 1758 aut
2249 1707 2603 1774 sabbatorum,
2627 1729 2744 1781 qua:
2765 1724 2887 1768 sunt
2907 1718 3091 1771 umbra
3112 1719 3414 1787 futurorum

1821 1791 2043 1862 (Coloss.
2075 1794 2158 1866 ιι).
2187 1795 2280 1849 lsti
2309 1813 2457 1867 ergo,
2490 1808 2546 1852 ut
2593 1801 2902 1869 hujusmodi
2930 1807 3226 1862 secundum
3267 1809 3411 1866 litte-

141 1887 246 1959 lpse
273 1899 360 1946 est
386 1891 602 1963 Moyses
621 1933 634 1958 ,
667 1895 772 1946 hoc
801 1900 884 1946 est
914 1893 995 1946 lex
1015 1933 1028 1957 ,
1060 1907 1176 1961 qua:
1206 1893 1508 1945 sacerdotes
1533 1905 1717 1944 conse-
1745 1881 1792 1940 Β
1822 1899 1955 1944 ram,
1973 1884 2109 1954 legis
2123 1887 2523 1943 observantiam
2549 1894 2763 1960 penitus
2796 1898 3164 1965 repudiarent,
3189 1915 3289 1956 nec
3312 1917 3408 1959 oc-

140 1989 279 2047 crat,
312 1995 421 2037 nec
460 1991 637 2052 potest
679 1986 933 2039 sacerdos
965 1997 1109 2047 esse,
1143 1998 1301 2051 quem
1334 1999 1440 2036 non
1471 1982 1554 2037 lex
1589 1997 1713 2037 con-

136 2072 375 2126 stituerit
419 2074 776 2128 sacerdotem.
823 2073 878 2126 Si
910 2082 964 2127 et
995 2082 1050 2126 tu
1080 2072 1222 2127 lotus
1249 2072 1419 2127 fueris
1445 2088 1543 2144 per
1573 2072 1718 2146 Moy-

138 2178 221 2217 sen
266 2172 322 2217 et
366 2163 537 2219 fueris
584 2167 657 2220 ita
703 2167 935 2221 llllllltltlS
980 2169 1249 2236 qtlomodo
1294 2183 1454 2237 quem
1502 2166 1714 2237 Moyses

139 2256 347 2323 laverit,
383 2265 566 2313 tantus
613 2259 702 2312 ille
743 2275 807 2314 ac
840 2261 964 2314 talis
1006 2261 1180 2330 passis
1222 2261 1388 2318 etiam
1430 2261 1716 2330 pervenire

140 2350 196 2406 ad
215 2349 326 2404 tunc
352 2350 660 2407 indumenta
687 2367 807 2420 qum
828 2353 1038 2422 profert
1058 2352 1288 2423 Moyses,
1307 2361 1362 2407 et
1390 2352 1555 2406 stolas
1581 2354 1712 2407 istas

140 2439 315 2508 quibus
365 2442 542 2495 induit
583 2443 762 2496 Aaron
808 2443 1036 2498 fratrem
1081 2460 1238 2498 suum
1281 2452 1336 2497 et
1385 2444 1523 2496 ﬁlios
1570 2442 1708 2510 ejus.

141 2527 229 2584 Sed
255 2546 359 2586 non
387 2533 564 2587 solum
594 2533 928 2589 indumentis
958 2551 1094 2605 Opus
1121 2542 1205 2589 est
1234 2533 1302 2588 ad
1342 2533 1711 2589 sacerdotales

143 2617 350 2686 infulas,
399 2639 595 2677 verum
643 2633 697 2680 et
746 2627 1017 2696 cingulis:
1072 2623 1222 2679 Fecit
1273 2625 1450 2688 enim,
1496 2624 1707 2694 inquit,

140 2708 292 2782 Deus,
323 2714 533 2786 tunicas
564 2714 668 2784 pel!
691 2734 808 2771 ερας
828 2758 842 2781 ,
872 2727 917 2770 et
950 2717 1118 2770 induit
1151 2717 1323 2771 Adam
1351 2726 1396 2769 et
1428 2715 1703 2770 mulierem

139 2801 235 2869 ejus
265 2801 483 2878 (Cenes.
522 2806 618 2878 ιι).
651 2807 744 2861 ille
774 2824 903 2879 ergo
937 2809 1130 2864 tuuiczc
1161 2811 1226 2864 de
1257 2808 1485 2880 pellibus
1514 2816 1706 2874 erant,

141 2909 192 2946 ex
221 2896 539 2952 animalibus
567 2908 814 2968 sumptae.
842 2900 1063 2955 Talibus
1084 2902 1227 2956 enim
1250 2901 1537 2972 Oportebat
1559 2900 1706 2954 indui

139 2997 471 3060 pet-calorem.
517 2989 758 3045 Pclliciis
782 3035 796 3057 ,
836 2993 1052 3062 inquit,
1094 2993 1294 3046 tunicis
1319 3033 1332 3058 ,
1371 3008 1490 3062 quze
1524 3000 1706 3047 essent

140 3081 457 3137 mortalitatis
491 3083 694 3138 indicia
729 3102 888 3154 quam
920 3101 1018 3154 pro
1042 3094 1268 3156 peccato
1300 3094 1620 3156 acceperat.
1652 3093 1706 3140 et

136 3170 419 3248 fragilitatis
448 3179 574 3249 ejus
607 3195 727 3248 qua)
759 3194 827 3232 ex
858 3179 1041 3233 carnis
1073 3179 1418 3250 corruptione
1455 3179 1702 3233 veniebat

1815 1983 2081 2042 cuparent
2131 1977 2424 2048 discipulos
2451 1979 2693 2036 Judaicis
2727 1982 2942 2052 fabulis,
2975 1996 3027 2041 et
3068 1989 3408 2059 imponerent

1815 2063 1894 2118 eis
1912 2063 2101 2135 iugum
2132 2070 2276 2138 quod
2298 2086 2473 2140 neque
2502 2073 2602 2141 ipsi
2635 2089 2808 2144 neque
2843 2086 3026 2146 patres
3067 2096 3255 2136 eorum
3283 2099 3406 2153 por-

1819 2165 1931 2211 tare
1984 2167 2295 2225 potuerunt,
2339 2164 2534 2217 merito
2565 2164 2699 2220 duas
2734 2169 2946 2222 tunicas
2983 2170 3184 2225 habere
3215 2175 3404 2242 prohi-

1814 2246 2028 2312 bentur,
2076 2250 2169 2302 sed
2217 2250 2419 2307 sufﬁcit
2460 2253 2540 2308 eis
2588 2269 2715 2320 una,
2744 2264 2801 2310 et
2847 2258 2960 2312 haec
2997 2260 3246 2325 interior,
3278 2277 3404 2316 nam

1814 2335 1973 2390 istam
2002 2354 2122 2408 quae
2164 2339 2296 2395 foris
2323 2349 2428 2406 est,
2461 2351 2518 2396 et
2560 2359 2682 2414 qua:
2727 2346 2961 2416 desuper
2999 2358 3244 2418 apparet,
3273 2351 3407 2420 legis

1815 2429 2051 2484 tunicam
2080 2431 2287 2497 nolunt,
2331 2449 2492 2487 unam
2523 2451 2755 2505 namque
2787 2435 2946 2492 Jesus
2965 2447 3018 2493 et
3051 2441 3224 2508 ipsam
3265 2442 3407 2496 inte-

1812 2517 2045 2583 riorem,
2093 2520 2293 2576 habere
2343 2524 2632 2592 permittit.
2679 2527 2910 2597 imponit
2951 2536 3134 2585 tamen
3190 2532 3402 2602 Moyses

1808 2609 2052 2677 pontiﬁci
2087 2610 2443 2678 luuneralem,
2467 2615 2561 2682 qui
2591 2624 2676 2669 est
2705 2618 3058 2674 humerorum
3079 2622 3299 2690 quidam
3333 2635 3400 2678 ex

1808 2699 2274 2758 circumductione
2326 2706 2495 2760 vestis
2538 2715 2798 2762 ornatus:
2827 2711 3035 2765 humeri
3069 2711 3248 2766 autem
3275 2729 3404 2783 ope-

1810 2804 1928 2842 rum
1961 2799 2145 2846 tenent
2179 2808 2243 2847 ac
2268 2793 2472 2849 laboris
2500 2796 2720 2851 iudicia.
2750 2799 2876 2853 Vult
2926 2816 3056 2870 ergo
3087 2803 3403 2871 pontificem

1808 2895 1930 2937 esse
1977 2884 2140 2938 etiam
2190 2887 2245 2939 in
2300 2889 2556 2956 operibus
2594 2899 2870 2953 ornatum,
2899 2907 3001 2945 nec
3031 2893 3238 2947 sufficit
3287 2894 3402 2948 sola

1809 2973 2082 3028 scientia:
2115 2975 2253 3039 Quia
2299 2978 2388 3047 qui
2431 2979 2614 3046 fecerit
2661 2989 2710 3032 et
2758 2981 3016 3046 docuerit,
3047 2983 3132 3035 hic
3181 2999 3403 3053 magna:

1806 3065 2080 3118 vocabitur
2119 3068 2175 3119 in
2208 3084 2366 3138 regno
2415 3069 2683 3124 caelorum.
2716 3071 2786 3124 Et
2829 3075 3015 3138 cinxit,
3047 3075 3244 3144 inquit,
3283 3091 3401 3130 eum

1805 3155 2090 3208 secundum
2113 3156 2377 3225 facturam
2401 3159 2710 3215 humralis.
2754 3160 2872 3215 Jam
2897 3172 2951 3216 et
2978 3166 3228 3233 superius
3247 3167 3400 3222 dixe-

136 3245 388 3320 indicium.
437 3237 497 3322 Si
543 3237 670 3323 vero
702 3243 816 3336 iam
846 3267 987 3323 lotus
1021 3270 1186 3323 fueris
1219 3269 1285 3325 ab
1319 3271 1402 3326 his
1433 3278 1486 3325 et
1513 3271 1703 3341 puriﬁ-
1730 3237 1774 3299 Ο
1808 3253 1893 3298 ³³⁸
1942 3261 2070 3315 qum
2119 3249 2281 3301 6mm
2329 3265 2448 3303 eum
2496 3266 2629 3304 “ma
2672 3269 2830 3321 “per
2862 3255 3118 3321 tummm’
3149 3264 3206 3310 et
3239 3259 3400 3312 "mdo

135 3365 268 3411 catus
297 3375 390 3428 per
423 3359 601 3432 legem
633 3361 764 3427 Dei,
809 3362 995 3416 induet
1036 3371 1088 3426 te
1129 3361 1340 3434 Moyses
1384 3363 1702 3418 iudmneuto

137 3446 568 3522 incorruptionis,
606 3453 679 3506 ita
720 3464 776 3508 ut
817 3471 1080 3523 nusquam
1122 3463 1382 3525 appareat
1425 3455 1700 3525 turpitudo

137 3547 215 3602 tua
239 3580 252 3606 ,
285 3550 334 3594 et
372 3553 428 3597 ut
473 3543 840 3599 absorbeatur
886 3546 1114 3612 mortale
1156 3547 1261 3600 hoc
1287 3562 1316 3600 a
1344 3546 1476 3600 vita.
1513 3546 1702 3599 Videa—

138 3646 244 3684 mus
272 3647 394 3704 ergo
424 3637 570 3708 quali
603 3638 794 3692 ordine
824 3638 1064 3707 pontifex
1097 3639 1463 3692 constituitur.
1499 3639 1704 3692 Convoo

138 3724 289 3790 cavit,
336 3727 546 3797 inquit,
580 3729 789 3800 Moyses
831 3748 1162 3802 synagogam
1185 3772 1197 3796 ,
1232 3739 1285 3786 et
1315 3733 1446 3801 dicit
1481 3731 1544 3786 ad
1568 3748 1699 3787 eos:

138 3811 230 3868 lloc
254 3825 328 3871 est
360 3820 590 3886 vcrbum
625 3823 765 3889 quod
794 3825 1051 3892 priet-epit
1080 3823 1361 3894 Dominus.
1395 3822 1546 3878 Licet
1574 3840 1703 3894 ergo

141 3903 363 3966 Dominus
399 3912 469 3964 de
511 3912 890 3978 constituemlo
937 3893 1192 3982 pontili’ce
1234 3917 1618 3986 praecepisset,
1650 3925 1704 3971 et

142 3992 365 4053 Dominus
398 3999 692 4068 elegisset,
727 4009 911 4072 tamen
943 4011 1276 4058 convocatur
1319 4013 1372 4057 ct
1411 4022 1702 4076 synagoga.

143 4082 425 4157 Requiritur
472 4091 623 4145 enim
669 4092 722 4162 in
770 4095 1070 4149 ordinando
1119 4097 1432 4162 sacerdote,
1477 4107 1533 4152 et
1577 4115 1707 4167 pra:-

146 4184 284 4237 scntia
314 4185 494 4260 populi
523 4227 538 4251 ,
576 4196 632 4250 ut
663 4187 838 4242 sciant
866 4205 1055 4244 omnes
1086 4198 1140 4244 et
1169 4191 1303 4243 certi
1334 4191 1442 4244 sint
1463 4191 1586 4260 quia
1614 4193 1705 4261 qui

146 4279 450 4337 praestantior
491 4287 578 4333 est
617 4296 678 4350 es
723 4282 870 4334 onmi
910 4281 1145 4351 populo,
1189 4282 1279 4351 qui
1329 4282 1560 4348 doctior,
1611 4283 1702 4353 qui

148 4371 373 4434 sanctior,
407 4372 500 4440 qui
533 4372 681 4428 omni
717 4373 919 4428 virtute
948 4374 1296 4436 eminentior,
1333 4374 1419 4427 ille
1452 4374 1705 4443 deligitur

148 4459 197 4510 ad
223 4464 600 4516 sacerdotium.
648 4463 804 4516 Lavit
846 4482 976 4536 ergo
1017 4481 1139 4520 eunt
1164 4507 1176 4530 ,
1223 4476 1277 4520 et
1319 4465 1528 4530 induit;
1558 4463 1700 4533 quali

149 4548 459 4611 indumento?
493 4557 728 4620 Tunica,
767 4558 938 4628 inquit
958 4601 971 4622 ,
1003 4570 1049 4612 et
1079 4560 1350 4629 prrrcinxit
1379 4576 1496 4612 eum
1543 4575 1697 4610 zona.
1727 4599 1782 4660 Β

150 4638 191 4660 [‘r
237 4644 262 4660 ι.
521 4646 558 4660 ιι
632 4649 659 4660 ν·
702 4649 731 4660 .,
1037 4648 1048 4658 ο
1220 4659 1223 4660 ,
1271 4647 1282 4660 ι
1589 4647 1600 4660 ι
1687 4655 1696 4660 -

150 4638 196 4692 Et
235 4644 459 4701 iterum:
521 4646 732 4701 l’estieit
775 4666 890 4701 eum
936 4648 1166 4702 (urticam
1209 4647 1468 4712 talarem,
1519 4647 1602 4700 vel
1645 4655 1704 4699 ut

148 4729 246 4785 alibi
281 4735 533 4808 legimus,
583 4738 902 4793 interierunt.
947 4740 1166 4794 Duabus
1198 4740 1354 4792 video
1387 4739 1581 4792 tunicis
1608 4755 1705 4807 per

152 4819 332 4892 Moysen
378 4831 636 4884 indutum
682 4831 1016 4899 pontiﬁcem.
1073 4831 1178 4886 Sed
1231 4831 1359 4900 quid
1412 4831 1702 4894 inciuilius,

150 4916 264 4977 quod
291 4916 438 4975 Iesus
470 4921 789 4975 sacerdotes
819 4940 964 4984 suos,
998 4923 1050 4977 id
1079 4935 1160 4976 est
1190 4920 1461 4990 apostolos
1492 4930 1709 4974 nostros

149 5006 382 5078 lll'Oliiliuit
406 5013 479 5066 uti
506 5013 720 5066 duabus
746 5013 975 5066 tunicis?
996 5021 1049 5065 et
1071 5015 1380 5066 dixeramus
1403 5014 1545 5081 quod
1571 5011 1709 5082 Moy-

151 5105 218 5158 508
236 5107 282 5150 et
300 5096 477 5168 Jesus,
505 5105 561 5160 id
585 5113 668 5158 cst
693 5107 773 5158 lex
796 5113 850 5157 et
870 5105 1155 5174 Evangelia
1188 5107 1288 5159 sibi
1322 5107 1551 5160 invicem
1579 5121 1704 5158 con-

153 5196 409 5248 sonarent?
440 5196 635 5251 Posset
679 5196 908 5251 fortasse
949 5198 1130 5251 dicere
1171 5198 1339 5260 alius,
1385 5199 1519 5263 Quia
1560 5199 1701 5268 quod

151 5285 373 5353 praecepit
409 5287 574 5343 Jesus
601 5290 734 5346 duas
767 5289 976 5343 tunicas
1008 5303 1114 5342 non
1146 5287 1423 5341 habendas
1444 5327 1456 5351 ,
1488 5303 1592 5340 non
1622 5296 1706 5352 est

154 5378 446 5432 contrarium
489 5380 629 5450 legi,
665 5381 758 5436 sed
799 5380 1096 5450 perfectius
1137 5380 1295 5451 lege;
1328 5379 1469 5434 sicut
1499 5387 1552 5430 et
1581 5394 1702 5445 cum

153 5457 220 5524 18!.
240 5467 576 5528 homicidium
601 5483 771 5540 vetat,
790 5473 946 5529 Jesus
971 5484 1150 5528 autem
1173 5474 1339 5526 etiam
1367 5471 1703 5525 iracundiam

155 5566 365 5629 l'esecat;
417 5575 472 5620 et
519 5584 643 5634 cum
692 5567 781 5621 lex
830 5567 1083 5638 prohibet
1133 5558 1705 5628 adulterium,‘Jesus

153 5644 290 5704 etiam
315 5657 806 5726 concupiscentiam
828 5656 1009 5712 cordis
1037 5655 1321 5710 abscindat
1349 5672 1359 5707 :
1395 5669 1493 5733 ego
1520 5659 1704 5704 tamen

155 5746 244 5796 ηοω
267 5740 396 5800 intra
427 5744 586 5814 hujus
610 5747 974 5820 intelligentia:
997 5747 1333 5818 angustiam,
1368 5740 1703 5815 pontiﬁcalia

155 5839 462 5894 Sacramenta
491 5848 787 5909 concludo,
821 5841 1052 5912 amplius
1085 5841 1214 5895 mihi
1261 5838 1466 5908 aliquid
1497 5851 1563 5892 ex
1596 5837 1703 5890 ista

1801 3341 1994 3396 iterum
2021 3343 2258 3414 cingitur
2283 3346 2578 3401 secundum
2604 3346 2868 3403 facturam
2894 3350 3210 3405 humeralis.
3241 3351 3397 3418 Quod

1800 3441 1884 3486 est
1897 3433 2039 3487 istud
2052 3434 2248 3502 duplex
2263 3437 2558 3507 cingulum,
2575 3452 2682 3506 quo
2698 3440 3054 3494 constrictum
3069 3441 3186 3494 vult
3197 3457 3317 3496 esse
3329 3457 3399 3497 ex

1800 3529 1946 3582 omni
1975 3540 2130 3599 parte
2148 3531 2494 3599 pontiﬁcem?
2513 3533 2856 3588 Constrictus
2883 3534 2953 3587 sit
2975 3535 3029 3588 in
3051 3537 3238 3600 verbo,
3263 3552 3399 3590 con—

1802 3622 2024 3676 strictus
2043 3623 2094 3677 in
2111 3639 2295 3692 opere,
2313 3626 2596 3692 expeditus
2618 3623 2685 3678 ad
2707 3626 2909 3688 omnia,
2933 3626 3067 3679 nihil
3084 3627 3391 3692 remissum,

1803 3714 1936 3766 nihil
1954 3715 2151 3768 habent
2165 3716 2506 3779 dissolutum,
2524 3719 2799 3770 accinctus
2821 3720 2890 3770 sit
2904 3719 3071 3771 animi
3085 3720 3396 3786 virtutibus,

1803 3807 2130 3861 constrictus
2158 3808 2278 3861 sita
2302 3808 2673 3877 corporalibus
2694 3809 2857 3872 vitiis,
2876 3811 3080 3863 nullum
3109 3812 3399 3865 animaela-

1802 3899 2192 3968 psum,nullum
2214 3900 2458 3968 corporis
2473 3901 2660 3954 timeat
2684 3917 2696 3953 :
2717 3910 2944 3970 utroque
2962 3901 3175 3973 cingulo
3190 3915 3402 3971 semper

1807 3999 1992 4043 utatur
2017 4000 2075 4044 ut
2101 3991 2172 4045 sit
2194 4001 2416 4046 sanctus
2439 4008 2664 4061 corpore
2685 4003 2740 4047 et
2759 3994 2972 4062 spiritu.
3007 3993 3077 4047 Et
3103 4003 3217 4063 post
3265 3993 3394 4058 Ita'c,
3421 3983 3432 3994 ’

1806 4081 2002 4150 inquit,
2020 4083 2262 4152 imposuit
2287 4100 2444 4153 super
2467 4100 2584 4136 eum
2605 4083 2798 4155 logium
2825 4084 2990 4155 (quod
3008 4093 3092 4139 est
3113 4082 3396 4150 rationale,

1806 4180 1862 4226 et
1888 4174 2144 4241 imposuit
2167 4187 2329 4243 super
2359 4175 2605 4246 legium),
2637 4176 3110 4244 manifestationem
3133 4185 3181 4228 et
3209 4175 3400 4228 verita-

1807 4246 1930 4331 teni,
1959 4275 2007 4318 et
2037 4267 2280 4336 imposuit
2311 4269 2520 4320 mitram
2553 4283 2710 4336 super
2737 4278 2890 4337 caput
2917 4268 3051 4337 ejus.
3085 4267 3190 4321 Sed
3216 4267 3403 4320 vidca-

1805 4374 1927 4413 mus
1953 4360 2078 4428 quid
2109 4360 2328 4429 logium,
2361 4361 2504 4428 quod
2527 4368 2611 4414 est
2640 4360 2924 4422 rationale,
2953 4359 3253 4426 signiﬁcet;
3289 4372 3395 4411 non

1805 4450 1950 4504 enim
2004 4450 2204 4505 sufﬁcit
2256 4451 2497 4520 pontiﬁci
2526 4451 2725 4503 habere
2783 4450 3104 4518 sapientiam
3127 4487 3140 4510 ,
3171 4454 3225 4498 et
3257 4448 3399 4499 scire

1806 4543 2048 4596 omnium
2084 4544 2375 4606 rationem,
2400 4541 2501 4595 nisi
2533 4542 2703 4609 possit
2727 4541 2892 4592 etiam
2940 4536 3138 4605 populo
3167 4536 3398 4590 manife-

1808 4642 1954 4687 stare
1991 4648 2112 4702 quze
2153 4635 2324 4686 novit.
2373 4634 2499 4686 ideo
2548 4647 2677 4700 ergo
2719 4630 3016 4698 imponitur
3045 4628 3295 4682 rationali
3344 4637 3399 4683 et

1807 4724 2177 4779 manilestatio
2225 4733 2284 4776 ut
2311 4725 2482 4792 possit
2513 4721 2840 4790 respondere
2888 4720 3034 4774 omni
3064 4720 3308 4790 poscenti
3340 4733 3400 4774 se

1811 4817 2078 4870 rationem
2122 4815 2188 4867 de
2219 4814 2322 4868 ﬁde
2358 4823 2413 4868 et
2462 4815 2712 4866 veritate.
2762 4811 2988 4864 Ponitur
3026 4820 3202 4864 autem
3240 4825 3401 4878 super

1811 4907 1941 4959 illud
1963 4915 2017 4959 et
2046 4906 2276 4968 veritas;
2309 4911 2496 4957 utnon
2523 4903 2608 4955 illa
2631 4909 2838 4955 astruat
2861 4917 2978 4970 quze
3002 4902 3219 4971 proprio
3241 4913 3399 4953 exco-

1813 4999 1986 5069 gitare
2014 4997 2448 5068 quivitingenio,
2486 4995 2580 5049 sed
2625 5009 2744 5063 quae
2798 4995 2997 5048 veritas
3055 4993 3232 5045 habet.
3293 4989 3400 5056 Sed

1812 5091 2050 5143 nondum
2077 5089 2273 5151 ﬁnivit,
2298 5097 2353 5140 et
2381 5086 2518 5140 alius
2541 5085 2716 5139 adhuc
2738 5086 3013 5140 addendos
3040 5091 3264 5137 ornatus
3293 5088 3396 5134 est.

1812 5181 2044 5237 Necesse
2086 5191 2170 5235 est
2222 5190 2279 5233 ut
2328 5179 2557 5247 accipiat
2584 5180 2745 5231 etiam
2795 5189 3082 5238 coronam,
3113 5183 3399 5243 propterea

1813 5273 2012 5340 accipit
2055 5272 2230 5339 primo
2277 5270 2540 5340 cydarim,
2586 5267 2730 5338 quod
2763 5276 2845 5322 est
2875 5268 2958 5322 vel
2998 5266 3399 5334 operimentum

1812 5363 2084 5433 quoddam
2123 5361 2336 5430 capitis,
2359 5360 2443 5414 vel
2473 5367 2874 5424 ornamentum,
2901 5365 2958 5412 et
2978 5363 3106 5425 post
3143 5356 3258 5407 haec
3310 5361 3402 5400 su-

1810 5457 2129 5529 perponitur
2155 5454 2206 5508 ei
2237 5455 2398 5508 mitra
2438 5463 2563 5507 ante
2600 5452 2815 5516 faciem,
2867 5449 2924 5502 id
2974 5453 3078 5508 est,
3135 5457 3163 5494 a
3221 5439 3400 5529 fronte

1810 5527 2102 5623 pontiﬁcis,
2131 5547 2330 5601 lamina
2355 5561 2519 5600 aurea
2541 5542 2900 5604 sanctificata,
2922 5538 3103 5603 inqua
3130 5527 3399 5596 scalptum

1812 5637 2011 5698 dicitur
2048 5639 2363 5694 vocabulum
2397 5638 2510 5691 Dei.
2540 5637 2742 5692 Verum
2783 5633 2886 5684 iste
2913 5625 3105 5693 capitis
3132 5625 3393 5684 ornatus,

1805 5733 1902 5788 ubi
1947 5743 2143 5786 nomen
2194 5730 2290 5784 Dei
2339 5729 2650 5798 impositum
2679 5723 2897 5781 dicitur,
2927 5721 3051 5784 post
3095 5712 3183 5766 illa
3213 5709 3402 5766 ournia

1801 5825 2011 5901 quibus
2035 5821 2291 5879 ulteriora
2311 5819 2560 5890 corporis
2589 5811 2829 5872 membra
2855 5807 3073 5863 fuerant
3103 5810 3392 5877 exornata,
