3940 6352
521 372 629 436 π»

1204 371 1270 428 Β.
1311 368 1568 429 RABANI
1603 367 1828 428 IAURI
1860 364 2091 426 sum

2222 364 2533 424 ΙωυΝΤ.
2570 362 2859 425 ορειιυκ
2889 364 3073 424 PARS
3100 364 3149 422 Ι.

526 486 909 560 superponitur
946 500 961 539 :
992 483 1051 541 in
1083 497 1194 556 quo
1237 484 1373 539 mihi
1417 484 1657 540 indicare
1698 481 1911 539 videtur
1954 481 2099 552 quod
2122 486 2177 549 Α
2197 478 2257 535 in
2283 479 2478 550 capite,
2505 479 2648 536 unde
2671 488 2725 534 et
2753 478 2949 536 Paulus
2973 478 3104 536 dicit
3134 494 3149 533 :
3176 474 3325 534 State
3350 476 3625 548 precision
3650 482 3805 540 tua...

525 599 687 654 super
708 580 891 637 omnia
915 594 1035 651 qua:
1059 576 1146 633 vel
1172 577 1239 633 de
1264 577 1485 644 mundo,
1514 577 1600 632 vel
1623 576 1691 632 de
1710 576 1923 633 caeteris
1949 590 2099 631 erea-

525 676 664 731 turis
692 673 883 731 sentiri
903 678 995 728 aut
1043 669 1272 743 intelligi
1326 677 1572 742 possunt,
1603 669 1933 725 eminentior
1977 674 2100 723 tan-

524 784 690 840 quam
709 764 948 822 auctoris
972 762 1213 819 omnium
1238 761 1465 818 scientia
1491 761 1589 816 Dei
1618 761 1709 829 sit,
1731 769 1788 816 et
1813 760 1939 832 quia
1984 758 2099 830 ipse

526 869 689 932 caput
716 866 802 915 est
837 855 1078 913 omnium
1111 854 1235 911 ideo
1262 861 1317 910 et
1344 862 1568 910 ornatus
1600 853 1703 908 iste
1729 865 1893 922 super
1917 850 2097 905 omnia

525 951 688 1022 capiti
712 947 1092 1019 superponitur
1129 964 1144 999 :
1180 943 1317 1001 nihil
1340 944 1486 1000 enim
1526 951 1651 1014 post
1693 944 1809 999 haec
1832 941 2101 997 addicitur

523 1038 797 1112 pontificis
820 1038 1004 1109 capiti.
1040 1033 1183 1092 Tulit
1220 1043 1269 1091 et
1311 1036 1484 1089 oleum
1521 1032 1780 1088 unctionis
1806 1048 1908 1104 quo
1932 1028 2098 1084 linivit

524 1130 918 1188 tabernaculum
948 1143 1066 1183 cum
1087 1125 1229 1181 omni
1246 1123 1561 1198 supellectile
1579 1140 1697 1178 sua.
1722 1120 1952 1192 Cumque
1978 1137 2100 1174 san-

523 1224 764 1294 ctiﬁcans
793 1220 1094 1292 aperuisset
1124 1216 1293 1271 altare
1312 1225 1503 1287 septem
1527 1215 1749 1279 vicibus,
1776 1212 1926 1267 unxit
1964 1208 2100 1265 illud

522 1320 579 1368 et
618 1312 792 1366 omnia
837 1296 961 1364 vasa
999 1306 1112 1378 ejus
1158 1305 1363 1359 labrum
1416 1320 1618 1375 quoque
1678 1318 1798 1357 cum
1843 1300 1955 1355 basi
2000 1314 2099 1354 sua

522 1402 866 1473 sanctiﬁcavit
888 1400 1019 1455 oleo.
1066 1397 1185 1470 (Ea:
1236 1391 1550 1467 Hesychia.)
1596 1393 1716 1465 Ipse
1769 1399 1889 1447 erat
1928 1388 2099 1444 Filius

522 1495 616 1551 Dei
664 1494 757 1565 qui
808 1492 1043 1564 ungebat
1064 1504 1177 1555 eos,
1216 1488 1332 1558 ipse
1374 1487 1468 1560 qui
1519 1486 1841 1558 ungebatur,
1889 1496 2098 1551 ungens

523 1587 690 1643 verbo
702 1583 1020 1649 divinitatis,
1036 1581 1330 1639 secundum
1345 1595 1509 1653 quam
1523 1578 1573 1635 ei
1595 1576 1777 1633 omnia
1789 1575 2098 1632 communia

519 1694 646 1733 cum
693 1678 854 1732 Patre
884 1684 941 1732 et
960 1674 1167 1745 Spiritu
1196 1681 1337 1737 sunt,
1363 1687 1393 1727 a
1422 1687 1529 1743 quo
1554 1670 1683 1740 ungi
1716 1669 1932 1725 dicitur.
1962 1667 2097 1722 Nam

520 1769 691 1823 David
736 1766 956 1821 Patrem
1001 1771 1293 1836 ungentem
1336 1761 1472 1817 dixit
1514 1777 1639 1816 cum
1667 1759 1781 1814 ait:
1812 1756 2098 1829 Propterea

2196 568 2286 624 bos
2312 578 2505 623 vestros
2524 570 2581 623 in
2600 569 2814 623 veritate
2836 567 3052 641 (Ephes.
3076 568 3176 640 vt),
3201 567 3408 625 veritas
3427 578 3614 625 autem
3631 571 3803 631 Clu-i—

2194 670 2331 728 stus,
2356 670 2405 716 et
2433 662 2603 717 induti
2636 660 2855 717 loricam
2873 663 3118 733 iustitiae,
3143 662 3258 734 ipse
3277 672 3459 719 autem
3487 665 3660 722 etiam
3692 669 3801 727 hoc

2193 756 2285 827 qui
2302 753 2476 811 factus
2494 761 2579 810 est
2605 755 2761 812 nobis
2792 771 2826 811 a
2848 755 2961 811 Deo
2982 756 3245 827 sapientia
3264 765 3320 813 et
3341 757 3596 829 justitia;
3623 763 3725 817 sed
3749 772 3801 819 et

2194 845 2345 920 galea
2383 864 2476 902 nos
2523 847 2710 903 salutis
2761 846 2961 905 Paulus
3016 847 3167 904 indui
3206 851 3484 921 praecepit,
3538 852 3799 913 Christus

2195 942 2342 997 enim
2384 942 2622 998 salutare
2670 951 2771 999 est.
2806 941 2962 999 Sicut
2994 942 3217 999 Simeon
3267 945 3603 1003 testiﬁcatus
3653 956 3791 1005 est:

2200 1032 2358 1088 Nunc
2385 1034 2607 1089 dimittis
2630 1051 2837 1090 servum
2861 1044 3030 1101 mum,
3069 1035 3316 1104 Domine,
3347 1039 3649 1094 secundum
3678 1059 3793 1096 ver-

2198 1127 2320 1179 bum
2350 1135 2519 1194 tuum,
2546 1127 2601 1181 in
2624 1143 2775 1198 pace,
2804 1128 2929 1199 quia
2954 1128 3195 1183 viderunt
3237 1128 3378 1183 oculi
3406 1132 3510 1185 mei
3550 1132 3793 1189 salutare

2195 1226 2341 1272 tuum
2380 1218 2532 1291 (Luc.
2561 1219 2646 1291 ιι).
2691 1217 3008 1291 Quicunque
3034 1221 3181 1276 enim
3221 1220 3500 1279 Christum
3531 1225 3791 1292 induunt,

2195 1326 2293 1382 per
2312 1328 2435 1368 eum
2458 1320 2513 1368 et
2545 1312 2764 1369 Patrem
2807 1314 3057 1369 induunt.
3081 1313 3191 1388 (Ea:
3225 1312 3496 1389 Origene.)
3554 1319 3628 1375 Et
3672 1321 3793 1377 ideo

2197 1400 2254 1455 in
2282 1400 2370 1457 his
2394 1418 2515 1473 quae
2540 1401 2627 1459 lex
2658 1402 2840 1460 divina
2860 1402 3140 1471 describit,
3172 1405 3340 1463 veluti
3361 1409 3418 1463 in
3444 1411 3675 1481 speculo
3714 1413 3791 1469 in-

2196 1489 2405 1559 spicere
2427 1507 2485 1548 se
2507 1492 2665 1548 debet
2694 1495 3068 1567 unusquisque
3098 1498 3465 1566 sacerdotum,
3502 1509 3564 1555 et
3591 1504 3790 1574 gradus

2197 1578 2377 1633 meriti
2397 1580 2489 1635 sui
2513 1580 2639 1636 inde
2668 1582 2941 1654 colligere,
2971 1584 3018 1640 si
3047 1600 3105 1641 se
3126 1586 3308 1642 videat
3326 1587 3382 1642 in
3405 1588 3492 1644 his
3532 1591 3788 1649 omnibus

2198 1685 2317 1741 qua:
2354 1686 2517 1743 supra
2554 1675 2900 1743 exposuimus
2924 1677 3162 1746 positum
3190 1678 3601 1748 pontiﬁcalibus
3626 1698 3786 1739 orna-

2198 1764 2412 1828 mentis,
2446 1764 2493 1820 si
2515 1766 2763 1822 eonscius
2794 1766 2897 1821 sibi
2940 1768 3011 1822 sit
3038 1769 3182 1838 quod
3212 1770 3298 1824 vel
3328 1770 3382 1825 in
3414 1771 3650 1827 scientia
3669 1815 3685 1839 ,
3706 1775 3785 1830 vel

522 1861 669 1914 unxit
694 1868 743 1913 te
765 1858 908 1912 Deus
952 1856 1092 1911 Deus
1142 1866 1264 1909 tuus
1303 1851 1473 1925 (Psal.
1500 1852 1669 1924 κων).
1700 1850 1869 1906 Isaias
1918 1857 2097 1904 autem
2124 1852 2173 1914 B
2200 1852 2257 1907 in
2294 1854 2523 1922 actibus,
2550 1856 2636 1911 vel
2666 1856 2721 1911 in
2750 1857 3015 1925 doctrina,
3047 1866 3228 1914 tantus
3252 1874 3316 1914 ae
3348 1859 3473 1915 talis
3510 1862 3610 1929 sit,
3654 1864 3786 1919 sciat

521 1947 831 2003 unctionem
854 1945 975 2001 Filii
1009 1947 1077 2001 ad
1102 1945 1365 2016 Spiritum
1393 1944 1578 1999 retulit
1606 1943 1792 1999 dicens
1820 1961 1833 1996 :
1868 1941 2097 2013 Spiritus

518 2039 733 2094 Domini
762 2054 917 2109 super
941 2053 1045 2104 me,
1086 2053 1146 2092 eo
1170 2036 1310 2108 quod
1341 2038 1491 2090 unxit
1518 2052 1598 2090 me
1629 2034 1764 2106 (Isa.
1797 2032 1930 2104 ut).
1968 2032 2099 2100 Qua:

520 2140 701 2187 autem
724 2131 885 2186 Pater
907 2137 963 2185 et
992 2129 1226 2200 Spiritus
1247 2129 1363 2183 haec
1401 2127 1591 2183 eadem
1618 2135 1673 2182 et
1713 2126 1883 2181 Filius
1920 2124 2092 2179 facit:

515 2237 647 2294 ergo
674 2222 884 2277 ratione
904 2221 1204 2277 divinitatis
1229 2220 1343 2291 ipse
1373 2228 1455 2275 est
1483 2219 1834 2288 semetipsum
1868 2230 2093 2289 ungens,

513 2322 573 2369 et
613 2314 727 2385 ipse
765 2322 850 2369 est
885 2313 979 2383 qui
1016 2314 1237 2385 ungitur
1271 2311 1686 2382 dispensationis
1739 2311 2092 2366 humanitate.

517 2401 781 2459 Similiter
806 2402 964 2458 oll‘ert
987 2412 1042 2459 et
1057 2403 1282 2459 oﬂ‘ertur
1309 2418 1324 2457 :
1366 2404 1507 2458 unde
1540 2412 1597 2458 et
1622 2401 1809 2457 Daniel
1856 2400 2097 2456 oblatum

515 2494 668 2549 illum
693 2495 910 2563 quidem
937 2494 1084 2548 videt
1113 2492 1274 2565 (Dan.
1304 2492 1426 2566 vn),
1457 2509 1565 2549 non
1613 2491 1747 2547 vidit
1773 2500 1953 2546 autem
2002 2490 2095 2561 qui

516 2599 642 2640 eum
677 2584 893 2652 obtulit,
925 2585 1050 2655 quia
1079 2584 1196 2654 ipse
1231 2592 1350 2640 erat
1382 2584 1475 2654 qui
1514 2584 1861 2656 semetipsum
1905 2581 2094 2638 offere-

513 2674 629 2730 bat.
650 2674 793 2747 Ergo
812 2683 871 2730 ut
891 2675 1127 2731 salvetur
1149 2677 1443 2747 ﬁgurarum
1464 2676 1687 2742 veritas,
1704 2675 1857 2747 ungit
1876 2674 2095 2744 quidem

517 2773 574 2821 et
603 2766 761 2822 otfert
782 2767 1011 2838 Moyses,
1049 2767 1341 2840 imaginem
1384 2776 1441 2823 et
1486 2768 1601 2840 ipse
1628 2767 1830 2823 Christi
1879 2781 2089 2837 gerens.

513 2859 768 2931 Aspergit
811 2875 940 2933 ergo
985 2861 1194 2932 Moyses
1243 2860 1443 2927 altare,
1510 2875 1709 2932 corpus
1756 2858 2095 2914 Dominicum

512 2955 781 3021 videlicet,
810 2955 1029 3026 septies,
1054 2954 1181 3025 quia
1209 2952 1423 3009 Domini
1454 2952 1639 3009 unctio
1668 2960 1780 3007 tota
1811 2960 1894 3008 est
1921 2950 2094 3023 Spiri-

517 3054 603 3103 tus
629 3047 924 3119 plenitudo,
953 3048 1045 3118 qui
1074 3049 1129 3102 in
1157 3055 1364 3118 septem
1385 3046 1794 3118 operationibus
1836 3045 2089 3117 designa-

515 3145 625 3203 tur,
658 3138 1111 3207 quemadmodum
1136 3138 1302 3194 lsaias
1333 3139 1488 3194 dixit.

588 3224 751 3297 Ungit
779 3234 956 3281 autem
982 3234 1037 3281 et
1075 3227 1256 3281 omnia
1292 3242 1422 3283 vasa
1466 3227 1584 3298 ejus
1614 3246 1626 3281 :
1665 3235 1777 3282 tam
1820 3225 2091 3297 apostolos

515 3331 679 3387 quam
714 3332 808 3372 eos
853 3318 946 3388 qui
974 3317 1054 3373 eis
1080 3318 1135 3372 in
1164 3326 1370 3373 tantum
1396 3318 1647 3375 similiter
1676 3321 1884 3386 vivunt,
1911 3329 1972 3376 ut
1997 3321 2092 3376 do-

519 3422 639 3463 mus
655 3408 856 3464 Christi
880 3418 936 3465 et
960 3425 1089 3465 vasa
1110 3418 1255 3466 recte
1268 3412 1632 3467 nominentur.
1653 3412 1905 3469 Fundens
1930 3430 2093 3484 super

517 3506 681 3571 caput
704 3499 886 3555 Aaron
932 3501 1088 3556 unxit
1113 3517 1258 3567 eum,
1290 3510 1347 3557 et
1383 3504 1720 3558 consecravit
1745 3519 1861 3560 srve
1889 3506 2093 3560 sancti-

516 3590 720 3645 ﬁeavit.
751 3590 821 3645 Et
847 3590 893 3645 si
919 3590 1120 3646 Christi
1143 3599 1323 3662 caput,
1354 3593 1650 3648 secundum
1670 3593 1822 3648 Pauli
1844 3596 2090 3664 verbum,

516 3680 771 3737 divinitas
816 3682 1149 3755 intelligitur,
1179 3699 1287 3739 non
1334 3684 1536 3740 frustra
1585 3692 1765 3740 tamen
1793 3703 1893 3742 nec
1936 3697 2091 3744 extra

510 3776 755 3832 ordinem
788 3776 846 3831 in
874 3779 979 3834 hoc
1004 3779 1265 3851 mysterio
1291 3780 1587 3835 sacerdotis
1604 3781 1731 3852 ungi
1759 3799 1902 3838 nunc
1930 3792 2093 3853 caput

507 3866 783 3940 legislator
808 3870 1047 3942 scripsit,
1071 3880 1133 3926 ut
1149 3886 1538 3942 cognoscamus
1558 3872 1813 3943 quoniam
1836 3874 2092 3942 quemad—

464 3966 473 3974 '
509 3962 729 4016 modum
758 3970 919 4034 caput
942 3980 975 4018 a
1000 3964 1227 4034 pedibus
1253 3964 1420 4022 dividi
1448 3981 1559 4022 non
1586 3974 1783 4038 potest,
1816 3966 1895 4023 sie
1915 3981 2091 4037 neque

511 4054 712 4110 Christi
746 4056 1001 4112 divinitas
1026 4067 1148 4128 post
1174 4060 1473 4116 unitionem
1501 4060 1570 4116 ab
1593 4062 1928 4118 humanitate
1955 4062 2092 4118 divi-

511 4142 687 4207 ditur;
719 4144 812 4198 sed
838 4146 951 4200 sive
972 4147 1099 4217 ungi
1125 4148 1357 4217 dicatur,
1387 4152 1501 4206 sive
1526 4154 1796 4223 generari,
1815 4154 1928 4209 sive
1952 4154 2087 4224 pati,

509 4233 623 4287 sive
661 4248 900 4305 surgere,
955 4235 1068 4289 sive
1098 4238 1300 4292 assumi
1348 4241 1565 4307 dicitur,
1604 4242 1707 4297 hoc
1745 4243 2088 4299 inearnatum

510 4325 746 4381 Verbum
778 4343 883 4382 non
911 4327 1211 4386 dividentes
1234 4370 1250 4398 ,
1290 4340 1346 4387 et
1370 4334 1611 4391 dicentes
1659 4336 1936 4412 hominem
1964 4338 2086 4409 qui-

508 4418 632 4473 dem
659 4427 907 4486 unctum,
932 4419 1103 4476 Deum
1144 4430 1325 4478 autem
1360 4440 1469 4480 non
1504 4435 1744 4492 unctum,
1777 4429 1874 4483 sed
1916 4429 2087 4485 Deum

506 4508 753 4563 eumdem
791 4508 950 4565 simul
971 4518 1026 4565 et
1055 4511 1346 4567 hominem.
1378 4512 1492 4570 Hoc
1523 4515 1666 4570 enim
1691 4525 1746 4571 et
1776 4517 1946 4574 David
1970 4520 2087 4576 sine

507 4598 687 4667 aliqua
706 4600 978 4657 dubietate
997 4604 1261 4674 approbat
1284 4619 1406 4659 cum
1419 4606 1551 4661 dicit
1578 4624 1591 4660 :
1610 4606 1771 4663 Sedes
1784 4617 1897 4675 tua,
1918 4609 2082 4678 Deus,

504 4690 561 4743 in
593 4690 843 4746 smculum
864 4695 1064 4763 seaculi,
1098 4699 1243 4769 virga
1269 4709 1406 4753 recta
1426 4709 1523 4768 est,
1548 4702 1689 4773 virga
1713 4706 1856 4774 regni
1884 4708 1984 4771 tui,
2008 4707 2087 4760 di-

504 4778 678 4834 lexisti
696 4782 974 4852 iustitiam,
996 4796 1044 4840 et
1079 4789 1234 4845 odisti
1256 4791 1607 4863 iniquitatem,
1629 4804 1903 4865 propterea
1933 4798 2082 4851 unxit

505 4878 554 4923 te
589 4870 749 4939 Deus,
772 4873 913 4929 Deus
952 4884 1072 4933 tuus
1118 4879 1289 4951 (Psal.
1336 4885 1502 4957 μιν).
1548 4884 1737 4941 Cernis
1763 4887 1933 4943 Deum
1978 4888 2084 4944 dici

508 4959 601 5029 qui
629 4970 821 5017 unctus
847 4965 964 5019 est?
986 4965 1121 5033 Quia
1144 4972 1327 5047 omnia
1362 4973 1544 5027 carnis
1584 4988 1694 5028 suae
1738 4976 2082 5033 manifestum

505 5056 591 5105 est
610 5053 754 5120 quod
773 5053 1090 5126 sibimetipsi
1110 5059 1201 5128 qui
1225 5060 1537 5119 incarnatus
1562 5072 1646 5119 est
1672 5065 1927 5119 vindicat.
1952 5066 2081 5133 Quae

505 5142 650 5196 enim
670 5153 725 5197 et
750 5145 865 5215 ejus
891 5154 1006 5201 erat
1030 5151 1234 5217 unctio,
1280 5153 1381 5208 nisi
1412 5156 1633 5210 omnino
1686 5156 1800 5227 ipsa
1831 5156 2081 5213 incarna-

507 5230 619 5286 tio?
670 5231 978 5290 Secundum
1032 5237 1177 5293 hunc
1224 5243 1467 5310 modum,
1511 5254 1674 5315 caput
1728 5245 2082 5319 intelligibilis

505 5321 805 5377 sacerdotis
831 5325 1133 5395 ungebatur
1165 5335 1221 5383 et
1255 5328 1370 5399 ipse
1404 5334 1858 5393 sanetilicabatur.

573 5411 744 5468 Filios
772 5431 974 5487 quoque
1011 5417 1126 5488 ejus
1147 5418 1346 5475 oblatos
1377 5425 1571 5479 vestivit
1606 5428 1796 5481 tunicis
1835 5430 2007 5497 lineis,
2029 5439 2080 5486 et

504 5505 666 5560 cinxit
702 5506 891 5573 balteo,
924 5508 1270 5584 imposuitque
1305 5514 1521 5581 mitras,
1544 5526 1602 5571 ut
1621 5516 1856 5588 jusserat
1894 5520 2080 5578 Domi-

507 5611 624 5650 nus.
658 5596 875 5655 Tuniea:
901 5600 1027 5657 ﬁliis
1044 5601 1226 5658 Aaron
1249 5605 1455 5662 similes
1482 5606 1682 5677 Aaron,
1711 5618 1766 5666 et
1788 5627 1938 5669 zonae
1980 5629 2077 5671 seu

505 5689 666 5746 baltei
710 5696 930 5761 similes,
985 5705 1040 5753 et
1081 5699 1297 5770 cydarte
1345 5699 1462 5757 sive
1488 5702 1664 5759 mitra:
1705 5704 2076 5776 imponuntur.

500 5776 684 5861 ipsum
727 5786 873 5841 enim
900 5788 1150 5860 induunt,
1185 5790 1302 5863 ipso
1339 5800 1627 5864 coguntur,
1653 5793 1828 5867 ipsum
1858 5806 2082 5870 portant

2198 1958 2257 2001 se
2281 1960 2551 2001 summum
2573 1947 2952 2014 sacerdotium,
2982 1964 3091 2003 non
3117 1948 3291 2003 solum
3321 1952 3543 2007 nomine
3599 1955 3697 2010 sed
3732 1964 3783 2010 et

2195 2036 2409 2092 meritis
2439 2037 2702 2103 obtinere,
2750 2039 2984 2109 alioquin
3040 2039 3352 2097 inferiorem
3402 2044 3506 2098 sibi
3554 2047 3779 2117 gradum

2196 2130 2433 2201 positum
2476 2132 2718 2198 noverit,
2768 2132 2931 2187 etiam
2972 2133 3018 2187 si
3066 2133 3229 2203 primi
3259 2149 3457 2189 nomen
3491 2138 3778 2207 acceperit.

2195 2218 2313 2275 Non
2336 2234 2434 2276 nos
2460 2236 2592 2277 sane
2620 2220 2782 2276 debet
2806 2222 3086 2293 praeterire
3115 2224 3280 2278 etiam
3301 2224 3404 2280 hoc
3428 2227 3581 2295 quod
3606 2236 3781 2297 potest

2195 2310 2265 2364 ab
2292 2310 2533 2366 studioso
2554 2310 2754 2366 lectore
2788 2310 3042 2381 proferri,
3071 2312 3127 2367 in
3157 2328 3264 2383 quo
3292 2321 3345 2368 et
3364 2330 3468 2385 ego
3489 2330 3636 2386 saepe
3670 2333 3781 2373 me-

2196 2414 2320 2455 cum
2367 2400 2481 2471 ipse
2507 2401 2771 2457 haesitavi.
2812 2402 2871 2456 In
2912 2402 3101 2459 Exodo
3147 2404 3293 2460 enim
3342 2406 3529 2477 legens
3576 2409 3671 2463 ubi
3721 2409 3783 2463 de

2195 2493 2623 2548 sacerdotalibus
2671 2495 2963 2549 mandatur
3005 2495 3357 2563 indumentis,
3397 2497 3621 2553 invenio
3662 2507 3779 2553 octo

2195 2598 2314 2640 esse
2362 2585 2571 2654 species
2609 2602 2730 2657 quae
2776 2588 3020 2658 pontiﬁci
3061 2597 3456 2659 prmparantur.
3498 2589 3604 2645 Hic
3660 2607 3781 2647 vero

2195 2684 2403 2745 septem
2436 2678 2809 2731 tantummodo
2835 2685 3208 2733 numerantur.
3229 2678 3469 2750 Requiro
3499 2696 3633 2752 ergo
3660 2681 3779 2752 quid

2195 2767 2268 2822 sit
2304 2766 2447 2836 quod
2490 2767 2750 2822 omissum
2789 2776 2891 2823 est.
2945 2767 3146 2824 Octava
3182 2769 3390 2838 species
3435 2769 3513 2824 ibi
3566 2770 3781 2840 ponitur

2195 2866 2517 2927 campestre,
2572 2859 2703 2925 sive,
2738 2867 2799 2913 ut
2834 2858 2963 2914 alibi
3001 2858 3251 2930 legimus,
3302 2859 3587 2929 femoralia
3628 2859 3775 2923 linea,

2193 2951 2262 3007 de
2296 2966 2403 3021 quo
2434 2951 2521 3006 hic
2546 2951 2689 3005 inter
2717 2958 2911 3006 caetera
2942 2951 3093 3006 siluit
3123 2952 3457 3007 indumenta.
3483 2951 3629 3019 Quid
3653 2966 3775 3024 ergo

2194 3041 2474 3097 dicemus?
2493 3041 2828 3098 Oblivionem
2847 3041 3095 3097 dabimus
3124 3042 3180 3096 in
3202 3042 3384 3097 verbis
3398 3042 3641 3112 Spiritus
3662 3058 3777 3098 san-

2195 3133 2268 3188 eti
2290 3141 2351 3187 ut
2377 3149 2502 3188 cum
2549 3142 2739 3189 .zetera
2764 3134 2943 3191 omnia
3000 3134 3239 3190 secundo
3267 3135 3639 3201 enarraverit,
3678 3150 3777 3188 una

2195 3241 2319 3282 eum
2350 3225 2558 3297 species
2586 3226 2838 3298 superius
2859 3226 3002 3281 dicta
3034 3225 3289 3281 latuerit?
3316 3225 3437 3281 Non
3465 3227 3646 3282 audeo
3672 3228 3780 3282 haec

2195 3320 2261 3373 de
2282 3318 2452 3372 sacris
2481 3317 2684 3372 sentire
2703 3316 3062 3372 sermonibus.
3097 3315 3206 3371 Sed
3237 3317 3522 3372 videamus
3548 3333 3620 3374 ne
3646 3317 3777 3372 forte

2193 3410 2450 3480 quoniam
2473 3408 2528 3463 in
2567 3408 2939 3479 superioribus
2968 3408 3226 3474 diximus,
3261 3408 3366 3464 hoc
3402 3422 3578 3480 genus
3626 3408 3778 3463 indu-

2193 3502 2362 3557 menti
2382 3500 2647 3571 judicium
2670 3501 2939 3556 castitatis
2960 3501 3151 3567 videri,
3175 3516 3283 3570 quo
3310 3500 3397 3555 vel
3419 3499 3632 3557 femora
3661 3513 3778 3570 ope-

2192 3592 2311 3658 riri,
2337 3592 2424 3648 vel
2444 3593 2739 3662 constringi
2769 3607 2927 3647 renes
2954 3592 3207 3647 videntur
3229 3605 3295 3647 ac
3314 3589 3506 3658 lumbi,
3538 3604 3609 3645 ne
3620 3590 3776 3656 forte,

2193 3668 2431 3757 inquam,
2466 3702 2575 3742 non
2604 3701 2818 3757 semper
2838 3687 2894 3741 in
2924 3686 3030 3742 illis
3055 3687 3149 3757 qui
3176 3693 3314 3741 tunc
3335 3695 3492 3742 erant
3531 3688 3777 3745 sacerdoc

2192 3778 2336 3833 tibus
2361 3778 2461 3833 has
2487 3787 2669 3847 partes
2709 3777 2855 3832 dicat
2899 3793 3021 3834 esse
3074 3777 3422 3833 constrictas.
3477 3777 3778 3849 Aliquando

2190 3871 2337 3924 enim
2380 3868 2530 3925 etde
2556 3868 2876 3940 posteritate
2903 3869 3117 3940 generis
3169 3876 3226 3924 et
3272 3883 3532 3924 successu
3581 3869 3777 3926 sobolis

2190 3962 2516 4034 indulgetur.
2550 3961 2657 4017 Sed
2683 3977 2783 4033 ego
2808 3962 2862 4017 in
2888 3962 3261 4018 sacerdotibus
3295 3962 3557 4018 Ecclesia:
3598 3961 3779 4031 huius—

2191 4057 2335 4113 modi
2386 4056 2792 4125 intelligentiam
2819 4072 2927 4111 non
2964 4054 3381 4121 introduxerim,
3411 4053 3519 4109 alio
3549 4069 3779 4124 namque

2191 4166 2307 4206 rem
2333 4149 2490 4205 video
2530 4162 2753 4204 currere
2781 4155 3146 4204 sacramento.
3183 4146 3419 4203 Possunt
3463 4148 3614 4202 enim
3644 4156 3700 4202 et
3725 4147 3776 4202 in

2189 4241 2435 4296 Ecclesia
2460 4240 2768 4297 sacerdotes
2808 4247 2862 4295 et
2899 4239 3148 4295 doctores
3169 4238 3310 4295 ﬁlios
3331 4254 3617 4311 generare,
3644 4240 3776 4295 sicut

2189 4340 2244 4389 et
2267 4332 2356 4387 ille
2391 4334 2483 4403 qui
2515 4332 2763 4388 diccbat:
2796 4329 2983 4386 Filioli
3022 4333 3125 4387 mei
3151 4350 3280 4405 quos
3301 4332 3491 4387 iterum
3513 4334 3773 4403 parturio,

2187 4422 2350 4476 donec
2373 4421 2631 4492 formetur
2655 4420 2895 4476 Christus
2925 4423 2982 4475 in
3006 4421 3147 4475 vobis
3180 4421 3323 4493 (Gal.
3354 4422 3453 4492 Iv).
3481 4420 3551 4475 Et
3580 4422 3776 4477 iterum

2190 4515 2320 4569 alibi
2362 4515 2493 4569 dicit
2525 4533 2539 4569 :
2571 4513 2765 4569 Tamen
2805 4516 2903 4569 etsi
2946 4514 3115 4568 multa
3167 4514 3335 4568 millia
3370 4516 3775 4586 pwdagogorum

2188 4610 2424 4663 habeatis
2464 4611 2520 4664 in
2549 4607 2779 4676 Christo,
2812 4609 2903 4664 sed
2932 4626 3038 4664 non
3083 4608 3277 4663 multos
3302 4618 3603 4679 pra’sentes.
3636 4606 3774 4662 Nam

2186 4703 2242 4755 in
2272 4701 2481 4756 Christo
2501 4701 2630 4757 Iesu
2672 4719 2765 4773 per
2792 4700 3137 4772 Evangelium
3160 4718 3251 4771 ego
3281 4716 3369 4755 vos
3387 4699 3545 4770 genui
3576 4698 3631 4770 (1
3655 4697 3770 4753 Cor.

2187 4791 2283 4866 1v).
2318 4793 2410 4848 Isti
2432 4810 2560 4866 ergo
2589 4795 2838 4850 doctores
2858 4794 3115 4849 Ecclesiae
3137 4793 3191 4847 in
3214 4791 3524 4864 huiusmodi
3551 4805 3776 4863 genera-

2188 4885 2426 4940 tionibus
2449 4885 2817 4955 procreandis,
2849 4892 2903 4941 et
2951 4884 3241 4953 aliquando
3271 4883 3584 4939 constrictis
3607 4882 3775 4939 femo-

2188 4977 2390 5032 ralibus
2420 4985 2667 5042 utuntur,
2699 4984 2755 5031 et
2779 4978 3102 5031 abstinente
3124 4974 3455 5046 generando,
3483 4989 3611 5029 eum
3641 4971 3774 5028 tales

2188 5068 2494 5123 invenerint
2544 5068 2819 5125 auditores
2870 5070 2923 5124 in
2979 5069 3174 5141 quibus
3221 5070 3397 5124 sciant
3439 5084 3498 5123 se
3536 5066 3772 5122 fructum

2188 5158 2390 5215 habere
2419 5176 2525 5214 non
2562 5174 2738 5229 posse.
2772 5160 3014 5231 Denique
3060 5168 3117 5215 et
3158 5160 3213 5215 in
3244 5159 3474 5216 Actibus
3502 5156 3774 5228 apostolo-

2186 5266 2308 5305 rum
2349 5250 2582 5307 refertur
2632 5254 2698 5308 de
2751 5252 3073 5322 quibusdam
3127 5251 3273 5321 quod
3327 5267 3433 5305 non
3478 5248 3770 5319 potuimus,

2184 5343 2379 5414 inquit,
2424 5346 2481 5400 in
2510 5345 2637 5400 Asia
2672 5346 2884 5400 verbum
2921 5343 3022 5399 Dei
3051 5344 3192 5416 loqui
3222 5342 3360 5415 (Act.
3387 5341 3490 5414 v1),
3516 5341 3622 5396 hoc
3670 5348 3769 5404 est,

2183 5435 2437 5507 imposita
2462 5436 2720 5491 habuisse
2766 5433 3045 5490 femoralia
3086 5442 3143 5490 et
3167 5432 3501 5489 continuisse
3527 5445 3589 5485 se
3613 5445 3690 5485 ne
3713 5428 3772 5482 li-

2178 5524 2282 5582 lios
2321 5534 2660 5597 generarent,
2712 5526 2840 5597 quia
2868 5525 3074 5581 scilicet
3114 5525 3253 5581 tales
3293 5530 3451 5580 erant
3490 5521 3769 5577 auditores

2179 5614 2235 5672 in
2264 5616 2460 5688 quibus
2479 5624 2536 5670 et
2555 5631 2739 5671 semen
2767 5618 2993 5687 periret,
3014 5626 3072 5672 et
3094 5632 3200 5673 non
3227 5616 3399 5687 possit
3426 5614 3624 5670 haberi
3648 5627 3768 5668 suc—

2179 5707 2355 5762 cessio
2386 5723 2399 5759 :
2428 5706 2507 5761 sic
2529 5721 2657 5777 ergo
2687 5706 2941 5763 Ecclesiae
2961 5708 3291 5772 sacerdotes,
3321 5720 3442 5760 cum
3475 5704 3766 5774 incapaces

2148 5878 2151 5883 Ξ
2178 5814 2338 5859 aures
2361 5797 2594 5860 viderint
2621 5806 2716 5857 aut
2744 5815 2869 5857 cum
2896 5799 3179 5858 simulatos
3200 5795 3537 5870 inspexerint
3571 5803 3631 5851 et
3666 5793 3764 5861 hl‘
