3940 6352
554 336 671 403 u!
1211 318 1279 391 ni
1315 333 1836 394 RABAilItnURl
1869 330 2195 417 unum:
2230 326 2889 395 meummeum
2916 326 3097 387 PARS
3130 326 3177 384 ι.
3717 330 3816 409 m

548 451 877 522 :lil'etcﬁﬂds
909 447 1093 513 Λυσι
1106 456 1135 503 r
1146 447 1744 521 [Mquedsiunguim
1763 446 1944 504 arietis
1956 445 2135 501 inluso-

550 544 930 615 Jatitbligiatel
955 550 1257 603 animum:
1272 539 1539 597 auricula.
1550 538 1889 610 singulorum
1906 538 2135 605 destrui,

2248 538 2495 597 modum
2516 546 2575 593 et
2606 549 2797 593 mensa
2852 533 3309 597 totiusdoctrina
3335 544 3476 597 erat.
3696 553 3813 613 erat

550 648 623 704 ,αι
634 635 857 709 pollices
888 647 1165 692 manus.“
1188 633 1557 706 pertimuerint,
1599 631 1853 704 reliquum
1899 631 2036 701 {uidit
2054 646 2150 687 ευρ-
2238 628 2512 689 rationale
2536 627 3038 698 eratmateriam,
3062 632 3124 691 et
3142 640 3367 697 suam
3391 627 3812 701 omnium,“

550 743 679 799 ,ικτε
706 725 879 789 altare
926 742 1036 794 per.
1063 725 1377 785 circuitum.
1407 721 1545 790 Quis
1574 722 1655 779 sit
1682 719 2147 790 saemﬂdlshu'us
2247 719 3075 791 ηϋρῐιθιειιὶβὶειιιηινιὋριὰὼ
3116 718 3812 793 αυὲειιεοωιιᾳηωωειρρ,

568 817 814 885 eiectus,
854 818 1676 877 .lnctioauriumueta-manuun
1710 813 2022 883 pedumque
2045 813 2146 870 de-

556 915 832 971 monstrat
860 924 877 965 :
900 920 1017 981 pro
1032 942 1037 947 -
1050 907 1355 967 oneriieutia
1378 907 1583 977 quippe!
1596 912 1801 971 rmstra,
1818 905 2146 976 unctioneque

564 1005 711 1065 bona
724 1000 1339 1073 latquereonversatione
1356 999 1545 1073 {Actio
1564 998 1719 1055 bona
1730 1005 1901 1068 omne
1917 1011 2145 1057 conven-

544 1095 741 1169 satio}
764 1094 1117 1159 adobrutum.
1139 1092 1284 1150 unde
1306 1099 1365 1148 et
1384 1104 1553 1147 aures
1585 1098 1783 1146 nostrae
1804 1100 1809 1109 ‘
1833 1097 2141 1161 unguntur;

540 1186 1039 1249 mtimobedieutia
1066 1186 1247 1243 Adam:
1262 1191 1536 1249 carentes,
1584 1182 1859 1251 Uuigeniti
1884 1182 2141 1241 obedienr

544 1281 693 1343 iiiam
717 1278 1399 1350 consequamurvl’ossque
1434 1278 1571 1342 huic,
1616 1282 2142 1332 extremaananuutn

560 1380 837 1443 unguntur
860 1374 923 1427 et
940 1368 1160 1439 pedum,
1188 1368 1315 1439 quia
1361 1382 1471 1424 non
1494 1366 1672 1423 solum
1695 1376 1909 1431 mariue,
1934 1364 2061 1422 ’θεά
2087 1372 2144 1422 et

558 1461 723 1533 pedes
746 1475 847 1531 pro
866 1459 1080 1517 actione
1106 1459 1470 1529 accipitintur:
1512 1455 1668 1524 Quod
1691 1458 1953 1528 probatur
1978 1472 2049 1513 ex
2074 1470 2142 1511 eo

556 1552 701 1622 quod
721 1550 895 1608 David
920 1549 1051 1607 dicit
1077 1567 1092 1604 :
1126 1546 1231 1605 Pes
1252 1562 1401 1605 meus
1422 1549 1563 1603 stetit
1591 1549 1649 1603 in
1686 1547 1770 1603 via
1795 1556 1936 1602 recta
1964 1546 2136 1618 (Psal.

554 1641 723 1714 xxv);
777 1649 834 1697 et
859 1654 1049 1697 rursus
1079 1657 1095 1694 :
1137 1638 1338 1695 Statuit
1363 1655 1526 1709 supra
1572 1647 1772 1709 petram
1816 1638 1969 1708 pedes
1999 1652 2141 1692 meos

554 1733 729 1805 (Psal.
755 1731 968 1802 arms).
1018 1728 1158 1796 Quia
1184 1738 1366 1786 autem
1389 1730 1632 1785 actiones
1655 1728 1931 1799 quasdam“
1947 1728 2137 1793 bonas,

2242 813 2354 880 nis,
2386 813 2447 873 id
2462 811 2675 879 causa
2694 811 2887 882 lingua
2901 823 3025 879 sua.
3040 823 3249 880 .mom
3288 810 3604 882 mysticum.
3631 827 3808 887 om

2244 904 2347 963 ait.
2374 903 2655 971 Quomodo
2676 910 2873 963 autem.
2888 916 3025 967 eum
3064 900 3323 971 proponit
3364 915 3585 973 partem,
3620 902 3807 976 anno;

2240 994 2515 1057 renuente
2553 1002 2613 1051 et
2656 992 2986 1064 .ooilpridam
3008 1040 3015 1047 ι
3040 1006 3401 1063 consparsam.
3452 993 3623 1061 oleo,
3642 993 3802 1067 idest,

2238 1084 2950 1159 Wlicamdoctrinam,
2966 1082 3314 1155 laniatque
3334 1091 3392 1139 et
3428 1085 3801 1155 prophetiam.

2242 1181 2359 1245 ιω
2381 1181 2618 1239 enimet
2646 1179 2923 1249 prophetae
2970 1184 3029 1239 et
3072 1176 3302 1248 apostoli
3330 1176 3471 1248 ejus,
3505 1178 3803 1245 memerita

2238 1273 2473 1339 Inoiunt,
2533 1272 2621 1331 lex
2668 1270 2895 1341 quidem
2950 1269 3185 1335 dictus:
3220 1267 3349 1329 ,Hic
3372 1277 3452 1331 ea!
3472 1269 3637 1342 punit
3679 1283 3803 1339 qua
3892 1300 3893 1303 η

2243 1366 2387 1423 dedit
2436 1365 2577 1420 uobis
2615 1363 2872 1419 Dominus
2920 1358 3190 1417 comedere
3235 1356 3436 1430 (Exod.
3486 1358 3613 1429 xvi)
3644 1376 3659 1425 ;
3696 1374 3800 1430 pro-
3892 1362 3893 1407 Τ

2242 1460 2422 1529 pheta
2447 1465 2628 1514 autem
2654 1475 2667 1509 :
2703 1454 2870 1511 Panis
2908 1469 2957 1507 et
2985 1452 3216 1516 dabitur,
3243 1460 3292 1505 et
3317 1467 3473 1521 aqum
3496 1450 3625 1521 ejus

2242 1558 2386 1614 sunt,
2437 1562 2611 1617 regem
2659 1547 2717 1599 in
2739 1545 2924 1598 decore
2976 1557 3073 1597 suo
3119 1541 3363 1597 ridebam
3410 1540 3555 1613 (lca.
3612 1540 3800 1613 nun).

2241 1640 2487 1710 Apostoli
2539 1646 2723 1695 autem
2764 1635 2985 1693 uberius
3031 1640 3309 1706 exponunt
3369 1632 3583 1690 Christi
3632 1644 3801 1706 mystc-

2243 1736 2413 1801 rinm,
2464 1734 2607 1789 unde
2630 1747 2732 1788 nec
2789 1731 3043 1803 laganum
3094 1744 3195 1786 nec
3258 1728 3606 1801 collyridam.
3656 1730 3800 1789 Parta

552 1797 815 1896 quaedam
840 1797 1023 1881 autem
1044 1823 1215 1880 maias
1239 1822 1524 1888 habemus,
1546 1830 1603 1877 et
1620 1797 1850 1892 ﬁguram
1872 1797 2218 1877 maiorum.B
2245 1797 2427 1881 autem
2469 1824 2731 1881 doctrinm
2757 1828 2818 1878 ut
2844 1797 2971 1891 pote
3005 1819 3180 1891 magis
3203 1797 3508 1877 nutrientes
3550 1822 3796 1878 dicamur.

550 1917 776 1977 sinistra
811 1918 969 1989 gerit,
1027 1924 1175 1973 recte
1225 1915 1422 1971 dextra
1454 1914 1711 1985 ungitur,
1764 1912 2141 1970 confortantur

551 2010 700 2066 enim
729 2023 794 2065 ea
821 2024 943 2079 quae
964 2015 1262 2078 unguntur,
1291 2014 1350 2062 et
1373 2008 1726 2063 destruuntur
1747 2013 1911 2075 atque
1932 2004 2141 2074 disper-

550 2100 754 2158 duntur
778 2114 845 2157 ea
870 2115 992 2171 quae
1034 2114 1144 2154 non
1170 2107 1467 2171 unguntur.
1511 2098 1665 2167 Quod
1701 2106 1888 2168 aperte
1917 2097 2139 2154 demon-

547 2197 690 2249 strat
720 2190 1038 2263 disperdens
1062 2186 1359 2261 Egyptum
1393 2189 1639 2259 angelus,
1676 2188 1804 2257 quia
1837 2186 1929 2243 ubi
1952 2185 2139 2243 unctio

548 2280 813 2341 immolati
836 2281 1233 2345 inveniebatur,
1262 2295 1373 2335 non
1400 2277 1781 2349 percutiebat:
1828 2276 1925 2333 sed
1953 2283 2138 2332 tamen

547 2373 776 2445 primus,
800 2370 1056 2429 sacerdos
1085 2370 1365 2441 sanguine,
1396 2379 1453 2426 et
1479 2378 1602 2441 post
1632 2383 1755 2426 eum
1784 2368 1882 2424 lilii
1914 2366 2033 2437 ejus
2054 2382 2140 2425 se-

548 2468 787 2524 cundum
832 2465 1009 2534 legem
1046 2464 1404 2536 ungebantur,
1453 2466 1583 2535 quia
1633 2473 1690 2519 et
1722 2464 1835 2535 ipse
1879 2464 2138 2520 Dominus

549 2557 782 2629 primus,
816 2556 875 2612 in
903 2571 1063 2613 omna
1080 2558 1328 2629 mystica,
1356 2556 1747 2629 intelligibilem
1780 2556 1992 2627 accepit
2014 2568 2139 2612 san-

549 2649 786 2720 guinem,
818 2657 983 2719 atque
1011 2649 1203 2707 deinde
1248 2649 1470 2707 calicem
1521 2650 1782 2721 apostolis
1810 2649 1979 2706 dedit.
2031 2647 2139 2705 Sed

546 2753 678 2797 ecce
700 2739 976 2812 logislator
1002 2740 1113 2808 hic,
1139 2749 1263 2811 post
1279 2741 1593 2798 unctionem
1608 2740 1796 2796 Aaron
1825 2748 1880 2795 et
1902 2728 2139 2794 filiorum

544 2831 791 2891 subdidit
818 2830 885 2888 de
930 2833 1231 2903 sanguine;
1280 2832 1547 2903 reliquum
1597 2830 1736 2888 fudit
1765 2846 1930 2903 super
1967 2830 2140 2886 altare

543 2937 644 2994 per
662 2922 969 2990 circuitum,
998 2923 1143 2994 quod
1164 2930 1221 2978 et
1246 2922 1523 2980 Christum
1548 2921 1742 2981 fecisse
1762 2922 2134 2980 inveniemus:

543 3013 735 3070 bibens
771 3014 918 3071 enim
948 3015 1063 3086 ipse
1101 3022 1157 3070 et
1183 3015 1441 3085 apostolis
1477 3013 1663 3070 bibere
1701 3014 1857 3080 dans,
1904 3021 2033 3069 tunc
2061 3013 2140 3068 in-

2245 1914 2396 1983 Quos
2422 1916 2569 1971 enim
2594 1915 2686 1972 hic
2709 1916 3005 1972 secundum
3032 1914 3392 1986 Septuaginta
3416 1916 3488 1971 de
3508 1916 3639 1972 oleo
3660 1931 3798 1987 panes

2244 2008 2672 2080 appellaverunt,
2727 2008 2829 2063 hos
2858 2005 3157 2063 secundum
3210 2007 3313 2062 hos
3362 2007 3557 2077 ipsos:
3607 2006 3798 2077 Septnar

2243 2100 2397 2172 ginta
2428 2098 2745 2170 collyridam
2790 2097 2847 2152 in
2886 2097 3207 2168 sceuopegia
3251 2096 3558 2153 canistrum
3584 2112 3798 2155 consm-

2243 2189 2499 2249 mationis
2550 2202 2828 2259 exponens
2876 2187 3025 2258 quod
3058 2186 3428 2258 accipiebatur
3463 2188 3515 2244 in
3572 2190 3798 2245 unctione

2242 2281 2561 2348 sacerdotis,
2592 2279 2873 2352 legislator
2914 2279 3227 2350 appellavit,
3258 2295 3357 2351 per
3406 2280 3722 2353 collyridam
3742 2281 3799 2336 si-

2242 2373 2505 2447 gniﬁcans
2566 2371 2702 2442 legis
2758 2372 3052 2442 eloquium.
3108 2372 3383 2437 Quantum
3428 2380 3617 2428 autem
3662 2373 3800 2447 colly-

2242 2466 2376 2523 ridae
2405 2464 2708 2519 deteriores
2737 2462 2848 2519 sint
2886 2463 3116 2532 panibus
3143 2464 3213 2518 ad
3240 2464 3663 2532 nutrimentum,
3690 2464 3798 2520 nulli

2240 2563 2327 2614 est
2352 2554 2573 2611 dubium
2613 2553 2757 2609 unde
2788 2552 3156 2624 apostolorum
3202 2568 3509 2622 sermones,
3537 2555 3800 2628 propheta-

2242 2660 2364 2703 rum
2393 2655 2449 2700 et
2472 2645 2607 2715 legis
2647 2652 3038 2713 praeponuntur
3087 2646 3455 2711 sermonibus,
3487 2649 3623 2716 quia
3667 2648 3800 2717 majo-

2242 2750 2360 2792 rem
2398 2742 2774 2807 praeceperunt
2837 2735 3086 2806 gratiam,
3140 2736 3214 2790 ita
3245 2742 3305 2790 ut
3344 2736 3551 2793 Paulus
3584 2740 3795 2797 diceret:

2242 2827 2432 2884 Posuit
2464 2827 2600 2881 Dens
2648 2828 2705 2880 in
2733 2825 2971 2882 Ecclesia
3022 2828 3247 2896 primum
3302 2828 3601 2898 apostolos,
3647 2830 3798 2885 deinde

2241 2921 2519 2993 prophetas
2550 2918 2764 2991 (Ephes.
2797 2918 2895 2989 η).
2934 2918 3142 2974 Deinde
3178 2918 3283 2990 ipsi
3310 2927 3433 2989 post
3454 2922 3795 2992 evangelium

2241 3012 2614 3077 traditionem,
2652 3009 3005 3066 introducunt
3028 3009 3230 3067 Christi
3257 3014 3546 3084 mysteria.
3587 3015 3798 3071 introdu—

545 3104 881 3176 teliigibilem
912 3108 1234 3178 sanguinem
1271 3122 1432 3177 super
1470 3107 1663 3175 altare,
1690 3106 1944 3162 videlicet
1978 3120 2139 3161 suum
2204 3177 2207 3178 ν
2244 3110 2378 3156 cunt
2403 3110 2584 3156 autem
2622 3099 2759 3168 legis
2782 3101 3277 3173 prophetarumque
3330 3112 3553 3161 utentes
3586 3106 3797 3162 testimo-

545 3209 766 3265 corpus,
800 3194 1005 3252 eil‘udit.
1028 3177 1246 3268 Corpus
1273 3206 1452 3254 autem
1476 3196 1675 3253 Christi
1706 3195 1947 3254 Ecclesia
1973 3204 2057 3251 est
2082 3202 2136 3252 et
2164 3177 2209 3243 C
2240 3191 2367 3257 niis,
2410 3200 2634 3262 propter
2678 3191 2824 3261 quod
2872 3192 2952 3247 eis
3003 3192 3281 3265 collyrium
3324 3204 3381 3250 et
3428 3196 3629 3267 iagaua
3671 3195 3800 3253 simul

545 3285 725 3341 omnis
750 3283 903 3355 plebs
927 3286 1065 3356 ejus,
1099 3287 1240 3358 quod
1262 3287 1573 3357 specialiter
1594 3287 1864 3344 dicentem
1894 3285 2135 3343 Marcum

546 3373 889 3431 invenimus:
940 3375 1012 3431 Et
1049 3392 1278 3443 sumens,
1320 3377 1520 3448 gratias
1562 3394 1718 3448 agens
1764 3376 1907 3435 dedit
1937 3380 2035 3445 eis,
2085 3386 2134 3434 et

546 3468 787 3523 biberunt
822 3485 889 3523 ea:
926 3486 985 3523 eo
1015 3484 1211 3525 omnes.
1251 3468 1323 3524 Et
1357 3470 1493 3525 dixit
1531 3471 1632 3539 eis,
1688 3469 1791 3525 Hic
1822 3480 1898 3527 est
1920 3473 2135 3544 sanguis

544 3576 692 3618 meus
736 3559 875 3617 Novi
925 3560 1244 3617 Testamenli
1294 3564 1384 3634 qui
1438 3579 1533 3635 pro
1582 3564 1760 3619 multis
1814 3564 2012 3633 effusus
2062 3570 2135 3618 est

545 3650 742 3723 (Marc.
796 3655 933 3721 xxv).
980 3652 1078 3710 His
1128 3656 1457 3712 conveniunt
1497 3670 1559 3712 ea
1628 3673 1751 3727 quae
1792 3665 2130 3727 sequuntur:

543 3742 764 3815 Adt'pem
784 3752 959 3800 autem
980 3754 1029 3800 et
1052 3747 1294 3813 caudam,
1312 3762 1614 3818 omnemque
1638 3749 2003 3819 pinguedinem
2017 3765 2136 3819 qua:

546 3832 709 3904 operit
759 3834 1030 3902 intestina,
1086 3835 1462 3906 reticulumque
1492 3836 1706 3906 jccoris,
1751 3835 1954 3891 ctduos
1987 3851 2135 3891 renes

542 3939 663 3978 cum
692 3925 934 3995 adipibus
979 3928 1113 3995 suis,
1166 3936 1214 3981 et
1254 3942 1402 3983 arma
1449 3927 1632 3983 dextro
1681 3928 1983 3998 separavit;
2035 3940 2136 3999 pro

544 4016 719 4071 cauda
744 4016 1099 4088 Septuaginta
1125 4017 1379 4086 lumbum,
1419 4028 1474 4075 et
1502 4035 1603 4091 pro
1647 4018 1921 4075 intestinis
1947 4019 2136 4074 ventri-

543 4105 746 4176 culum,
794 4118 851 4163 et
874 4124 973 4179 pro
1023 4110 1251 4166 reticulo
1272 4110 1491 4180 jecoris,
1535 4113 1748 4184 pinnam
1777 4111 1977 4183 hepatis
2023 4108 2137 4169 edi-

544 4198 764 4256 derunt.
792 4198 959 4269 Cujus
980 4210 1162 4257 autem
1188 4202 1304 4258 haac
1328 4203 1555 4274 ﬁguram
1581 4214 1793 4277 gerant,
1824 4205 1881 4260 in
1910 4206 2136 4265 salutari

543 4289 839 4359 sacriﬁcio,
884 4304 979 4348 seu
1013 4291 1388 4363 paciﬁcorum,
1436 4309 1535 4365 per
1569 4295 1781 4368 singula
1833 4296 2136 4353 discussum

544 4391 646 4440 est.
678 4382 798 4441 Non
826 4382 1031 4439 frustra
1061 4393 1242 4442 autem
1266 4399 1356 4454 ea,
1392 4400 1537 4442 nunc
1565 4386 1621 4441 in
1664 4387 1837 4445 ariete
1878 4402 2135 4448 consum-

542 4472 800 4529 mationis
829 4482 1256 4542 commemorat,
1312 4473 1409 4530 sed
1437 4474 1563 4545 quia
1609 4474 1815 4533 Christi
1841 4472 2133 4551 mysticum

542 4563 747 4632 pascha
793 4571 849 4618 et
894 4578 1081 4620 eorum
1133 4562 1408 4635 perceptio
1459 4564 1530 4622 ad
1572 4565 1800 4623 salutem
1849 4569 2129 4625 hominum

547 4654 813 4725 provenit,
857 4657 1053 4725 quibus
1102 4657 1380 4713 doctorem
1425 4658 1858 4730 superaediﬁcare
1895 4676 2128 4734 sequen-

547 4744 623 4800 tia
655 4745 830 4800 nostri
888 4747 1133 4817 mysterii
1169 4758 1441 4820 praeparat
1468 4750 1663 4808 virtus.
1713 4750 1921 4810 Tollens
1952 4764 2129 4809 autem

546 4836 612 4890 de
668 4838 895 4893 canistro
955 4856 1259 4911 azymorum
1317 4843 1458 4915 quod
1506 4854 1617 4899 erat
1655 4861 1835 4901 coram
1880 4846 2127 4916 Domino,

546 4942 737 4991 panem
792 4928 985 5000 absque
1037 4930 1289 5000 femento
1332 4944 1381 4989 et
1439 4935 1750 5007 collyridam
1800 4954 2129 5010 conspersum

547 5019 695 5089 oleo,
759 5023 1128 5099 laganumque.
1168 5025 1275 5084 Pro
1334 5031 1572 5088 canistro
1633 5024 2131 5102 azymormn,'Sc-

547 5113 830 5184 ptuaginta
863 5116 1152 5171 canistrum
1198 5120 1658 5176 consummationis
1700 5118 2002 5177 ediderunt.
2026 5120 2130 5180 Per

550 5206 851 5262 canistrum
873 5216 1059 5264 autem
1096 5211 1583 5268 consummationis
1621 5212 1862 5286 linguam
1914 5214 2130 5269 Domini

549 5291 903 5369 intelligimus
920 5337 936 5365 ,
986 5296 1103 5353 sola
1157 5300 1355 5371 quippe
1413 5304 1741 5375 praecipuam
1804 5303 2130 5375 perfectam-

550 5399 659 5459 que
683 5387 984 5445 doctrinam
998 5390 1320 5459 introduxit,
1341 5402 1563 5464 propter
1578 5395 1723 5464 quod
1743 5394 1986 5451 dicebat:
2004 5394 2131 5451 Non

550 5484 669 5538 ueni
700 5484 895 5540 solvere
944 5485 1127 5556 legem,
1181 5487 1271 5541 sed
1315 5487 1527 5560 implere
1578 5489 1794 5564 (Matth.
1825 5491 1906 5564 v),
1940 5500 2131 5564 utpote

554 5570 672 5647 ipse
694 5575 924 5648 impleas
952 5593 1074 5650 quae
1102 5579 1283 5635 minus
1304 5588 1463 5636 erant
1511 5582 1566 5636 in
1600 5582 1739 5654 lege.
1767 5583 1912 5639 Bene
1945 5593 2128 5640 autem

557 5677 680 5720 eam
693 5675 749 5721 et
762 5671 1084 5737 canistrum,
1106 5681 1328 5744 propter
1350 5680 1663 5730 contextum
1676 5676 1942 5733 dictorum
1969 5692 2132 5733 voca-

558 5753 658 5823 vit,
685 5774 807 5814 cum
833 5761 1001 5818 multa
1032 5763 1087 5819 in
1109 5763 1380 5835 parabolis
1403 5764 1619 5833 dixerit,
1647 5766 1722 5822 ita
1749 5778 1809 5823 ut
1827 5767 1996 5827 Judaei
2023 5784 2129 5827 non

2235 3280 2482 3352 subjecta
2512 3290 2639 3337 sunt
2681 3289 2739 3337 et
2785 3279 3100 3350 conjuncta.
3148 3282 3256 3340 Sed
3285 3285 3420 3356 quid
3472 3287 3569 3343 his
3610 3288 3800 3359 adjiciat

2236 3373 2605 3431 intendamus.

2308 3460 2497 3518 Posuit
2515 3480 2672 3535 super
2690 3464 2894 3535 adipem
2915 3472 2963 3518 et
2984 3479 3191 3519 armum
3214 3466 3491 3540 dextrum,
3521 3469 3728 3524 tradens
3745 3469 3801 3523 ti-

2234 3555 2348 3611 mul
2373 3557 2550 3611 omnia
2575 3557 2754 3610 Aaron
2779 3573 2841 3609 ac
2876 3555 2975 3624 ﬁlii
3013 3557 3149 3627 ejus.
3177 3557 3311 3612 illud
3342 3560 3430 3614 lex
3458 3571 3795 3626 contestatur,

2234 3648 2363 3721 quia
2402 3664 2563 3705 omne
2597 3648 2926 3705 desiderium
2966 3665 3292 3722 omnemque
3321 3653 3599 3713 actionem
3630 3657 3800 3713 bonam

2233 3742 2420 3798 oii'erri
2449 3742 2708 3813 mysterio
2746 3742 2818 3796 sit
2852 3758 3095 3807 necesse,
3132 3744 3178 3800 si
3223 3752 3405 3800 tamen
3437 3748 3525 3803 vis
3572 3747 3696 3803 illud
3733 3762 3800 3803 se-

2234 3833 2475 3888 cundum
2510 3831 2602 3888 Dei
2636 3832 2989 3889 intentionem
3030 3834 3273 3907 legisque
3302 3839 3609 3909 suscipere.
3647 3837 3801 3895 Sedet

2231 3923 2552 3995 praedictum
2584 3938 2816 3994 sequens
2835 3926 3083 3982 ordinem
3105 3927 3217 3983 ait:
3250 3926 3489 3985 Tradens
3533 3931 3691 3987 simul
3716 3944 3802 3985 ais-

2234 4016 2327 4071 nia
2345 4015 2525 4072 Aaron
2547 4015 2775 4089 ﬁliisque
2807 4017 2943 4088 ejus.
2988 4014 3147 4075 Prius
3170 4020 3437 4091 siquidem
3459 4021 3709 4079 Christus
3726 4034 3804 4077 sua

2229 4110 2494 4179 mysteria
2531 4109 2825 4175 inchoavit,
2867 4116 2924 4164 ct
2965 4118 3093 4167 tunc
3132 4126 3197 4166 ea
3238 4112 3396 4167 nobis
3434 4113 3535 4185 qui
3578 4113 3703 4170 facti
3729 4127 3804 4168 su-
3892 4109 3893 4185 ᾖ

2230 4213 2359 4254 mus
2385 4198 2481 4253 lilii
2524 4200 2642 4270 ejus
2681 4215 2782 4270 per
2805 4199 3083 4256 lavacrum
3110 4204 3548 4272 regenerationis
3582 4201 3802 4259 tradidit.

2235 4286 2309 4344 Et
2328 4288 2625 4345 levaverunt
2645 4306 2706 4346 ea
2739 4306 2919 4345 coram
2950 4292 3199 4347 Domino.
3236 4293 3419 4364 ipsum
3447 4293 3603 4349 enim
3630 4300 3805 4365 myste-

2231 4380 2381 4436 rium
2409 4382 2552 4452 quod
2589 4382 2746 4439 nobis
2790 4382 3055 4451 tradidit,
3104 4383 3208 4439 hoc
3232 4399 3360 4439 cum
3405 4400 3512 4441 sua
3562 4399 3720 4441 carne
3758 4382 3805 4438 in
3892 4380 3893 4452 ἦ

2237 4469 2404 4529 crelos
2458 4471 2698 4541 levavit;
2754 4474 2940 4529 dicens
2986 4483 3210 4530 autem:
3266 4474 3477 4531 Levavit
3539 4494 3605 4532 ea
3650 4490 3804 4531 eam
3892 4469 3893 4535 1

2233 4562 2483 4631 Domino,
2522 4564 2741 4621 modum
2775 4580 2885 4637 quo
2921 4565 3181 4623 obtulerit
3220 4567 3302 4623 eis
3347 4567 3442 4638 qui
3485 4577 3625 4639 post
3654 4564 3804 4622 futuri
3892 4562 3893 4639 ἒ

2232 4663 2392 4713 erant
2425 4659 2694 4729 exposuit.

2306 4747 2639 4821 Rursumque
2682 4759 2922 4821 suscepta
2973 4750 3038 4806 de
3081 4752 3325 4806 manibus
3368 4767 3561 4808 eorum
3600 4748 3804 4808 adolevit
3892 4788 3893 4797 η

2232 4854 2390 4916 super
2415 4844 2583 4900 altare
2620 4845 2935 4911 holocausli,
2964 4862 3024 4901 eo
3065 4846 3205 4918 quod
3245 4846 3665 4902 consecrationis
3696 4850 3804 4898 esset
3892 4854 3893 4893 ξ

2234 4936 2452 5005 oblatio,
2473 4940 2532 4993 in
2553 4938 2765 4992 odorem
2796 4940 3071 4994 suavitatis
3104 4940 3355 5010 sacriﬁcii
3374 4939 3622 4995 Domini.
3645 4938 3808 4994 Διωε
3892 4936 3893 4991 ἲ

2236 5026 2537 5084 holocausti
2576 5028 2782 5085 Christi
2812 5045 3008 5101 corpus
3030 5031 3183 5088 dicit.
3218 5025 3326 5087 Sed
3350 5039 3407 5087 et
3453 5031 3602 5088 odor
3627 5027 3809 5086 suavis-

2237 5122 2444 5179 simus:
2475 5122 2544 5179 de
2569 5122 2791 5181 Christo
2814 5125 2961 5181 enim
2994 5132 3179 5197 aperte
3204 5125 3261 5180 in
3293 5125 3541 5183 Canticis
3564 5125 3808 5184 Cantico—
3892 5118 3893 5131 ¹

2239 5231 2362 5272 rum
2387 5218 2586 5274 dicitur
2616 5236 2630 5273 :
2668 5215 3000 5289 Unguentum
3042 5219 3268 5288 e/fusum
3308 5226 3386 5275 est
3421 5234 3619 5274 nomen
3657 5228 3809 5277 luunt,
3892 5224 3893 5291 ζ

2236 5320 2509 5381 propterea
2548 5310 2950 5384 adolescentulo:
2982 5310 3278 5366 dilexerunt
3312 5320 3362 5366 te
3389 5310 3572 5383 (Cant.
3615 5310 3684 5383 1).
3727 5306 3813 5365 8⁸-
3892 5312 3893 5389 Ῐ

2237 5401 2437 5471 oriﬁcio
2462 5402 2690 5467 Domini,
2735 5402 2789 5458 id
2815 5410 2920 5469 est,
2950 5402 3205 5459 sacriﬁcii
3232 5411 3288 5459 et
3310 5401 3811 5464 holocaustomatis,
3892 5422 3893 5461 1

2231 5494 2366 5549 sicut
2389 5496 2657 5549 mandavit
2697 5493 2980 5562 Dominus;
3010 5496 3127 5566 ipse
3162 5496 3308 5552 enim
3328 5496 3658 5553 mandavit:
3686 5494 3810 5563 Quo-
3892 5508 3893 5579 ξ

2231 5585 2530 5655 tiescunque
2549 5585 2643 5640 hoc
2668 5586 2860 5654 bibitis,
2890 5598 3112 5643 mortem
3130 5587 3345 5643 Domini
3366 5590 3422 5644 in
3443 5584 3813 5657 nobismetipsis
3892 5606 3893 5613 ‘

2235 5676 2542 5731 annuntiatc
2561 5676 2612 5747 (I
2634 5676 2755 5733 Cor.
2781 5679 2881 5751 χι).
2908 5679 3056 5735 Tulit
3076 5690 3123 5735 et
3137 5680 3517 5751 pectusculum.
3541 5672 3815 5734 eleranst'l-
3892 5700 3893 5717 ι

2235 5768 2328 5825 lud
2350 5786 2526 5827 coram
2547 5771 2798 5841 Domino,
2833 5775 2896 5830 de
2926 5775 3089 5831 ariete
3131 5774 3573 5841 consecrationis,
3611 5788 3713 5829 seu
3740 5784 3816 5824 se-
