3940 6352
143 348 232 422 διε

978 372 985 381 ·
1020 345 2065 417 EXPOSI‘IIONESJN'LEVHIOUI.
2103 382 2177 395 --
2209 352 2437 411 ωλι.

3252 368 3360 429 334

143 467 712 540 amnemamnem,
738 468 1272 533 consummationisiu
1284 476 1491 541 partem
1502 482 1675 535 suum,
1700 471 1760 539 Ἀ
1782 467 2092 527 ctiﬁcantur
2132 470 2204 526 ad
2255 470 2552 528 interiectum
2598 473 2989 546 sacerdotium,
3044 476 3131 534 Ad
3174 482 3366 543 assius»
3448 552 3453 557 η

140 573 569 638 sicatpmceperat
596 564 644 618 ei
688 552 966 623 Dominus.
1015 561 1170 625 Sicut
1202 564 1259 621 in
1287 563 1555 619 sacriﬁcio
1576 578 1673 636 pa-
1779 559 2104 617 tabernaculi
2144 563 2441 619 testimonii
2470 565 2717 622 sedebitis
2760 578 2954 639 septem
2990 572 3126 640 dies,
3171 574 3261 631 die
3302 590 3367 635 ac

142 663 374 719 tinearum
412 670 507 713 seu
542 655 789 721 salutari,
816 653 1190 727 pectusculum
1223 653 1301 711 sic
1324 664 1383 711 et
1408 655 1497 710 hic
1520 651 1678 711 often-

140 762 223 818 tur,
252 748 435 823 utique
478 745 800 818 intelligibili
831 740 1017 823 Moysi,
1070 748 1124 802 id
1156 753 1242 802 est
1269 746 1493 803 Christo
1540 761 1673 819 pee-

141 842 366 901 tusculum
394 840 586 896 arietis
616 840 1044 896 consecrationis
1064 853 1161 896 seu
1190 840 1675 901 consummationis

137 944 397 1006 separatur,
426 933 555 1003 quia
588 944 686 1001 per
709 931 1082 1002 pectusculum
1104 930 1238 987 ﬁ‘des
1258 934 1314 986 et
1341 931 1671 991 conﬁdentia

136 1027 376 1099 ﬁguratur,
405 1024 549 1080 sicut
578 1024 789 1096 pridem
825 1023 1081 1080 diximus.
1123 1022 1258 1080 Cum
1294 1028 1473 1080 autem
1505 1024 1675 1097 ipsius

133 1122 189 1177 sit
213 1108 543 1186 sacriﬁcium,
565 1128 789 1176 necesse
809 1127 893 1175 est
915 1130 976 1176 ut
996 1129 1052 1175 et
1096 1120 1226 1176 ﬁdes
1256 1120 1355 1193 ipsi
1384 1137 1502 1192 qua:
1525 1121 1579 1175 in
1608 1134 1677 1179 eo

132 1222 198 1268 est
215 1208 520 1284 deputatur?
536 1202 921 1285 Assumensque
942 1221 1263 1283 unguentum
1294 1221 1342 1267 et
1363 1215 1673 1285 sanguinem

130 1304 205 1378 qui
224 1312 328 1359 erat
350 1304 400 1359 in
431 1303 612 1370 altari,
640 1284 861 1377 aspersit
883 1320 1042 1377 super
1078 1304 1259 1360 Aaron
1286 1313 1335 1359 et
1371 1284 1677 1361 vestimenta

1777 662 1949 723 nocte,
1976 670 2042 709 ne
2066 656 2370 715 moriemini
2387 658 2414 711 .9
2446 656 2828 729 Nunquidnam
2859 664 3121 722 credibile
3149 676 3233 729 est
3255 670 3367 729 situ

1776 745 2021 845 corporis
2039 760 2150 803 uno
2168 746 2291 802 loco
2315 747 2507 811 sedere
2528 761 2846 845 proscriptos,
2868 769 2967 827 per
2986 756 3105 815 dies
3129 764 3366 845 septem,

1778 834 1869 903 die
1895 850 1962 893 ac
1984 845 2165 906 nocte,
2190 839 2334 894 unde
2389 852 2452 901 se
2490 842 2713 899 omnino
2759 858 2869 901 non
2918 836 3367 917 commoverant?

1776 927 1893 985 Nec
1919 936 2099 991 tamen
2125 929 2215 985 hic
2245 936 2503 1001 tanquam
2538 930 2825 1007 allegorice
2850 935 3057 1010 aliquid
3085 941 3364 1017 signiﬁcab-

1776 1023 2069 1094 tum'qnod
2110 1036 2219 1079 non
2259 1022 2416 1079 ﬁeret
2464 1024 2765 1098 intelligere
2794 1031 3023 1109 cogendi
3051 1046 3241 1091 sumus
3267 1046 3363 1093 ac-

1776 1114 1982 1187 cipere,
2016 1115 2111 1169 sed
2138 1115 2327 1187 potius
2346 1130 2640 1187 agnoscere
2678 1118 3010 1179 locutionem
3054 1122 3366 1198 Scriptura—

1776 1223 1919 1275 rum,
1947 1207 2041 1262 ubi
2091 1208 2387 1264 sessionem
2429 1223 2531 1280 pro
2583 1208 2917 1270 habitatione
2961 1223 3017 1271 et
3061 1228 3371 1278 commoru-

1779 1297 1949 1352 tione.
1980 1298 2099 1353 Non
2141 1299 2459 1383 enim-quia
2506 1300 2708 1356 dictum
2748 1312 2834 1358 est
2869 1304 2936 1360 de
2974 1306 3172 1376 Semei,
3219 1313 3367 1385 quod

129 1394 240 1464 ejus,
278 1399 322 1446 et
348 1402 504 1465 super
525 1391 666 1463 ﬁlias
708 1394 822 1463 ejus
864 1410 925 1449 ac
974 1402 1133 1449 vestes
1183 1410 1383 1450 eorum.
1433 1395 1680 1464 Cumque
1782 1388 1986 1444 sederit
2015 1391 2069 1445 iu
2113 1389 2458 1446 Hierusalem
2482 1406 2658 1448 annos
2676 1401 2790 1451 tres
2811 1393 2935 1467 (ΠΙ
2971 1396 3102 1469 Reg.
3126 1400 3211 1473 ιι),
3244 1401 3368 1460 ideo

129 1483 487 1541 sanctiﬁcasset
513 1500 600 1541 eos
629 1484 682 1540 in
717 1483 900 1541 vestitu
926 1503 1044 1553 sua,
1084 1487 1226 1561 quod
1255 1484 1531 1558 Unigeniti
1559 1499 1685 1540 san-
1790 1478 2092 1549 pulandum
2126 1487 2211 1535 est
2233 1494 2334 1551 per
2355 1489 2530 1537 totum
2568 1482 2700 1539 illud
2753 1492 2967 1556 tempus
3009 1487 3067 1543 in
3106 1489 3237 1546 sella
3285 1504 3374 1549 se-

126 1576 224 1647 gnis
261 1584 314 1633 et
340 1577 518 1646 unctio
552 1574 787 1648 Spiritus
824 1577 985 1641 unius
1007 1578 1118 1634 sint
1145 1578 1481 1648 operationis
1521 1585 1686 1650 atque
1786 1570 1933 1633 disse
1970 1578 2027 1625 ei
2051 1584 2159 1626 non
2184 1572 2511 1628 surrexisse.
2557 1572 2698 1630 Hinc
2722 1582 2778 1631 et
2807 1575 2965 1633 sedes
2997 1578 3255 1637 dicuntur
3276 1581 3373 1640 ubi

125 1664 334 1733 virtutis,
366 1674 420 1725 et
441 1667 620 1725 minus
664 1675 811 1722 recte
846 1667 1027 1723 oleum
1065 1667 1339 1722 unctionis
1364 1675 1421 1722 et
1462 1667 1682 1735 sangui-

121 1770 223 1819 nem
268 1758 475 1826 altaris,
528 1756 585 1814 id
630 1766 736 1823 est,
789 1758 1079 1828 Dominici.
1108 1758 1351 1829 corporis
1401 1752 1679 1841 legislator

1787 1659 1989 1718 habent
2007 1666 2579 1721 commemorationem
2610 1681 2839 1737 quorum
2863 1668 3021 1727 sedes
3048 1682 3194 1741 sunt,
3217 1673 3374 1732 babi-

1789 1752 1921 1808 tatio
1931 1754 2132 1826 quippe
2144 1756 2246 1810 hoc
2258 1770 2457 1811 nomen
2470 1758 2700 1828 accepit.
2718 1758 2830 1831 (Ea:
2841 1757 3152 1836 Hesychia.)
3168 1764 3372 1825 Praeci-

120 1849 331 1916 tinxerit,
385 1849 510 1906 audi
556 1847 821 1905 Joannem
875 1848 1184 1904 dicentem:
1232 1848 1356 1902 Tria
1395 1836 1517 1903 sunt
1563 1865 1682 1921 quia
1709 1836 1757 1911 B
1783 1859 1889 1917 pua
1915 1860 2059 1900 nunc
2087 1845 2364 1917 legislatOr
2398 1848 2639 1919 providit
2668 1849 3034 1924 discrevitque
3082 1859 3369 1929 mysteria,

117 1940 451 1997 testimonium
492 1941 747 2011 miscent,
793 1948 843 1994 et
891 1948 997 1995 tres
1044 1955 1206 1995 unum
1254 1948 1394 2006 sunt,
1439 1940 1677 2015 spiritus,

117 2048 259 2104 aqua,
304 2043 352 2088 et
384 2032 598 2102 sanguis
639 2030 693 2103 (I
718 2031 874 2087 Jaan.
918 2030 995 2102 ιν).
1042 2030 1216 2087 Unum
1241 2031 1386 2086 enim
1428 2029 1677 2097 effectum

115 2124 540 2181 sanctiﬁcationis
564 2124 780 2183 habent.
809 2122 1034 2179 Multum
1090 2131 1268 2180 autem
1296 2133 1446 2182 recte
1466 2133 1679 2182 vestem

116 2217 271 2273 Aaron
302 2218 371 2275 ab
394 2217 546 2272 stolis
580 2215 815 2271 ﬁliorum
853 2216 1038 2274 Aaron
1069 2216 1159 2273 lex
1193 2220 1503 2288 separavit;
1550 2234 1679 2279 nam

118 2310 201 2366 etsi
227 2309 292 2364 ad
326 2309 686 2366 imitationem
727 2308 939 2367 Domini
977 2318 1185 2366 vestem
1218 2311 1309 2381 qui
1355 2312 1425 2367 ab
1462 2326 1528 2367 eo
1583 2312 1679 2368 ad-

119 2401 261 2474 optati
290 2414 475 2456 sumus
498 2399 780 2469 habemus,
808 2409 1186 2457 verumtamen
1208 2409 1471 2471 quantum
1503 2402 1680 2474 ponti-.-

119 2493 217 2555 ﬁcis
243 2494 455 2552 diﬂerat
490 2496 657 2553 vestis
698 2512 798 2568 per
824 2497 1100 2559 anteriora
1128 2480 1437 2557 didicimus.
1494 2500 1552 2556 Si
1590 2516 1679 2556 au-

121 2596 210 2646 tem
236 2589 561 2647 sanctiﬁcari
586 2591 984 2664 intelligibilem
1013 2591 1198 2673 Aaron
1221 2594 1533 2665 aspersione
1555 2612 1681 2653 san-

121 2680 272 2753 guinis
314 2690 369 2737 et
403 2681 513 2738 olei
563 2683 938 2753 cognovimus,
986 2700 1095 2743 non
1155 2686 1488 2741 admiremur
1537 2685 1681 2757 quod

123 2773 296 2832 dictum
320 2784 421 2832 est.
463 2775 590 2847 Ipse
617 2777 762 2832 enim
808 2777 1056 2833 Christus
1087 2778 1156 2835 ad
1195 2780 1680 2836 sanctilicationem

120 2874 332 2921 nostram
384 2866 761 2939 aSpersionem
818 2869 1024 2938 proprii
1077 2870 1376 2943 sanguinis,
1432 2870 1684 2925 videlicet

121 2956 390 3026 passionem
416 2973 578 3013 suam
608 2972 707 3027 pro
730 2959 887 3013 nobis
915 2958 1129 3025 obtulit,
1162 2962 1305 3015 unde
1333 2958 1472 3015 ﬁlios
1499 2959 1683 3019 Aaron

121 3053 166 3101 et
189 3047 381 3104 tunicas
399 3064 500 3105 seu
534 3048 701 3104 stolas
732 3064 856 3105 cum
888 3048 1072 3105 Aaron
1098 3050 1298 3105 dixerit
1326 3051 1679 3118 sanctiﬁcari,

122 3137 225 3207 quia
247 3154 580 3213 quaecunque
607 3142 663 3197 in
692 3140 848 3197 nobis
877 3141 1301 3214 contingunt,ad
1330 3158 1476 3212 eum,
1508 3153 1568 3200 ut
1592 3161 1681 3202 ca-

121 3239 198 3299 put
226 3233 421 3295 scilicet
450 3234 626 3292 totius
652 3235 920 3307 corporis,
945 3237 1254 3297 necessario
1284 3239 1570 3297 reducunt.
1596 3239 1681 3296 Ad

122 3327 460 3393 probationem
512 3339 694 3386 autem
741 3346 929 3391 eorum
959 3347 1079 3403 quae
1109 3333 1251 3389 dicta
1284 3342 1431 3402 sunt,
1465 3334 1680 3391 Domini

120 3428 369 3474 sumamus
395 3423 566 3478 verba
600 3440 612 3475 :
645 3420 779 3481 Cum
803 3422 948 3479 enim
972 3423 1370 3505 cruciﬁgendus
1394 3442 1496 3498 pro
1524 3425 1681 3481 nobis

121 3519 268 3576 esset,
296 3512 407 3569 haec
431 3515 536 3571 sub
561 3515 824 3571 orationis
846 3515 1020 3571 forma
1044 3518 1113 3573 ad
1140 3516 1520 3577 instruendam
1551 3521 1683 3576 obe-

121 3596 360 3658 dientiam
379 3604 759 3679 Apostolorum
802 3607 978 3665 dixit:
1013 3607 1165 3664 Sicut
1211 3627 1291 3665 me
1335 3612 1476 3667 misit
1519 3610 1683 3669 Pater

123 3692 169 3747 in
186 3696 443 3766 mundum,
475 3709 527 3756 et
558 3716 651 3772 ego
681 3701 801 3756 misi
838 3717 926 3756 eos
973 3701 1030 3755 in
1068 3701 1323 3756 mundum
1346 3715 1365 3753 :
1404 3710 1451 3757 et
1479 3719 1572 3774 pro
1607 3704 1683 3759 eis

123 3800 198 3856 ego
228 3792 494 3861 sancti/ica
532 3794 783 3865 meipsum
807 3807 825 3845 :
853 3802 907 3848 ut
936 3794 1042 3850 sint
1084 3803 1134 3850 et
1159 3794 1259 3866 ipsi
1280 3796 1600 3865 sanctiﬁcati
1628 3799 1684 3853 in

130 3879 323 3936 veritate.
373 3884 525 3955 Ergo
574 3893 758 3953 aperte
813 3886 1303 3945 sanctiﬁcationem
1351 3889 1684 3945 sacriﬁcium

132 3970 241 4038 quod
261 3988 362 4045 pro
388 3972 554 4031 nobis
582 3974 800 4044 obtulit,
842 3991 909 4043 ex
947 3992 1057 4048 quo
1104 3986 1161 4037 et
1187 3978 1345 4035 nobis
1373 3979 1686 4036 sanctiﬁca-

132 4059 189 4128 iiO
206 4066 411 4134 proﬁcit
447 4065 764 4141 appellavit.

701 4177 931 4237 CAPUT
985 4179 1081 4239 XI.

132 4259 380 4331 BsAaron
415 4277 466 4326 et
505 4269 636 4339 ﬁliis
675 4287 739 4327 ne
773 4280 895 4329 ante
932 4272 1072 4346 diem
1108 4276 1387 4346 septimum
1421 4276 1685 4335 unctionis

486 4357 603 4396 sua:
639 4351 824 4396 exeant
863 4360 890 4398 e
926 4343 1286 4403 tabernacula.

185 4419 316 4491 (CAP.
355 4428 504 4511 vui.)
558 4424 789 4499 Cumque
835 4430 1213 4500 sancti/icasset
1269 4448 1355 4487 eas
1400 4433 1455 4490 in
1498 4435 1684 4490 vestitu

133 4525 222 4580 suo,
244 4521 477 4590 prwcepit
500 4521 580 4577 eis
601 4518 777 4575 dicens
802 4533 819 4571 :
843 4518 1056 4593 Coquite
1081 4540 1266 4583 carnes
1292 4534 1413 4580 ante
1441 4525 1579 4596 fores
1610 4534 1689 4580 ta-

136 4599 377 4677 bernaculi,
411 4621 461 4666 et
498 4612 576 4669 ibi
604 4612 858 4666 comedite
892 4628 998 4668 eas.
1032 4611 1208 4669 Panes
1251 4631 1455 4687 quoque
1497 4633 1685 4671 conse-

134 4696 341 4754 crationis
379 4701 516 4761 edite
551 4701 643 4777 qui
680 4702 837 4772 positi
865 4711 984 4756 sunt
1014 4704 1069 4758 in
1098 4705 1351 4773 canistro,
1383 4706 1519 4760 sicut
1541 4721 1683 4778 prm-

136 4788 238 4856 cepit
258 4793 375 4849 milii
395 4794 662 4853 Dominus
686 4792 866 4849 dicens
893 4810 911 4850 :
940 4794 1120 4852 Aaron
1146 4806 1193 4853 et
1223 4798 1326 4868 ﬁlii
1360 4800 1475 4870 ejus
1518 4816 1688 4856 come-

136 4874 229 4934 dent
253 4899 366 4941 eos:
395 4886 662 4961 quidquid
691 4893 865 4941 autem
893 4886 1148 4959 reliquum
1170 4890 1328 4960 fuerit
1359 4890 1424 4947 de
1450 4908 1608 4946 carne
1635 4899 1685 4948 et

136 4970 409 5047 depanibus,
433 4983 580 5054 ignis
603 4990 891 5037 consumet.
906 4982 983 5037 De
996 4985 1128 5038 ostio
1142 5002 1343 5058 quoque
1360 4984 1686 5043 tabernaculi

139 5077 219 5119 non
252 5072 447 5128 exibitis
491 5066 693 5146 septem
721 5072 927 5141 diebus,
959 5090 1119 5145 usque
1145 5076 1213 5130 ad
1243 5077 1380 5131 diem
1420 5095 1521 5148 quo
1551 5095 1688 5137 com-

139 5152 325 5220 plebitur
344 5171 545 5236 tempus
596 5165 1002 5220 consecrationis
1046 5175 1247 5221 vestrae.
1298 5166 1499 5239 Septem
1548 5170 1684 5225 enim

141 5241 288 5303 diebus
324 5253 510 5323 ﬁnitur
549 5255 894 5324 consecratio,
926 5256 1061 5315 sicut
1096 5265 1146 5311 et
1192 5257 1245 5312 in
1289 5260 1686 5329 praesentiarum

141 5331 305 5401 factum
327 5356 420 5413 est,
461 5356 521 5403 ut
554 5347 688 5403 ritus
717 5348 963 5418 sacriﬁcii
989 5349 1353 5421 compleretur,
1395 5349 1479 5405 die
1507 5368 1566 5404 ac
1596 5368 1689 5408 no-

144 5433 206 5480 εῑε
238 5436 499 5492 manebitis
539 5440 599 5494 in
642 5438 999 5506 tabernacula,
1049 5441 1376 5496 observantes
1421 5434 1688 5505 custodias

144 5513 345 5605 Paulini,
383 5546 446 5585 ne
466 5531 791 5588 moriamini.
823 5530 911 5588 Sic
937 5533 1073 5589 enim
1098 5534 1228 5589 mihi
1252 5543 1570 5605 praeceptum
1590 5543 1687 5590 est.

1706 3192 1754 3258 C

1708 4576 1765 4640 D

1781 1942 1839 1990 et
1868 1934 2166 2006 ﬁguraliter
2184 1950 2283 2010 per
2309 1951 2374 1993 ea
2399 1953 2521 2009 qua:
2544 1952 2688 1996 nunc
2709 1943 3109 2015 contemplatus
3130 1955 3233 2015 est,
3255 1957 3371 2007 tra-

1782 2024 1918 2083 didit
1934 2026 2078 2082 intra
2106 2025 2404 2084 Ecclesiam
2425 2043 2490 2084 ea
2525 2029 2737 2103 perﬁci,
2770 2040 2827 2089 et
2846 2033 3156 2094 nullatenus
3180 2041 3370 2111 prota-

1782 2131 1979 2172 norum
2005 2118 2209 2176 visibus
2240 2127 2298 2175 et
2324 2120 2551 2177 auribus
2573 2123 2860 2193 publicari,
2901 2143 3005 2185 nec
3041 2131 3264 2189 cuilibet
3281 2148 3374 2191 vo-

1780 2206 1910 2264 lenti
1936 2208 2258 2281 profanandi
2301 2226 2367 2268 ea
2400 2227 2523 2270 esse
2555 2215 2892 2275 facultatem.
2931 2220 3087 2278 Unde
3113 2226 3241 2298 quia
3284 2235 3371 2283 ta-

1780 2300 2134 2360 bernaculum
2172 2307 2472 2364 testimonii
2496 2309 2610 2366 Deo
2642 2312 2841 2369 omium
2870 2330 3023 2383 esse,
3051 2317 3251 2374 atrium
3283 2334 3373 2376 au-

1780 2405 1890 2467 tem
1922 2400 2258 2457 tabernaculi
2284 2402 2447 2475 hujus
2479 2403 2803 2476 Ecclesium,
2841 2408 2969 2480 quia
2997 2410 3113 2481 ipsa
3142 2418 3227 2468 est
3244 2421 3372 2470 ante

1782 2491 1906 2549 cmli
1938 2491 2220 2571 introitum
2266 2494 2550 2566 collocata,
2610 2498 2725 2571 ipse
2781 2499 3117 2559 Hierusalem
3172 2505 3371 2577 quippe

1782 2583 2019 2640 cmlestis
2068 2593 2217 2641 tenet
2267 2586 2579 2660 imaginem,
2621 2591 2763 2647 sicut
2807 2592 2937 2649 olim
2975 2594 3369 2665 praediximus:

1781 2674 1929 2731 intus
1944 2676 1998 2731 in
2022 2692 2084 2733 ea
2103 2693 2295 2735 carnes
2314 2681 2568 2737 sacrificii
2590 2682 2747 2754 coqui
2768 2686 3043 2758 prmcepit.
3067 2687 3158 2743 Ait
3181 2689 3329 2744 enim
3351 2707 3367 2746 :

1782 2763 2042 2839 Prwcepit
2069 2771 2144 2825 eis
2166 2772 2375 2827 dicens:
2399 2772 2616 2846 Coquite
2638 2785 2760 2831 ante
2786 2776 2922 2845 fares
2948 2779 3294 2850 tabernaculi,
3321 2791 3371 2838 et

1782 2857 2152 2937 ibigcomedile
2201 2880 2310 2917 eas.
2353 2864 2634 2931 Quomodo
2678 2882 2811 2937 ergo
2842 2868 2896 2922 in
2944 2869 3029 2924 his
3059 2885 3168 2925 non
3200 2869 3374 2925 admi-

1784 2934 1956 3007 randa
1983 2952 2054 3007 sit
2080 2953 2344 3023 sapientia
2377 2954 2649 3025 Spiritus?
2676 2934 2888 3013 Nullam
2910 2960 3108 3031 quippe
3131 2960 3374 3018 dubieta-

1784 3050 1892 3098 tem
1924 3044 2231 3116 hujusmodi
2259 3045 2555 3104 intellectui
2594 3048 2902 3122 dereliquit,
2940 3060 3226 3125 propterea
3255 3071 3375 3111 car-

1784 3152 1883 3197 nes
1912 3152 2036 3194 cum
2064 3139 2296 3210 panibus
2330 3141 2538 3198 comedi
2566 3144 2907 3215 praecipiens,
2935 3155 2997 3200 ut
3039 3163 3139 3203 nos
3175 3149 3399 3209 intelli-'

1783 3245 2034 3300 geremus
2060 3233 2190 3289 illud
2213 3232 2281 3288 ab
2307 3248 2373 3289 eo
2403 3235 2719 3307 mysterium
2752 3237 2856 3293 dici
2883 3256 2896 3292 :
2921 3239 3065 3311 quod
3095 3241 3254 3298 simul
3277 3258 3345 3313 pa

1782 3324 1868 3381 nis
1907 3333 2115 3381 etcaro
2157 3336 2263 3397 est,
2296 3327 2437 3383 sicut
2475 3343 2672 3400 corpus
2695 3329 2915 3399 Christi,
2960 3335 3116 3404 panis
3142 3335 3249 3390 vivi
3276 3336 3368 3408 qui

1782 3416 1848 3474 de
1875 3417 2013 3474 coelo
2039 3417 2338 3491 descendit,
2383 3424 2568 3477 ethoc
2597 3422 2718 3479 ideo
2746 3432 2804 3480 ut
2834 3424 2944 3482 illic
2979 3425 3225 3486 absolute
3247 3445 3366 3502 my-

1783 3509 1919 3564 stica
1943 3524 2096 3564 cmna
2126 3510 2349 3571 deberet
2394 3511 2684 3569 celebrari.
2715 3512 2898 3570 Aaron
2945 3523 3126 3573 autem
3175 3526 3231 3574 et
3271 3516 3368 3574 ﬁlii

1783 3596 1903 3668 ejus
1930 3597 2058 3654 illud
2086 3609 2231 3656 recte
2259 3604 2569 3658 comedunt.
2602 3602 2717 3657 Nisi
2751 3604 2895 3660 enim
2925 3602 3173 3664 Christus
3209 3622 3366 3678 roga-

1786 3696 1873 3742 tus
1898 3704 1994 3743 ore
2028 3691 2371 3746 sacerdotum
2400 3692 2515 3763 ipse
2542 3690 2772 3759 venerit,
2802 3702 2856 3749 et
2887 3710 3100 3751 omnem
3129 3699 3368 3753 sanctiﬁ-

1786 3779 2011 3845 cavcrit,
2043 3788 2098 3835 et
2140 3780 2439 3835 initiavcrit
2476 3797 2539 3836 ea
2579 3797 2700 3853 qua:
2752 3792 3003 3855 aguntur,
3064 3785 3371 3845 nullatenus

1785 3871 2114 3930 sacriﬁcium
2167 3875 2508 3933 Dominicum
2560 3875 2718 3934 ﬁunt.
2772 3874 2879 3935 Sed
2923 3880 3028 3936 hoc
3061 3880 3205 3951 quod
3239 3880 3373 3939 reli-

1787 3980 1953 4035 quum
1983 3974 2065 4021 cst
2095 3966 2161 4021 de
2205 3967 2461 4024 carnibus
2507 3975 2563 4022 et
2602 3970 2854 4040 panibus,
2902 3972 2956 4028 in
2991 3971 3115 4046 igne
3155 3973 3370 4033 incendi

1785 4058 2063 4131 praecepit.
2092 4058 2245 4127 Quod
2280 4075 2427 4115 nunc
2451 4061 2699 4118 videmus
2742 4062 2904 4120 etiam
2951 4066 3283 4124 sensibiliter
3316 4069 3371 4126 in

1789 4148 2032 4205 Ecclesia
2078 4149 2218 4218 ﬁeri,
2270 4150 2488 4223 ignique
2518 4152 2656 4208 tradi
2703 4170 3038 4227 quiscunque
3086 4173 3371 4218 remanere

1787 4240 2076 4312 contigerit
2124 4239 2501 4314 inconsumpta
2524 4283 2540 4310 ,
2595 4258 2702 4300 non
2737 4247 2960 4304 omnino
3005 4262 3069 4305 ea
3107 4265 3229 4321 quas
3263 4266 3373 4307 una

1789 4334 1876 4390 die
1899 4334 1984 4390 vel
2009 4334 2218 4391 duabus
2247 4344 2342 4391 aut
2367 4337 2554 4394 multis
2598 4348 2813 4397 servata
2843 4349 2990 4397 sunt.
3036 4340 3188 4398 Sicut
3224 4343 3371 4400 enim

1790 4435 2033 4498 apparet,
2060 4442 2169 4484 non
2194 4427 2299 4486 hoc
2326 4428 2602 4501 legislator
2619 4432 2899 4501 praecepit,
2933 4431 3031 4487 sed
3073 4431 3216 4499 quod
3245 4431 3374 4487 reli-

1789 4535 1956 4591 quum
1986 4528 2070 4576 est
2094 4521 2307 4578 incendi
2340 4520 2528 4591 jubet;
2558 4522 2675 4579 dies
2712 4529 2893 4578 autem
2917 4536 3026 4577 non
3052 4536 3371 4579 commemo-

1790 4614 1951 4681 ravit,
1982 4621 2045 4670 ut
2087 4628 2422 4685 quascunque
2455 4614 2829 4686 cujuscunque
2874 4615 2956 4671 rei
2984 4631 3149 4673 causa
3194 4630 3373 4689 emer-

1788 4712 1950 4777 gente
2001 4705 2361 4775 remanserint
2406 4706 2822 4787 inconsumpta,
2876 4706 2992 4763 sive
3053 4714 3265 4792 tempus
3316 4706 3371 4763 in

1791 4810 1956 4854 causa
1991 4796 2083 4861 sit,
2125 4795 2239 4852 sive
2273 4796 2401 4867 quid
2432 4796 2579 4857 aliud
2607 4795 2788 4865 fuerit,
2820 4796 2961 4869 ignis
2991 4812 3127 4871 Opus
3155 4807 3211 4857 et
3238 4812 3373 4854 con-

1789 4886 2029 4960 autnptio
2053 4884 2166 4942 ﬁ‘at.
2212 4886 2355 4959 Ergo
2384 4901 2453 4941 ex
2487 4886 2591 4941 hoc
2635 4884 2777 4957 quod
2818 4888 2997 4961 agitur
3043 4888 3373 4946 sensibilitcr

1790 4978 2117 5053 signiﬁcatio
2144 4976 2424 5048 cujusdam
2450 4977 2799 5051 intelligibilis
2826 4980 2907 5037 rei
2932 4981 3012 5037 eis
3057 4980 3148 5051 qui
3196 4981 3373 5037 inten—

1789 5069 1924 5127 dunt
1967 5068 2236 5139 provenit,
2268 5075 2327 5124 ut
2367 5068 2584 5139 quando
2610 5070 2680 5125 ad
2703 5071 3089 5133 comestionem
3119 5070 3371 5128 sacriﬁcii

1789 5160 2091 5227 deﬁcimus,
2123 5167 2178 5231 et
2210 5158 2493 5215 comedere
2520 5157 2649 5215 illud
2678 5160 2889 5233 integre
2921 5178 3027 5229 non
3063 5176 3368 5239 possumus,

1788 5258 1969 5311 mente
1998 5250 2184 5313 forsan
2232 5249 2548 5311 lassiscente
2578 5250 2693 5325 sive
2734 5252 3037 5320 deﬁciente,
3083 5260 3265 5305 utrum
3305 5260 3370 5303 ea

1789 5359 1909 5417 qua:
1950 5343 2204 5409 videntur
2249 5356 2444 5416 corpus
2488 5352 2736 5417 oporteat
2778 5345 3003 5417 intelligi
3040 5340 3275 5408 Domini,
3313 5337 3369 5399 in

1788 5458 1897 5515 quo
1933 5441 2104 5509 oculis
2152 5455 2255 5498 nec
2297 5442 2471 5515 angeli
2498 5449 2729 5517 possunt
2750 5441 3083 5514 prospicere,
3129 5450 3238 5493 non
3284 5446 3369 5489 re-

1789 5535 1985 5607 linqui,
2015 5535 2109 5595 sed
2132 5535 2295 5590 etiam
2320 5535 2463 5593 tradi
2487 5550 2552 5591 ea
2578 5536 2688 5610 igni
2710 5541 2923 5605 oportet
2942 5528 3185 5602 spiritus,
3215 5531 3276 5579 ut
3302 5536 3367 5581 ea

145 5602 471 5693 Feceruatque
499 5622 683 5678 Aaron
726 5632 789 5678 et»
812 5623 909 5693 ﬁlii
948 5626 1060 5696 ejus
1089 5602 1273 5681 cuncta
1303 5602 1691 5699 qum-praecepit
1792 5602 2041 5685 comedat
2066 5641 2183 5700 qua:
2203 5627 2361 5685 nobis
2397 5637 2523 5684 sunt
2553 5643 2619 5683 ex
2646 5606 2959 5683 inﬁrmitate
2977 5615 3288 5675 invisibilia.

148 5700 370 5771 Dominus
384 5732 475 5784 per
489 5731 705 5773 manum
730 5714 920 5787 Moysi.
946 5716 1053 5788 (Ea:
1080 5718 1416 5792 Augustino.)
1440 5718 1578 5786 Quid
1607 5726 1691 5777 est

151 5801 272 5871 quod
299 5806 422 5865 dicit
449 5808 663 5894 Moyses
698 5812 764 5868 ad
803 5812 987 5871 Aaron
1024 5820 1079 5875 et
1107 5811 1246 5871 ﬁlios
1269 5810 1385 5888 ejus
1412 5829 1535 5875 cum
1571 5829 1694 5874 san-

1865 5717 2142 5787 Quomodo
2162 5729 2341 5793 autem
2370 5718 2648 5777 comedat?
2672 5730 2795 5783 cum
2821 5709 3236 5785 cogitaverimus
3256 5708 3341 5767 vir

1796 5812 1898 5871 tuti
1934 5809 2167 5889 Spiritus
2188 5826 2310 5873 esse
2338 5809 2617 5887 possibilia
2644 5822 2708 5867 ea
2736 5820 2854 5882 qua:
2879 5802 3033 5873 nobis
3057 5800 3365 5878 impossibi-
