3940 6352
543 395 661 499 δδδς
740 482 745 491 ,
874 466 903 481 ,.

543 632 629 678 tor
654 620 869 679 videtur
894 637 907 673 :
938 616 1080 675 Dicit
1108 616 1256 673 enim
1283 616 1401 675 sic:
1431 614 1510 673 De
1536 614 1669 669 ostio
1709 630 1913 685 quoque
1952 611 2126 667 taber-

542 709 723 771 naculi
750 727 854 767 non
891 707 1094 765 exibitis
1120 717 1316 779 septem
1357 706 1563 763 diebus.
1597 704 1819 777 Septem
1841 704 1974 759 cur?
1999 702 2126 774 quia

541 799 992 874 quinquagesima
1035 799 1153 855 dies
1193 796 1506 869 septenario
1545 811 1777 857 numero
1822 794 1879 851 in
1935 801 2128 851 semet-

543 892 664 964 ipso
691 890 1050 961 multiplicato
1068 897 1127 947 et
1148 904 1258 947 uno
1296 887 1348 943 ei
1387 886 1601 957 adjecto
1633 886 1913 959 perﬁcitur
1940 904 1953 939 :
1985 885 2129 945 unde

538 991 599 1042 et
634 982 1109 1043 Hebdomadarum
1146 996 1267 1037 eam
1311 978 1679 1046 festivitatem,
1722 977 1865 1050 apud
1906 976 2127 1050 Moysen

539 1081 672 1148 diei,
700 1080 1055 1137 manifestam
1080 1077 1381 1148 sequentia.
1508 1124 1511 1131 .

570 1216 573 1225 λ
608 1172 712 1231 His
736 1172 939 1231 similia
966 1180 1022 1226 et
1047 1170 1227 1227 Lucas
1244 1166 1493 1227 tradidit.
1524 1166 1616 1222 Ait
1639 1167 1782 1231 enim
1803 1165 1870 1221 de
1896 1164 2124 1223 Domino

539 1276 596 1325 et
619 1263 938 1335 discipulis:
984 1261 1184 1328 Quibus
1214 1270 1264 1315 et
1287 1259 1619 1331 prwsentavit
1644 1260 1975 1329 semetipsum
2011 1263 2126 1328 post

536 1342 759 1415 mortem
783 1371 939 1412 sua»
966 1354 1027 1409 in
1060 1352 1241 1413 multis
1268 1352 1592 1423 argumentis
1626 1366 1720 1421 per
1754 1350 1867 1404 dies
1893 1347 2127 1419 quadra-

535 1450 681 1522 ginta
718 1462 979 1519 apparens
1006 1444 1081 1501 eis
1124 1454 1173 1499 et
1216 1443 1431 1515 loquens
1476 1443 1542 1498 de
1579 1458 1735 1513 regno
1770 1440 1893 1507 Dei,
1926 1449 1974 1495 et
2003 1455 2127 1494 con-

532 1557 745 1597 uescens
785 1540 1032 1611 pracepit
1056 1539 1132 1595 eis
1166 1537 1232 1592 ab
1260 1534 1643 1607 Hierosolymis
1671 1552 1734 1589 ne
1777 1534 2119 1597 discederent,

532 1632 625 1691 sed
644 1618 1004 1704 “spectarent
1036 1629 1434 1702 promissionem
1459 1624 1642 1682 Patris
1669 1626 1809 1696 (Act.
1837 1624 1903 1697 ι).
1932 1622 2125 1679 Cernis

532 1724 807 1796 quomodo
845 1720 1227 1783 consecrabat,
1273 1719 1389 1774 sive
1432 1715 1750 1787 perﬁciebat
1792 1714 1923 1771 eos?
1947 1713 2125 1783 Appa-

532 1831 659 1871 rens
681 1815 757 1870 eis
781 1823 829 1868 et
854 1813 1046 1869 dacem
1078 1810 1143 1865 de
1172 1825 1329 1880 regno
1355 1808 1478 1874 Dei,
1502 1817 1550 1863 et
1577 1822 1904 1873 conoescens,
1931 1804 2120 1860 dicens

874 466 903 481 ,,
964 476 969 481 ,
1076 474 1081 481 ,
1132 466 1139 471 ,
1183 412 1245 479 n.
1283 350 1799 469 RABANPMAURI
1837 350 2158 459 ancillari
2190 354 2517 481 TM'OGUNT.
2551 356 2839 460 omnm
2878 398 3059 457 PARS
3098 399 3143 455 ι.

540 530 616 585 ita
637 476 905 585 videnlur.
940 490 1093 581 Unde
1110 520 1877 595 ctsubsequenterdisputare
1908 516 2124 597 lcgisla-
2148 520 2202 580 Α
2227 518 2364 591 gerit
2414 492 2781 588 primitiarum
2835 492 3025 582 futuri,
3081 516 3176 571 sed
3222 522 3277 571 et
3328 500 3813 581 consummationis

3710 376 3809 461 336

2227 607 2512 681 praesentis
2534 606 2736 675 saeculi,
2766 608 2858 681 qui
2884 606 2940 663 in
2966 617 3174 679 septem
3210 610 3513 665 revolvitur
3535 612 3748 670 diebus.

2299 700 2592 773 Oportebat
2616 705 2762 760 enim
2788 713 2848 760 ut
2873 705 2930 760 in
2952 720 3059 777 qua
3083 705 3171 761 die
3193 708 3434 763 surrexit
3460 704 3741 778 Christus,
3764 711 3811 769 in

2228 797 2416 853 eadem
2446 804 2500 852 et
2530 795 2766 869 Spiritus
2802 799 3102 854 adveniret.
3144 798 3299 858 Tunc
3341 817 3471 874 ergo
3500 804 3693 860 vocari
3719 804 3810 864 Aa-

2228 904 2328 945 ron
2355 896 2410 945 et
2433 888 2573 947 ﬁlios
2610 886 2727 960 ejus
2753 899 2808 947 et
2848 889 3084 963 majores
3110 903 3243 948 natu
3272 890 3441 949 Israel
3466 894 3584 949 ait:
3633 894 3809 952 Eccle-

2228 981 2365 1037 siam
2395 982 2790 1051 quodammodo
2817 998 2915 1053 per
2942 996 3131 1038 eorum
3171 984 3265 1055 qui
3300 984 3431 1040 dicti
3473 968 3608 1040 sunt
3655 987 3805 1042 aediﬁ-

2228 1088 2359 1128 cans
2383 1060 2743 1131 vocationem.
2768 1073 2922 1130 Tunc
2945 1074 3141 1146 quippe
3167 1076 3321 1146 prius
3347 1087 3715 1132 convocatum
3739 1089 3804 1134 est

2228 1164 2483 1222 Ecclesiae
2510 1166 2901 1239 spectaculum,
2936 1166 2990 1222 in
3020 1183 3124 1239 qua
3154 1166 3510 1242 intelligibilis
3538 1158 3802 1235 Δίῃ-οη,ἶὰ

2228 1266 2331 1324 est,
2360 1257 2608 1316 Christus
2633 1259 2889 1314 sacerdos
2918 1274 3038 1315 esse
3065 1248 3341 1327 creditur;
3370 1259 3467 1315 lilii
3489 1268 3680 1315 autem
3706 1261 3804 1331 ejus

2228 1351 2321 1425 qui
2347 1349 2593 1407 sublimis
2632 1360 2759 1406 sunt
2795 1334 3242 1420 conversationis,
3273 1358 3327 1407 et
3358 1352 3479 1408 ideo
3524 1338 3801 1410 sacerdotii

2227 1442 2463 1499 ministri
2486 1451 2542 1498 et
2567 1450 2950 1515 cooperatores
2990 1449 3146 1509 sunt;
3182 1443 3421 1515 majores
3450 1454 3643 1501 autem
3685 1455 3797 1502 natu

2226 1531 2414 1598 Israel,
2461 1534 2905 1605 presbyterorum
2935 1534 3069 1590 ordo
3090 1542 3171 1589 est
3204 1553 3215 1587 :
3247 1551 3315 1589 ex
3344 1534 3430 1591 his
3470 1535 3676 1609 quippe
3701 1553 3801 1593 cor-

2224 1637 2328 1695 pus
2352 1622 2610 1679 Ecclesiae
2647 1622 3033 1693 componitur;
3072 1623 3167 1679 sed
3203 1623 3384 1679 Aaron
3412 1625 3643 1696 quidem
3668 1643 3800 1683 acce-

2224 1713 2303 1785 pit
2333 1713 2437 1769 sibi
2468 1712 2695 1770 vitulum
2727 1730 2827 1786 pro
2853 1721 3078 1787 peccato
3109 1722 3166 1769 et
3201 1715 3430 1771 arietem
3473 1716 3533 1771 in
3574 1715 3800 1773 holocau-

2224 1813 2395 1872 stum,
2437 1813 2731 1878 utrumque
2793 1806 3221 1870 immaculatum,
3278 1814 3336 1861 et
3381 1806 3585 1862 obtulit
3638 1824 3795 1864 coram

533 1913 717 1961 autem
742 1903 807 1959 ab
835 1899 1213 1971 Hierosolymis
1249 1915 1355 1955 non
1397 1898 1684 1967 discedere,
1726 1912 1836 1954 non
1865 1894 2121 1968 praecepit
2147 1898 2195 1958 B
2222 1895 2473 1953 Domino.
2505 1894 2659 1952 Tunc
2684 1897 2830 1952 enim
2874 1895 3124 1953 Christus
3152 1897 3483 1953 sacriﬁcium
3525 1913 3687 1954 suum
3730 1900 3797 1955 in-

529 1994 753 2067 januam
796 1992 1127 2050 tabernaculi
1157 1990 1410 2062 progredi
1440 1990 1523 2046 vel
1555 1989 1757 2061 egrali,
1786 1987 1842 2045 id
1873 1995 1977 2054 est,
2009 2000 2121 2043 non

530 2086 797 2160 permittit
818 2085 1116 2159 prmdicare
1145 2098 1314 2153 usque
1339 2081 1465 2137 dum
1498 2081 1917 2152 promissionem
1947 2077 2121 2150 Spiri-

528 2188 638 2243 tus,
656 2193 793 2248 quae
816 2175 962 2235 facta
1006 2185 1111 2239 est,
1159 2172 1611 2244 quinquagesima
1654 2170 1743 2225 die
1785 2169 2116 2239 acciperent.

529 2273 824 2343 Completis
854 2279 1036 2326 autem
1060 2270 1271 2335 diebus,
1298 2268 1499 2324 Petrus
1522 2282 1651 2324 mox
1678 2265 2120 2338 praedicationem

530 2365 754 2434 incepit,
790 2363 1011 2433 quando
1039 2369 1097 2417 et
1132 2361 1331 2415 addita:
1375 2367 1495 2414 sunt
1536 2359 1729 2413 animae
1773 2357 1983 2412 circiter
2014 2354 2121 2410 tria

530 2454 696 2510 millia
724 2453 862 2525 (Act.
893 2451 978 2524 ιι).
1028 2451 1123 2507 Sic
1167 2460 1223 2506 et
1270 2451 1370 2522 ipsi
1402 2465 1499 2521 per
1549 2448 1760 2519 singula
1800 2447 2120 2503 mandatum

530 2547 634 2604 hoc
654 2544 1047 2608 custodierunt,
1083 2550 1140 2597 et
1182 2541 1419 2596 maxime
1448 2542 1502 2596 in
1528 2540 1608 2595 eis
1631 2538 1971 2610 complentur
1998 2550 2120 2607 qua:

529 2634 585 2699 in
627 2635 1081 2704 subsequentibus
1107 2633 1402 2687 dicuntur:
1458 2629 1802 2686 Observantes
1853 2629 2117 2684 custodias

527 2726 766 2794 Domini,
794 2735 983 2783 utnon
1026 2724 1362 2789 moriamini;
1408 2722 1485 2778 sic
1525 2724 1664 2778 enim
1706 2722 1837 2778 mihi
1871 2721 2117 2794 prwcepit

524 2817 805 2875 Dominus.
838 2814 1201 2887 Feceruntque
1224 2814 1406 2870 Aaron
1433 2822 1482 2869 et
1506 2813 1607 2883 filii
1633 2830 1748 2885 ejus
1784 2822 1974 2868 cuncta
2000 2829 2118 2884 qua:

524 2906 731 2965 loeutus
760 2916 839 2963 est
866 2906 1128 2963 Dominus
1166 2922 1260 2976 per
1289 2922 1507 2961 manum
1533 2903 1726 2975 Moysi.
1767 2903 1827 2961 Si
1854 2903 2119 2975 quaeritur

526 3014 624 3058 cur
649 3000 833 3057 Aaron
853 2999 980 3057 ﬁliis
998 3000 1117 3057 suis
1134 2999 1450 3070 coniungat,
1480 2998 1791 3055 invenietur
1814 3013 1982 3065 causa
2006 3013 2119 3057 om-

490 3136 505 3153 .
520 3091 657 3149 uiuo
672 3090 980 3149 necessaria
1006 3098 1061 3145 et
1086 3090 1159 3146 ad
1176 3090 1257 3149 rei
1270 3089 1769 3149 considerationem
1786 3097 2113 3160 opportuna.

524 3181 651 3239 Non
659 3182 805 3237 enim
820 3182 972 3237 exire
984 3181 1052 3236 de
1062 3178 1232 3248 janua
1245 3181 1581 3236 tabernaculi
1592 3181 1914 3247 testimonii,
1934 3180 1989 3236 id
2007 3189 2114 3247 est,

526 3288 639 3333 non
666 3272 886 3329 interim
929 3274 1213 3329 attrectari
1251 3273 1621 3344 evangelicam
1664 3274 2109 3346 praedicationem
2137 3262 2183 3326 C

524 3362 618 3420 bis
643 3378 767 3433 qua).
788 3371 914 3421 sunt
932 3364 1210 3434 praedicta.
1238 3363 1507 3437 Apparuit
1530 3379 1662 3437 ergo
1685 3381 1808 3421 cum
1830 3365 2110 3436 apostolis,

526 3461 585 3510 et
625 3452 877 3510 Christus
914 3468 1069 3511 suam
1119 3454 1349 3526 januam
1395 3469 1505 3511 non
1553 3455 1953 3527 egrediebatur,
1997 3455 2114 3526 ipse

510 3545 796 3616 siquidem
821 3554 941 3605 erat
987 3546 1083 3616 qui
1122 3555 1181 3601 et
1224 3546 1599 3619 praedicandus
1634 3555 1772 3616 erat,
1817 3556 1875 3603 et
1919 3546 2012 3617 qui
2056 3547 2114 3603 in

527 3636 789 3709 apostolis
834 3638 1177 3709 loquebatur,
1224 3649 1517 3712 propterea
1562 3656 1689 3699 cum
1730 3640 1857 3697 ﬁliis
1896 3650 1949 3698 et
1997 3642 2113 3714 ipse

521 3729 708 3785 Aaron
750 3729 1060 3786 consecrari
1092 3746 1188 3786 seu
1216 3732 1586 3788 consummari
1628 3732 1930 3789 dicebatur.
1980 3732 2113 3802 Quis

521 3823 599 3885 sit
622 3833 808 3879 autem
845 3838 1178 3881 consecrans
1222 3825 1338 3881 sive
1380 3832 1784 3893 consummans,
1833 3826 2113 3896 legislator

521 3929 867 3985 nequaquam
892 3916 1149 3971 subdidit.
1176 3914 1268 3971 Ait
1287 3916 1434 3972 enim
1459 3931 1474 3971 :
1499 3915 1704 3986 Septem
1725 3916 1907 3972 diebus
1927 3917 2113 3987 ﬁnitur

522 4008 1021 4075 consecratio,sive,
1048 4009 1344 4065 secundum
1376 4008 1752 4083 Septuaginta,
1780 4026 2112 4065 consumma-

521 4097 593 4148 vit
622 4113 806 4150 manus
834 4108 1048 4163 vestras,
1081 4100 1221 4154 sicut
1248 4107 1302 4156 et
1343 4099 1490 4155 fecit.
1525 4100 1873 4157 Manifestum
1905 4111 1991 4156 est
2016 4117 2112 4155 au-

521 4188 632 4240 tem
662 4181 805 4255 quod
826 4182 939 4254 ipse
964 4192 1085 4240 erat
1112 4185 1206 4253 qui
1236 4184 1377 4241 ﬁlios
1401 4189 1780 4253 consecrabat,
1804 4188 1917 4243 sive
1940 4187 2109 4258 perﬁ-

523 4274 721 4341 ciebat,
761 4274 854 4345 qui
891 4282 949 4329 et
972 4273 1162 4344 perﬁci
1210 4276 1266 4329 in
1303 4276 1385 4332 eis
1413 4279 1527 4333 sive
1561 4279 1872 4337 consecrari
1900 4289 1962 4334 ut
1986 4288 2111 4351 pote

521 4368 579 4423 in
606 4365 865 4425 membris
888 4366 1125 4439 propriis
1157 4366 1460 4424 dicebatur.

1125 4503 1356 4562 CAPUT
1394 4504 1508 4562 XI].

523 4618 600 4673 De
635 4618 742 4689 ﬁne
777 4618 1185 4674 consecrationis
1223 4627 1272 4673 et
1319 4617 1503 4675 hostiis
1547 4636 1643 4692 pro
1691 4636 1748 4679 se
1795 4630 1844 4676 et
1891 4623 2103 4695 papula.
2130 4615 2188 4676 Ι)

594 4732 749 4806 (Car.
786 4732 895 4805 ιι.)
933 4730 1101 4790 Facto
1126 4743 1303 4790 autem
1330 4743 1510 4792 octavo
1535 4734 1644 4803 die,
1672 4737 1868 4793 vocavit
1898 4735 2108 4808 Moyses

523 4828 705 4885 Aaron
731 4835 781 4881 et
804 4826 945 4896 ﬁlios
970 4826 1111 4898 ejus,
1135 4844 1200 4884 ac
1226 4828 1459 4899 majores
1492 4838 1621 4885 natu
1650 4827 1849 4899 Israel,
1874 4830 2109 4903 dixitque

478 4953 483 4959 ι
522 4918 594 4971 ad
640 4917 861 4972 Aaron:
906 4917 1051 4973 Tolle
1093 4919 1313 4975 uitulum
1337 4936 1433 4990 pro
1472 4930 1708 4991 peccato,
1735 4931 1785 4975 et
1809 4923 2025 4977 arietem
2052 4921 2106 4976 in

520 5006 908 5073 holocaustum,
950 5016 1225 5080 utrumque
1259 5010 1650 5077 immaculatos,
1683 5020 1732 5067 et
1778 5013 1965 5083 oﬁ‘eres
1987 5012 2106 5068 illos

519 5116 703 5155 coram
744 5100 995 5168 Domino,
1026 5111 1073 5156 et
1103 5103 1173 5158 ad
1214 5103 1354 5174 ﬁlios
1403 5104 1574 5159 Israel
1614 5104 1845 5177 loqueris
1872 5120 1891 5158 :
1920 5102 2107 5164 Tollite

522 5190 730 5247 hircum
750 5208 846 5263 pro
866 5203 1098 5264 peccato,
1134 5203 1183 5249 et
1208 5194 1429 5250 uitulum
1468 5204 1624 5269 atque
1660 5214 1855 5271 agnum
1886 5201 2108 5255 annicu-

506 5282 634 5359 tlum
660 5288 708 5335 et
748 5280 861 5359 sine
888 5279 1124 5347 macula,
1151 5281 1207 5336 in
1246 5280 1631 5352 holocaustum,
1677 5286 1854 5343 bovem
1889 5296 1939 5342 et
1970 5289 2109 5345 arie-

522 5384 625 5431 tem
644 5372 1035 5455 propaciﬁcis;
1067 5382 1114 5427 et
1158 5374 1424 5430 immolate
1460 5393 1546 5434 eos
1573 5395 1752 5435 coram
1776 5376 2023 5448 Domino,
2052 5381 2110 5436 in

520 5465 785 5536 sacriﬁcio
820 5465 1171 5535 singulorum,
1210 5467 1439 5555 similam
1468 5470 1580 5525 oleo
1621 5488 1952 5545 conspersum
1978 5475 2108 5546 olfe-

525 5567 717 5624 rentes,
734 5556 888 5612 hodie
900 5557 1039 5612 enim
1059 5556 1320 5627 Dominus
1344 5561 1611 5630 apparebit
1626 5562 1789 5617 vobis.
1816 5564 1924 5634 (Ea:
1940 5564 2107 5635 Hesy-

524 5648 700 5722 chia.)
747 5649 901 5706 Diem
963 5650 1110 5707 enim
1156 5660 1404 5709 octavam
1446 5651 1806 5712 Pentecosten
1849 5658 2107 5729 appellat,

526 5741 653 5808 quia
678 5741 1002 5801 Pentecoste
1028 5746 1145 5804 dies
1181 5745 1372 5802 incidit
1400 5748 1456 5803 in
1481 5748 1587 5805 hac
1610 5764 1719 5822 qua
1745 5747 1999 5806 Salvator
2021 5766 2108 5808 re-

529 5835 788 5902 surrexit,
839 5852 958 5908 quie
1002 5853 1122 5896 esse
1162 5848 1354 5896 octava
1391 5842 1649 5912 creditur,
1700 5846 1829 5916 quia
1877 5846 2108 5917 ﬁguram

2222 1997 2511 2044 notescere
2558 1987 2756 2060 coepit,
2802 2003 2868 2042 ex
2911 2002 3019 2057 quo
3064 1987 3305 2059 Spiritus
3353 1989 3656 2046 adveniens
3695 1990 3797 2046 Par-

2222 2082 2344 2136 thos
2368 2088 2424 2136 et
2449 2078 2634 2135 Medos
2659 2086 2714 2135 et
2741 2078 3026 2146 Elamitas,
3075 2088 3129 2135 et
3157 2080 3401 2135 omnium
3432 2081 3679 2151 gentium
3704 2081 3794 2152 pri-

2221 2174 2405 2229 mitias
2448 2172 2519 2227 ad
2569 2171 2935 2245 apostolorum
2979 2172 3247 2227 cmnaculi
3288 2173 3575 2243 superiora
3619 2173 3792 2245 colligit

2223 2266 2361 2341 (Act.
2399 2265 2483 2338 ιι).
2514 2266 2739 2338 Accepit
2769 2274 2949 2321 autem
2997 2273 3053 2320 et
3078 2265 3213 2321 ordo
3256 2265 3522 2331 maiorum
3570 2273 3697 2320 natu
3730 2264 3794 2319 ls-

2221 2359 2359 2428 rael,
2418 2375 2580 2431 quem
2625 2360 3071 2433 presbyterorum
3115 2374 3236 2414 esse
3282 2359 3539 2424 diximus,
3589 2368 3650 2413 ut
3692 2368 3795 2429 pote

2222 2450 2338 2522 ipse
2365 2459 2571 2507 sortem
2599 2458 2655 2505 et
2685 2451 2913 2521 ﬁguram
2958 2449 3240 2504 doctorum
3286 2464 3481 2520 gerens
3508 2456 3565 2504 et
3610 2448 3675 2504 ad
3716 2448 3795 2503 do-

2221 2543 2423 2600 cendos
2446 2559 2546 2600 nos
2574 2542 2724 2599 utilis
2749 2551 2853 2609 est,
2876 2542 3152 2616 vitamque
3192 2542 3457 2614 perﬁcere
3487 2543 3543 2597 in
3572 2542 3793 2598 Ecclesia

2221 2638 2661 2693 convenientium
2685 2644 2884 2709 potest.
2914 2634 3046 2704 Quae
3075 2646 3255 2691 autem
3280 2644 3405 2692 sunt
3434 2635 3556 2693 haec
3579 2653 3696 2709 qua:
3720 2652 3793 2690 ac-

2222 2727 2401 2798 cepit?
2435 2725 2660 2782 Hircum
2688 2744 2783 2798 pro
2810 2736 3043 2798 peccato,
3089 2741 3190 2796 pro
3214 2726 3537 2798 pmnitentia
3565 2727 3792 2782 videlicet

2221 2819 2571 2887 sacriﬁcium,
2608 2830 2655 2874 et
2682 2817 2903 2873 vitulum
2925 2829 2971 2874 et
3001 2836 3215 2890 agnum.
3236 2819 3547 2873 anniculam
3580 2820 3636 2872 in
3664 2817 3791 2872 holo-

2219 2923 2485 2978 caustum,
2531 2909 2934 2966 immaculatos:
2974 2909 3271 2982 perfectam
3304 2908 3561 2965 videlicet
3599 2918 3653 2965 et
3689 2925 3793 2964 con-

2220 3011 2548 3061 summatam
2597 3002 2786 3069 vitam,
2833 3001 2949 3057 sive
2997 3001 3498 3077 conversationem,
3551 3018 3672 3073 qua:
3714 3015 3791 3072 per

2220 3097 2452 3163 hostias,
2486 3097 2540 3153 id
2584 3104 2689 3165 est,
2720 3110 2818 3168 per
2860 3093 3177 3151 holocausta
3225 3095 3602 3167 signiﬁcatur;
3638 3105 3683 3151 et
3719 3092 3792 3146 bo-

2219 3206 2329 3244 vem
2350 3198 2399 3244 et
2421 3189 2637 3244 arietem
2668 3205 2762 3260 pro
2803 3187 3064 3259 paciﬁcis.
3113 3185 3220 3242 Sed
3270 3196 3324 3243 et
3374 3186 3441 3242 ad
3483 3186 3791 3243 sacriﬁcium

2214 3282 2451 3340 salutare
2482 3282 2811 3338 mediocrem
2838 3281 3332 3348 conversationem,
3364 3297 3487 3353 quae
3517 3291 3693 3337 tamen
3712 3294 3792 3353 po-

2215 3384 2323 3432 test
2346 3375 2557 3433 salvare
2598 3391 2692 3433 eos
2724 3377 2814 3447 qui
2840 3374 3099 3441 oﬂ'erunt,
3143 3376 3286 3432 sicut
3332 3392 3502 3448 supra
3531 3377 3788 3442 diximus;

2214 3486 2395 3523 coram
2421 3467 2647 3522 Domino
2687 3477 2868 3523 autem
2899 3468 3082 3522 omnia
3109 3470 3363 3539 praecepit
3406 3468 3529 3523 ﬁeri
3558 3487 3572 3522 :
3604 3473 3791 3540 oportet

2214 3560 2412 3633 quippe
2454 3574 2613 3616 omne
2643 3558 2863 3615 virtutis
2892 3574 3027 3630 opus
3053 3568 3110 3615 ut
3136 3567 3263 3630 pote
3290 3558 3513 3615 vidente
3546 3559 3657 3616 Deo
3693 3573 3791 3629 per-

2212 3653 2331 3725 agi,
2374 3661 2429 3707 et
2463 3667 2569 3707 non
2600 3650 2876 3722 corrumpi
2916 3666 3094 3722 neque
3119 3650 3321 3717 vitiari,
3351 3666 3481 3707 cum
3510 3652 3789 3721 permisce-

2213 3761 2335 3801 mus
2357 3744 2406 3800 ei
2428 3745 2758 3800 voluntatem
2781 3752 3055 3810 nostram;
3086 3743 3418 3799 sacriﬁcium
3451 3742 3647 3798 simila:
3675 3757 3789 3796 con-

2212 3851 2416 3906 spersa:
2437 3835 2578 3901 oleo,
2604 3834 2951 3904 theologiam,
2981 3850 3104 3889 cum
3131 3833 3497 3905 cleemosyna.
3532 3832 3645 3889 Hoc
3664 3830 3790 3887 enim

2212 3927 2470 3999 prmdicta
2506 3928 2774 3984 sacriﬁcia
2796 3928 3072 3984 subtiliter
3099 3927 3256 3983 nobis
3284 3926 3415 3981 olim
3457 3926 3702 3981 discussa
3723 3923 3793 3977 in-

2213 4028 2527 4075 notuerunt.
2559 4018 2700 4088 Quid
2725 4028 2904 4075 autem
2930 4019 3019 4075 hic
3053 4033 3201 4075 nunc
3231 4016 3515 4072 subdidit?
3545 4015 3683 4083 Quia
3708 4013 3791 4067 ἔως

2211 4113 2295 4166 die
2328 4111 2585 4169 Dominus
2628 4113 2898 4183 apparebit
2945 4111 3114 4168 vobis.
3154 4110 3268 4167 Hoc
3295 4111 3577 4168 conclusio
3607 4121 3662 4168 et
3684 4124 3794 4180 pro-

2212 4204 2363 4259 batio
2392 4213 2497 4269 est,
2538 4205 2666 4274 quia
2694 4205 2759 4260 de
2788 4204 3115 4262 Pentecoste
3142 4203 3403 4274 praedicta
3448 4204 3639 4258 omnia
3662 4202 3793 4257 dioe-

2212 4292 2442 4363 bantur;
2475 4294 2529 4349 in
2555 4309 2617 4349 ea
2645 4295 2791 4349 enim
2816 4294 2871 4349 in
2898 4295 2980 4352 eis
3000 4296 3253 4366 apparuit
3268 4294 3556 4360 Dominus,
3575 4293 3795 4365 Spiritus

2210 4383 2460 4439 videlicet
2486 4385 2550 4440 de
2585 4400 2694 4456 quo
2714 4384 2915 4441 Paulus
2937 4386 3155 4442 dicebat
3178 4404 3191 4440 :
3218 4386 3477 4441 Dominus
3504 4395 3683 4440 autem
3703 4382 3796 4453 spi-

2213 4479 2346 4533 ritus
2386 4489 2484 4533 est.
2517 4478 2798 4545 Quomodo
2830 4488 3012 4535 autem
3041 4480 3294 4552 apparuit
3331 4479 3388 4535 in
3432 4478 3514 4537 eis
3539 4479 3678 4535 dixit
3703 4475 3796 4531 Lu-

2213 4584 2344 4626 cas:
2392 4569 2533 4643 Visa:
2578 4580 2700 4626 sunt
2729 4572 2804 4626 eis
2828 4571 3123 4643 dispartitw
3158 4572 3354 4643 lingua:
3393 4573 3535 4627 sicut
3581 4572 3716 4644 ignis
3752 4582 3794 4622 et

2210 4662 2457 4719 sederunt
2481 4679 2636 4735 super
2652 4661 2884 4734 singulos
2906 4680 3087 4720 eorum
3116 4664 3257 4738 (Act.
3287 4664 3375 4737 ιι).

2289 4752 2542 4812 Tulerunt
2565 4772 2687 4828 ergo
2715 4766 2904 4811 cuncta
2941 4774 3059 4828 quw
3077 4758 3315 4829 jusserat
3345 4756 3583 4830 Moyses,
3627 4756 3696 4811 ad
3723 4770 3794 4810 ω·

2214 4845 2343 4899 tium
2374 4845 2726 4912 tabernaculi,
2755 4846 2845 4901 ubi
2890 4864 3009 4902 cum
3055 4848 3225 4904 omnis
3279 4857 3442 4903 staret
3497 4844 3792 4902 multitudo.

2213 4935 2417 5006 Aperte
2458 4935 2547 4992 hic
2572 4936 2870 4994 Ecclesium
2907 4938 3178 5009 exposuit,
3218 4940 3289 4994 ad
3329 4941 3523 4995 ostium
3555 4942 3793 4996 taberna-

2216 5025 2357 5091 culi;
2382 5026 2489 5093 vcl,
2513 5026 2654 5083 sicut
2683 5027 3058 5101 Septuaginta,
3084 5042 3205 5086 ante
3230 5031 3636 5086 tabernaculum
3659 5030 3793 5087 testi-

2210 5118 2392 5184 monii,
2423 5117 2677 5175 videlicet
2703 5121 2849 5188 coeli,
2880 5122 2925 5179 si
2947 5123 3093 5178 enim
3113 5122 3354 5180 Ecclesia
3380 5123 3692 5194 frequentia
3720 5129 3793 5176 est

2210 5208 2525 5280 angelorum
2563 5211 2964 5282 primitivorum
3006 5213 3099 5285 qui
3126 5214 3315 5285 scripti
3347 5221 3476 5268 sunt
3517 5213 3573 5268 in
3626 5210 3793 5274 calls,

2212 5312 2339 5361 ante
2386 5303 2795 5363 tabernaculum
2835 5307 3156 5375 testimonii,
3206 5308 3259 5364 id
3286 5318 3390 5374 est,
3433 5316 3558 5364 ante
3602 5306 3794 5361 faciem

2211 5394 2357 5450 coeli.
2386 5392 2479 5455 Sic
2501 5397 2647 5453 enim
2684 5407 2739 5453 et
2780 5396 2974 5470 Aquila
3019 5409 3139 5455 ante
3189 5399 3378 5470 faciem
3411 5400 3796 5470 interpretatus

2211 5493 2335 5542 est:
2367 5489 2545 5544 omnis
2581 5490 2777 5563 quippe
2808 5492 3042 5547 contrita
3074 5492 3255 5557 anima
3294 5499 3351 5547 et
3394 5491 3576 5547 omnis
3600 5502 3794 5562 pecca-

2214 5585 2321 5643 tor,
2348 5578 2526 5635 omnis
2557 5580 2985 5638 misericordiam
3015 5581 3382 5639 necessariam
3423 5582 3660 5645 habens,
3690 5592 3797 5635 om-

2212 5670 2299 5724 nis
2319 5670 2386 5725 ab
2408 5686 2596 5728 errore
2625 5687 2683 5728 se
2706 5683 3050 5739 convertens,
3089 5674 3144 5730 in
3172 5675 3276 5730 hac
3302 5672 3549 5730 Ecclesia
3577 5682 3799 5741 congre-

2212 5768 2403 5831 gatur;
2430 5778 2540 5819 non
2580 5765 2755 5822 solum
2789 5782 2884 5822 eos
2930 5767 3024 5837 qui
3059 5769 3126 5823 de
3162 5766 3360 5837 plateis
3402 5774 3462 5821 et
3488 5765 3628 5821 vicis
3657 5768 3798 5824 sunt,

2213 5853 2307 5911 sed
2346 5864 2402 5910 et
2425 5870 2520 5910 eos
2548 5855 2641 5926 qui
2668 5856 2735 5914 de
2779 5858 2881 5914 viis
2918 5865 2973 5914 et
3004 5858 3071 5914 de
3113 5857 3332 5929 sepibns
3371 5855 3562 5913 vocari
3608 5850 3795 5925 ιιι-ωεξ-
