3936 6350
163 375 262 434 337

1077 353 1576 418 EXPOSITIONES
1610 352 1679 408 IN
1716 352 2110 410 LEVITICUM.
2149 382 2218 394 --
2251 352 2379 409 LIB.
2420 353 2485 409 Il.

3309 355 3415 418 358

163 491 330 564 piens,
373 493 433 540 ut
475 493 712 554 regaiem
761 489 973 533 cumam
1029 474 1397 545 ingredientes
1445 468 1815 548 implerentjA
1839 475 2018 522 autem
2043 465 2333 564 salutaris:
2368 467 2464 564 sed
2489 467 2970 564 consummationis
3010 478 3138 527 tunc
3169 468 3412 528 oblatum

166 581 370 658 (Matth.
397 573 554 646 χχιι).
577 573 669 628 Ait
692 571 903 644 Moyses
934 587 948 623 :
978 567 1088 622 Iste
1122 575 1196 621 est
1219 582 1389 658 sermo
1600 579 1734 658 pm»-

165 655 285 745 cepit
311 667 588 738 Dominus,
628 664 784 734 facite
811 673 858 716 et
892 659 1161 732 apparebit
1203 657 1346 711 vobis
1395 655 1564 728 gloria
1593 657 1729 724 ejus.

165 763 388 823 Gloriam
434 773 554 813 esse
608 753 821 810 Domini
865 752 1114 823 spiritum
1159 747 1446 804 manifeste
1496 747 1734 803 ostendit

162 855 296 929 quod
315 851 510 908 Paulus
529 843 603 903 ad
628 845 940 902 Corinthios
965 842 1215 914 scripsit‘:
1249 841 1362 896 Nos
1391 858 1567 896 onmes
1592 857 1734 896 reve-

163 950 259 1006 lata
279 945 410 1016 facie
431 942 657 1014 gloriam
678 935 890 992 Domini
913 934 1236 1006 speculantes
1260 933 1313 987 in
1338 933 1574 987 eamdem
1597 932 1732 986 ima-

160 1043 314 1114 ginem
340 1036 802 1108 transformamur,
830 1035 894 1089 de
920 1032 1089 1106 gloria
1128 1034 1184 1087 in
1229 1031 1470 1104 gloriam,
1520 1029 1655 1084 sicut
1697 1046 1731 1083 a

161 1131 355 1188 Domini
402 1128 605 1200 Spiritu
644 1127 698 1200 (Ι
725 1125 848 1182 Cor.
880 1125 988 1198 ιιι).
1017 1124 1089 1181 Ut
1131 1140 1260 1195 ergo
1296 1123 1469 1194 gloria
1512 1119 1730 1176 Domini

163 1223 440 1286 videretur,
473 1220 527 1274 id
567 1227 672 1285 est,
700 1227 760 1276 ut
787 1219 1051 1274 adventus
1078 1218 1447 1274 celebraretur
1469 1213 1724 1285 Spiritus.

161 1314 258 1370 Iste
283 1321 354 1366 est
379 1327 574 1374 sermo,
605 1308 799 1379 inquit,
837 1326 988 1380 quem
1014 1306 1534 1378 prerupit-Dominus
1557 1319 1576 1358 :
1613 1320 1730 1361 ser-

162 1421 241 1462 mo
261 1402 510 1459 videlicet
531 1401 812 1474 mysticus,
844 1401 911 1455 de
941 1416 1047 1469 quo
1078 1397 1338 1454 Dominus
1358 1403 1722 1469 praeceperat:

161 1495 264 1553 Hoc
303 1495 461 1566 facite
489 1497 543 1548 in
583 1511 752 1547 meam
794 1493 1356 1548 commemorationem.
1405 1489 1725 1546 Sermonem

161 1568 322 1643 autem
354 1585 632 1654 legislator
673 1600 740 1640 ex
774 1584 1162 1640 consuetudine
1212 1582 1340 1638 illud
1380 1590 1558 1650 vocat,
1597 1581 1724 1652 quia

159 1678 264 1752 plus
305 1691 554 1733 sermone
593 1676 840 1731 subsistit
885 1676 1046 1746 hujus
1080 1674 1410 1745 diSpensatio
1459 1672 1719 1744 mysterii,

160 1769 372 1824 maxime
405 1767 688 1821 Dominico
725 1767 893 1820 verbo
939 1781 1004 1820 ea
1029 1781 1147 1835 qua:
1187 1772 1448 1836 apparent
1495 1763 1548 1818 in
1579 1760 1723 1816 aliud

1837 567 1938 624 est,
1980 557 2196 629 quando
2237 557 2546 613 sacerdotes
2579 557 2904 613 sanctiﬁcati
2951 567 3192 627 suntg-ut
3233 573 3416 619 sacer-

1835 649 1982 705 dotio
2013 648 2382 720 fungerentur,
2415 657 2471 704 et
2503 649 2619 704 hate
2643 649 3072 720 obtulit'Moyses
3095 664 3196 719 pro
3215 654 3415 711 Aaron

1833 749 1891 796 et
1920 741 2045 795 ﬁliis
2077 737 2211 809 ejus.
2243 740 2437 795 Postea
2481 753 2612 795 vero
2638 740 2820 795 Aaron
2865 738 3000 810 ipse,
3026 755 3140 811 Jam
3175 743 3414 799 sanctiﬁ-

1835 839 1988 888 catus
2017 839 2073 887 et
2097 830 2403 887 sacerdotio
2423 830 2673 902 fungens,
2701 829 2899 886 oﬁ‘erre
2920 845 3020 901 pro
3047 829 3312 900 sta-jussus
3325 841 3414 890 est

1830 921 2059 976 vitulum
2099 936 2200 992 pro
2239 907 2467 992 peccato
2512 929 2568 975 et
2607 921 2831 977 arietem
2883 921 2940 976 in
2993 919 3411 980 holocaustum:

1833 1027 1941 1068 non
1969 1022 2152 1069 autem
2171 1014 2356 1084 jussus
2383 1019 2466 1069 est
2504 1027 2604 1084 pro
2646 1027 2705 1068 se
2749 1011 2947 1068 oﬁerre
2989 1013 3416 1070 consummatio-

1831 1105 1936 1171 nis,
1964 1106 2091 1174 quia
2137 1115 2266 1160 tunc
2312 1105 2434 1160 ideo
2469 1101 2707 1158 oblatum
2741 1113 2826 1159 est
2849 1111 2912 1158 ut
2937 1109 3413 1160 consummantur

1831 1197 2280 1262 sanctiﬁcatione,
2331 1204 2388 1251 et
2429 1197 2735 1252 sacerdotio
2759 1195 2908 1267 iungi
2936 1205 3122 1268 posset
3159 1213 3271 1269 quo
3289 1196 3412 1269 jam

1829 1287 2174 1359 fungebatur.
2893 1315 2896 1320 -

1901 1378 2196 1450 Statimque
2223 1379 2403 1434 Aaron
2441 1381 2690 1435 accedens
2715 1381 2786 1435 ad
2826 1381 2996 1436 altare
3017 1381 3316 1438 immolauit
3329 1384 3412 1439 si-

1830 1470 1997 1524 tulum
2018 1487 2113 1542 pro
2131 1481 2341 1542 peccato
2365 1488 2496 1536 suo;
2521 1472 2675 1542 cujus
2698 1474 3008 1543 sanguinem
3041 1474 3340 1530 obtulerunt
3357 1491 3409 1530 ei

1828 1562 1928 1630 filii
1951 1564 2054 1628 sui,
2080 1563 2134 1616 in
2154 1579 2256 1633 quo
2300 1564 2502 1632 tingens
2520 1555 2741 1633 digitum
2783 1565 2948 1633 tetigit
2971 1580 3170 1618 cornua
3193 1565 3405 1630 altaris,

1827 1666 1875 1709 et
1898 1654 2036 1724 fudit
2060 1655 2325 1710 residuum
2348 1657 2416 1710 ad
2445 1657 2620 1711 basem
2639 1659 2772 1726 ejus,
2799 1659 3107 1729 adipemque
3129 1675 3194 1714 ac
3213 1675 3410 1715 renuu-

1829 1745 1972 1800 culos
1991 1757 2040 1800 et
2065 1745 2340 1801 reticulum
2361 1748 2585 1817 jecoris,
2605 1763 2723 1819 qua:
2753 1761 2873 1803 sunt
2893 1767 2990 1820 pro
3013 1761 3247 1820 peccato,
3273 1753 3407 1806 udo-

161 1859 340 1932 aliquid
363 1855 545 1926 majus
570 1865 622 1913 et
652 1855 987 1927 intelligibile
1011 1835 1390 1910 transferente.
1425 1853 1578 1910 Unde
1597 1867 1720 1907 cum

1830 1835 1939 1890 lenit
1962 1851 2118 1905 super
2138 1836 2323 1901 altare,
2372 1838 2506 1891 sicut
2543 1849 2861 1909 praceperat
2906 1839 3164 1894 Dominus
3209 1841 3403 1912 Moysi.

157 1967 334 2009 manna
357 1950 652 2022 imaginem
689 1949 846 2020 panis
888 1949 1012 2002 vita:
1039 1947 1130 2018 qui
1177 1946 1453 2001 descendit
1486 1944 1552 1999 de
1581 1944 1719 2000 coelo

157 2053 494 2116 praesentaret
519 2061 532 2096 :
561 2042 666 2096 Hic
692 2052 767 2096 est
792 2043 962 2112 panis,
989 2041 1085 2105 ait,
1112 2057 1264 2111 quem
1287 2039 1427 2094 dedit
1454 2039 1592 2093 vobis
1611 2037 1720 2092 Do-

157 2138 309 2190 minus
336 2135 403 2190 ad
430 2133 835 2199 comedendum;
861 2134 943 2187 hic
969 2143 1044 2191 est
1074 2149 1244 2188 sermo
1265 2145 1416 2214 quem
1453 2130 1720 2184 constituit

157 2225 388 2281 Dominus
434 2225 633 2297 (Exod.
665 2223 798 2297 xvr).
839 2224 977 2292 Quid
1016 2241 1144 2294 ergo
1173 2240 1241 2279 ex
1286 2223 1368 2276 his
1412 2238 1532 2292 quae
1573 2221 1719 2278 dicta

156 2328 268 2374 sunt
292 2317 568 2389 legislator
598 2315 888 2384 signiﬁcat,
920 2315 1024 2371 nisi
1056 2315 1183 2386 quia
1211 2315 1327 2369 sine
1355 2314 1517 2370 dubio
1551 2328 1718 2386 agen—

155 2409 284 2464 tibus
310 2410 386 2464 eis
417 2415 666 2462 sanctum
706 2406 1021 2480 mysterium
1046 2415 1100 2462 et
1131 2405 1466 2462 Dominicam
1504 2417 1717 2461 cumam

152 2499 560 2566 celebrantibus,
584 2500 801 2555 advenit
830 2499 1084 2570 Spiritus.
1121 2498 1274 2566 Quod
1304 2507 1358 2554 et
1399 2498 1445 2554 si
1473 2514 1581 2554 non
1602 2485 1721 2569 pla-

151 2590 264 2643 nius
291 2591 593 2662 expositum
616 2591 895 2655 habemus,
924 2590 1093 2644 multa
1115 2589 1312 2659 quippe
1339 2589 1518 2645 studio
1537 2588 1718 2645 brevi-

121 2743 124 2748 _
150 2683 271 2737 tatis
292 2681 569 2754 Scriptura
592 2683 773 2738 divina
784 2682 1148 2754 praetermisit,
1174 2697 1292 2752 qua:
1308 2679 1390 2737 fas
1402 2690 1488 2738 est
1507 2697 1575 2739 ex
1599 2681 1719 2737 aliis

148 2773 410 2844 colligere.
439 2773 567 2828 Erat
589 2775 732 2828 enim
771 2774 889 2830 dies
926 2775 1018 2844 qui
1055 2773 1353 2844 appellatur
1379 2774 1714 2840 Dominicus,

149 2863 200 2919 in
241 2879 346 2934 quo
389 2865 676 2936 oportebat
729 2865 903 2920 modis
951 2866 1202 2922 omnibus
1243 2881 1405 2938 agere
1448 2867 1719 2937 apostolos

151 2957 362 3027 mystica
397 2965 458 3012 et
507 2974 679 3014 sacra.
739 2957 875 3011 Nam
927 2965 982 3011 et
1029 2972 1128 3011 nos
1173 2957 1390 3013 illorum
1433 2965 1719 3027 sequentes

152 3046 508 3113 traditionem,
549 3046 891 3102 Dominicam
936 3047 1078 3102 diem
1124 3047 1320 3103 divinis
1365 3049 1720 3104 conventibus

153 3146 564 3206 sequestramus.
593 3138 899 3195 Invenimus
926 3145 1108 3194 autem
1132 3147 1189 3194 et
1217 3138 1494 3196 Christum
1529 3139 1719 3195 simili-

149 3232 224 3280 ter
245 3237 362 3298 post
389 3229 844 3286 resurrectionem
873 3245 904 3285 a
930 3231 1159 3286 mortuis
1186 3245 1284 3302 per
1296 3233 1536 3302 mysticae
1547 3243 1718 3288 cinna:

149 3326 198 3370 et
238 3321 387 3388 panis
445 3319 770 3376 fractionem
822 3321 1247 3378 manifestatum.
1323 3323 1477 3391 Quod
1531 3331 1718 3394 aperte

152 3407 352 3474 quidem
401 3409 604 3477 Lucas,
651 3417 834 3467 tamen
881 3413 1046 3468 etiam
1102 3413 1340 3471 Joannes
1389 3415 1720 3485 evangelista

153 3499 324 3555 tradit.

218 3594 354 3650 Dixit
392 3596 466 3651 ad
494 3597 677 3652 Aaron
709 3617 722 3652 :
755 3598 952 3654 Accede
976 3600 1046 3653 ad
1093 3599 1261 3654 altare
1301 3608 1350 3656 et
1383 3600 1598 3656 immola
1625 3618 1720 3673 pro

151 3695 344 3752 peccato
373 3697 488 3750 tuo,
517 3689 701 3757 offeres
726 3688 1112 3756 holocaustum,
1145 3699 1194 3744 et
1232 3690 1511 3761 deprecare
1551 3709 1646 3764 pro
1671 3701 1722 3748 te

152 3787 192 3830 et
210 3796 298 3847 pro
338 3779 535 3850 populo
569 3797 588 3836 :
629 3778 860 3852 Cumque
900 3783 1205 3836 mactuveris
1255 3783 1480 3836 hostiam
1518 3783 1720 3854 populi,

152 3885 231 3924 ora
275 3889 377 3940 pro
427 3888 509 3937 eo,
561 3873 693 3925 sicut
740 3875 983 3942 praecepit
1044 3873 1322 3929 Dominus.
1373 3874 1476 3931 Ubi
1537 3883 1723 3931 nostra

155 3947 436 4015 translatio
461 3959 672 4029 planius
700 3961 882 4024 habet,
905 3978 998 4030 pro
1023 3971 1070 4015 te
1114 3972 1160 4015 et
1187 3979 1281 4031 pro
1304 3963 1514 4033 papula,
1555 3979 1650 4032 pro
1673 3974 1724 4018 te

153 4051 246 4120 ipso
268 4061 320 4105 et
348 4065 452 4120 pro
498 4049 652 4102 domo
677 4058 767 4103 tua
793 4049 1143 4120 Septuaginta
1177 4051 1482 4106 ediderunt.
1508 4050 1612 4118 Qui
1635 4067 1726 4108 au-

156 4153 250 4197 tem
300 4146 414 4198 sint
457 4142 649 4196 domus
692 4141 1045 4212 intelligibilis
1069 4142 1401 4209 sacerdotis,
1436 4143 1603 4199 Paulo
1643 4143 1726 4198 di-

156 4244 317 4299 cente,
336 4247 628 4302 cognosce.
643 4231 734 4285 Ait
755 4232 898 4286 enim
918 4249 930 4285 :
957 4229 1198 4286 Christus
1225 4241 1400 4288 autem
1423 4241 1480 4286 ut
1504 4233 1648 4302 filius
1669 4234 1727 4289 in

153 4325 293 4380 domo
317 4344 439 4393 sua,
458 4342 582 4397 qua:
618 4326 802 4380 domus
839 4341 930 4379 nos
953 4342 1158 4390 sumus,
1184 4326 1229 4380 si
1253 4325 1503 4395 fiduciam
1541 4333 1591 4381 et
1615 4327 1728 4398 glo-

159 4417 275 4471 riam
307 4419 421 4489 spei
459 4433 621 4486 usque
646 4417 714 4470 ad
741 4417 900 4486 finem
939 4417 1152 4485 ﬁrmum
1180 4420 1492 4472 retineamus
1533 4415 1720 4490 (Hebr.

161 4513 252 4580 ιιι).
279 4512 424 4582 Ergo
461 4509 520 4565 hi
547 4509 639 4580 qui
685 4508 1035 4579 profecerunt
1070 4519 1126 4564 et
1172 4509 1526 4580 perfectiores
1560 4520 1719 4578 sunt,

1823 1927 2021 1982 Carnes
2072 1943 2190 1983 vero
2228 1937 2275 1983 et
2323 1927 2510 1999 pellem
2559 1929 2669 1999 ejus
2712 1940 2863 1984 extra
2905 1939 3079 1985 castra
3123 1933 3410 1988 combussit

1817 2022 1952 2092 igni;
1972 2021 2257 2078 immolavit
2278 2031 2326 2076 et
2367 2022 2663 2077 holocausti
2683 2023 2974 2089 victimam,
3002 2023 3408 2096 obtuleruntqle

1821 2113 1868 2166 ei
1889 2111 1988 2182 filii
2025 2112 2110 2166 sui
2131 2113 2438 2183 sanguinem
2479 2113 2615 2183 ejus,
2654 2129 2806 2184 quem
2832 2113 2972 2182 fudit
3015 2131 3174 2185 super
3215 2114 3407 2174 altaris

1821 2204 2118 2258 circuitum.
2148 2202 2327 2273 Ipsam
2371 2205 2528 2258 etiam
2569 2205 2793 2259 hostiam
2837 2207 2890 2260 in
2929 2207 3099 2276 frusta
3139 2207 3404 2262 concisam

1821 2311 1940 2349 eum
1964 2295 2132 2364 capite
2155 2304 2205 2348 et
2229 2295 2472 2348 membris
2503 2295 2745 2366 singulis,
2771 2296 3091 2352 obtulerunt.
3135 2297 3270 2364 Qua:
3291 2313 3407 2354 om-

1819 2386 1908 2440 nia
1955 2403 2111 2458 super
2149 2387 2318 2441 altare
2339 2389 2583 2443 cremavit
2609 2389 2739 2459 igni,
2766 2388 2887 2444 lotis
2921 2391 3071 2460 prius
3105 2407 3246 2462 aqua
3270 2394 3408 2448 inte-

1818 2477 1971 2530 mnis
1994 2486 2042 2530 et
2066 2477 2284 2548 pedibus
2301 2475 2489 2548 (Leuit.
2507 2477 2609 2549 rx).
2624 2477 2735 2550 (Ea:
2749 2478 3054 2552 Hesychia.)
3079 2481 3147 2537 Et
3159 2479 3316 2551 cuius
3326 2483 3408 2538 rei

1820 2570 1992 2641 gratia
2023 2570 2142 2625 inec
2177 2571 2342 2625 etiam
2369 2570 2424 2625 in
2450 2571 2555 2626 hoc
2586 2569 2704 2626 loco
2743 2573 3009 2629 sacriﬁcia
3043 2577 3404 2646 peraguntur,

1819 2660 2068 2730 superius
2111 2659 2348 2715 diximus
2373 2700 2387 2726 ,
2419 2675 2526 2715 non
2553 2673 2684 2732 ergo
2717 2675 2940 2718 necesse
2983 2672 3069 2718 est
3093 2666 3290 2719 iterum
3314 2678 3408 2721 eo—

1819 2765 1941 2806 rum
1963 2751 2217 2806 virtutem
2246 2765 2343 2820 per
2369 2751 2578 2822 singula
2607 2752 2788 2807 dicere
2813 2768 2933 2822 quae
2977 2755 3029 2808 in
3058 2755 3162 2810 hoc
3188 2753 3404 2810 sacrit!-

1820 2842 1906 2896 cio
1931 2850 2282 2914 peraguntur,
2314 2856 2438 2896 cum
2461 2842 2590 2896 olim
2621 2857 2686 2897 ea
2726 2859 2825 2913 per
2864 2845 3111 2899 ordinem
3139 2845 3406 2902 discusse-

1820 2932 2024 2996 rimus,
2073 2939 2128 2986 et
2164 2932 2319 3002 cujus
2355 2933 2814 3002 comparationem
2858 2943 3049 3004 gerant
3073 2935 3209 2990 nihil
3238 2936 3408 2992 inter-

1817 3024 2099 3078 mittentes
2141 3023 2573 3090 ostenderimus;
2621 3032 2676 3079 et
2723 3025 3176 3094 quemadmodum
3206 3026 3263 3082 in
3290 3027 3403 3084 Do-

1821 3117 1954 3171 mini
1979 3114 2269 3183 sacriﬁcio,
2301 3117 2444 3187 quod
2468 3130 2592 3172 cum
2621 3131 2791 3172 unum
2810 3119 2902 3183 sit,
2927 3132 3036 3174 non
3067 3127 3278 3176 tantum
3305 3135 3407 3177 no-

1745 3194 1790 3258 C
1819 3207 1904 3263 bis
1937 3217 2278 3279 peccatorum
2312 3218 2574 3280 praestans
2603 3211 2998 3279 remissionem,
3037 3213 3133 3268 sed
3156 3221 3214 3269 et
3235 3214 3406 3270 vitam

1819 3300 2114 3371 perfectam
2136 3300 2190 3354 in
2224 3300 2566 3370 philosophia
2594 3309 2650 3356 et
2675 3311 3106 3358 consummatam
3141 3301 3403 3371 elﬁciens,

1820 3397 2130 3452 necessario
2165 3403 2219 3450 et
2246 3396 2301 3450 in
2331 3395 2559 3451 vitulum
2588 3397 2682 3466 qui
2714 3411 2814 3467 pro
2843 3406 3068 3468 peccato
3112 3406 3198 3454 est
3244 3406 3300 3453 et
3345 3399 3405 3454 in

1821 3487 2047 3542 arietem
2073 3487 2218 3542 hunc
2251 3487 2342 3558 qui
2367 3487 2422 3542 in
2451 3487 2828 3543 holocaustum
2854 3488 3167 3544 immolatur
3189 3497 3408 3560 oportet

1822 3581 2084 3652 reputari,
2115 3580 2260 3636 unde
2295 3587 2350 3636 et
2393 3581 2450 3634 in
2486 3593 2721 3651 persona
2766 3581 3068 3636 sacerdotis
3102 3588 3401 3650 utrumque

1821 3673 2180 3745 perspicimus
2203 3672 2463 3729 oblatum.
2489 3670 2610 3727 lam
2656 3686 2789 3742 ergo
2811 3679 2868 3727 et
2911 3671 2982 3728 ad
3021 3671 3406 3743 subsequentia

1821 3766 2122 3821 veniamus.

1901 3855 1969 3912 Et
2015 3873 2111 3928 pro
2153 3863 2366 3924 peccato
2399 3853 2581 3926 populi
2615 3855 2860 3925 offerens,
2901 3857 3147 3912 mactavit
3177 3857 3405 3922 hircum,

1823 3949 2133 4018 expiataque
2158 3947 2338 4012 altari,
2369 3945 2490 4014 fecit
2524 3945 2909 4012 holocaustum,
2933 3947 3134 4002 addens
3157 3948 3214 4002 in
3236 3949 3409 4002 sacri.

1825 4039 1948 4108 ficio
1984 4039 2251 4093 libamenti
2281 4055 2399 4110 quis
2435 4039 2636 4109 pariter
2652 4039 2964 4109 offerantur.
3010 4040 3078 4094 Et
3110 4041 3328 4098 adolens
3346 4059 3407 4096 ea

1826 4148 1984 4202 super
2017 4130 2184 4185 altare
2231 4131 2424 4202 absque
2451 4131 2778 4186 cteremoniis
2811 4131 3106 4187 holocausti
3139 4134 3407 4204 matutini,

1824 4221 2114 4279 immolavit
2148 4232 2196 4276 et
2233 4223 2408 4277 bovem
2445 4232 2599 4293 atque
2647 4207 2863 4277 arietem
2899 4223 3100 4280 hostias
3157 4226 3411 4298 paciﬁcus

1825 4315 2004 4386 populi
2023 4332 2043 4382 ;
2072 4313 2472 4385 obtuleruntque
2501 4315 2548 4368 ei
2574 4313 2676 4383 filii
2695 4315 2778 4368 sui
2801 4317 3131 4386 sanguinem,
3154 4336 3306 4387 quem
3329 4319 3414 4388 fu:

1825 4405 1903 4460 dit
1946 4421 2102 4476 super
2125 4404 2292 4459 altare
2337 4405 2392 4458 in
2417 4404 2690 4471 circuitu;
2722 4405 2928 4476 adipem
2972 4417 3150 4461 autem
3191 4409 3338 4461 bonis
3361 4418 3411 4462 et

1827 4499 2051 4554 caudam
2073 4499 2274 4564 arietis,
2318 4496 2729 4568 renunculosque
2772 4511 2890 4552 cum
2915 4496 3158 4567 adipibus
3189 4497 3322 4564 suis,
3361 4507 3413 4553 et

162 4578 334 4656 domus
355 4578 474 4669 eius
497 4578 642 4668 justo
669 4578 1034 4670 appellantur:
1062 4578 1378 4672 pro—quibus
1404 4603 1725 4672 deprecatur

1830 4589 2102 4644 reticulum
2142 4589 2338 4658 jecoris
2376 4597 2662 4658 posuerunt
2699 4602 2857 4656 super
2896 4595 3128 4656 pectora.
3176 4585 3412 4662 Cumque

161 4698 208 4744 et
228 4708 322 4761 pro
345 4693 500 4748 omni
538 4693 756 4762 populo,
787 4701 847 4747 ut
894 4701 1018 4763 pote
1067 4693 1161 4763 qui
1204 4703 1389 4748 nostra
1428 4692 1606 4750 factus
1639 4704 1726 4752 est

160 4784 480 4853 propitiatio,
513 4781 607 4838 sed
628 4790 683 4838 et
706 4783 1014 4854 semetipso.
1043 4782 1154 4839 Cur
1174 4785 1297 4850 hoc,
1325 4799 1446 4838 cum
1469 4786 1728 4856 propitia-

163 4873 292 4928 tione
321 4891 430 4932 non
458 4884 641 4945 egeat,
668 4876 842 4946 magis
869 4885 1049 4931 autem
1073 4877 1188 4949 ipse
1215 4886 1438 4948 praestet
1465 4879 1728 4950 propitia-

163 4963 379 5032 tionem,
409 4966 510 5022 sed
547 4975 607 5020 ut
637 4973 878 5021 nostrum
914 4974 1194 5037 peccatum
1222 4967 1536 5038 suscipiens,
1565 4970 1730 5024 etiam

163 5068 251 5123 pro
296 5059 592 5129 semetipso
638 5058 996 5128 deprecatur?
1053 5057 1342 5114 Evidenter
1392 5069 1570 5114 autem
1627 5060 1732 5115 hoc

165 5143 386 5203 hominis
418 5157 506 5204 est
533 5155 588 5202 et
619 5145 736 5214 Dei,
763 5149 818 5203 id
849 5155 932 5202 est
956 5149 1096 5203 sicut
1137 5149 1372 5204 hominis
1399 5150 1734 5222 pr0pitiatio-

169 5251 278 5291 nem
303 5240 670 5310 suscipientis,
695 5248 752 5295 et
770 5239 908 5295 sicut
935 5239 1027 5295 Dei
1053 5239 1264 5294 sibimet
1288 5243 1612 5309 pratstantis.
1641 5242 1736 5297 Al-

173 5333 246 5380 ter
269 5329 409 5384 cnim
443 5331 609 5385 homo
641 5331 960 5401 sibimetipsi
998 5329 1437 5401 propitiationcm
1477 5339 1736 5401 praestare

172 5431 267 5474 non
282 5431 482 5491 potest.
521 5423 630 5493 (Ex
651 5423 989 5494 Augustino.)
1026 5423 1331 5478 Notandum
1353 5432 1436 5479 est
1457 5439 1588 5479 sane
1613 5439 1736 5480 cum

173 5523 263 5578 pro
290 5513 486 5584 populo
528 5513 826 5569 oﬁ‘cruntur
855 5515 1136 5578 sacriﬁcia,
1163 5523 1218 5570 et
1253 5529 1350 5585 pro
1387 5523 1612 5584 peccato
1651 5530 1739 5570 sa-

177 5601 362 5657 criﬁcia
381 5605 537 5674 jussu
567 5621 684 5660 esse
717 5605 920 5671 olfcrri,
947 5616 1000 5660 ct
1029 5607 1426 5671 holocaustum,
1451 5615 1506 5660 ct
1531 5605 1738 5660 sacriﬁ-

179 5689 252 5742 cia
275 5693 561 5758 salutaris;
611 5713 706 5764 pro
751 5698 1030 5752 sacerdote
1080 5705 1259 5750 autem
1299 5697 1536 5752 oblatum
1575 5697 1740 5751 fuisse

177 5793 267 5852 pro
287 5794 510 5854 peccato
534 5794 588 5841 et
613 5787 980 5844 holocaustum
1022 5797 1077 5845 et
1104 5789 1603 5856 consummationis,
1634 5805 1740 5846 non

1831 4683 2046 4737 cremati
2078 4691 2244 4736 essent
2271 4681 2458 4752 adipes
2484 4698 2641 4752 super
2681 4680 2870 4746 altare,
2919 4692 3130 4752 pectora
3153 4702 3337 4740 eorum
3357 4695 3407 4742 et

1832 4790 2006 4828 armos
2032 4774 2243 4827 dextros
2265 4774 2526 4842 separavit
2562 4773 2762 4837 Aaron,
2792 4771 3000 4828 elevans
3024 4791 3203 4831 coram
3223 4777 3411 4833 Domi-

1833 4879 1923 4928 no,
1955 4865 2089 4918 sicut
2120 4870 2437 4934 prrsceperat
2485 4863 2534 4916 ei
2588 4860 2794 4932 Moyses
2851 4861 3061 4937 (lbid.).
3113 4864 3223 4939 (Ea:
3253 4866 3415 4923 Hesi-

1836 4955 2000 5027 chio.)
2040 4952 2205 5022 Cujus
2236 4953 2466 5026 ﬁguram
2509 4967 2573 5009 ea
2596 4969 2716 5024 quae
2745 4955 2890 5011 dicta
2915 4965 3043 5014 sunt
3069 4958 3328 5027 habeant,
3359 4970 3414 5018 et

1837 5048 2285 5120 quemadmodum
2327 5061 2426 5118 pro
2470 5055 2696 5118 peccato
2741 5048 2926 5106 hircus
2971 5051 3304 5122 paenitentiae
3332 5067 3418 5110 sa-

1838 5139 2103 5197 oriﬁcium
2149 5139 2434 5210 signiﬁcet,
2491 5139 2807 5196 holocausta
2862 5151 3043 5197 autem
3096 5143 3411 5198 cruciﬁsam

1840 5236 2326 5301 conversationem,
2349 5233 2676 5306 theologiam
2699 5249 2828 5292 vero
2849 5235 3048 5302 simila,
3066 5236 3301 5293 salutare
3315 5247 3414 5288 au-

1839 5338 1947 5386 tem
1968 5345 2063 5385 seu
2086 5327 2433 5399 paciﬁcorum
2462 5327 2812 5394 sacriﬁcium,
2836 5330 3003 5385 vitam
3030 5342 3151 5400 quae
3178 5341 3278 5382 nos
3305 5325 3413 5380 sal-

1839 5439 1968 5478 vare
2011 5427 2207 5492 potest,
2231 5422 2394 5476 etiam
2420 5423 2767 5478 mediocriter
2792 5421 3106 5491 sapientes,
3119 5415 3418 5473 sacriﬁcio-

1841 5531 1960 5571 rum
1991 5514 2254 5570 discussio
2277 5513 2589 5585 praecedens
2633 5513 2945 5568 unctionem
2976 5507 3294 5573 sacerdotis,
3327 5523 3417 5563 os-
3513 5565 3516 5568 ,

1841 5606 2010 5659 tendit
2039 5622 2050 5658 :
2086 5619 2214 5674 ergo
2238 5603 2328 5672 qui
2359 5603 2517 5672 hujus
2547 5599 2845 5658 sanctionis
2880 5599 3054 5654 nescit
3083 5593 3423 5664 explanatio-

1842 5713 1966 5752 nem
1995 5697 2102 5751 illic
2141 5712 2260 5750 cum
2287 5695 2581 5750 subtilitate
2611 5690 2951 5763 perquirens,
2979 5691 3144 5741 etlam
3175 5687 3290 5742 haec
3319 5705 3419 5760 per

1844 5788 2050 5861 singula
2089 5787 2244 5846 sciet.
2273 5785 2406 5842 illud
2436 5793 2616 5840 autem
2643 5796 2784 5839 nunc
2805 5779 3116 5836 necessarie
3143 5781 3413 5851 addimus,
