  <div class='ocr_page' id='page_1' title='image "/cluster/home/n/w/nwhite01/storage/ocr_20150623/108/hvd.32044015466840/179.png"; bbox 0 0 3892 6344; ppageno 0'>
   <div class='ocr_carea' id='block_1_1' title="bbox 507 336 619 396">
    <p class='ocr_par' dir='ltr' id='par_1_1' title="bbox 507 336 619 396">
     <span class='ocr_line' id='line_1_1' title="bbox 507 336 619 396; baseline -0.027 0"><span class='ocrx_word' id='word_1_1' title='bbox 507 336 619 396; x_wconf 70' lang='grc'><strong>848</strong></span> 
     </span>
    </p>
   </div>
   <div class='ocr_carea' id='block_1_2' title="bbox 1151 324 2075 392">
    <p class='ocr_par' dir='ltr' id='par_1_2' title="bbox 1151 324 2075 388">
     <span class='ocr_line' id='line_1_2' title="bbox 1151 324 2075 388; baseline -0.003 0"><span class='ocrx_word' id='word_1_2' title='bbox 1151 332 1213 388; x_wconf 87' lang='grc' dir='ltr'><strong>Β.</strong></span> <span class='ocrx_word' id='word_1_3' title='bbox 1254 324 1511 388; x_wconf 75' lang='lat' dir='ltr'><strong>RABANI</strong></span> <span class='ocrx_word' id='word_1_4' title='bbox 1549 328 1774 387; x_wconf 76' lang='lat' dir='ltr'><strong>MAURI</strong></span> <span class='ocrx_word' id='word_1_5' title='bbox 1810 328 2075 388; x_wconf 79' lang='lat' dir='ltr'><strong>ARCIIIE]</strong></span> 
     </span>
    </p>
   </div>
   <div class='ocr_carea' id='block_1_3' title="bbox 2178 324 3105 392">
    <p class='ocr_par' dir='ltr' id='par_1_3' title="bbox 2178 328 3105 392">
     <span class='ocr_line' id='line_1_3' title="bbox 2178 328 3105 392; baseline 0.004 -6"><span class='ocrx_word' id='word_1_6' title='bbox 2178 328 2478 390; x_wconf 77' lang='lat' dir='ltr'><strong>MOGUNT.</strong></span> <span class='ocrx_word' id='word_1_7' title='bbox 2521 331 2807 392; x_wconf 84' lang='lat' dir='ltr'><strong>OPERUM</strong></span> <span class='ocrx_word' id='word_1_8' title='bbox 2842 333 3024 392; x_wconf 80' lang='lat' dir='ltr'><strong>PARS</strong></span> <span class='ocrx_word' id='word_1_9' title='bbox 3060 333 3105 391; x_wconf 87' lang='grc' dir='ltr'><strong>Ι.</strong></span> 
     </span>
    </p>
   </div>
   <div class='ocr_carea' id='block_1_4' title="bbox 3654 343 3737 401">
    <p class='ocr_par' dir='ltr' id='par_1_4' title="bbox 3654 343 3737 401">
     <span class='ocr_line' id='line_1_4' title="bbox 3654 343 3737 401; baseline 0 0"><span class='ocrx_word' id='word_1_10' title='bbox 3654 343 3737 401; x_wconf 69' lang='lat' dir='ltr'><strong>3M</strong></span> 
     </span>
    </p>
   </div>
   <div class='ocr_carea' id='block_1_5' title="bbox 505 442 3737 525">
    <p class='ocr_par' dir='ltr' id='par_1_5' title="bbox 505 442 3737 525">
     <span class='ocr_line' id='line_1_5' title="bbox 505 442 3737 525; baseline 0.001 -19"><span class='ocrx_word' id='word_1_11' title='bbox 505 448 842 523; x_wconf 81' lang='lat' dir='ltr'><strong>imperfectis</strong></span> <span class='ocrx_word' id='word_1_12' title='bbox 872 453 928 502; x_wconf 86' lang='lat' dir='ltr'><strong>et</strong></span> <span class='ocrx_word' id='word_1_13' title='bbox 954 445 1135 503; x_wconf 91' lang='lat' dir='ltr'><strong>minus</strong></span> <span class='ocrx_word' id='word_1_14' title='bbox 1168 453 1333 501; x_wconf 79' lang='lat' dir='ltr'><strong>tantae</strong></span> <span class='ocrx_word' id='word_1_15' title='bbox 1373 444 1846 516; x_wconf 76' lang='lat' dir='ltr'><strong>contemplationis</strong></span> <span class='ocrx_word' id='word_1_16' title='bbox 1868 442 2087 514; x_wconf 83' lang='lat' dir='ltr'><strong>oapaci-</strong></span> <span class='ocrx_word' id='word_1_17' title='bbox 2115 446 2169 504; x_wconf 83' lang='lat' dir='ltr'><strong>A</strong></span> <span class='ocrx_word' id='word_1_18' title='bbox 2193 460 2263 500; x_wconf 89' lang='lat' dir='ltr'><strong>ne</strong></span> <span class='ocrx_word' id='word_1_19' title='bbox 2295 460 2495 515; x_wconf 90' lang='lat' dir='ltr'><strong>corpus</strong></span> <span class='ocrx_word' id='word_1_20' title='bbox 2526 446 2915 517; x_wconf 90' lang='lat' dir='ltr'><strong>prophetarum</strong></span> <span class='ocrx_word' id='word_1_21' title='bbox 2943 447 3208 504; x_wconf 80' lang='lat' dir='ltr'><strong>creditur.</strong></span> <span class='ocrx_word' id='word_1_22' title='bbox 3241 448 3548 520; x_wconf 75' lang='lat' dir='ltr'><strong>Prophetite</strong></span> <span class='ocrx_word' id='word_1_23' title='bbox 3569 452 3737 525; x_wconf 85' lang='lat' dir='ltr'><strong>quippe</strong></span> 
     </span>
    </p>
   </div>
   <div class='ocr_carea' id='block_1_6' title="bbox 504 539 2092 612">
    <p class='ocr_par' dir='ltr' id='par_1_6' title="bbox 504 539 2092 612">
     <span class='ocr_line' id='line_1_6' title="bbox 504 539 2092 612; baseline -0.004 -13"><span class='ocrx_word' id='word_1_24' title='bbox 504 542 608 599; x_wconf 88' lang='lat' dir='ltr'><strong>bus</strong></span> <span class='ocrx_word' id='word_1_25' title='bbox 666 556 918 612; x_wconf 76' lang='lat' dir='ltr'><strong>parcens.</strong></span> <span class='ocrx_word' id='word_1_26' title='bbox 973 539 1302 596; x_wconf 82' lang='lat' dir='ltr'><strong>Sacerdotes</strong></span> <span class='ocrx_word' id='word_1_27' title='bbox 1353 548 1537 595; x_wconf 89' lang='lat' dir='ltr'><strong>autem</strong></span> <span class='ocrx_word' id='word_1_28' title='bbox 1597 540 2092 611; x_wconf 79' lang='lat' dir='ltr'><strong>appropinquantes</strong></span> 
     </span>
    </p>
   </div>
   <div class='ocr_carea' id='block_1_7' title="bbox 504 630 2090 704">
    <p class='ocr_par' dir='ltr' id='par_1_7' title="bbox 504 630 2090 704">
     <span class='ocr_line' id='line_1_7' title="bbox 504 630 2090 704; baseline -0.004 -13"><span class='ocrx_word' id='word_1_29' title='bbox 504 632 841 692; x_wconf 82' lang='lat' dir='ltr'><strong>sanctiﬁcari</strong></span> <span class='ocrx_word' id='word_1_30' title='bbox 862 630 1037 699; x_wconf 87' lang='lat' dir='ltr'><strong>jubet,</strong></span> <span class='ocrx_word' id='word_1_31' title='bbox 1076 640 1137 685; x_wconf 89' lang='lat' dir='ltr'><strong>ut</strong></span> <span class='ocrx_word' id='word_1_32' title='bbox 1164 631 1312 704; x_wconf 81' lang='lat' dir='ltr'><strong>digni</strong></span> <span class='ocrx_word' id='word_1_33' title='bbox 1341 632 1409 687; x_wconf 91' lang='lat' dir='ltr'><strong>ad</strong></span> <span class='ocrx_word' id='word_1_34' title='bbox 1443 632 1735 687; x_wconf 89' lang='lat' dir='ltr'><strong>videndum</strong></span> <span class='ocrx_word' id='word_1_35' title='bbox 1765 640 1820 686; x_wconf 90' lang='lat' dir='ltr'><strong>et</strong></span> <span class='ocrx_word' id='word_1_36' title='bbox 1847 639 2090 686; x_wconf 90' lang='lat' dir='ltr'><strong>contem-</strong></span> 
     </span>
    </p>
   </div>
   <div class='ocr_carea' id='block_1_8' title="bbox 501 721 2091 798">
    <p class='ocr_par' dir='ltr' id='par_1_8' title="bbox 501 721 2091 798">
     <span class='ocr_line' id='line_1_8' title="bbox 501 721 2091 798; baseline -0.002 -18"><span class='ocrx_word' id='word_1_37' title='bbox 501 724 763 798; x_wconf 91' lang='lat' dir='ltr'><strong>plandum</strong></span> <span class='ocrx_word' id='word_1_38' title='bbox 802 722 1000 778; x_wconf 84' lang='lat' dir='ltr'><strong>ﬁerent</strong></span> <span class='ocrx_word' id='word_1_39' title='bbox 1025 724 1360 793; x_wconf 89' lang='lat' dir='ltr'><strong>Deum,quia</strong></span> <span class='ocrx_word' id='word_1_40' title='bbox 1392 738 1582 778; x_wconf 83' lang='lat' dir='ltr'><strong>veram</strong></span> <span class='ocrx_word' id='word_1_41' title='bbox 1606 722 1890 785; x_wconf 76' lang='lat' dir='ltr'><strong>scientiam</strong></span> <span class='ocrx_word' id='word_1_42' title='bbox 1920 738 1949 776; x_wconf 92' lang='lat' dir='ltr'><strong>a</strong></span> <span class='ocrx_word' id='word_1_43' title='bbox 1976 721 2091 777; x_wconf 91' lang='lat' dir='ltr'><strong>Deo</strong></span> 
     </span>
    </p>
   </div>
   <div class='ocr_carea' id='block_1_9' title="bbox 504 814 2092 885">
    <p class='ocr_par' dir='ltr' id='par_1_9' title="bbox 504 814 2092 885">
     <span class='ocr_line' id='line_1_9' title="bbox 504 814 2092 885; baseline -0.004 -11"><span class='ocrx_word' id='word_1_44' title='bbox 504 830 669 874; x_wconf 86' lang='lat' dir='ltr'><strong>nemo</strong></span> <span class='ocrx_word' id='word_1_45' title='bbox 694 822 873 885; x_wconf 90' lang='lat' dir='ltr'><strong>potest</strong></span> <span class='ocrx_word' id='word_1_46' title='bbox 899 814 1016 869; x_wconf 85' lang='lat' dir='ltr'><strong>sine</strong></span> <span class='ocrx_word' id='word_1_47' title='bbox 1041 814 1472 870; x_wconf 82' lang='lat' dir='ltr'><strong>sanctificatione</strong></span> <span class='ocrx_word' id='word_1_48' title='bbox 1492 815 1834 885; x_wconf 88' lang='lat' dir='ltr'><strong>conquirere.</strong></span> <span class='ocrx_word' id='word_1_49' title='bbox 1862 815 2092 884; x_wconf 88' lang='lat' dir='ltr'><strong>Propter</strong></span> 
     </span>
    </p>
   </div>
   <div class='ocr_carea' id='block_1_10' title="bbox 505 902 2090 977">
    <p class='ocr_par' dir='ltr' id='par_1_10' title="bbox 505 902 2090 977">
     <span class='ocr_line' id='line_1_10' title="bbox 505 902 2090 977; baseline -0.002 -16"><span class='ocrx_word' id='word_1_50' title='bbox 505 907 651 976; x_wconf 90' lang='lat' dir='ltr'><strong>quod</strong></span> <span class='ocrx_word' id='word_1_51' title='bbox 676 904 878 960; x_wconf 84' lang='lat' dir='ltr'><strong>Paulus</strong></span> <span class='ocrx_word' id='word_1_52' title='bbox 909 921 922 958; x_wconf 89' lang='lat'><strong>:</strong></span> <span class='ocrx_word' id='word_1_53' title='bbox 958 902 1176 969; x_wconf 84' lang='lat' dir='ltr'><strong>Pacem,</strong></span> <span class='ocrx_word' id='word_1_54' title='bbox 1212 904 1410 975; x_wconf 87' lang='lat' dir='ltr'><strong>inquit,</strong></span> <span class='ocrx_word' id='word_1_55' title='bbox 1452 907 1728 977; x_wconf 75' lang='lat' dir='ltr'><strong>sequimini</strong></span> <span class='ocrx_word' id='word_1_56' title='bbox 1770 922 1889 960; x_wconf 89' lang='lat' dir='ltr'><strong>cum</strong></span> <span class='ocrx_word' id='word_1_57' title='bbox 1914 906 2090 959; x_wconf 88' lang='lat' dir='ltr'><strong>omni-</strong></span> 
     </span>
    </p>
   </div>
   <div class='ocr_carea' id='block_1_11' title="bbox 507 995 2091 1068">
    <p class='ocr_par' dir='ltr' id='par_1_11' title="bbox 507 995 2091 1068">
     <span class='ocr_line' id='line_1_11' title="bbox 507 995 2091 1068; baseline -0.003 -14"><span class='ocrx_word' id='word_1_58' title='bbox 507 998 603 1054; x_wconf 76' lang='lat' dir='ltr'><strong>bus</strong></span> <span class='ocrx_word' id='word_1_59' title='bbox 615 1005 664 1050; x_wconf 87' lang='lat' dir='ltr'><strong>et</strong></span> <span class='ocrx_word' id='word_1_60' title='bbox 680 995 1104 1055; x_wconf 76' lang='lat' dir='ltr'><strong>sanctimoniam.</strong></span> <span class='ocrx_word' id='word_1_61' title='bbox 1121 996 1233 1049; x_wconf 92' lang='lat' dir='ltr'><strong>sine</strong></span> <span class='ocrx_word' id='word_1_62' title='bbox 1244 1013 1347 1068; x_wconf 90' lang='lat' dir='ltr'><strong>qua</strong></span> <span class='ocrx_word' id='word_1_63' title='bbox 1371 1012 1520 1051; x_wconf 89' lang='lat' dir='ltr'><strong>nemo</strong></span> <span class='ocrx_word' id='word_1_64' title='bbox 1536 996 1723 1051; x_wconf 75' lang='lat' dir='ltr'><strong>videbit</strong></span> <span class='ocrx_word' id='word_1_65' title='bbox 1739 996 1927 1051; x_wconf 88' lang='lat' dir='ltr'><strong>Deum.</strong></span> <span class='ocrx_word' id='word_1_66' title='bbox 1950 995 2091 1052; x_wconf 89' lang='lat' dir='ltr'><strong>Con-</strong></span> 
     </span>
    </p>
   </div>
   <div class='ocr_carea' id='block_1_12' title="bbox 507 1084 2088 1159">
    <p class='ocr_par' dir='ltr' id='par_1_12' title="bbox 507 1084 2088 1159">
     <span class='ocr_line' id='line_1_12' title="bbox 507 1084 2088 1159; baseline -0.001 -16"><span class='ocrx_word' id='word_1_67' title='bbox 507 1096 758 1159; x_wconf 76' lang='lat' dir='ltr'><strong>Spectum</strong></span> <span class='ocrx_word' id='word_1_68' title='bbox 795 1085 934 1156; x_wconf 89' lang='lat' dir='ltr'><strong>ejus,</strong></span> <span class='ocrx_word' id='word_1_69' title='bbox 980 1086 1263 1141; x_wconf 86' lang='lat' dir='ltr'><strong>scientiam</strong></span> <span class='ocrx_word' id='word_1_70' title='bbox 1314 1084 1430 1155; x_wconf 86' lang='lat' dir='ltr'><strong>ejus</strong></span> <span class='ocrx_word' id='word_1_71' title='bbox 1467 1087 1677 1153; x_wconf 81' lang='lat' dir='ltr'><strong>dicens,</strong></span> <span class='ocrx_word' id='word_1_72' title='bbox 1725 1087 1780 1143; x_wconf 90' lang='lat' dir='ltr'><strong>id</strong></span> <span class='ocrx_word' id='word_1_73' title='bbox 1812 1096 1917 1153; x_wconf 90' lang='lat' dir='ltr'><strong>est,</strong></span> <span class='ocrx_word' id='word_1_74' title='bbox 1971 1086 2088 1156; x_wconf 87' lang='lat' dir='ltr'><strong>ejus</strong></span> 
     </span>
    </p>
   </div>
   <div class='ocr_carea' id='block_1_13' title="bbox 505 1177 2089 1248">
    <p class='ocr_par' dir='ltr' id='par_1_13' title="bbox 505 1177 2089 1248">
     <span class='ocr_line' id='line_1_13' title="bbox 505 1177 2089 1248; baseline -0.003 -12"><span class='ocrx_word' id='word_1_75' title='bbox 505 1177 1049 1248; x_wconf 85' lang='lat' dir='ltr'><strong>contemplationem;</strong></span> <span class='ocrx_word' id='word_1_76' title='bbox 1076 1178 1222 1233; x_wconf 91' lang='lat' dir='ltr'><strong>unde</strong></span> <span class='ocrx_word' id='word_1_77' title='bbox 1256 1177 1568 1234; x_wconf 88' lang='lat' dir='ltr'><strong>sacerdotes</strong></span> <span class='ocrx_word' id='word_1_78' title='bbox 1596 1178 1923 1233; x_wconf 85' lang='lat' dir='ltr'><strong>sanctificari</strong></span> <span class='ocrx_word' id='word_1_79' title='bbox 1953 1192 2089 1248; x_wconf 71' lang='lat' dir='ltr'><strong>pra:-</strong></span> 
     </span>
    </p>
   </div>
   <div class='ocr_carea' id='block_1_14' title="bbox 513 1268 2085 1355">
    <p class='ocr_par' dir='ltr' id='par_1_14' title="bbox 513 1268 2085 1355">
     <span class='ocr_line' id='line_1_14' title="bbox 513 1268 2085 1355; baseline -0.004 -27"><span class='ocrx_word' id='word_1_80' title='bbox 513 1271 743 1343; x_wconf 87' lang='lat' dir='ltr'><strong>cipiens,</strong></span> <span class='ocrx_word' id='word_1_81' title='bbox 774 1270 896 1326; x_wconf 89' lang='lat' dir='ltr'><strong>vide</strong></span> <span class='ocrx_word' id='word_1_82' title='bbox 926 1272 1195 1355; x_wconf 73' lang='lat' dir='ltr'><strong>quomodo</strong></span> <span class='ocrx_word' id='word_1_83' title='bbox 1231 1270 1472 1325; x_wconf 87' lang='lat' dir='ltr'><strong>minatur</strong></span> <span class='ocrx_word' id='word_1_84' title='bbox 1499 1270 1553 1323; x_wconf 92' lang='lat' dir='ltr'><strong>in</strong></span> <span class='ocrx_word' id='word_1_85' title='bbox 1592 1268 2085 1338; x_wconf 87' lang='lat' dir='ltr'><strong>subsequentibus:</strong></span> 
     </span>
    </p>
   </div>
   <div class='ocr_carea' id='block_1_15' title="bbox 508 1359 2088 1430">
    <p class='ocr_par' dir='ltr' id='par_1_15' title="bbox 508 1359 2088 1430">
     <span class='ocr_line' id='line_1_15' title="bbox 508 1359 2088 1430; baseline -0.002 -13"><span class='ocrx_word' id='word_1_86' title='bbox 508 1359 594 1417; x_wconf 82' lang='lat' dir='ltr'><strong>Ne</strong></span> <span class='ocrx_word' id='word_1_87' title='bbox 616 1361 749 1430; x_wconf 85' lang='lat' dir='ltr'><strong>forte</strong></span> <span class='ocrx_word' id='word_1_88' title='bbox 789 1361 997 1417; x_wconf 79' lang='lat' dir='ltr'><strong>recedat</strong></span> <span class='ocrx_word' id='word_1_89' title='bbox 1036 1361 1100 1415; x_wconf 91' lang='lat' dir='ltr'><strong>ab</strong></span> <span class='ocrx_word' id='word_1_90' title='bbox 1142 1362 1216 1416; x_wconf 87' lang='lat' dir='ltr'><strong>eis</strong></span> <span class='ocrx_word' id='word_1_91' title='bbox 1252 1360 1531 1427; x_wconf 80' lang='lat' dir='ltr'><strong>Dominus,</strong></span> <span class='ocrx_word' id='word_1_92' title='bbox 1574 1361 1626 1416; x_wconf 89' lang='lat' dir='ltr'><strong>id</strong></span> <span class='ocrx_word' id='word_1_93' title='bbox 1653 1369 1759 1426; x_wconf 90' lang='lat' dir='ltr'><strong>est,</strong></span> <span class='ocrx_word' id='word_1_94' title='bbox 1797 1376 1866 1421; x_wconf 89' lang='lat' dir='ltr'><strong>ue</strong></span> <span class='ocrx_word' id='word_1_95' title='bbox 1915 1360 2088 1428; x_wconf 80' lang='lat' dir='ltr'><strong>fugiat</strong></span> 
     </span>
    </p>
   </div>
   <div class='ocr_carea' id='block_1_16' title="bbox 504 1452 2086 1524">
    <p class='ocr_par' dir='ltr' id='par_1_16' title="bbox 504 1452 2086 1524">
     <span class='ocr_line' id='line_1_16' title="bbox 504 1452 2086 1524; baseline 0.001 -17"><span class='ocrx_word' id='word_1_96' title='bbox 504 1453 577 1508; x_wconf 78' lang='lat' dir='ltr'><strong>ab</strong></span> <span class='ocrx_word' id='word_1_97' title='bbox 603 1455 683 1510; x_wconf 89' lang='lat' dir='ltr'><strong>eis</strong></span> <span class='ocrx_word' id='word_1_98' title='bbox 719 1469 784 1508; x_wconf 88' lang='lat' dir='ltr'><strong>ea</strong></span> <span class='ocrx_word' id='word_1_99' title='bbox 815 1468 935 1524; x_wconf 74' lang='lat' dir='ltr'><strong>qua:</strong></span> <span class='ocrx_word' id='word_1_100' title='bbox 969 1453 1065 1507; x_wconf 89' lang='lat' dir='ltr'><strong>Dei</strong></span> <span class='ocrx_word' id='word_1_101' title='bbox 1117 1461 1202 1509; x_wconf 90' lang='lat' dir='ltr'><strong>est</strong></span> <span class='ocrx_word' id='word_1_102' title='bbox 1249 1453 1499 1508; x_wconf 84' lang='lat' dir='ltr'><strong>scientia.</strong></span> <span class='ocrx_word' id='word_1_103' title='bbox 1536 1452 1781 1507; x_wconf 89' lang='lat' dir='ltr'><strong>Perditio</strong></span> <span class='ocrx_word' id='word_1_104' title='bbox 1828 1453 1973 1507; x_wconf 88' lang='lat' dir='ltr'><strong>enim</strong></span> <span class='ocrx_word' id='word_1_105' title='bbox 2006 1453 2086 1509; x_wconf 89' lang='lat' dir='ltr'><strong>eis</strong></span> 
     </span>
    </p>
   </div>
   <div class='ocr_carea' id='block_1_17' title="bbox 505 1544 2089 1615">
    <p class='ocr_par' dir='ltr' id='par_1_17' title="bbox 505 1544 2089 1615">
     <span class='ocr_line' id='line_1_17' title="bbox 505 1544 2089 1615; baseline -0.003 -12"><span class='ocrx_word' id='word_1_106' title='bbox 505 1545 746 1603; x_wconf 80' lang='lat' dir='ltr'><strong>scientiae</strong></span> <span class='ocrx_word' id='word_1_107' title='bbox 784 1545 1045 1601; x_wconf 89' lang='lat' dir='ltr'><strong>discessio</strong></span> <span class='ocrx_word' id='word_1_108' title='bbox 1092 1544 1172 1599; x_wconf 89' lang='lat' dir='ltr'><strong>fit.</strong></span> <span class='ocrx_word' id='word_1_109' title='bbox 1221 1544 1329 1601; x_wconf 87' lang='lat' dir='ltr'><strong>Sed</strong></span> <span class='ocrx_word' id='word_1_110' title='bbox 1375 1561 1519 1600; x_wconf 92' lang='lat' dir='ltr'><strong>nunc</strong></span> <span class='ocrx_word' id='word_1_111' title='bbox 1567 1560 1631 1600; x_wconf 86' lang='lat' dir='ltr'><strong>ea</strong></span> <span class='ocrx_word' id='word_1_112' title='bbox 1688 1559 1806 1615; x_wconf 69' lang='lat' dir='ltr'><strong>qua:</strong></span> <span class='ocrx_word' id='word_1_113' title='bbox 1852 1546 1991 1599; x_wconf 88' lang='lat' dir='ltr'><strong>sicut</strong></span> <span class='ocrx_word' id='word_1_114' title='bbox 2022 1560 2089 1599; x_wconf 84' lang='lat' dir='ltr'><strong>ex</strong></span> 
     </span>
    </p>
   </div>
   <div class='ocr_carea' id='block_1_18' title="bbox 501 1635 2087 1707">
    <p class='ocr_par' dir='ltr' id='par_1_18' title="bbox 501 1635 2087 1707">
     <span class='ocr_line' id='line_1_18' title="bbox 501 1635 2087 1707; baseline -0.002 -15"><span class='ocrx_word' id='word_1_115' title='bbox 501 1649 737 1706; x_wconf 89' lang='lat' dir='ltr'><strong>persona</strong></span> <span class='ocrx_word' id='word_1_116' title='bbox 766 1635 861 1690; x_wconf 88' lang='lat' dir='ltr'><strong>Dei</strong></span> <span class='ocrx_word' id='word_1_117' title='bbox 890 1651 990 1705; x_wconf 92' lang='lat' dir='ltr'><strong>per</strong></span> <span class='ocrx_word' id='word_1_118' title='bbox 1016 1635 1237 1707; x_wconf 87' lang='lat' dir='ltr'><strong>Moysen</strong></span> <span class='ocrx_word' id='word_1_119' title='bbox 1268 1636 1414 1691; x_wconf 89' lang='lat' dir='ltr'><strong>dicta</strong></span> <span class='ocrx_word' id='word_1_120' title='bbox 1443 1644 1570 1691; x_wconf 91' lang='lat' dir='ltr'><strong>sunt</strong></span> <span class='ocrx_word' id='word_1_121' title='bbox 1607 1636 1768 1691; x_wconf 89' lang='lat' dir='ltr'><strong>verba</strong></span> <span class='ocrx_word' id='word_1_122' title='bbox 1806 1636 2087 1707; x_wconf 85' lang='lat' dir='ltr'><strong>aggredia-</strong></span> 
     </span>
    </p>
   </div>
   <div class='ocr_carea' id='block_1_19' title="bbox 503 1726 2074 1799">
    <p class='ocr_par' dir='ltr' id='par_1_19' title="bbox 503 1726 2074 1799">
     <span class='ocr_line' id='line_1_19' title="bbox 503 1726 2074 1799; baseline 0 -17"><span class='ocrx_word' id='word_1_123' title='bbox 503 1744 659 1783; x_wconf 89' lang='lat' dir='ltr'><strong>mur:</strong></span> <span class='ocrx_word' id='word_1_124' title='bbox 688 1726 757 1782; x_wconf 87' lang='lat' dir='ltr'><strong>Et</strong></span> <span class='ocrx_word' id='word_1_125' title='bbox 787 1727 1157 1795; x_wconf 78' lang='lat' dir='ltr'><strong>sanctiﬁcabor</strong></span> <span class='ocrx_word' id='word_1_126' title='bbox 1180 1729 1237 1781; x_wconf 89' lang='lat' dir='ltr'><strong>in</strong></span> <span class='ocrx_word' id='word_1_127' title='bbox 1254 1728 1335 1781; x_wconf 89' lang='lat' dir='ltr'><strong>his</strong></span> <span class='ocrx_word' id='word_1_128' title='bbox 1358 1730 1447 1798; x_wconf 85' lang='lat' dir='ltr'><strong>qui</strong></span> <span class='ocrx_word' id='word_1_129' title='bbox 1477 1729 1896 1799; x_wconf 81' lang='lat' dir='ltr'><strong>appropinquant</strong></span> <span class='ocrx_word' id='word_1_130' title='bbox 1923 1729 2074 1782; x_wconf 89' lang='lat' dir='ltr'><strong>mihi.</strong></span> 
     </span>
    </p>
   </div>
   <div class='ocr_carea' id='block_1_20' title="bbox 506 1793 2163 1893">
    <p class='ocr_par' dir='ltr' id='par_1_20' title="bbox 506 1793 2163 1893">
     <span class='ocr_line' id='line_1_20' title="bbox 506 1793 2163 1893; baseline 0 -22"><span class='ocrx_word' id='word_1_131' title='bbox 506 1815 1010 1872; x_wconf 83' lang='lat' dir='ltr'><strong>Sanctificationem</strong></span> <span class='ocrx_word' id='word_1_132' title='bbox 1049 1832 1204 1872; x_wconf 88' lang='lat' dir='ltr'><strong>suam</strong></span> <span class='ocrx_word' id='word_1_133' title='bbox 1240 1826 1424 1883; x_wconf 82' lang='lat' dir='ltr'><strong>vocat,</strong></span> <span class='ocrx_word' id='word_1_134' title='bbox 1458 1818 1809 1888; x_wconf 89' lang='lat' dir='ltr'><strong>profanorum</strong></span> <span class='ocrx_word' id='word_1_135' title='bbox 1838 1819 2089 1893; x_wconf 44' lang='lat' dir='ltr'><strong>sivcgma-</strong></span> <span class='ocrx_word' id='word_1_136' title='bbox 2115 1793 2163 1853; x_wconf 81' lang='grc' dir='ltr'><strong>Β</strong></span> 
     </span>
    </p>
   </div>
   <div class='ocr_carea' id='block_1_21' title="bbox 504 1905 2083 1978">
    <p class='ocr_par' dir='ltr' id='par_1_21' title="bbox 504 1905 2083 1978">
     <span class='ocr_line' id='line_1_21' title="bbox 504 1905 2083 1978; baseline 0.002 -18"><span class='ocrx_word' id='word_1_137' title='bbox 504 1906 678 1963; x_wconf 90' lang='lat' dir='ltr'><strong>lorum</strong></span> <span class='ocrx_word' id='word_1_138' title='bbox 726 1908 1165 1963; x_wconf 85' lang='lat' dir='ltr'><strong>emundationem</strong></span> <span class='ocrx_word' id='word_1_139' title='bbox 1216 1923 1336 1977; x_wconf 71' lang='lat' dir='ltr'><strong>qua:</strong></span> <span class='ocrx_word' id='word_1_140' title='bbox 1364 1923 1560 1978; x_wconf 88' lang='lat' dir='ltr'><strong>corpus</strong></span> <span class='ocrx_word' id='word_1_141' title='bbox 1608 1917 1854 1963; x_wconf 89' lang='lat' dir='ltr'><strong>nostrum</strong></span> <span class='ocrx_word' id='word_1_142' title='bbox 1895 1905 2083 1963; x_wconf 58' lang='lat' dir='ltr'><strong>Habet.</strong></span> 
     </span>
    </p>
   </div>
   <div class='ocr_carea' id='block_1_22' title="bbox 501 1993 2077 2065">
    <p class='ocr_par' dir='ltr' id='par_1_22' title="bbox 501 1993 2077 2065">
     <span class='ocr_line' id='line_1_22' title="bbox 501 1993 2077 2065; baseline 0.001 -14"><span class='ocrx_word' id='word_1_143' title='bbox 501 1993 761 2065; x_wconf 88' lang='lat' dir='ltr'><strong>Corporis</strong></span> <span class='ocrx_word' id='word_1_144' title='bbox 789 2003 967 2051; x_wconf 89' lang='lat' dir='ltr'><strong>autem</strong></span> <span class='ocrx_word' id='word_1_145' title='bbox 1018 1997 1354 2063; x_wconf 89' lang='lat' dir='ltr'><strong>emundatio,</strong></span> <span class='ocrx_word' id='word_1_146' title='bbox 1402 1998 1643 2052; x_wconf 88' lang='lat' dir='ltr'><strong>sordium</strong></span> <span class='ocrx_word' id='word_1_147' title='bbox 1693 1996 1924 2065; x_wconf 89' lang='lat' dir='ltr'><strong>abjectio</strong></span> <span class='ocrx_word' id='word_1_148' title='bbox 1972 2007 2077 2054; x_wconf 91' lang='lat' dir='ltr'><strong>est.</strong></span> 
     </span>
    </p>
   </div>
   <div class='ocr_carea' id='block_1_23' title="bbox 503 2085 2087 2159">
    <p class='ocr_par' dir='ltr' id='par_1_23' title="bbox 503 2085 2087 2159">
     <span class='ocr_line' id='line_1_23' title="bbox 503 2085 2087 2159; baseline 0.001 -18"><span class='ocrx_word' id='word_1_149' title='bbox 503 2085 619 2141; x_wconf 86' lang='lat' dir='ltr'><strong>Hoc</strong></span> <span class='ocrx_word' id='word_1_150' title='bbox 648 2102 776 2158; x_wconf 84' lang='lat' dir='ltr'><strong>ergo</strong></span> <span class='ocrx_word' id='word_1_151' title='bbox 821 2096 879 2142; x_wconf 92' lang='lat' dir='ltr'><strong>ut</strong></span> <span class='ocrx_word' id='word_1_152' title='bbox 905 2089 1078 2144; x_wconf 89' lang='lat' dir='ltr'><strong>bonus</strong></span> <span class='ocrx_word' id='word_1_153' title='bbox 1100 2097 1157 2142; x_wconf 91' lang='lat' dir='ltr'><strong>et</strong></span> <span class='ocrx_word' id='word_1_154' title='bbox 1184 2088 1307 2159; x_wconf 91' lang='lat' dir='ltr'><strong>pius</strong></span> <span class='ocrx_word' id='word_1_155' title='bbox 1339 2088 1393 2142; x_wconf 90' lang='lat' dir='ltr'><strong>in</strong></span> <span class='ocrx_word' id='word_1_156' title='bbox 1444 2089 1529 2144; x_wconf 90' lang='lat' dir='ltr'><strong>his</strong></span> <span class='ocrx_word' id='word_1_157' title='bbox 1568 2088 1662 2158; x_wconf 90' lang='lat' dir='ltr'><strong>qui</strong></span> <span class='ocrx_word' id='word_1_158' title='bbox 1704 2089 2087 2159; x_wconf 77' lang='lat' dir='ltr'><strong>approximant</strong></span> 
     </span>
    </p>
   </div>
   <div class='ocr_carea' id='block_1_24' title="bbox 500 2168 2087 2246">
    <p class='ocr_par' dir='ltr' id='par_1_24' title="bbox 500 2168 2087 2246">
     <span class='ocr_line' id='line_1_24' title="bbox 500 2168 2087 2246; baseline 0 -12"><span class='ocrx_word' id='word_1_159' title='bbox 500 2178 574 2243; x_wconf 90' lang='lat' dir='ltr'><strong>ei,</strong></span> <span class='ocrx_word' id='word_1_160' title='bbox 628 2168 925 2235; x_wconf 83' lang='lat' dir='ltr'><strong>secundum</strong></span> <span class='ocrx_word' id='word_1_161' title='bbox 952 2177 1352 2236; x_wconf 80' lang='lat' dir='ltr'><strong>multitudinem</strong></span> <span class='ocrx_word' id='word_1_162' title='bbox 1398 2180 1650 2235; x_wconf 78' lang='lat' dir='ltr'><strong>videlicet</strong></span> <span class='ocrx_word' id='word_1_163' title='bbox 1677 2181 1939 2246; x_wconf 82' lang='lat' dir='ltr'><strong>scientiae,</strong></span> <span class='ocrx_word' id='word_1_164' title='bbox 1999 2181 2087 2237; x_wconf 90' lang='lat' dir='ltr'><strong>vel</strong></span> 
     </span>
    </p>
   </div>
   <div class='ocr_carea' id='block_1_25' title="bbox 500 2270 2082 2340">
    <p class='ocr_par' dir='ltr' id='par_1_25' title="bbox 500 2270 2082 2340">
     <span class='ocr_line' id='line_1_25' title="bbox 500 2270 2082 2340; baseline 0.001 -15"><span class='ocrx_word' id='word_1_165' title='bbox 500 2270 797 2325; x_wconf 84' lang='lat' dir='ltr'><strong>secundum</strong></span> <span class='ocrx_word' id='word_1_166' title='bbox 831 2270 1048 2339; x_wconf 81' lang='lat' dir='ltr'><strong>aliquod</strong></span> <span class='ocrx_word' id='word_1_167' title='bbox 1099 2271 1342 2325; x_wconf 89' lang='lat' dir='ltr'><strong>divinum</strong></span> <span class='ocrx_word' id='word_1_168' title='bbox 1394 2270 1757 2325; x_wconf 87' lang='lat' dir='ltr'><strong>ministerium</strong></span> <span class='ocrx_word' id='word_1_169' title='bbox 1801 2279 2082 2340; x_wconf 88' lang='lat' dir='ltr'><strong>operatur,</strong></span> 
     </span>
    </p>
   </div>
   <div class='ocr_carea' id='block_1_26' title="bbox 498 2361 2081 2433">
    <p class='ocr_par' dir='ltr' id='par_1_26' title="bbox 498 2361 2081 2433">
     <span class='ocr_line' id='line_1_26' title="bbox 498 2361 2081 2433; baseline 0.003 -20"><span class='ocrx_word' id='word_1_170' title='bbox 498 2368 561 2413; x_wconf 86' lang='lat' dir='ltr'><strong>ut</strong></span> <span class='ocrx_word' id='word_1_171' title='bbox 587 2375 685 2429; x_wconf 91' lang='lat' dir='ltr'><strong>per</strong></span> <span class='ocrx_word' id='word_1_172' title='bbox 722 2361 869 2429; x_wconf 87' lang='lat' dir='ltr'><strong>ipsos</strong></span> <span class='ocrx_word' id='word_1_173' title='bbox 898 2369 1128 2425; x_wconf 86' lang='lat' dir='ltr'><strong>terreat,</strong></span> <span class='ocrx_word' id='word_1_174' title='bbox 1176 2368 1231 2415; x_wconf 91' lang='lat' dir='ltr'><strong>et</strong></span> <span class='ocrx_word' id='word_1_175' title='bbox 1273 2361 1329 2415; x_wconf 92' lang='lat' dir='ltr'><strong>in</strong></span> <span class='ocrx_word' id='word_1_176' title='bbox 1378 2368 1674 2431; x_wconf 90' lang='lat' dir='ltr'><strong>conspectu</strong></span> <span class='ocrx_word' id='word_1_177' title='bbox 1706 2362 1873 2418; x_wconf 85' lang='lat' dir='ltr'><strong>totius</strong></span> <span class='ocrx_word' id='word_1_178' title='bbox 1898 2363 2081 2433; x_wconf 87' lang='lat' dir='ltr'><strong>populi</strong></span> 
     </span>
    </p>
   </div>
   <div class='ocr_carea' id='block_1_27' title="bbox 500 2451 2087 2521">
    <p class='ocr_par' dir='ltr' id='par_1_27' title="bbox 500 2451 2087 2521">
     <span class='ocr_line' id='line_1_27' title="bbox 500 2451 2087 2521; baseline 0.004 -18"><span class='ocrx_word' id='word_1_179' title='bbox 500 2451 853 2521; x_wconf 85' lang='lat' dir='ltr'><strong>glorificetnr,</strong></span> <span class='ocrx_word' id='word_1_180' title='bbox 879 2453 933 2506; x_wconf 90' lang='lat' dir='ltr'><strong>id</strong></span> <span class='ocrx_word' id='word_1_181' title='bbox 947 2452 1318 2516; x_wconf 83' lang='lat' dir='ltr'><strong>est,laudetur</strong></span> <span class='ocrx_word' id='word_1_182' title='bbox 1340 2460 1396 2507; x_wconf 89' lang='lat' dir='ltr'><strong>et</strong></span> <span class='ocrx_word' id='word_1_183' title='bbox 1420 2452 1815 2509; x_wconf 79' lang='lat' dir='ltr'><strong>manifestatur.</strong></span> <span class='ocrx_word' id='word_1_184' title='bbox 1862 2454 2087 2510; x_wconf 87' lang='lat' dir='ltr'><strong>Utrum-</strong></span> 
     </span>
    </p>
   </div>
   <div class='ocr_carea' id='block_1_28' title="bbox 499 2542 2079 2618">
    <p class='ocr_par' dir='ltr' id='par_1_28' title="bbox 499 2542 2079 2618">
     <span class='ocr_line' id='line_1_28' title="bbox 499 2542 2079 2618; baseline 0.004 -21"><span class='ocrx_word' id='word_1_185' title='bbox 499 2556 607 2613; x_wconf 85' lang='lat' dir='ltr'><strong>que</strong></span> <span class='ocrx_word' id='word_1_186' title='bbox 642 2542 788 2598; x_wconf 90' lang='lat' dir='ltr'><strong>cnim</strong></span> <span class='ocrx_word' id='word_1_187' title='bbox 818 2543 1226 2615; x_wconf 81' lang='lat' dir='ltr'><strong>glorificationis</strong></span> <span class='ocrx_word' id='word_1_188' title='bbox 1252 2545 1479 2600; x_wconf 80' lang='lat' dir='ltr'><strong>verbum</strong></span> <span class='ocrx_word' id='word_1_189' title='bbox 1507 2545 1841 2612; x_wconf 83' lang='lat' dir='ltr'><strong>manifestat,</strong></span> <span class='ocrx_word' id='word_1_190' title='bbox 1873 2555 1930 2602; x_wconf 91' lang='lat' dir='ltr'><strong>et</strong></span> <span class='ocrx_word' id='word_1_191' title='bbox 1957 2563 2079 2618; x_wconf 59' lang='lat' dir='ltr'><strong>quae</strong></span> 
     </span>
    </p>
   </div>
   <div class='ocr_carea' id='block_1_29' title="bbox 496 2634 2081 2702">
    <p class='ocr_par' dir='ltr' id='par_1_29' title="bbox 496 2634 2081 2702">
     <span class='ocr_line' id='line_1_29' title="bbox 496 2634 2081 2702; baseline 0.001 -13"><span class='ocrx_word' id='word_1_192' title='bbox 496 2647 567 2689; x_wconf 76' lang='lat' dir='ltr'><strong>ex</strong></span> <span class='ocrx_word' id='word_1_193' title='bbox 609 2635 713 2691; x_wconf 90' lang='lat' dir='ltr'><strong>hoc</strong></span> <span class='ocrx_word' id='word_1_194' title='bbox 759 2634 877 2690; x_wconf 87' lang='lat' dir='ltr'><strong>laus</strong></span> <span class='ocrx_word' id='word_1_195' title='bbox 924 2636 1021 2691; x_wconf 89' lang='lat' dir='ltr'><strong>Dei</strong></span> <span class='ocrx_word' id='word_1_196' title='bbox 1056 2643 1113 2690; x_wconf 91' lang='lat' dir='ltr'><strong>et</strong></span> <span class='ocrx_word' id='word_1_197' title='bbox 1154 2635 1525 2691; x_wconf 87' lang='lat' dir='ltr'><strong>manifestatio</strong></span> <span class='ocrx_word' id='word_1_198' title='bbox 1556 2638 1648 2702; x_wconf 90' lang='lat' dir='ltr'><strong>sit,</strong></span> <span class='ocrx_word' id='word_1_199' title='bbox 1697 2638 1867 2692; x_wconf 87' lang='lat' dir='ltr'><strong>David</strong></span> <span class='ocrx_word' id='word_1_200' title='bbox 1912 2639 2081 2693; x_wconf 91' lang='lat' dir='ltr'><strong>dicit:</strong></span> 
     </span>
    </p>
   </div>
   <div class='ocr_carea' id='block_1_30' title="bbox 499 2724 2082 2800">
    <p class='ocr_par' dir='ltr' id='par_1_30' title="bbox 499 2724 2082 2800">
     <span class='ocr_line' id='line_1_30' title="bbox 499 2724 2082 2800; baseline 0.003 -20"><span class='ocrx_word' id='word_1_201' title='bbox 499 2724 642 2792; x_wconf 80' lang='lat' dir='ltr'><strong>Quia</strong></span> <span class='ocrx_word' id='word_1_202' title='bbox 667 2726 847 2795; x_wconf 85' lang='lat' dir='ltr'><strong>justus</strong></span> <span class='ocrx_word' id='word_1_203' title='bbox 893 2726 1180 2794; x_wconf 78' lang='lat' dir='ltr'><strong>Dominus,</strong></span> <span class='ocrx_word' id='word_1_204' title='bbox 1221 2727 1492 2798; x_wconf 79' lang='lat' dir='ltr'><strong>justitiam</strong></span> <span class='ocrx_word' id='word_1_205' title='bbox 1526 2728 1733 2796; x_wconf 72' lang='lat' dir='ltr'><strong>dilexit,</strong></span> <span class='ocrx_word' id='word_1_206' title='bbox 1785 2729 2082 2800; x_wconf 70' lang='lat' dir='ltr'><strong>(equitatem</strong></span> 
     </span>
    </p>
   </div>
   <div class='ocr_carea' id='block_1_31' title="bbox 497 2816 2079 2893">
    <p class='ocr_par' dir='ltr' id='par_1_31' title="bbox 497 2816 2079 2893">
     <span class='ocr_line' id='line_1_31' title="bbox 497 2816 2079 2893; baseline 0.003 -22"><span class='ocrx_word' id='word_1_207' title='bbox 497 2817 628 2871; x_wconf 71' lang='lat' dir='ltr'><strong>sidit</strong></span> <span class='ocrx_word' id='word_1_208' title='bbox 679 2816 854 2873; x_wconf 83' lang='lat' dir='ltr'><strong>vultus</strong></span> <span class='ocrx_word' id='word_1_209' title='bbox 895 2818 1010 2889; x_wconf 82' lang='lat' dir='ltr'><strong>ejus</strong></span> <span class='ocrx_word' id='word_1_210' title='bbox 1057 2818 1287 2890; x_wconf 89' lang='lat' dir='ltr'><strong>(Psalm.</strong></span> <span class='ocrx_word' id='word_1_211' title='bbox 1317 2819 1397 2893; x_wconf 72' lang='grc' dir='ltr'><strong>Χ).</strong></span> <span class='ocrx_word' id='word_1_212' title='bbox 1444 2819 1513 2874; x_wconf 86' lang='lat' dir='ltr'><strong>In</strong></span> <span class='ocrx_word' id='word_1_213' title='bbox 1539 2821 1622 2875; x_wconf 89' lang='lat' dir='ltr'><strong>his</strong></span> <span class='ocrx_word' id='word_1_214' title='bbox 1669 2821 1834 2875; x_wconf 85' lang='lat' dir='ltr'><strong>tacuit</strong></span> <span class='ocrx_word' id='word_1_215' title='bbox 1859 2822 2079 2888; x_wconf 82' lang='lat' dir='ltr'><strong>Aaron;</strong></span> 
     </span>
    </p>
   </div>
   <div class='ocr_carea' id='block_1_32' title="bbox 497 2908 2082 2982">
    <p class='ocr_par' dir='ltr' id='par_1_32' title="bbox 497 2908 2082 2982">
     <span class='ocr_line' id='line_1_32' title="bbox 497 2908 2082 2982; baseline 0.001 -18"><span class='ocrx_word' id='word_1_216' title='bbox 497 2909 615 2964; x_wconf 82' lang='lat' dir='ltr'><strong>sive</strong></span> <span class='ocrx_word' id='word_1_217' title='bbox 644 2919 702 2964; x_wconf 91' lang='lat' dir='ltr'><strong>ut</strong></span> <span class='ocrx_word' id='word_1_218' title='bbox 736 2908 1111 2981; x_wconf 77' lang='lat' dir='ltr'><strong>Septuaginta,</strong></span> <span class='ocrx_word' id='word_1_219' title='bbox 1129 2920 1466 2982; x_wconf 78' lang='lat' dir='ltr'><strong>compunctus</strong></span> <span class='ocrx_word' id='word_1_220' title='bbox 1486 2920 1562 2967; x_wconf 89' lang='lat' dir='ltr'><strong>est</strong></span> <span class='ocrx_word' id='word_1_221' title='bbox 1591 2910 1770 2967; x_wconf 82' lang='lat' dir='ltr'><strong>Aaron</strong></span> <span class='ocrx_word' id='word_1_222' title='bbox 1793 2927 1814 2966; x_wconf 88' lang='lat'><strong><em>:</em></strong></span> <span class='ocrx_word' id='word_1_223' title='bbox 1836 2911 2082 2968; x_wconf 85' lang='lat' dir='ltr'><strong>Ecclesia</strong></span> 
     </span>
    </p>
   </div>
   <div class='ocr_carea' id='block_1_33' title="bbox 496 2994 2079 3071">
    <p class='ocr_par' dir='ltr' id='par_1_33' title="bbox 496 2994 2079 3071">
     <span class='ocr_line' id='line_1_33' title="bbox 496 2994 2079 3071; baseline 0.003 -23"><span class='ocrx_word' id='word_1_224' title='bbox 496 2994 772 3062; x_wconf 79' lang='lat' dir='ltr'><strong>videlicet,</strong></span> <span class='ocrx_word' id='word_1_225' title='bbox 813 2996 939 3066; x_wconf 84' lang='lat' dir='ltr'><strong>quia</strong></span> <span class='ocrx_word' id='word_1_226' title='bbox 984 3012 1184 3068; x_wconf 89' lang='lat' dir='ltr'><strong>corpus</strong></span> <span class='ocrx_word' id='word_1_227' title='bbox 1214 2997 1567 3071; x_wconf 83' lang='lat' dir='ltr'><strong>intelligibilis</strong></span> <span class='ocrx_word' id='word_1_228' title='bbox 1593 2997 1798 3064; x_wconf 73' lang='lat' dir='ltr'><strong>Aaron,</strong></span> <span class='ocrx_word' id='word_1_229' title='bbox 1831 2998 2079 3054; x_wconf 86' lang='lat' dir='ltr'><strong>Ecclesia</strong></span> 
     </span>
    </p>
   </div>
   <div class='ocr_carea' id='block_1_34' title="bbox 501 3086 2078 3160">
    <p class='ocr_par' dir='ltr' id='par_1_34' title="bbox 501 3086 2078 3160">
     <span class='ocr_line' id='line_1_34' title="bbox 501 3086 2078 3160; baseline 0.001 -18"><span class='ocrx_word' id='word_1_230' title='bbox 501 3093 616 3151; x_wconf 82' lang='lat' dir='ltr'><strong>est;</strong></span> <span class='ocrx_word' id='word_1_231' title='bbox 648 3086 792 3143; x_wconf 87' lang='lat' dir='ltr'><strong>unde</strong></span> <span class='ocrx_word' id='word_1_232' title='bbox 824 3086 938 3157; x_wconf 82' lang='lat' dir='ltr'><strong>ipse</strong></span> <span class='ocrx_word' id='word_1_233' title='bbox 984 3087 1139 3154; x_wconf 79' lang='lat' dir='ltr'><strong>dixit,</strong></span> <span class='ocrx_word' id='word_1_234' title='bbox 1174 3087 1359 3155; x_wconf 87' lang='lat' dir='ltr'><strong>Saule,</strong></span> <span class='ocrx_word' id='word_1_235' title='bbox 1388 3089 1577 3156; x_wconf 88' lang='lat' dir='ltr'><strong>Saule,</strong></span> <span class='ocrx_word' id='word_1_236' title='bbox 1618 3090 1744 3160; x_wconf 90' lang='lat' dir='ltr'><strong>quid</strong></span> <span class='ocrx_word' id='word_1_237' title='bbox 1786 3106 1867 3144; x_wconf 89' lang='lat' dir='ltr'><strong>me</strong></span> <span class='ocrx_word' id='word_1_238' title='bbox 1902 3106 2078 3160; x_wconf 86' lang='lat' dir='ltr'><strong>perse-</strong></span> 
     </span>
    </p>
   </div>
   <div class='ocr_carea' id='block_1_35' title="bbox 495 3270 2077 3343">
    <p class='ocr_par' dir='ltr' id='par_1_35' title="bbox 495 3270 2077 3343">
     <span class='ocr_line' id='line_1_35' title="bbox 495 3270 2077 3343; baseline 0.002 -17"><span class='ocrx_word' id='word_1_239' title='bbox 495 3284 612 3336; x_wconf 88' lang='lat' dir='ltr'><strong>eos,</strong></span> <span class='ocrx_word' id='word_1_240' title='bbox 654 3270 837 3326; x_wconf 81' lang='lat' dir='ltr'><strong>dixit:</strong></span> <span class='ocrx_word' id='word_1_241' title='bbox 870 3270 974 3338; x_wconf 82' lang='lat' dir='ltr'><strong>Qui</strong></span> <span class='ocrx_word' id='word_1_242' title='bbox 1015 3287 1101 3326; x_wconf 83' lang='lat' dir='ltr'><strong>vos</strong></span> <span class='ocrx_word' id='word_1_243' title='bbox 1166 3272 1403 3341; x_wconf 83' lang='lat' dir='ltr'><strong>suscipit,</strong></span> <span class='ocrx_word' id='word_1_244' title='bbox 1442 3289 1525 3327; x_wconf 89' lang='lat' dir='ltr'><strong>me</strong></span> <span class='ocrx_word' id='word_1_245' title='bbox 1571 3274 1811 3343; x_wconf 81' lang='lat' dir='ltr'><strong>suscipit.</strong></span> <span class='ocrx_word' id='word_1_246' title='bbox 1862 3272 2077 3329; x_wconf 79' lang='lat' dir='ltr'><strong>Vocavit</strong></span> 
     </span>
    </p>
   </div>
   <div class='ocr_carea' id='block_1_36' title="bbox 498 3360 2078 3436">
    <p class='ocr_par' dir='ltr' id='par_1_36' title="bbox 498 3360 2078 3436">
     <span class='ocr_line' id='line_1_36' title="bbox 498 3360 2078 3436; baseline 0.004 -20"><span class='ocrx_word' id='word_1_247' title='bbox 498 3371 673 3416; x_wconf 90' lang='lat' dir='ltr'><strong>autem</strong></span> <span class='ocrx_word' id='word_1_248' title='bbox 713 3360 922 3433; x_wconf 80' lang='lat' dir='ltr'><strong>Moyses</strong></span> <span class='ocrx_word' id='word_1_249' title='bbox 957 3362 1148 3417; x_wconf 87' lang='lat' dir='ltr'><strong>Misael</strong></span> <span class='ocrx_word' id='word_1_250' title='bbox 1176 3373 1223 3418; x_wconf 90' lang='lat' dir='ltr'><strong>et</strong></span> <span class='ocrx_word' id='word_1_251' title='bbox 1264 3362 1536 3435; x_wconf 84' lang='lat' dir='ltr'><strong>Elsaphan</strong></span> <span class='ocrx_word' id='word_1_252' title='bbox 1564 3365 1703 3434; x_wconf 80' lang='lat' dir='ltr'><strong>ﬁlios</strong></span> <span class='ocrx_word' id='word_1_253' title='bbox 1730 3363 1879 3422; x_wconf 77' lang='lat' dir='ltr'><strong>Oziel</strong></span> <span class='ocrx_word' id='word_1_254' title='bbox 1898 3368 2078 3436; x_wconf 84' lang='lat' dir='ltr'><strong>patrui</strong></span> 
     </span>
    </p>
   </div>
   <div class='ocr_carea' id='block_1_37' title="bbox 495 3451 2079 3524">
    <p class='ocr_par' dir='ltr' id='par_1_37' title="bbox 495 3451 2079 3524">
     <span class='ocr_line' id='line_1_37' title="bbox 495 3451 2079 3524; baseline 0.004 -19"><span class='ocrx_word' id='word_1_255' title='bbox 495 3451 697 3519; x_wconf 83' lang='lat' dir='ltr'><strong>Aaron,</strong></span> <span class='ocrx_word' id='word_1_256' title='bbox 744 3460 793 3507; x_wconf 89' lang='lat' dir='ltr'><strong>et</strong></span> <span class='ocrx_word' id='word_1_257' title='bbox 821 3454 898 3507; x_wconf 87' lang='lat' dir='ltr'><strong>ait</strong></span> <span class='ocrx_word' id='word_1_258' title='bbox 944 3454 1015 3507; x_wconf 87' lang='lat' dir='ltr'><strong>ad</strong></span> <span class='ocrx_word' id='word_1_259' title='bbox 1059 3470 1147 3509; x_wconf 85' lang='lat' dir='ltr'><strong>eos</strong></span> <span class='ocrx_word' id='word_1_260' title='bbox 1170 3470 1189 3509; x_wconf 90' lang='lat'><strong><em>:</em></strong></span> <span class='ocrx_word' id='word_1_261' title='bbox 1218 3452 1325 3520; x_wconf 84' lang='lat' dir='ltr'><strong>Ite,</strong></span> <span class='ocrx_word' id='word_1_262' title='bbox 1348 3454 1512 3509; x_wconf 87' lang='lat' dir='ltr'><strong>tollite</strong></span> <span class='ocrx_word' id='word_1_263' title='bbox 1553 3454 1744 3524; x_wconf 80' lang='lat' dir='ltr'><strong>fratres</strong></span> <span class='ocrx_word' id='word_1_264' title='bbox 1791 3467 1986 3512; x_wconf 75' lang='lat' dir='ltr'><strong>vestros</strong></span> <span class='ocrx_word' id='word_1_265' title='bbox 2013 3458 2079 3512; x_wconf 87' lang='lat' dir='ltr'><strong>de</strong></span> 
     </span>
    </p>
   </div>
   <div class='ocr_carea' id='block_1_38' title="bbox 496 3545 2078 3616">
    <p class='ocr_par' dir='ltr' id='par_1_38' title="bbox 496 3545 2078 3616">
     <span class='ocr_line' id='line_1_38' title="bbox 496 3545 2078 3616; baseline 0.004 -19"><span class='ocrx_word' id='word_1_266' title='bbox 496 3553 776 3616; x_wconf 86' lang='lat' dir='ltr'><strong>conspectu</strong></span> <span class='ocrx_word' id='word_1_267' title='bbox 819 3545 1132 3611; x_wconf 83' lang='lat' dir='ltr'><strong>sanctuarii,</strong></span> <span class='ocrx_word' id='word_1_268' title='bbox 1162 3555 1213 3601; x_wconf 87' lang='lat' dir='ltr'><strong>et</strong></span> <span class='ocrx_word' id='word_1_269' title='bbox 1234 3555 1497 3616; x_wconf 85' lang='lat' dir='ltr'><strong>asportate</strong></span> <span class='ocrx_word' id='word_1_270' title='bbox 1539 3554 1690 3602; x_wconf 76' lang='lat' dir='ltr'><strong>extra</strong></span> <span class='ocrx_word' id='word_1_271' title='bbox 1726 3558 1942 3615; x_wconf 88' lang='lat' dir='ltr'><strong>castra;</strong></span> <span class='ocrx_word' id='word_1_272' title='bbox 1968 3559 2078 3604; x_wconf 86' lang='lat' dir='ltr'><strong>sta-</strong></span> 
     </span>
    </p>
   </div>
   <div class='ocr_carea' id='block_1_39' title="bbox 498 3633 2070 3709">
    <p class='ocr_par' dir='ltr' id='par_1_39' title="bbox 498 3633 2070 3709">
     <span class='ocr_line' id='line_1_39' title="bbox 498 3633 2070 3709; baseline 0.005 -21"><span class='ocrx_word' id='word_1_273' title='bbox 498 3633 693 3706; x_wconf 82' lang='lat' dir='ltr'><strong>timque</strong></span> <span class='ocrx_word' id='word_1_274' title='bbox 724 3646 1007 3707; x_wconf 84' lang='lat' dir='ltr'><strong>pergentes,</strong></span> <span class='ocrx_word' id='word_1_275' title='bbox 1037 3636 1271 3692; x_wconf 89' lang='lat' dir='ltr'><strong>tulerunt</strong></span> <span class='ocrx_word' id='word_1_276' title='bbox 1304 3653 1391 3692; x_wconf 90' lang='lat' dir='ltr'><strong>eos</strong></span> <span class='ocrx_word' id='word_1_277' title='bbox 1412 3637 1549 3693; x_wconf 84' lang='lat' dir='ltr'><strong>sicut</strong></span> <span class='ocrx_word' id='word_1_278' title='bbox 1585 3638 1833 3709; x_wconf 87' lang='lat' dir='ltr'><strong>jacebant</strong></span> <span class='ocrx_word' id='word_1_279' title='bbox 1861 3641 2070 3697; x_wconf 80' lang='lat' dir='ltr'><strong>vestitos</strong></span> 
     </span>
    </p>
   </div>
   <div class='ocr_carea' id='block_1_40' title="bbox 498 3722 2079 3800">
    <p class='ocr_par' dir='ltr' id='par_1_40' title="bbox 498 3722 2079 3800">
     <span class='ocr_line' id='line_1_40' title="bbox 498 3722 2079 3800; baseline 0.007 -24"><span class='ocrx_word' id='word_1_280' title='bbox 498 3722 652 3778; x_wconf 86' lang='lat' dir='ltr'><strong>lineis</strong></span> <span class='ocrx_word' id='word_1_281' title='bbox 684 3726 894 3793; x_wconf 85' lang='lat' dir='ltr'><strong>tunicis,</strong></span> <span class='ocrx_word' id='word_1_282' title='bbox 929 3736 977 3781; x_wconf 87' lang='lat' dir='ltr'><strong>et</strong></span> <span class='ocrx_word' id='word_1_283' title='bbox 1030 3727 1291 3798; x_wconf 85' lang='lat' dir='ltr'><strong>ejecerunt</strong></span> <span class='ocrx_word' id='word_1_284' title='bbox 1324 3728 1489 3798; x_wconf 78' lang='lat' dir='ltr'><strong>foras,</strong></span> <span class='ocrx_word' id='word_1_285' title='bbox 1515 3738 1572 3783; x_wconf 91' lang='lat' dir='ltr'><strong>ut</strong></span> <span class='ocrx_word' id='word_1_286' title='bbox 1618 3730 1718 3784; x_wconf 85' lang='lat' dir='ltr'><strong>sibi</strong></span> <span class='ocrx_word' id='word_1_287' title='bbox 1764 3731 1939 3800; x_wconf 76' lang='lat' dir='ltr'><strong>fuerat</strong></span> <span class='ocrx_word' id='word_1_288' title='bbox 1976 3731 2079 3786; x_wconf 89' lang='lat' dir='ltr'><strong>im-</strong></span> 
     </span>
    </p>
   </div>
   <div class='ocr_carea' id='block_1_41' title="bbox 493 3815 2075 3891">
    <p class='ocr_par' dir='ltr' id='par_1_41' title="bbox 493 3815 2075 3891">
     <span class='ocr_line' id='line_1_41' title="bbox 493 3815 2075 3891; baseline 0.006 -23"><span class='ocrx_word' id='word_1_289' title='bbox 493 3824 753 3885; x_wconf 85' lang='lat' dir='ltr'><strong>peratum.</strong></span> <span class='ocrx_word' id='word_1_290' title='bbox 787 3815 870 3872; x_wconf 84' lang='lat' dir='ltr'><strong>Ab</strong></span> <span class='ocrx_word' id='word_1_291' title='bbox 904 3816 990 3872; x_wconf 90' lang='lat' dir='ltr'><strong>his</strong></span> <span class='ocrx_word' id='word_1_292' title='bbox 1010 3817 1102 3888; x_wconf 91' lang='lat' dir='ltr'><strong>qui</strong></span> <span class='ocrx_word' id='word_1_293' title='bbox 1142 3833 1236 3874; x_wconf 88' lang='lat' dir='ltr'><strong>eos</strong></span> <span class='ocrx_word' id='word_1_294' title='bbox 1271 3817 1570 3887; x_wconf 88' lang='lat' dir='ltr'><strong>ejecerunt,</strong></span> <span class='ocrx_word' id='word_1_295' title='bbox 1600 3835 1694 3874; x_wconf 91' lang='lat' dir='ltr'><strong>eos</strong></span> <span class='ocrx_word' id='word_1_296' title='bbox 1717 3818 1822 3891; x_wconf 65' lang='lat' dir='ltr'><strong>fqui</strong></span> <span class='ocrx_word' id='word_1_297' title='bbox 1871 3821 2075 3877; x_wconf 88' lang='lat' dir='ltr'><strong>sublati</strong></span> 
     </span>
    </p>
   </div>
   <div class='ocr_carea' id='block_1_42' title="bbox 496 3905 2075 3981">
    <p class='ocr_par' dir='ltr' id='par_1_42' title="bbox 496 3905 2075 3981">
     <span class='ocr_line' id='line_1_42' title="bbox 496 3905 2075 3981; baseline 0.003 -18"><span class='ocrx_word' id='word_1_298' title='bbox 496 3906 614 3964; x_wconf 82' lang='lat' dir='ltr'><strong>sive</strong></span> <span class='ocrx_word' id='word_1_299' title='bbox 645 3905 801 3976; x_wconf 86' lang='lat' dir='ltr'><strong>ejecti</strong></span> <span class='ocrx_word' id='word_1_300' title='bbox 834 3915 959 3962; x_wconf 91' lang='lat' dir='ltr'><strong>sunt</strong></span> <span class='ocrx_word' id='word_1_301' title='bbox 984 3907 1245 3979; x_wconf 85' lang='lat' dir='ltr'><strong>intellige.</strong></span> <span class='ocrx_word' id='word_1_302' title='bbox 1277 3908 1378 3975; x_wconf 85' lang='lat' dir='ltr'><strong>Qui</strong></span> <span class='ocrx_word' id='word_1_303' title='bbox 1398 3919 1581 3964; x_wconf 89' lang='lat' dir='ltr'><strong>autem</strong></span> <span class='ocrx_word' id='word_1_304' title='bbox 1606 3908 1829 3965; x_wconf 82' lang='lat' dir='ltr'><strong>fuerunt</strong></span> <span class='ocrx_word' id='word_1_305' title='bbox 1850 3911 1941 3981; x_wconf 92' lang='lat' dir='ltr'><strong>qui</strong></span> <span class='ocrx_word' id='word_1_306' title='bbox 1955 3926 2075 3968; x_wconf 88' lang='lat' dir='ltr'><strong>sus-</strong></span> 
     </span>
    </p>
   </div>
   <div class='ocr_carea' id='block_1_43' title="bbox 497 3995 2076 4068">
    <p class='ocr_par' dir='ltr' id='par_1_43' title="bbox 497 3995 2076 4068">
     <span class='ocr_line' id='line_1_43' title="bbox 497 3995 2076 4068; baseline 0.003 -16"><span class='ocrx_word' id='word_1_307' title='bbox 497 3995 776 4052; x_wconf 74' lang='lat' dir='ltr'><strong>mlerunt?</strong></span> <span class='ocrx_word' id='word_1_308' title='bbox 821 3995 1006 4051; x_wconf 85' lang='lat' dir='ltr'><strong>Misael</strong></span> <span class='ocrx_word' id='word_1_309' title='bbox 1046 4004 1103 4051; x_wconf 92' lang='lat' dir='ltr'><strong>et</strong></span> <span class='ocrx_word' id='word_1_310' title='bbox 1135 3997 1429 4068; x_wconf 90' lang='lat' dir='ltr'><strong>Elsaphan,</strong></span> <span class='ocrx_word' id='word_1_311' title='bbox 1478 4000 1591 4054; x_wconf 87' lang='lat' dir='ltr'><strong>sive</strong></span> <span class='ocrx_word' id='word_1_312' title='bbox 1619 3998 1900 4066; x_wconf 85' lang='lat' dir='ltr'><strong>Misaddai,</strong></span> <span class='ocrx_word' id='word_1_313' title='bbox 1926 3999 2076 4057; x_wconf 83' lang='lat' dir='ltr'><strong>Heli-</strong></span> 
     </span>
    </p>
   </div>
   <div class='ocr_carea' id='block_1_44' title="bbox 498 4087 2072 4157">
    <p class='ocr_par' dir='ltr' id='par_1_44' title="bbox 498 4087 2072 4157">
     <span class='ocr_line' id='line_1_44' title="bbox 498 4087 2072 4157; baseline 0.004 -15"><span class='ocrx_word' id='word_1_314' title='bbox 498 4087 731 4156; x_wconf 85' lang='lat' dir='ltr'><strong>saphan,</strong></span> <span class='ocrx_word' id='word_1_315' title='bbox 758 4102 987 4156; x_wconf 89' lang='lat' dir='ltr'><strong>quorum</strong></span> <span class='ocrx_word' id='word_1_316' title='bbox 1017 4104 1156 4143; x_wconf 91' lang='lat' dir='ltr'><strong>unus</strong></span> <span class='ocrx_word' id='word_1_317' title='bbox 1181 4092 1491 4145; x_wconf 89' lang='lat' dir='ltr'><strong>attrectatio</strong></span> <span class='ocrx_word' id='word_1_318' title='bbox 1512 4090 1633 4157; x_wconf 89' lang='lat' dir='ltr'><strong>Dei,</strong></span> <span class='ocrx_word' id='word_1_319' title='bbox 1665 4092 1720 4146; x_wconf 90' lang='lat' dir='ltr'><strong>id</strong></span> <span class='ocrx_word' id='word_1_320' title='bbox 1744 4101 1847 4157; x_wconf 87' lang='lat' dir='ltr'><strong>est,</strong></span> <span class='ocrx_word' id='word_1_321' title='bbox 1869 4093 2072 4149; x_wconf 86' lang='lat' dir='ltr'><strong>misad—</strong></span> 
     </span>
    </p>
   </div>
   <div class='ocr_carea' id='block_1_45' title="bbox 494 4174 2067 4253">
    <p class='ocr_par' dir='ltr' id='par_1_45' title="bbox 494 4174 2067 4253">
     <span class='ocr_line' id='line_1_45' title="bbox 494 4174 2067 4253; baseline 0.005 -21"><span class='ocrx_word' id='word_1_322' title='bbox 494 4176 608 4241; x_wconf 87' lang='lat' dir='ltr'><strong>dai,</strong></span> <span class='ocrx_word' id='word_1_323' title='bbox 646 4174 964 4243; x_wconf 85' lang='lat' dir='ltr'><strong>helisaphan</strong></span> <span class='ocrx_word' id='word_1_324' title='bbox 995 4184 1174 4231; x_wconf 85' lang='lat' dir='ltr'><strong>autem</strong></span> <span class='ocrx_word' id='word_1_325' title='bbox 1218 4179 1315 4232; x_wconf 90' lang='lat' dir='ltr'><strong>Dei</strong></span> <span class='ocrx_word' id='word_1_326' title='bbox 1340 4180 1446 4234; x_wconf 90' lang='lat' dir='ltr'><strong>mei</strong></span> <span class='ocrx_word' id='word_1_327' title='bbox 1480 4181 1701 4250; x_wconf 87' lang='lat' dir='ltr'><strong>specula</strong></span> <span class='ocrx_word' id='word_1_328' title='bbox 1736 4183 2067 4253; x_wconf 87' lang='lat' dir='ltr'><strong>interpreta-</strong></span> 
     </span>
    </p>
   </div>
   <div class='ocr_carea' id='block_1_46' title="bbox 402 4265 2068 4346">
    <p class='ocr_par' dir='ltr' id='par_1_46' title="bbox 402 4265 2068 4346">
     <span class='ocr_line' id='line_1_46' title="bbox 402 4265 2068 4346; baseline 0.007 -26"><span class='ocrx_word' id='word_1_329' title='bbox 402 4285 418 4310; x_wconf 80' lang='grc' dir='ltr'><em>ι</em></span> <span class='ocrx_word' id='word_1_330' title='bbox 490 4274 600 4321; x_wconf 93' lang='lat' dir='ltr'><strong>tur.</strong></span> <span class='ocrx_word' id='word_1_331' title='bbox 642 4265 959 4336; x_wconf 85' lang='lat' dir='ltr'><strong>Quicunque</strong></span> <span class='ocrx_word' id='word_1_332' title='bbox 984 4282 1113 4337; x_wconf 87' lang='lat' dir='ltr'><strong>ergo</strong></span> <span class='ocrx_word' id='word_1_333' title='bbox 1145 4269 1249 4323; x_wconf 91' lang='lat' dir='ltr'><strong>scit</strong></span> <span class='ocrx_word' id='word_1_334' title='bbox 1276 4277 1571 4326; x_wconf 88' lang='lat' dir='ltr'><strong>attrectare</strong></span> <span class='ocrx_word' id='word_1_335' title='bbox 1592 4272 1786 4339; x_wconf 91' lang='lat' dir='ltr'><strong>Deum,</strong></span> <span class='ocrx_word' id='word_1_336' title='bbox 1844 4274 2068 4346; x_wconf 89' lang='lat' dir='ltr'><strong>insuper</strong></span> 
     </span>
    </p>
   </div>
   <div class='ocr_carea' id='block_1_47' title="bbox 491 4358 2070 4431">
    <p class='ocr_par' dir='ltr' id='par_1_47' title="bbox 491 4358 2070 4431">
     <span class='ocr_line' id='line_1_47' title="bbox 491 4358 2070 4431; baseline 0.007 -19"><span class='ocrx_word' id='word_1_337' title='bbox 491 4366 673 4413; x_wconf 87' lang='lat' dir='ltr'><strong>autem</strong></span> <span class='ocrx_word' id='word_1_338' title='bbox 701 4365 755 4414; x_wconf 89' lang='lat' dir='ltr'><strong>et</strong></span> <span class='ocrx_word' id='word_1_339' title='bbox 784 4358 1076 4429; x_wconf 90' lang='lat' dir='ltr'><strong>speculari,</strong></span> <span class='ocrx_word' id='word_1_340' title='bbox 1126 4367 1182 4414; x_wconf 91' lang='lat' dir='ltr'><strong>et</strong></span> <span class='ocrx_word' id='word_1_341' title='bbox 1206 4358 1409 4415; x_wconf 88' lang='lat' dir='ltr'><strong>Christi</strong></span> <span class='ocrx_word' id='word_1_342' title='bbox 1438 4362 1654 4431; x_wconf 90' lang='lat' dir='ltr'><strong>quidem</strong></span> <span class='ocrx_word' id='word_1_343' title='bbox 1683 4378 1902 4421; x_wconf 88' lang='lat' dir='ltr'><strong>carnem</strong></span> <span class='ocrx_word' id='word_1_344' title='bbox 1938 4382 2070 4423; x_wconf 92' lang='lat' dir='ltr'><strong>con-</strong></span> 
     </span>
    </p>
   </div>
   <div class='ocr_carea' id='block_1_48' title="bbox 2195 536 3739 617">
    <p class='ocr_par' dir='ltr' id='par_1_48' title="bbox 2195 536 3739 617">
     <span class='ocr_line' id='line_1_48' title="bbox 2195 536 3739 617; baseline 0.008 -27"><span class='ocrx_word' id='word_1_345' title='bbox 2195 550 2320 591; x_wconf 90' lang='lat' dir='ltr'><strong>eum</strong></span> <span class='ocrx_word' id='word_1_346' title='bbox 2345 537 2694 592; x_wconf 88' lang='lat' dir='ltr'><strong>manifestum</strong></span> <span class='ocrx_word' id='word_1_347' title='bbox 2728 536 2958 605; x_wconf 86' lang='lat' dir='ltr'><strong>faciunt,</strong></span> <span class='ocrx_word' id='word_1_348' title='bbox 2986 546 3150 608; x_wconf 87' lang='lat' dir='ltr'><strong>atque</strong></span> <span class='ocrx_word' id='word_1_349' title='bbox 3197 539 3594 609; x_wconf 88' lang='lat' dir='ltr'><strong>quodammodo</strong></span> <span class='ocrx_word' id='word_1_350' title='bbox 3620 545 3739 617; x_wconf 86' lang='lat' dir='ltr'><strong>igno-</strong></span> 
     </span>
    </p>
   </div>
   <div class='ocr_carea' id='block_1_49' title="bbox 2194 626 3737 700">
    <p class='ocr_par' dir='ltr' id='par_1_49' title="bbox 2194 626 3737 700">
     <span class='ocr_line' id='line_1_49' title="bbox 2194 626 3737 700; baseline 0.01 -20"><span class='ocrx_word' id='word_1_351' title='bbox 2194 626 2441 682; x_wconf 85' lang='lat' dir='ltr'><strong>rautibus</strong></span> <span class='ocrx_word' id='word_1_352' title='bbox 2466 627 2704 697; x_wconf 88' lang='lat' dir='ltr'><strong>pariunt,</strong></span> <span class='ocrx_word' id='word_1_353' title='bbox 2752 628 2924 684; x_wconf 81' lang='lat' dir='ltr'><strong>frater</strong></span> <span class='ocrx_word' id='word_1_354' title='bbox 2967 636 3150 685; x_wconf 88' lang='lat' dir='ltr'><strong>autem</strong></span> <span class='ocrx_word' id='word_1_355' title='bbox 3190 645 3483 700; x_wconf 88' lang='lat' dir='ltr'><strong>germanus</strong></span> <span class='ocrx_word' id='word_1_356' title='bbox 3518 641 3573 690; x_wconf 90' lang='lat' dir='ltr'><strong>et</strong></span> <span class='ocrx_word' id='word_1_357' title='bbox 3603 644 3657 689; x_wconf 89' lang='lat' dir='ltr'><strong>ut</strong></span> <span class='ocrx_word' id='word_1_358' title='bbox 3681 638 3737 695; x_wconf 82' lang='lat' dir='ltr'><strong>ita</strong></span> 
     </span>
    </p>
   </div>
   <div class='ocr_carea' id='block_1_50' title="bbox 2195 717 3735 791">
    <p class='ocr_par' dir='ltr' id='par_1_50' title="bbox 2195 717 3735 791">
     <span class='ocr_line' id='line_1_50' title="bbox 2195 717 3735 791; baseline 0.006 -19"><span class='ocrx_word' id='word_1_359' title='bbox 2195 717 2425 772; x_wconf 87' lang='lat' dir='ltr'><strong>dicatur.</strong></span> <span class='ocrx_word' id='word_1_360' title='bbox 2477 718 2647 788; x_wconf 87' lang='lat' dir='ltr'><strong>Igitur</strong></span> <span class='ocrx_word' id='word_1_361' title='bbox 2670 719 2987 789; x_wconf 73' lang='lat' dir='ltr'><strong>prophetiae,</strong></span> <span class='ocrx_word' id='word_1_362' title='bbox 3033 721 3387 791; x_wconf 83' lang='lat' dir='ltr'><strong>Evangelium</strong></span> <span class='ocrx_word' id='word_1_363' title='bbox 3428 731 3534 778; x_wconf 90' lang='lat' dir='ltr'><strong>est.</strong></span> <span class='ocrx_word' id='word_1_364' title='bbox 3580 724 3735 782; x_wconf 85' lang='lat' dir='ltr'><strong>Omnis</strong></span> 
     </span>
    </p>
   </div>
   <div class='ocr_carea' id='block_1_51' title="bbox 2194 807 3736 885">
    <p class='ocr_par' dir='ltr' id='par_1_51' title="bbox 2194 807 3736 885">
     <span class='ocr_line' id='line_1_51' title="bbox 2194 807 3736 885; baseline 0.006 -25"><span class='ocrx_word' id='word_1_365' title='bbox 2194 807 2339 861; x_wconf 90' lang='lat' dir='ltr'><strong>enim</strong></span> <span class='ocrx_word' id='word_1_366' title='bbox 2370 822 2490 877; x_wconf 65' lang='lat' dir='ltr'><strong>qua:</strong></span> <span class='ocrx_word' id='word_1_367' title='bbox 2516 808 2572 862; x_wconf 92' lang='lat' dir='ltr'><strong>in</strong></span> <span class='ocrx_word' id='word_1_368' title='bbox 2602 808 2909 880; x_wconf 87' lang='lat' dir='ltr'><strong>Evangeliis</strong></span> <span class='ocrx_word' id='word_1_369' title='bbox 2950 818 3072 865; x_wconf 87' lang='lat' dir='ltr'><strong>acta</strong></span> <span class='ocrx_word' id='word_1_370' title='bbox 3102 817 3247 878; x_wconf 89' lang='lat' dir='ltr'><strong>sunt,</strong></span> <span class='ocrx_word' id='word_1_371' title='bbox 3277 827 3307 866; x_wconf 89' lang='lat' dir='ltr'><strong>a</strong></span> <span class='ocrx_word' id='word_1_372' title='bbox 3334 813 3611 883; x_wconf 72' lang='lat' dir='ltr'><strong>prophetis</strong></span> <span class='ocrx_word' id='word_1_373' title='bbox 3629 830 3736 885; x_wconf 65' lang='lat' dir='ltr'><strong>pru-</strong></span> 
     </span>
    </p>
   </div>
   <div class='ocr_carea' id='block_1_52' title="bbox 2194 898 3734 971">
    <p class='ocr_par' dir='ltr' id='par_1_52' title="bbox 2194 898 3734 971">
     <span class='ocr_line' id='line_1_52' title="bbox 2194 898 3734 971; baseline 0.006 -18"><span class='ocrx_word' id='word_1_374' title='bbox 2194 898 2335 953; x_wconf 88' lang='lat' dir='ltr'><strong>dicta</strong></span> <span class='ocrx_word' id='word_1_375' title='bbox 2362 907 2505 953; x_wconf 91' lang='lat' dir='ltr'><strong>sunt.</strong></span> <span class='ocrx_word' id='word_1_376' title='bbox 2554 900 2679 954; x_wconf 86' lang='lat' dir='ltr'><strong>Filii</strong></span> <span class='ocrx_word' id='word_1_377' title='bbox 2701 899 2887 957; x_wconf 82' lang='lat' dir='ltr'><strong>fratris</strong></span> <span class='ocrx_word' id='word_1_378' title='bbox 2924 902 3097 971; x_wconf 89' lang='lat' dir='ltr'><strong>patris</strong></span> <span class='ocrx_word' id='word_1_379' title='bbox 3128 902 3313 957; x_wconf 80' lang='lat' dir='ltr'><strong>Aaron</strong></span> <span class='ocrx_word' id='word_1_380' title='bbox 3358 904 3499 959; x_wconf 90' lang='lat' dir='ltr'><strong>bene</strong></span> <span class='ocrx_word' id='word_1_381' title='bbox 3528 912 3582 960; x_wconf 91' lang='lat' dir='ltr'><strong>et</strong></span> <span class='ocrx_word' id='word_1_382' title='bbox 3607 905 3734 962; x_wconf 85' lang='lat' dir='ltr'><strong>nimis</strong></span> 
     </span>
    </p>
   </div>
   <div class='ocr_carea' id='block_1_53' title="bbox 2193 991 3735 1064">
    <p class='ocr_par' dir='ltr' id='par_1_53' title="bbox 2193 991 3735 1064">
     <span class='ocr_line' id='line_1_53' title="bbox 2193 991 3735 1064; baseline 0.005 -19"><span class='ocrx_word' id='word_1_383' title='bbox 2193 1001 2317 1061; x_wconf 88' lang='lat' dir='ltr'><strong>apte</strong></span> <span class='ocrx_word' id='word_1_384' title='bbox 2346 991 2401 1046; x_wconf 90' lang='lat' dir='ltr'><strong>hi</strong></span> <span class='ocrx_word' id='word_1_385' title='bbox 2442 993 2535 1062; x_wconf 90' lang='lat' dir='ltr'><strong>qui</strong></span> <span class='ocrx_word' id='word_1_386' title='bbox 2570 993 2940 1064; x_wconf 87' lang='lat' dir='ltr'><strong>evangelicam</strong></span> <span class='ocrx_word' id='word_1_387' title='bbox 2968 996 3445 1053; x_wconf 87' lang='lat' dir='ltr'><strong>conversationem</strong></span> <span class='ocrx_word' id='word_1_388' title='bbox 3468 997 3735 1053; x_wconf 88' lang='lat' dir='ltr'><strong>didicerunt</strong></span> 
     </span>
    </p>
   </div>
   <div class='ocr_carea' id='block_1_54' title="bbox 2194 1082 3716 1156">
    <p class='ocr_par' dir='ltr' id='par_1_54' title="bbox 2194 1082 3716 1156">
     <span class='ocr_line' id='line_1_54' title="bbox 2194 1082 3716 1156; baseline 0.004 -20"><span class='ocrx_word' id='word_1_389' title='bbox 2194 1082 2467 1149; x_wconf 89' lang='lat' dir='ltr'><strong>dicuntur,</strong></span> <span class='ocrx_word' id='word_1_390' title='bbox 2497 1091 2554 1137; x_wconf 90' lang='lat' dir='ltr'><strong>et</strong></span> <span class='ocrx_word' id='word_1_391' title='bbox 2582 1083 2682 1137; x_wconf 91' lang='lat' dir='ltr'><strong>hos</strong></span> <span class='ocrx_word' id='word_1_392' title='bbox 2711 1083 2805 1153; x_wconf 88' lang='lat' dir='ltr'><strong>qui</strong></span> <span class='ocrx_word' id='word_1_393' title='bbox 2836 1082 2943 1138; x_wconf 89' lang='lat' dir='ltr'><strong>alia</strong></span> <span class='ocrx_word' id='word_1_394' title='bbox 2971 1085 3166 1139; x_wconf 87' lang='lat' dir='ltr'><strong>docent</strong></span> <span class='ocrx_word' id='word_1_395' title='bbox 3187 1099 3419 1155; x_wconf 80' lang='lat' dir='ltr'><strong>arguere</strong></span> <span class='ocrx_word' id='word_1_396' title='bbox 3463 1093 3522 1141; x_wconf 88' lang='lat' dir='ltr'><strong>et</strong></span> <span class='ocrx_word' id='word_1_397' title='bbox 3553 1087 3716 1156; x_wconf 83' lang='lat' dir='ltr'><strong>repelle</strong></span> 
     </span>
    </p>
   </div>
   <div class='ocr_carea' id='block_1_55' title="bbox 2193 1173 3730 1243">
    <p class='ocr_par' dir='ltr' id='par_1_55' title="bbox 2193 1173 3730 1243">
     <span class='ocr_line' id='line_1_55' title="bbox 2193 1173 3730 1243; baseline 0.005 -18"><span class='ocrx_word' id='word_1_398' title='bbox 2193 1187 2252 1226; x_wconf 92' lang='lat' dir='ltr'><strong>re</strong></span> <span class='ocrx_word' id='word_1_399' title='bbox 2278 1179 2337 1227; x_wconf 93' lang='lat' dir='ltr'><strong>ut</strong></span> <span class='ocrx_word' id='word_1_400' title='bbox 2364 1184 2487 1243; x_wconf 87' lang='lat' dir='ltr'><strong>pote</strong></span> <span class='ocrx_word' id='word_1_401' title='bbox 2510 1174 2807 1243; x_wconf 83' lang='lat' dir='ltr'><strong>perfectam</strong></span> <span class='ocrx_word' id='word_1_402' title='bbox 2827 1173 3089 1230; x_wconf 83' lang='lat' dir='ltr'><strong>habentes</strong></span> <span class='ocrx_word' id='word_1_403' title='bbox 3118 1176 3426 1240; x_wconf 82' lang='lat' dir='ltr'><strong>scientiam,</strong></span> <span class='ocrx_word' id='word_1_404' title='bbox 3456 1179 3730 1233; x_wconf 84' lang='lat' dir='ltr'><strong>necessario</strong></span> 
     </span>
    </p>
   </div>
   <div class='ocr_carea' id='block_1_56' title="bbox 2191 1265 3733 1339">
    <p class='ocr_par' dir='ltr' id='par_1_56' title="bbox 2191 1265 3733 1339">
     <span class='ocr_line' id='line_1_56' title="bbox 2191 1265 3733 1339; baseline 0.001 -19"><span class='ocrx_word' id='word_1_405' title='bbox 2191 1274 2318 1321; x_wconf 91' lang='lat' dir='ltr'><strong>sunt</strong></span> <span class='ocrx_word' id='word_1_406' title='bbox 2368 1265 2634 1336; x_wconf 79' lang='lat' dir='ltr'><strong>diSpositi.</strong></span> <span class='ocrx_word' id='word_1_407' title='bbox 2666 1266 2744 1321; x_wconf 91' lang='lat' dir='ltr'><strong>De</strong></span> <span class='ocrx_word' id='word_1_408' title='bbox 2768 1282 2875 1336; x_wconf 92' lang='lat' dir='ltr'><strong>qua</strong></span> <span class='ocrx_word' id='word_1_409' title='bbox 2903 1266 3142 1323; x_wconf 87' lang='lat' dir='ltr'><strong>Joannes</strong></span> <span class='ocrx_word' id='word_1_410' title='bbox 3170 1268 3384 1324; x_wconf 90' lang='lat' dir='ltr'><strong>dicebat</strong></span> <span class='ocrx_word' id='word_1_411' title='bbox 3422 1287 3435 1321; x_wconf 89' lang='lat'><strong>:</strong></span> <span class='ocrx_word' id='word_1_412' title='bbox 3469 1267 3647 1323; x_wconf 81' lang='lat' dir='ltr'><strong>Omnis</strong></span> <span class='ocrx_word' id='word_1_413' title='bbox 3668 1271 3733 1339; x_wconf 72' lang='lat' dir='ltr'><strong>qui</strong></span> 
     </span>
    </p>
   </div>
   <div class='ocr_carea' id='block_1_57' title="bbox 2191 1353 3734 1426">
    <p class='ocr_par' dir='ltr' id='par_1_57' title="bbox 2191 1353 3734 1426">
     <span class='ocr_line' id='line_1_57' title="bbox 2191 1353 3734 1426; baseline 0.003 -18"><span class='ocrx_word' id='word_1_414' title='bbox 2191 1356 2439 1426; x_wconf 76' lang='lat' dir='ltr'><strong>prwcedit</strong></span> <span class='ocrx_word' id='word_1_415' title='bbox 2464 1365 2514 1410; x_wconf 90' lang='lat' dir='ltr'><strong>et</strong></span> <span class='ocrx_word' id='word_1_416' title='bbox 2543 1373 2649 1410; x_wconf 90' lang='lat' dir='ltr'><strong>non</strong></span> <span class='ocrx_word' id='word_1_417' title='bbox 2668 1365 2844 1425; x_wconf 88' lang='lat' dir='ltr'><strong>manet</strong></span> <span class='ocrx_word' id='word_1_418' title='bbox 2868 1358 2925 1411; x_wconf 91' lang='lat' dir='ltr'><strong>in</strong></span> <span class='ocrx_word' id='word_1_419' title='bbox 2951 1357 3191 1412; x_wconf 86' lang='lat' dir='ltr'><strong>doctrina</strong></span> <span class='ocrx_word' id='word_1_420' title='bbox 3233 1353 3452 1424; x_wconf 72' lang='lat' dir='ltr'><strong>Christi,</strong></span> <span class='ocrx_word' id='word_1_421' title='bbox 3479 1357 3641 1412; x_wconf 86' lang='lat' dir='ltr'><strong>Deum</strong></span> <span class='ocrx_word' id='word_1_422' title='bbox 3659 1375 3734 1412; x_wconf 73' lang='lat' dir='ltr'><strong>nos</strong></span> 
     </span>
    </p>
   </div>
   <div class='ocr_carea' id='block_1_58' title="bbox 2191 1446 3733 1517">
    <p class='ocr_par' dir='ltr' id='par_1_58' title="bbox 2191 1446 3733 1517">
     <span class='ocr_line' id='line_1_58' title="bbox 2191 1446 3733 1517; baseline 0.001 -18"><span class='ocrx_word' id='word_1_423' title='bbox 2191 1446 2377 1511; x_wconf 86' lang='lat' dir='ltr'><strong>habet;</strong></span> <span class='ocrx_word' id='word_1_424' title='bbox 2399 1447 2488 1517; x_wconf 85' lang='lat' dir='ltr'><strong>qui</strong></span> <span class='ocrx_word' id='word_1_425' title='bbox 2516 1456 2691 1502; x_wconf 85' lang='lat' dir='ltr'><strong>manet</strong></span> <span class='ocrx_word' id='word_1_426' title='bbox 2712 1449 2769 1501; x_wconf 88' lang='lat' dir='ltr'><strong>in</strong></span> <span class='ocrx_word' id='word_1_427' title='bbox 2789 1447 3051 1514; x_wconf 81' lang='lat' dir='ltr'><strong>doctrina,</strong></span> <span class='ocrx_word' id='word_1_428' title='bbox 3075 1447 3158 1501; x_wconf 86' lang='lat' dir='ltr'><strong>hic</strong></span> <span class='ocrx_word' id='word_1_429' title='bbox 3185 1458 3234 1502; x_wconf 88' lang='lat' dir='ltr'><strong>et</strong></span> <span class='ocrx_word' id='word_1_430' title='bbox 3258 1446 3458 1501; x_wconf 83' lang='lat' dir='ltr'><strong>Filium</strong></span> <span class='ocrx_word' id='word_1_431' title='bbox 3483 1458 3533 1502; x_wconf 81' lang='lat' dir='ltr'><strong>et</strong></span> <span class='ocrx_word' id='word_1_432' title='bbox 3564 1448 3733 1502; x_wconf 73' lang='lat' dir='ltr'><strong>Patren</strong></span> 
     </span>
    </p>
   </div>
   <div class='ocr_carea' id='block_1_59' title="bbox 2189 1535 3733 1607">
    <p class='ocr_par' dir='ltr' id='par_1_59' title="bbox 2189 1535 3733 1607">
     <span class='ocr_line' id='line_1_59' title="bbox 2189 1535 3733 1607; baseline 0.001 -18"><span class='ocrx_word' id='word_1_433' title='bbox 2189 1537 2380 1591; x_wconf 88' lang='lat' dir='ltr'><strong>habet:</strong></span> <span class='ocrx_word' id='word_1_434' title='bbox 2404 1535 2463 1590; x_wconf 88' lang='lat' dir='ltr'><strong>Si</strong></span> <span class='ocrx_word' id='word_1_435' title='bbox 2522 1537 2640 1607; x_wconf 82' lang='lat' dir='ltr'><strong>quis</strong></span> <span class='ocrx_word' id='word_1_436' title='bbox 2687 1538 2820 1592; x_wconf 76' lang='lat' dir='ltr'><strong>venit</strong></span> <span class='ocrx_word' id='word_1_437' title='bbox 2849 1537 2919 1591; x_wconf 92' lang='lat' dir='ltr'><strong>ad</strong></span> <span class='ocrx_word' id='word_1_438' title='bbox 2949 1554 3037 1592; x_wconf 77' lang='lat' dir='ltr'><strong>vos</strong></span> <span class='ocrx_word' id='word_1_439' title='bbox 3084 1547 3133 1593; x_wconf 90' lang='lat' dir='ltr'><strong>et</strong></span> <span class='ocrx_word' id='word_1_440' title='bbox 3172 1539 3308 1592; x_wconf 87' lang='lat' dir='ltr'><strong>hanc</strong></span> <span class='ocrx_word' id='word_1_441' title='bbox 3334 1538 3629 1592; x_wconf 87' lang='lat' dir='ltr'><strong>doctrinam</strong></span> <span class='ocrx_word' id='word_1_442' title='bbox 3658 1555 3733 1591; x_wconf 81' lang='lat' dir='ltr'><strong>non</strong></span> 
     </span>
    </p>
   </div>
   <div class='ocr_carea' id='block_1_60' title="bbox 2191 1628 3732 1699">
    <p class='ocr_par' dir='ltr' id='par_1_60' title="bbox 2191 1628 3732 1699">
     <span class='ocr_line' id='line_1_60' title="bbox 2191 1628 3732 1699; baseline 0.001 -18"><span class='ocrx_word' id='word_1_443' title='bbox 2191 1628 2367 1698; x_wconf 72' lang='lat' dir='ltr'><strong>affert,</strong></span> <span class='ocrx_word' id='word_1_444' title='bbox 2414 1629 2571 1683; x_wconf 84' lang='lat' dir='ltr'><strong>nolite</strong></span> <span class='ocrx_word' id='word_1_445' title='bbox 2624 1630 2851 1699; x_wconf 78' lang='lat' dir='ltr'><strong>recipere</strong></span> <span class='ocrx_word' id='word_1_446' title='bbox 2881 1645 3002 1683; x_wconf 87' lang='lat' dir='ltr'><strong>eum</strong></span> <span class='ocrx_word' id='word_1_447' title='bbox 3042 1629 3097 1682; x_wconf 92' lang='lat' dir='ltr'><strong>in</strong></span> <span class='ocrx_word' id='word_1_448' title='bbox 3139 1629 3372 1694; x_wconf 87' lang='lat' dir='ltr'><strong>domum,</strong></span> <span class='ocrx_word' id='word_1_449' title='bbox 3411 1646 3507 1683; x_wconf 87' lang='lat' dir='ltr'><strong>nec</strong></span> <span class='ocrx_word' id='word_1_450' title='bbox 3534 1630 3581 1684; x_wconf 90' lang='lat' dir='ltr'><strong>ei</strong></span> <span class='ocrx_word' id='word_1_451' title='bbox 3617 1630 3732 1682; x_wconf 59' lang='grc' dir='ltr'><strong>ἀίεις</strong></span> 
     </span>
    </p>
   </div>
   <div class='ocr_carea' id='block_1_61' title="bbox 2191 1718 3733 1793">
    <p class='ocr_par' dir='ltr' id='par_1_61' title="bbox 2191 1718 3733 1793">
     <span class='ocr_line' id='line_1_61' title="bbox 2191 1718 3733 1793; baseline 0.001 -20"><span class='ocrx_word' id='word_1_452' title='bbox 2191 1720 2307 1774; x_wconf 87' lang='lat' dir='ltr'><strong>ritis</strong></span> <span class='ocrx_word' id='word_1_453' title='bbox 2355 1719 2459 1774; x_wconf 82' lang='lat' dir='ltr'><strong>Ave</strong></span> <span class='ocrx_word' id='word_1_454' title='bbox 2524 1719 2611 1793; x_wconf 89' lang='grc' dir='ltr'><strong>(ΙΙ</strong></span> <span class='ocrx_word' id='word_1_455' title='bbox 2659 1718 2823 1774; x_wconf 81' lang='lat' dir='ltr'><strong>Joan.</strong></span> <span class='ocrx_word' id='word_1_456' title='bbox 2871 1718 2948 1790; x_wconf 93' lang='lat' dir='ltr'><strong>v).</strong></span> <span class='ocrx_word' id='word_1_457' title='bbox 2996 1720 3138 1791; x_wconf 84' lang='lat' dir='ltr'><strong>Ergo</strong></span> <span class='ocrx_word' id='word_1_458' title='bbox 3194 1720 3476 1791; x_wconf 91' lang='lat' dir='ltr'><strong>proprium</strong></span> <span class='ocrx_word' id='word_1_459' title='bbox 3541 1718 3733 1777; x_wconf 73' lang='lat' dir='ltr'><strong>esteo-</strong></span> 
     </span>
    </p>
   </div>
   <div class='ocr_carea' id='block_1_62' title="bbox 2191 1810 3733 1882">
    <p class='ocr_par' dir='ltr' id='par_1_62' title="bbox 2191 1810 3733 1882">
     <span class='ocr_line' id='line_1_62' title="bbox 2191 1810 3733 1882; baseline 0.001 -16"><span class='ocrx_word' id='word_1_460' title='bbox 2191 1827 2313 1866; x_wconf 90' lang='lat' dir='ltr'><strong>rum</strong></span> <span class='ocrx_word' id='word_1_461' title='bbox 2361 1812 2454 1880; x_wconf 89' lang='lat' dir='ltr'><strong>qui</strong></span> <span class='ocrx_word' id='word_1_462' title='bbox 2499 1812 2676 1867; x_wconf 89' lang='lat' dir='ltr'><strong>edocti</strong></span> <span class='ocrx_word' id='word_1_463' title='bbox 2727 1818 2855 1866; x_wconf 89' lang='lat' dir='ltr'><strong>sunt</strong></span> <span class='ocrx_word' id='word_1_464' title='bbox 2889 1810 3261 1882; x_wconf 87' lang='lat' dir='ltr'><strong>evangelicam</strong></span> <span class='ocrx_word' id='word_1_465' title='bbox 3312 1812 3619 1869; x_wconf 88' lang='lat' dir='ltr'><strong>doctrinam</strong></span> <span class='ocrx_word' id='word_1_466' title='bbox 3666 1827 3733 1867; x_wconf 84' lang='lat' dir='ltr'><strong>eos</strong></span> 
     </span>
    </p>
   </div>
   <div class='ocr_carea' id='block_1_63' title="bbox 2191 1902 3734 1973">
    <p class='ocr_par' dir='ltr' id='par_1_63' title="bbox 2191 1902 3734 1973">
     <span class='ocr_line' id='line_1_63' title="bbox 2191 1902 3734 1973; baseline 0.003 -16"><span class='ocrx_word' id='word_1_467' title='bbox 2191 1902 2285 1972; x_wconf 91' lang='lat' dir='ltr'><strong>qui</strong></span> <span class='ocrx_word' id='word_1_468' title='bbox 2333 1903 2636 1958; x_wconf 88' lang='lat' dir='ltr'><strong>adulterina</strong></span> <span class='ocrx_word' id='word_1_469' title='bbox 2688 1911 2745 1959; x_wconf 90' lang='lat' dir='ltr'><strong>et</strong></span> <span class='ocrx_word' id='word_1_470' title='bbox 2794 1903 2972 1959; x_wconf 88' lang='lat' dir='ltr'><strong>aliena</strong></span> <span class='ocrx_word' id='word_1_471' title='bbox 3022 1904 3341 1973; x_wconf 84' lang='lat' dir='ltr'><strong>praedicant,</strong></span> <span class='ocrx_word' id='word_1_472' title='bbox 3382 1920 3417 1959; x_wconf 91' lang='lat' dir='ltr'><strong>a</strong></span> <span class='ocrx_word' id='word_1_473' title='bbox 3473 1904 3611 1960; x_wconf 88' lang='lat' dir='ltr'><strong>facie</strong></span> <span class='ocrx_word' id='word_1_474' title='bbox 3646 1920 3734 1961; x_wconf 79' lang='lat' dir='ltr'><strong>san-</strong></span> 
     </span>
    </p>
   </div>
   <div class='ocr_carea' id='block_1_64' title="bbox 2190 1994 3657 2066">
    <p class='ocr_par' dir='ltr' id='par_1_64' title="bbox 2190 1994 3657 2066">
     <span class='ocr_line' id='line_1_64' title="bbox 2190 1994 3657 2066; baseline -0.001 -17"><span class='ocrx_word' id='word_1_475' title='bbox 2190 2001 2402 2049; x_wconf 91' lang='lat' dir='ltr'><strong>ctorum</strong></span> <span class='ocrx_word' id='word_1_476' title='bbox 2430 2001 2486 2049; x_wconf 88' lang='lat' dir='ltr'><strong>et</strong></span> <span class='ocrx_word' id='word_1_477' title='bbox 2516 1994 2849 2050; x_wconf 86' lang='lat' dir='ltr'><strong>tabernaculi</strong></span> <span class='ocrx_word' id='word_1_478' title='bbox 2886 1994 3155 2066; x_wconf 78' lang='lat' dir='ltr'><strong>expellere</strong></span> <span class='ocrx_word' id='word_1_479' title='bbox 3186 2003 3348 2065; x_wconf 89' lang='lat' dir='ltr'><strong>atque</strong></span> <span class='ocrx_word' id='word_1_480' title='bbox 3380 1996 3657 2066; x_wconf 86' lang='lat' dir='ltr'><strong>projicere.</strong></span> 
     </span>
    </p>
   </div>
   <div class='ocr_carea' id='block_1_65' title="bbox 2790 2106 3171 2163">
    <p class='ocr_par' dir='ltr' id='par_1_65' title="bbox 2790 2106 3171 2163">
     <span class='ocr_line' id='line_1_65' title="bbox 2790 2106 3171 2163; baseline 0.003 -1"><span class='ocrx_word' id='word_1_481' title='bbox 2790 2106 3015 2163; x_wconf 87' lang='lat' dir='ltr'><strong>CAPUT</strong></span> <span class='ocrx_word' id='word_1_482' title='bbox 3053 2107 3171 2163; x_wconf 75' lang='lat' dir='ltr'><strong>XV.</strong></span> 
     </span>
    </p>
   </div>
   <div class='ocr_carea' id='block_1_66' title="bbox 2190 2195 3736 2269">
    <p class='ocr_par' dir='ltr' id='par_1_66' title="bbox 2190 2195 3736 2269">
     <span class='ocr_line' id='line_1_66' title="bbox 2190 2195 3736 2269; baseline 0.001 -19"><span class='ocrx_word' id='word_1_483' title='bbox 2190 2195 2397 2267; x_wconf 73' lang='lat' dir='ltr'><strong>Moyses</strong></span> <span class='ocrx_word' id='word_1_484' title='bbox 2426 2198 2657 2269; x_wconf 83' lang='lat' dir='ltr'><strong>prohibet</strong></span> <span class='ocrx_word' id='word_1_485' title='bbox 2680 2197 2860 2269; x_wconf 84' lang='lat' dir='ltr'><strong>Aaron</strong></span> <span class='ocrx_word' id='word_1_486' title='bbox 2883 2207 2930 2251; x_wconf 89' lang='lat' dir='ltr'><strong>et</strong></span> <span class='ocrx_word' id='word_1_487' title='bbox 2956 2198 3096 2265; x_wconf 82' lang='lat' dir='ltr'><strong>ﬁlios</strong></span> <span class='ocrx_word' id='word_1_488' title='bbox 3122 2199 3296 2269; x_wconf 89' lang='lat' dir='ltr'><strong>capita</strong></span> <span class='ocrx_word' id='word_1_489' title='bbox 3314 2200 3518 2253; x_wconf 88' lang='lat' dir='ltr'><strong>nudare</strong></span> <span class='ocrx_word' id='word_1_490' title='bbox 3549 2210 3595 2255; x_wconf 88' lang='lat' dir='ltr'><strong>et</strong></span> <span class='ocrx_word' id='word_1_491' title='bbox 3616 2208 3736 2255; x_wconf 68' lang='lat' dir='ltr'><strong>renes</strong></span> 
     </span>
    </p>
   </div>
   <div class='ocr_carea' id='block_1_67' title="bbox 2468 2267 3469 2340">
    <p class='ocr_par' dir='ltr' id='par_1_67' title="bbox 2468 2267 3469 2340">
     <span class='ocr_line' id='line_1_67' title="bbox 2468 2267 3469 2340; baseline 0.001 -18"><span class='ocrx_word' id='word_1_492' title='bbox 2468 2267 2704 2323; x_wconf 87' lang='lat' dir='ltr'><strong>scindere</strong></span> <span class='ocrx_word' id='word_1_493' title='bbox 2735 2268 2796 2322; x_wconf 93' lang='lat' dir='ltr'><strong>ob</strong></span> <span class='ocrx_word' id='word_1_494' title='bbox 2833 2279 3051 2322; x_wconf 88' lang='lat' dir='ltr'><strong>mortem</strong></span> <span class='ocrx_word' id='word_1_495' title='bbox 3078 2267 3469 2340; x_wconf 75' lang='lat' dir='ltr'><strong>interfectorum</strong></span> 
     </span>
    </p>
   </div>
   <div class='ocr_carea' id='block_1_68' title="bbox 2261 2346 3737 2430">
    <p class='ocr_par' dir='ltr' id='par_1_68' title="bbox 2261 2346 3737 2430">
     <span class='ocr_line' id='line_1_68' title="bbox 2261 2346 3737 2430; baseline -0.001 -18"><span class='ocrx_word' id='word_1_496' title='bbox 2261 2358 2440 2430; x_wconf 73' lang='lat'><strong>(1310.)</strong></span> <span class='ocrx_word' id='word_1_497' title='bbox 2463 2358 2693 2413; x_wconf 88' lang='lat' dir='ltr'><strong>Locutus</strong></span> <span class='ocrx_word' id='word_1_498' title='bbox 2714 2368 2792 2413; x_wconf 88' lang='lat' dir='ltr'><strong>est</strong></span> <span class='ocrx_word' id='word_1_499' title='bbox 2818 2358 3025 2429; x_wconf 81' lang='lat' dir='ltr'><strong>Moyses</strong></span> <span class='ocrx_word' id='word_1_500' title='bbox 3050 2360 3119 2413; x_wconf 90' lang='lat' dir='ltr'><strong>ad</strong></span> <span class='ocrx_word' id='word_1_501' title='bbox 3146 2360 3350 2426; x_wconf 83' lang='lat' dir='ltr'><strong>Aaron,</strong></span> <span class='ocrx_word' id='word_1_502' title='bbox 3373 2370 3422 2415; x_wconf 89' lang='lat' dir='ltr'><strong>et</strong></span> <span class='ocrx_word' id='word_1_503' title='bbox 3454 2346 3526 2414; x_wconf 84' lang='lat' dir='ltr'><strong>ad</strong></span> <span class='ocrx_word' id='word_1_504' title='bbox 3550 2358 3737 2413; x_wconf 75' lang='lat' dir='ltr'><strong>Eleazar</strong></span> 
     </span>
    </p>
   </div>
   <div class='ocr_carea' id='block_1_69' title="bbox 2189 2451 3738 2524">
    <p class='ocr_par' dir='ltr' id='par_1_69' title="bbox 2189 2451 3738 2524">
     <span class='ocr_line' id='line_1_69' title="bbox 2189 2451 3738 2524; baseline -0.001 -19"><span class='ocrx_word' id='word_1_505' title='bbox 2189 2461 2343 2523; x_wconf 77' lang='lat' dir='ltr'><strong>atque</strong></span> <span class='ocrx_word' id='word_1_506' title='bbox 2366 2453 2434 2505; x_wconf 91' lang='lat' dir='ltr'><strong>ad</strong></span> <span class='ocrx_word' id='word_1_507' title='bbox 2460 2452 2703 2506; x_wconf 85' lang='lat' dir='ltr'><strong>Ithamar</strong></span> <span class='ocrx_word' id='word_1_508' title='bbox 2726 2451 2865 2521; x_wconf 83' lang='lat' dir='ltr'><strong>ﬁlios</strong></span> <span class='ocrx_word' id='word_1_509' title='bbox 2893 2452 3006 2522; x_wconf 86' lang='lat' dir='ltr'><strong>ejus</strong></span> <span class='ocrx_word' id='word_1_510' title='bbox 3030 2470 3047 2506; x_wconf 89' lang='lat'><strong><em>:</em></strong></span> <span class='ocrx_word' id='word_1_511' title='bbox 3075 2451 3262 2524; x_wconf 87' lang='lat' dir='ltr'><strong>Capita</strong></span> <span class='ocrx_word' id='word_1_512' title='bbox 3289 2463 3465 2508; x_wconf 86' lang='lat' dir='ltr'><strong>vestra</strong></span> <span class='ocrx_word' id='word_1_513' title='bbox 3494 2453 3643 2508; x_wconf 86' lang='lat' dir='ltr'><strong>nolite</strong></span> <span class='ocrx_word' id='word_1_514' title='bbox 3665 2467 3738 2505; x_wconf 79' lang='lat' dir='ltr'><strong>mt-</strong></span> 
     </span>
    </p>
   </div>
   <div class='ocr_carea' id='block_1_70' title="bbox 2188 2541 3734 2613">
    <p class='ocr_par' dir='ltr' id='par_1_70' title="bbox 2188 2541 3734 2613">
     <span class='ocr_line' id='line_1_70' title="bbox 2188 2541 3734 2613; baseline -0.002 -18"><span class='ocrx_word' id='word_1_515' title='bbox 2188 2542 2335 2608; x_wconf 84' lang='lat' dir='ltr'><strong>dare,</strong></span> <span class='ocrx_word' id='word_1_516' title='bbox 2364 2551 2409 2595; x_wconf 87' lang='lat' dir='ltr'><strong>ct</strong></span> <span class='ocrx_word' id='word_1_517' title='bbox 2432 2544 2732 2597; x_wconf 80' lang='lat' dir='ltr'><strong>vestimenta</strong></span> <span class='ocrx_word' id='word_1_518' title='bbox 2749 2541 2905 2597; x_wconf 86' lang='lat' dir='ltr'><strong>nolite</strong></span> <span class='ocrx_word' id='word_1_519' title='bbox 2926 2543 3181 2609; x_wconf 86' lang='lat' dir='ltr'><strong>scindere,</strong></span> <span class='ocrx_word' id='word_1_520' title='bbox 3199 2560 3262 2597; x_wconf 87' lang='lat' dir='ltr'><strong>ne</strong></span> <span class='ocrx_word' id='word_1_521' title='bbox 3287 2543 3424 2613; x_wconf 73' lang='lat' dir='ltr'><strong>forte</strong></span> <span class='ocrx_word' id='word_1_522' title='bbox 3452 2541 3734 2604; x_wconf 76' lang='lat' dir='ltr'><strong>moriemini,</strong></span> 
     </span>
    </p>
   </div>
   <div class='ocr_carea' id='block_1_71' title="bbox 2187 2634 3733 2704">
    <p class='ocr_par' dir='ltr' id='par_1_71' title="bbox 2187 2634 3733 2704">
     <span class='ocr_line' id='line_1_71' title="bbox 2187 2634 3733 2704; baseline -0.001 -18"><span class='ocrx_word' id='word_1_523' title='bbox 2187 2641 2236 2686; x_wconf 89' lang='lat' dir='ltr'><strong>et</strong></span> <span class='ocrx_word' id='word_1_524' title='bbox 2265 2649 2423 2701; x_wconf 91' lang='lat' dir='ltr'><strong>super</strong></span> <span class='ocrx_word' id='word_1_525' title='bbox 2461 2649 2664 2687; x_wconf 90' lang='lat' dir='ltr'><strong>omnem</strong></span> <span class='ocrx_word' id='word_1_526' title='bbox 2713 2642 2899 2687; x_wconf 66' lang='lat' dir='ltr'><strong>cauum</strong></span> <span class='ocrx_word' id='word_1_527' title='bbox 2946 2635 3151 2688; x_wconf 87' lang='lat' dir='ltr'><strong>oriatur</strong></span> <span class='ocrx_word' id='word_1_528' title='bbox 3205 2634 3535 2704; x_wconf 86' lang='lat' dir='ltr'><strong>indignatio;</strong></span> <span class='ocrx_word' id='word_1_529' title='bbox 3582 2634 3733 2702; x_wconf 76' lang='lat' dir='ltr'><strong>fratres</strong></span> 
     </span>
    </p>
   </div>
   <div class='ocr_carea' id='block_1_72' title="bbox 2185 2727 3739 2813">
    <p class='ocr_par' dir='ltr' id='par_1_72' title="bbox 2185 2727 3739 2813">
     <span class='ocr_line' id='line_1_72' title="bbox 2185 2727 3739 2813; baseline -0.001 -31"><span class='ocrx_word' id='word_1_530' title='bbox 2185 2727 2341 2782; x_wconf 74' lang='lat' dir='ltr'><strong>vestri</strong></span> <span class='ocrx_word' id='word_1_531' title='bbox 2367 2736 2413 2780; x_wconf 89' lang='lat' dir='ltr'><strong>et</strong></span> <span class='ocrx_word' id='word_1_532' title='bbox 2443 2728 2610 2781; x_wconf 87' lang='lat' dir='ltr'><strong>omnis</strong></span> <span class='ocrx_word' id='word_1_533' title='bbox 2637 2727 2821 2782; x_wconf 86' lang='lat' dir='ltr'><strong>domus</strong></span> <span class='ocrx_word' id='word_1_534' title='bbox 2843 2727 3077 2797; x_wconf 80' lang='lat' dir='ltr'><strong>ﬁliorum</strong></span> <span class='ocrx_word' id='word_1_535' title='bbox 3106 2727 3277 2783; x_wconf 86' lang='lat' dir='ltr'><strong>Israel</strong></span> <span class='ocrx_word' id='word_1_536' title='bbox 3319 2728 3739 2813; x_wconf 53' lang='lat' dir='ltr'><strong>plangentium.</strong></span> 
     </span>
    </p>
   </div>
   <div class='ocr_carea' id='block_1_73' title="bbox 2184 2820 3739 2891">
    <p class='ocr_par' dir='ltr' id='par_1_73' title="bbox 2184 2820 3739 2891">
     <span class='ocr_line' id='line_1_73' title="bbox 2184 2820 3739 2891; baseline -0.001 -18"><span class='ocrx_word' id='word_1_537' title='bbox 2184 2820 2331 2874; x_wconf 87' lang='lat' dir='ltr'><strong>dium</strong></span> <span class='ocrx_word' id='word_1_538' title='bbox 2358 2821 2496 2891; x_wconf 87' lang='lat' dir='ltr'><strong>quod</strong></span> <span class='ocrx_word' id='word_1_539' title='bbox 2525 2821 2784 2876; x_wconf 85' lang='lat' dir='ltr'><strong>Dominus</strong></span> <span class='ocrx_word' id='word_1_540' title='bbox 2834 2821 3123 2876; x_wconf 78' lang='lat' dir='ltr'><strong>suscitavit.</strong></span> <span class='ocrx_word' id='word_1_541' title='bbox 3162 2820 3265 2876; x_wconf 81' lang='lat' dir='ltr'><strong>Vos</strong></span> <span class='ocrx_word' id='word_1_542' title='bbox 3298 2830 3476 2876; x_wconf 88' lang='lat' dir='ltr'><strong>autem</strong></span> <span class='ocrx_word' id='word_1_543' title='bbox 3503 2839 3605 2875; x_wconf 86' lang='lat' dir='ltr'><strong>non</strong></span> <span class='ocrx_word' id='word_1_544' title='bbox 3628 2835 3739 2891; x_wconf 78' lang='lat' dir='ltr'><strong>egre-</strong></span> 
     </span>
    </p>
   </div>
   <div class='ocr_carea' id='block_1_74' title="bbox 2184 2909 3735 2982">
    <p class='ocr_par' dir='ltr' id='par_1_74' title="bbox 2184 2909 3735 2982">
     <span class='ocr_line' id='line_1_74' title="bbox 2184 2909 3735 2982; baseline 0 -20"><span class='ocrx_word' id='word_1_545' title='bbox 2184 2909 2373 2964; x_wconf 86' lang='lat' dir='ltr'><strong>dimini</strong></span> <span class='ocrx_word' id='word_1_546' title='bbox 2419 2909 2558 2979; x_wconf 85' lang='lat' dir='ltr'><strong>fores</strong></span> <span class='ocrx_word' id='word_1_547' title='bbox 2607 2910 2968 2978; x_wconf 86' lang='lat' dir='ltr'><strong>tabernaculi,</strong></span> <span class='ocrx_word' id='word_1_548' title='bbox 3016 2910 3249 2982; x_wconf 85' lang='lat' dir='ltr'><strong>alioquin</strong></span> <span class='ocrx_word' id='word_1_549' title='bbox 3297 2912 3538 2982; x_wconf 84' lang='lat' dir='ltr'><strong>peribitis</strong></span> <span class='ocrx_word' id='word_1_550' title='bbox 3562 2910 3735 2964; x_wconf 75' lang='lat' dir='ltr'><strong>:olm</strong></span> 
     </span>
    </p>
   </div>
   <div class='ocr_carea' id='block_1_75' title="bbox 2182 3000 3736 3073">
    <p class='ocr_par' dir='ltr' id='par_1_75' title="bbox 2182 3000 3736 3073">
     <span class='ocr_line' id='line_1_75' title="bbox 2182 3000 3736 3073; baseline -0.001 -19"><span class='ocrx_word' id='word_1_551' title='bbox 2182 3001 2368 3072; x_wconf 84' lang='lat' dir='ltr'><strong>quippe</strong></span> <span class='ocrx_word' id='word_1_552' title='bbox 2395 3010 2594 3057; x_wconf 73' lang='lat' dir='ltr'><strong>sancta:</strong></span> <span class='ocrx_word' id='word_1_553' title='bbox 2638 3003 2896 3059; x_wconf 87' lang='lat' dir='ltr'><strong>unctionis</strong></span> <span class='ocrx_word' id='word_1_554' title='bbox 2924 3012 3000 3057; x_wconf 89' lang='lat' dir='ltr'><strong>est</strong></span> <span class='ocrx_word' id='word_1_555' title='bbox 3045 3019 3201 3073; x_wconf 89' lang='lat' dir='ltr'><strong>super</strong></span> <span class='ocrx_word' id='word_1_556' title='bbox 3239 3019 3347 3057; x_wconf 84' lang='lat' dir='ltr'><strong>vos.</strong></span> <span class='ocrx_word' id='word_1_557' title='bbox 3385 3000 3492 3069; x_wconf 86' lang='lat' dir='ltr'><strong>Qui</strong></span> <span class='ocrx_word' id='word_1_558' title='bbox 3540 3002 3736 3071; x_wconf 74' lang='lat' dir='ltr'><strong>fecerunt</strong></span> 
     </span>
    </p>
   </div>
   <div class='ocr_carea' id='block_1_76' title="bbox 2183 3088 3845 3164">
    <p class='ocr_par' dir='ltr' id='par_1_76' title="bbox 2183 3088 3845 3164">
     <span class='ocr_line' id='line_1_76' title="bbox 2183 3088 3845 3164; baseline -0.002 -19"><span class='ocrx_word' id='word_1_559' title='bbox 2183 3093 2358 3146; x_wconf 87' lang='lat' dir='ltr'><strong>omnia</strong></span> <span class='ocrx_word' id='word_1_560' title='bbox 2385 3091 2546 3162; x_wconf 67' lang='lat' dir='ltr'><strong>juxta</strong></span> <span class='ocrx_word' id='word_1_561' title='bbox 2570 3102 2883 3164; x_wconf 73' lang='lat' dir='ltr'><strong>prwceptum</strong></span> <span class='ocrx_word' id='word_1_562' title='bbox 2912 3091 3106 3162; x_wconf 80' lang='lat' dir='ltr'><strong>Moysi.</strong></span> <span class='ocrx_word' id='word_1_563' title='bbox 3141 3092 3248 3163; x_wconf 79' lang='lat' dir='ltr'><strong>(Ea:</strong></span> <span class='ocrx_word' id='word_1_564' title='bbox 3269 3091 3610 3163; x_wconf 85' lang='lat' dir='ltr'><strong>Augustino.)</strong></span> <span class='ocrx_word' id='word_1_565' title='bbox 3630 3088 3739 3157; x_wconf 86' lang='lat' dir='ltr'><strong>Quid</strong></span> <span class='ocrx_word' id='word_1_566' title='bbox 3842 3120 3845 3161; x_wconf 41' lang='grc' dir='ltr'>λ</span> 
     </span>
    </p>
   </div>
   <div class='ocr_carea' id='block_1_77' title="bbox 499 3148 3738 3252">
    <p class='ocr_par' dir='ltr' id='par_1_77' title="bbox 499 3148 3738 3252">
     <span class='ocr_line' id='line_1_77' title="bbox 499 3148 3738 3252; baseline 0.001 -20"><span class='ocrx_word' id='word_1_567' title='bbox 499 3148 675 3250; x_wconf 78' lang='lat' dir='ltr'><strong>qucris</strong></span> <span class='ocrx_word' id='word_1_568' title='bbox 699 3178 726 3232; x_wconf 70' lang='grc'><strong><em>2</em></strong></span> <span class='ocrx_word' id='word_1_569' title='bbox 752 3148 892 3250; x_wconf 61' lang='grc' dir='ltr'><strong>(Δέι.</strong></span> <span class='ocrx_word' id='word_1_570' title='bbox 921 3177 1023 3248; x_wconf 79' lang='lat' dir='ltr'><strong>rx.)</strong></span> <span class='ocrx_word' id='word_1_571' title='bbox 1052 3148 1186 3234; x_wconf 73' lang='lat' dir='ltr'><strong>Item</strong></span> <span class='ocrx_word' id='word_1_572' title='bbox 1230 3148 1509 3251; x_wconf 83' lang='lat' dir='ltr'><strong>discipulis</strong></span> <span class='ocrx_word' id='word_1_573' title='bbox 1544 3148 1612 3237; x_wconf 88' lang='lat' dir='ltr'><strong>de</strong></span> <span class='ocrx_word' id='word_1_574' title='bbox 1630 3148 2079 3252; x_wconf 51' lang='lat' dir='ltr'><strong>suscipientibus</strong></span> <span class='ocrx_word' id='word_1_575' title='bbox 2105 3148 2151 3212; x_wconf 63' lang='grc' dir='ltr'><strong>δ</strong></span> <span class='ocrx_word' id='word_1_576' title='bbox 2182 3191 2267 3239; x_wconf 90' lang='lat' dir='ltr'><strong>est</strong></span> <span class='ocrx_word' id='word_1_577' title='bbox 2286 3148 2431 3252; x_wconf 62' lang='lat' dir='ltr'><strong>quod</strong></span> <span class='ocrx_word' id='word_1_578' title='bbox 2458 3148 2644 3239; x_wconf 71' lang='lat' dir='ltr'><strong>Aarbn</strong></span> <span class='ocrx_word' id='word_1_579' title='bbox 2689 3148 2750 3239; x_wconf 69' lang='lat' dir='ltr'><strong>et</strong></span> <span class='ocrx_word' id='word_1_580' title='bbox 2768 3148 3175 3252; x_wconf 50' lang='lat' dir='ltr'><strong>reliquosvﬁlio‘s</strong></span> <span class='ocrx_word' id='word_1_581' title='bbox 3203 3181 3319 3251; x_wconf 91' lang='lat' dir='ltr'><strong>ejus</strong></span> <span class='ocrx_word' id='word_1_582' title='bbox 3352 3148 3606 3238; x_wconf 49' lang='lat' dir='ltr'><strong>mortem,</strong></span> <span class='ocrx_word' id='word_1_583' title='bbox 3635 3148 3738 3235; x_wconf 76' lang='lat' dir='ltr'><strong>duo-</strong></span> 
     </span>
    </p>
   </div>
   <div class='ocr_carea' id='block_1_78' title="bbox 2180 3272 3739 3345">
    <p class='ocr_par' dir='ltr' id='par_1_78' title="bbox 2180 3272 3739 3345">
     <span class='ocr_line' id='line_1_78' title="bbox 2180 3272 3739 3345; baseline -0.004 -14"><span class='ocrx_word' id='word_1_584' title='bbox 2180 3290 2302 3331; x_wconf 90' lang='lat' dir='ltr'><strong>rum</strong></span> <span class='ocrx_word' id='word_1_585' title='bbox 2328 3274 2542 3330; x_wconf 91' lang='lat' dir='ltr'><strong>illorum</strong></span> <span class='ocrx_word' id='word_1_586' title='bbox 2570 3274 2753 3345; x_wconf 90' lang='lat' dir='ltr'><strong>lugere</strong></span> <span class='ocrx_word' id='word_1_587' title='bbox 2778 3274 3071 3344; x_wconf 89' lang='lat' dir='ltr'><strong>prohibens</strong></span> <span class='ocrx_word' id='word_1_588' title='bbox 3116 3274 3285 3328; x_wconf 90' lang='lat' dir='ltr'><strong>dicit:</strong></span> <span class='ocrx_word' id='word_1_589' title='bbox 3319 3272 3494 3344; x_wconf 87' lang='lat' dir='ltr'><strong>Caput</strong></span> <span class='ocrx_word' id='word_1_590' title='bbox 3544 3281 3739 3328; x_wconf 65' lang='lat' dir='ltr'><strong>vestrum</strong></span> 
     </span>
    </p>
   </div>
   <div class='ocr_carea' id='block_1_79' title="bbox 2179 3360 3740 3435">
    <p class='ocr_par' dir='ltr' id='par_1_79' title="bbox 2179 3360 3740 3435">
     <span class='ocr_line' id='line_1_79' title="bbox 2179 3360 3740 3435; baseline -0.004 -16"><span class='ocrx_word' id='word_1_591' title='bbox 2179 3363 2375 3435; x_wconf 84' lang='lat' dir='ltr'><strong>cydara</strong></span> <span class='ocrx_word' id='word_1_592' title='bbox 2421 3380 2525 3417; x_wconf 90' lang='lat' dir='ltr'><strong>non</strong></span> <span class='ocrx_word' id='word_1_593' title='bbox 2549 3362 2904 3418; x_wconf 84' lang='lat' dir='ltr'><strong>denudabitis.</strong></span> <span class='ocrx_word' id='word_1_594' title='bbox 2954 3361 3057 3419; x_wconf 90' lang='lat' dir='ltr'><strong>Ubi</strong></span> <span class='ocrx_word' id='word_1_595' title='bbox 3089 3371 3236 3419; x_wconf 89' lang='lat' dir='ltr'><strong>certe</strong></span> <span class='ocrx_word' id='word_1_596' title='bbox 3279 3363 3520 3418; x_wconf 87' lang='lat' dir='ltr'><strong>ostendit</strong></span> <span class='ocrx_word' id='word_1_597' title='bbox 3543 3360 3740 3433; x_wconf 79' lang='lat' dir='ltr'><strong>cydaras</strong></span> 
     </span>
    </p>
   </div>
   <div class='ocr_carea' id='block_1_80' title="bbox 2179 3451 3740 3525">
    <p class='ocr_par' dir='ltr' id='par_1_80' title="bbox 2179 3451 3740 3525">
     <span class='ocr_line' id='line_1_80' title="bbox 2179 3451 3740 3525; baseline -0.004 -16"><span class='ocrx_word' id='word_1_598' title='bbox 2179 3454 2417 3525; x_wconf 89' lang='lat' dir='ltr'><strong>tegmina</strong></span> <span class='ocrx_word' id='word_1_599' title='bbox 2461 3454 2698 3524; x_wconf 90' lang='lat' dir='ltr'><strong>capitum</strong></span> <span class='ocrx_word' id='word_1_600' title='bbox 2740 3451 2931 3519; x_wconf 89' lang='lat' dir='ltr'><strong>fuisse,</strong></span> <span class='ocrx_word' id='word_1_601' title='bbox 2960 3454 3066 3509; x_wconf 88' lang='lat' dir='ltr'><strong>nisi</strong></span> <span class='ocrx_word' id='word_1_602' title='bbox 3105 3455 3247 3525; x_wconf 87' lang='lat' dir='ltr'><strong>quod</strong></span> <span class='ocrx_word' id='word_1_603' title='bbox 3310 3453 3443 3508; x_wconf 90' lang='lat' dir='ltr'><strong>illud</strong></span> <span class='ocrx_word' id='word_1_604' title='bbox 3495 3452 3740 3506; x_wconf 79' lang='lat' dir='ltr'><strong>faciebant</strong></span> 
     </span>
    </p>
   </div>
   <div class='ocr_carea' id='block_1_81' title="bbox 2177 3542 3737 3615">
    <p class='ocr_par' dir='ltr' id='par_1_81' title="bbox 2177 3542 3737 3615">
     <span class='ocr_line' id='line_1_81' title="bbox 2177 3542 3737 3615; baseline -0.002 -19"><span class='ocrx_word' id='word_1_605' title='bbox 2177 3542 2439 3615; x_wconf 77' lang='lat' dir='ltr'><strong>lugentes,</strong></span> <span class='ocrx_word' id='word_1_606' title='bbox 2462 3560 2582 3615; x_wconf 63' lang='lat' dir='ltr'><strong>quae</strong></span> <span class='ocrx_word' id='word_1_607' title='bbox 2604 3544 2981 3601; x_wconf 90' lang='lat' dir='ltr'><strong>consuetudini</strong></span> <span class='ocrx_word' id='word_1_608' title='bbox 3005 3554 3230 3601; x_wconf 89' lang='lat' dir='ltr'><strong>ornatus</strong></span> <span class='ocrx_word' id='word_1_609' title='bbox 3257 3554 3444 3600; x_wconf 89' lang='lat' dir='ltr'><strong>essent</strong></span> <span class='ocrx_word' id='word_1_610' title='bbox 3465 3542 3737 3599; x_wconf 81' lang='lat' dir='ltr'><strong>contraria.</strong></span> 
     </span>
    </p>
   </div>
   <div class='ocr_carea' id='block_1_82' title="bbox 2178 3632 3737 3703">
    <p class='ocr_par' dir='ltr' id='par_1_82' title="bbox 2178 3632 3737 3703">
     <span class='ocr_line' id='line_1_82' title="bbox 2178 3632 3737 3703; baseline -0.002 -15"><span class='ocrx_word' id='word_1_611' title='bbox 2178 3632 2332 3688; x_wconf 91' lang='lat' dir='ltr'><strong>Sicut</strong></span> <span class='ocrx_word' id='word_1_612' title='bbox 2358 3633 2501 3689; x_wconf 90' lang='lat' dir='ltr'><strong>enim</strong></span> <span class='ocrx_word' id='word_1_613' title='bbox 2536 3633 2592 3688; x_wconf 91' lang='lat' dir='ltr'><strong>in</strong></span> <span class='ocrx_word' id='word_1_614' title='bbox 2615 3642 2805 3690; x_wconf 90' lang='lat' dir='ltr'><strong>nostra</strong></span> <span class='ocrx_word' id='word_1_615' title='bbox 2830 3634 3239 3691; x_wconf 80' lang='lat' dir='ltr'><strong>consuetudine.</strong></span> <span class='ocrx_word' id='word_1_616' title='bbox 3272 3649 3381 3702; x_wconf 87' lang='lat' dir='ltr'><strong>qua</strong></span> <span class='ocrx_word' id='word_1_617' title='bbox 3414 3642 3737 3703; x_wconf 83' lang='lat' dir='ltr'><strong>eaputaper-</strong></span> 
     </span>
    </p>
   </div>
   <div class='ocr_carea' id='block_1_83' title="bbox 2176 3720 3739 3799">
    <p class='ocr_par' dir='ltr' id='par_1_83' title="bbox 2176 3720 3739 3799">
     <span class='ocr_line' id='line_1_83' title="bbox 2176 3720 3739 3799; baseline -0.003 -20"><span class='ocrx_word' id='word_1_618' title='bbox 2176 3731 2291 3779; x_wconf 89' lang='lat' dir='ltr'><strong>tum</strong></span> <span class='ocrx_word' id='word_1_619' title='bbox 2317 3723 2492 3793; x_wconf 89' lang='lat' dir='ltr'><strong>magis</strong></span> <span class='ocrx_word' id='word_1_620' title='bbox 2512 3723 2789 3799; x_wconf 87' lang='lat' dir='ltr'><strong>habetur,</strong></span> <span class='ocrx_word' id='word_1_621' title='bbox 2838 3725 3082 3795; x_wconf 89' lang='lat' dir='ltr'><strong>operitur</strong></span> <span class='ocrx_word' id='word_1_622' title='bbox 3105 3726 3162 3781; x_wconf 89' lang='lat' dir='ltr'><strong>in</strong></span> <span class='ocrx_word' id='word_1_623' title='bbox 3205 3724 3388 3790; x_wconf 91' lang='lat' dir='ltr'><strong>luctu,</strong></span> <span class='ocrx_word' id='word_1_624' title='bbox 3429 3724 3511 3779; x_wconf 90' lang='lat' dir='ltr'><strong>sic</strong></span> <span class='ocrx_word' id='word_1_625' title='bbox 3529 3724 3652 3794; x_wconf 83' lang='lat' dir='ltr'><strong>quia</strong></span> <span class='ocrx_word' id='word_1_626' title='bbox 3678 3720 3739 3777; x_wconf 88' lang='lat' dir='ltr'><strong>illi</strong></span> 
     </span>
    </p>
   </div>
   <div class='ocr_carea' id='block_1_84' title="bbox 2174 3813 3738 3884">
    <p class='ocr_par' dir='ltr' id='par_1_84' title="bbox 2174 3813 3738 3884">
     <span class='ocr_line' id='line_1_84' title="bbox 2174 3813 3738 3884; baseline 0 -18"><span class='ocrx_word' id='word_1_627' title='bbox 2174 3813 2511 3883; x_wconf 90' lang='lat' dir='ltr'><strong>operimento</strong></span> <span class='ocrx_word' id='word_1_628' title='bbox 2540 3814 2733 3884; x_wconf 90' lang='lat' dir='ltr'><strong>capitis</strong></span> <span class='ocrx_word' id='word_1_629' title='bbox 2772 3815 3136 3883; x_wconf 89' lang='lat' dir='ltr'><strong>ornabantur,</strong></span> <span class='ocrx_word' id='word_1_630' title='bbox 3187 3817 3505 3871; x_wconf 90' lang='lat' dir='ltr'><strong>nudandum</strong></span> <span class='ocrx_word' id='word_1_631' title='bbox 3538 3822 3655 3872; x_wconf 87' lang='lat' dir='ltr'><strong>erat</strong></span> <span class='ocrx_word' id='word_1_632' title='bbox 3674 3813 3738 3867; x_wconf 88' lang='lat' dir='ltr'><strong>lu-</strong></span> 
     </span>
    </p>
   </div>
   <div class='ocr_carea' id='block_1_85' title="bbox 2174 3904 3740 3978">
    <p class='ocr_par' dir='ltr' id='par_1_85' title="bbox 2174 3904 3740 3978">
     <span class='ocr_line' id='line_1_85' title="bbox 2174 3904 3740 3978; baseline 0 -18"><span class='ocrx_word' id='word_1_633' title='bbox 2174 3904 2445 3975; x_wconf 87' lang='lat' dir='ltr'><strong>gentibus.</strong></span> <span class='ocrx_word' id='word_1_634' title='bbox 2472 3904 2626 3972; x_wconf 90' lang='lat' dir='ltr'><strong>Quod</strong></span> <span class='ocrx_word' id='word_1_635' title='bbox 2656 3905 2776 3961; x_wconf 88' lang='lat' dir='ltr'><strong>ideo</strong></span> <span class='ocrx_word' id='word_1_636' title='bbox 2796 3908 3049 3978; x_wconf 88' lang='lat' dir='ltr'><strong>prohibet</strong></span> <span class='ocrx_word' id='word_1_637' title='bbox 3076 3924 3142 3964; x_wconf 92' lang='lat' dir='ltr'><strong>ne</strong></span> <span class='ocrx_word' id='word_1_638' title='bbox 3166 3907 3414 3978; x_wconf 88' lang='lat' dir='ltr'><strong>lugerent</strong></span> <span class='ocrx_word' id='word_1_639' title='bbox 3437 3924 3531 3963; x_wconf 91' lang='lat' dir='ltr'><strong>eos</strong></span> <span class='ocrx_word' id='word_1_640' title='bbox 3554 3908 3608 3963; x_wconf 89' lang='lat' dir='ltr'><strong>in</strong></span> <span class='ocrx_word' id='word_1_641' title='bbox 3635 3920 3740 3978; x_wconf 73' lang='lat' dir='ltr'><strong>quo</strong></span> 
     </span>
    </p>
   </div>
   <div class='ocr_carea' id='block_1_86' title="bbox 2152 3997 3741 4067">
    <p class='ocr_par' dir='ltr' id='par_1_86' title="bbox 2152 3997 3741 4067">
     <span class='ocr_line' id='line_1_86' title="bbox 2152 3997 3741 4067; baseline 0.002 -18"><span class='ocrx_word' id='word_1_642' title='bbox 2152 4010 2293 4061; x_wconf 21' lang='lat' dir='ltr'><strong>vrum</strong></span> <span class='ocrx_word' id='word_1_643' title='bbox 2329 4009 2491 4067; x_wconf 69' lang='lat' dir='ltr'><strong>poena</strong></span> <span class='ocrx_word' id='word_1_644' title='bbox 2525 3997 2894 4053; x_wconf 86' lang='lat' dir='ltr'><strong>sanctificatus</strong></span> <span class='ocrx_word' id='word_1_645' title='bbox 2920 4008 3003 4054; x_wconf 88' lang='lat' dir='ltr'><strong>est</strong></span> <span class='ocrx_word' id='word_1_646' title='bbox 3047 3999 3332 4065; x_wconf 90' lang='lat' dir='ltr'><strong>Dominus,</strong></span> <span class='ocrx_word' id='word_1_647' title='bbox 3377 4000 3432 4055; x_wconf 90' lang='lat' dir='ltr'><strong>id</strong></span> <span class='ocrx_word' id='word_1_648' title='bbox 3479 4010 3588 4066; x_wconf 87' lang='lat' dir='ltr'><strong>est,</strong></span> <span class='ocrx_word' id='word_1_649' title='bbox 3615 4012 3741 4055; x_wconf 88' lang='lat' dir='ltr'><strong>com-</strong></span> 
     </span>
    </p>
   </div>
   <div class='ocr_carea' id='block_1_87' title="bbox 2172 4082 3739 4163">
    <p class='ocr_par' dir='ltr' id='par_1_87' title="bbox 2172 4082 3739 4163">
     <span class='ocr_line' id='line_1_87' title="bbox 2172 4082 3739 4163; baseline 0.002 -21"><span class='ocrx_word' id='word_1_650' title='bbox 2172 4082 2456 4144; x_wconf 82' lang='lat' dir='ltr'><strong>mendatus</strong></span> <span class='ocrx_word' id='word_1_651' title='bbox 2480 4098 2564 4145; x_wconf 88' lang='lat' dir='ltr'><strong>est</strong></span> <span class='ocrx_word' id='word_1_652' title='bbox 2590 4091 2750 4146; x_wconf 90' lang='lat' dir='ltr'><strong>timor</strong></span> <span class='ocrx_word' id='word_1_653' title='bbox 2777 4089 2915 4160; x_wconf 88' lang='lat' dir='ltr'><strong>ejus.</strong></span> <span class='ocrx_word' id='word_1_654' title='bbox 2949 4090 3057 4146; x_wconf 87' lang='lat' dir='ltr'><strong>Nec</strong></span> <span class='ocrx_word' id='word_1_655' title='bbox 3087 4091 3208 4147; x_wconf 90' lang='lat' dir='ltr'><strong>ideo</strong></span> <span class='ocrx_word' id='word_1_656' title='bbox 3237 4092 3364 4161; x_wconf 89' lang='lat' dir='ltr'><strong>quia</strong></span> <span class='ocrx_word' id='word_1_657' title='bbox 3396 4092 3620 4163; x_wconf 87' lang='lat' dir='ltr'><strong>lugendi</strong></span> <span class='ocrx_word' id='word_1_658' title='bbox 3651 4104 3739 4145; x_wconf 79' lang='lat' dir='ltr'><strong>neu</strong></span> 
     </span>
    </p>
   </div>
   <div class='ocr_carea' id='block_1_88' title="bbox 2171 4178 3740 4254">
    <p class='ocr_par' dir='ltr' id='par_1_88' title="bbox 2171 4178 3740 4254">
     <span class='ocr_line' id='line_1_88' title="bbox 2171 4178 3740 4254; baseline 0.001 -22"><span class='ocrx_word' id='word_1_659' title='bbox 2171 4188 2346 4244; x_wconf 87' lang='lat' dir='ltr'><strong>erant,</strong></span> <span class='ocrx_word' id='word_1_660' title='bbox 2374 4196 2503 4235; x_wconf 88' lang='lat' dir='ltr'><strong>nam</strong></span> <span class='ocrx_word' id='word_1_661' title='bbox 2532 4183 2800 4250; x_wconf 89' lang='lat' dir='ltr'><strong>permittit</strong></span> <span class='ocrx_word' id='word_1_662' title='bbox 2843 4182 2978 4238; x_wconf 89' lang='lat' dir='ltr'><strong>alios</strong></span> <span class='ocrx_word' id='word_1_663' title='bbox 3019 4182 3201 4253; x_wconf 89' lang='lat' dir='ltr'><strong>lugere</strong></span> <span class='ocrx_word' id='word_1_664' title='bbox 3232 4182 3371 4249; x_wconf 89' lang='lat' dir='ltr'><strong>illos,</strong></span> <span class='ocrx_word' id='word_1_665' title='bbox 3398 4184 3493 4239; x_wconf 86' lang='lat' dir='ltr'><strong>sed</strong></span> <span class='ocrx_word' id='word_1_666' title='bbox 3525 4183 3652 4254; x_wconf 87' lang='lat' dir='ltr'><strong>quia</strong></span> <span class='ocrx_word' id='word_1_667' title='bbox 3674 4178 3740 4235; x_wconf 90' lang='lat' dir='ltr'><strong>illi</strong></span> 
     </span>
    </p>
   </div>
   <div class='ocr_carea' id='block_1_89' title="bbox 2171 4270 3743 4342">
    <p class='ocr_par' dir='ltr' id='par_1_89' title="bbox 2171 4270 3743 4342">
     <span class='ocr_line' id='line_1_89' title="bbox 2171 4270 3743 4342; baseline 0 -17"><span class='ocrx_word' id='word_1_668' title='bbox 2171 4270 2357 4342; x_wconf 87' lang='lat' dir='ltr'><strong>lugere</strong></span> <span class='ocrx_word' id='word_1_669' title='bbox 2386 4279 2514 4327; x_wconf 89' lang='lat' dir='ltr'><strong>tunc</strong></span> <span class='ocrx_word' id='word_1_670' title='bbox 2554 4289 2661 4328; x_wconf 91' lang='lat' dir='ltr'><strong>non</strong></span> <span class='ocrx_word' id='word_1_671' title='bbox 2686 4274 2971 4340; x_wconf 87' lang='lat' dir='ltr'><strong>debebant,</strong></span> <span class='ocrx_word' id='word_1_672' title='bbox 2994 4291 3121 4330; x_wconf 88' lang='lat' dir='ltr'><strong>cum</strong></span> <span class='ocrx_word' id='word_1_673' title='bbox 3165 4276 3281 4330; x_wconf 89' lang='lat' dir='ltr'><strong>dies</strong></span> <span class='ocrx_word' id='word_1_674' title='bbox 3310 4271 3743 4330; x_wconf 84' lang='lat' dir='ltr'><strong>sanctiﬁcationis</strong></span> 
     </span>
    </p>
   </div>
   <div class='ocr_carea' id='block_1_90' title="bbox 2170 4346 3744 4437">
    <p class='ocr_par' dir='ltr' id='par_1_90' title="bbox 2170 4346 3744 4437">
     <span class='ocr_line' id='line_1_90' title="bbox 2170 4346 3744 4437; baseline 0 -20"><span class='ocrx_word' id='word_1_675' title='bbox 2170 4377 2357 4421; x_wconf 87' lang='lat' dir='ltr'><strong>eorum</strong></span> <span class='ocrx_word' id='word_1_676' title='bbox 2383 4372 2689 4432; x_wconf 89' lang='lat' dir='ltr'><strong>agerentur.</strong></span> <span class='ocrx_word' id='word_1_677' title='bbox 2713 4362 2959 4419; x_wconf 88' lang='lat' dir='ltr'><strong>Nondum</strong></span> <span class='ocrx_word' id='word_1_678' title='bbox 2983 4346 3266 4435; x_wconf 74' lang='lat' dir='ltr'><strong>completis</strong></span> <span class='ocrx_word' id='word_1_679' title='bbox 3311 4373 3523 4436; x_wconf 88' lang='lat' dir='ltr'><strong>septem</strong></span> <span class='ocrx_word' id='word_1_680' title='bbox 3562 4361 3744 4437; x_wconf 84' lang='lat' dir='ltr'><strong>quibus</strong></span> 
     </span>
    </p>
   </div>
   <div class='ocr_carea' id='block_1_91' title="bbox 488 4452 3745 4525">
    <p class='ocr_par' dir='ltr' id='par_1_91' title="bbox 488 4452 3745 4525">
     <span class='ocr_line' id='line_1_91' title="bbox 488 4452 3745 4525; baseline 0 -18"><span class='ocrx_word' id='word_1_681' title='bbox 488 4452 734 4518; x_wconf 89' lang='lat' dir='ltr'><strong>trectari,</strong></span> <span class='ocrx_word' id='word_1_682' title='bbox 766 4452 1033 4522; x_wconf 90' lang='lat' dir='ltr'><strong>speculari</strong></span> <span class='ocrx_word' id='word_1_683' title='bbox 1054 4460 1236 4507; x_wconf 89' lang='lat' dir='ltr'><strong>autem</strong></span> <span class='ocrx_word' id='word_1_684' title='bbox 1261 4468 1359 4525; x_wconf 90' lang='lat' dir='ltr'><strong>per</strong></span> <span class='ocrx_word' id='word_1_685' title='bbox 1379 4455 1564 4509; x_wconf 92' lang='lat' dir='ltr'><strong>oculos</strong></span> <span class='ocrx_word' id='word_1_686' title='bbox 1590 4456 1791 4512; x_wconf 89' lang='lat' dir='ltr'><strong>mentis</strong></span> <span class='ocrx_word' id='word_1_687' title='bbox 1816 4458 2069 4514; x_wconf 85' lang='lat' dir='ltr'><strong>divinita-</strong></span> <span class='ocrx_word' id='word_1_688' title='bbox 2093 4504 2144 4525; x_wconf 59' lang='grc' dir='ltr'><strong>π</strong></span> <span class='ocrx_word' id='word_1_689' title='bbox 2171 4467 2265 4509; x_wconf 91' lang='lat' dir='ltr'><strong>eos</strong></span> <span class='ocrx_word' id='word_1_690' title='bbox 2288 4456 2563 4524; x_wconf 69' lang='lat' dir='ltr'><strong>praecepit}</strong></span> <span class='ocrx_word' id='word_1_691' title='bbox 2586 4456 2650 4510; x_wconf 89' lang='lat' dir='ltr'><strong>de</strong></span> <span class='ocrx_word' id='word_1_692' title='bbox 2694 4454 3044 4509; x_wconf 88' lang='lat' dir='ltr'><strong>tabernaculo</strong></span> <span class='ocrx_word' id='word_1_693' title='bbox 3066 4470 3173 4510; x_wconf 91' lang='lat' dir='ltr'><strong>non</strong></span> <span class='ocrx_word' id='word_1_694' title='bbox 3204 4454 3497 4510; x_wconf 86' lang='lat' dir='ltr'><strong>abscedere</strong></span> <span class='ocrx_word' id='word_1_695' title='bbox 3520 4496 3536 4519; x_wconf 92' lang='lat'><strong>,</strong></span> <span class='ocrx_word' id='word_1_696' title='bbox 3588 4468 3745 4525; x_wconf 84' lang='lat' dir='ltr'><strong>quan-</strong></span> 
     </span>
    </p>
   </div>
   <div class='ocr_carea' id='block_1_92' title="bbox 2091 4504 2146 4566">
    <p class='ocr_par' dir='ltr' id='par_1_92' title="bbox 2091 4504 2146 4566">
     <span class='ocr_line' id='line_1_92' title="bbox 2091 4504 2146 4566; baseline 0 0"><span class='ocrx_word' id='word_1_697' title='bbox 2091 4504 2146 4566; x_wconf 91' lang='lat' dir='ltr'><strong>D</strong></span> 
     </span>
    </p>
   </div>
   <div class='ocr_carea' id='block_1_93' title="bbox 486 4542 3738 4614">
    <p class='ocr_par' dir='ltr' id='par_1_93' title="bbox 486 4542 3738 4614">
     <span class='ocr_line' id='line_1_93' title="bbox 486 4542 3738 4614; baseline -0.001 -16"><span class='ocrx_word' id='word_1_698' title='bbox 486 4550 621 4608; x_wconf 85' lang='lat' dir='ltr'><strong>tem,</strong></span> <span class='ocrx_word' id='word_1_699' title='bbox 648 4544 788 4599; x_wconf 90' lang='lat' dir='ltr'><strong>sicut</strong></span> <span class='ocrx_word' id='word_1_700' title='bbox 809 4543 1044 4600; x_wconf 87' lang='lat' dir='ltr'><strong>Thomas</strong></span> <span class='ocrx_word' id='word_1_701' title='bbox 1066 4560 1229 4600; x_wconf 90' lang='lat' dir='ltr'><strong>manu</strong></span> <span class='ocrx_word' id='word_1_702' title='bbox 1248 4554 1594 4602; x_wconf 88' lang='lat' dir='ltr'><strong>contrectans</strong></span> <span class='ocrx_word' id='word_1_703' title='bbox 1614 4562 1856 4613; x_wconf 88' lang='lat' dir='ltr'><strong>carnem,</strong></span> <span class='ocrx_word' id='word_1_704' title='bbox 1883 4555 1938 4603; x_wconf 91' lang='lat' dir='ltr'><strong>et</strong></span> <span class='ocrx_word' id='word_1_705' title='bbox 1960 4549 2067 4606; x_wconf 79' lang='lat' dir='ltr'><strong>fide</strong></span> <span class='ocrx_word' id='word_1_706' title='bbox 2091 4542 2145 4566; x_wconf 74' lang='grc' dir='ltr'>ν</span> <span class='ocrx_word' id='word_1_707' title='bbox 2170 4558 2332 4614; x_wconf 87' lang='lat' dir='ltr'><strong>quam</strong></span> <span class='ocrx_word' id='word_1_708' title='bbox 2356 4545 2527 4614; x_wconf 89' lang='lat' dir='ltr'><strong>possit</strong></span> <span class='ocrx_word' id='word_1_709' title='bbox 2554 4543 2744 4610; x_wconf 88' lang='lat' dir='ltr'><strong>videri,</strong></span> <span class='ocrx_word' id='word_1_710' title='bbox 2778 4544 2902 4614; x_wconf 84' lang='lat' dir='ltr'><strong>quia</strong></span> <span class='ocrx_word' id='word_1_711' title='bbox 2930 4544 3021 4599; x_wconf 88' lang='lat' dir='ltr'><strong>illo</strong></span> <span class='ocrx_word' id='word_1_712' title='bbox 3044 4545 3162 4599; x_wconf 92' lang='lat' dir='ltr'><strong>oleo</strong></span> <span class='ocrx_word' id='word_1_713' title='bbox 3182 4544 3397 4600; x_wconf 86' lang='lat' dir='ltr'><strong>fuerant</strong></span> <span class='ocrx_word' id='word_1_714' title='bbox 3425 4542 3738 4602; x_wconf 82' lang='lat' dir='ltr'><strong>sanetilicati</strong></span> 
     </span>
    </p>
   </div>
   <div class='ocr_carea' id='block_1_94' title="bbox 487 4635 2068 4707">
    <p class='ocr_par' dir='ltr' id='par_1_94' title="bbox 487 4635 2068 4707">
     <span class='ocr_line' id='line_1_94' title="bbox 487 4635 2068 4707; baseline 0.006 -20"><span class='ocrx_word' id='word_1_715' title='bbox 487 4636 775 4704; x_wconf 88' lang='lat' dir='ltr'><strong>speculans</strong></span> <span class='ocrx_word' id='word_1_716' title='bbox 821 4635 1176 4705; x_wconf 84' lang='lat' dir='ltr'><strong>divinitatem,</strong></span> <span class='ocrx_word' id='word_1_717' title='bbox 1231 4636 1767 4693; x_wconf 87' lang='lat' dir='ltr'><strong>dicebat:Dominus</strong></span> <span class='ocrx_word' id='word_1_718' title='bbox 1812 4656 1981 4707; x_wconf 87' lang='lat' dir='ltr'><strong>meus,</strong></span> <span class='ocrx_word' id='word_1_719' title='bbox 2018 4649 2068 4695; x_wconf 88' lang='lat' dir='ltr'><strong>et</strong></span> 
     </span>
    </p>
   </div>
   <div class='ocr_carea' id='block_1_95' title="bbox 490 4722 2063 4800">
    <p class='ocr_par' dir='ltr' id='par_1_95' title="bbox 490 4722 2063 4800">
     <span class='ocr_line' id='line_1_95' title="bbox 490 4722 2063 4800; baseline 0.009 -24"><span class='ocrx_word' id='word_1_720' title='bbox 490 4722 634 4778; x_wconf 89' lang='lat' dir='ltr'><strong>Deus</strong></span> <span class='ocrx_word' id='word_1_721' title='bbox 679 4742 825 4780; x_wconf 87' lang='lat' dir='ltr'><strong>meus</strong></span> <span class='ocrx_word' id='word_1_722' title='bbox 852 4725 1032 4799; x_wconf 81' lang='lat' dir='ltr'><strong>(Joan.</strong></span> <span class='ocrx_word' id='word_1_723' title='bbox 1076 4727 1205 4800; x_wconf 77' lang='lat' dir='ltr'><strong>xx),</strong></span> <span class='ocrx_word' id='word_1_724' title='bbox 1250 4728 1343 4784; x_wconf 89' lang='lat' dir='ltr'><strong>hic</strong></span> <span class='ocrx_word' id='word_1_725' title='bbox 1370 4728 1549 4800; x_wconf 87' lang='lat' dir='ltr'><strong>ignem</strong></span> <span class='ocrx_word' id='word_1_726' title='bbox 1584 4729 1775 4786; x_wconf 65' lang='lat' dir='ltr'><strong>alienat</strong></span> <span class='ocrx_word' id='word_1_727' title='bbox 1800 4730 2063 4790; x_wconf 63' lang='lat' dir='ltr'><strong>doctrinae</strong></span> 
     </span>
    </p>
   </div>
   <div class='ocr_carea' id='block_1_96' title="bbox 490 4813 2064 4886">
    <p class='ocr_par' dir='ltr' id='par_1_96' title="bbox 490 4813 2064 4886">
     <span class='ocr_line' id='line_1_96' title="bbox 490 4813 2064 4886; baseline 0.008 -20"><span class='ocrx_word' id='word_1_728' title='bbox 490 4813 706 4868; x_wconf 87' lang='lat' dir='ltr'><strong>auferre</strong></span> <span class='ocrx_word' id='word_1_729' title='bbox 739 4823 795 4869; x_wconf 93' lang='lat' dir='ltr'><strong>et</strong></span> <span class='ocrx_word' id='word_1_730' title='bbox 835 4816 1031 4886; x_wconf 90' lang='lat' dir='ltr'><strong>ejicere</strong></span> <span class='ocrx_word' id='word_1_731' title='bbox 1068 4819 1218 4873; x_wconf 87' lang='lat' dir='ltr'><strong>illum</strong></span> <span class='ocrx_word' id='word_1_732' title='bbox 1244 4835 1368 4875; x_wconf 89' lang='lat' dir='ltr'><strong>cum</strong></span> <span class='ocrx_word' id='word_1_733' title='bbox 1396 4819 1595 4875; x_wconf 90' lang='lat' dir='ltr'><strong>tunicis</strong></span> <span class='ocrx_word' id='word_1_734' title='bbox 1624 4835 1655 4874; x_wconf 93' lang='lat' dir='ltr'><strong>a</strong></span> <span class='ocrx_word' id='word_1_735' title='bbox 1682 4818 1821 4877; x_wconf 87' lang='lat' dir='ltr'><strong>facie</strong></span> <span class='ocrx_word' id='word_1_736' title='bbox 1847 4829 2064 4879; x_wconf 88' lang='lat' dir='ltr'><strong>sancto—</strong></span> 
     </span>
    </p>
   </div>
   <div class='ocr_carea' id='block_1_97' title="bbox 484 4906 2063 4978">
    <p class='ocr_par' dir='ltr' id='par_1_97' title="bbox 484 4906 2063 4978">
     <span class='ocr_line' id='line_1_97' title="bbox 484 4906 2063 4978; baseline 0.008 -22"><span class='ocrx_word' id='word_1_737' title='bbox 484 4917 609 4957; x_wconf 88' lang='lat' dir='ltr'><strong>rum</strong></span> <span class='ocrx_word' id='word_1_738' title='bbox 634 4913 833 4974; x_wconf 89' lang='lat' dir='ltr'><strong>potest.</strong></span> <span class='ocrx_word' id='word_1_739' title='bbox 889 4906 1025 4973; x_wconf 86' lang='lat' dir='ltr'><strong>Quia</strong></span> <span class='ocrx_word' id='word_1_740' title='bbox 1045 4923 1288 4978; x_wconf 74' lang='lat' dir='ltr'><strong>personte</strong></span> <span class='ocrx_word' id='word_1_741' title='bbox 1324 4918 1634 4967; x_wconf 90' lang='lat' dir='ltr'><strong>sanctorum</strong></span> <span class='ocrx_word' id='word_1_742' title='bbox 1663 4920 1788 4967; x_wconf 91' lang='lat' dir='ltr'><strong>sunt</strong></span> <span class='ocrx_word' id='word_1_743' title='bbox 1811 4914 2063 4969; x_wconf 87' lang='lat' dir='ltr'><strong>sacerdo-</strong></span> 
     </span>
    </p>
   </div>
   <div class='ocr_carea' id='block_1_98' title="bbox 488 4994 2057 5072">
    <p class='ocr_par' dir='ltr' id='par_1_98' title="bbox 488 4994 2057 5072">
     <span class='ocr_line' id='line_1_98' title="bbox 488 4994 2057 5072; baseline 0.007 -24"><span class='ocrx_word' id='word_1_744' title='bbox 488 5001 592 5049; x_wconf 85' lang='lat' dir='ltr'><strong>tes.</strong></span> <span class='ocrx_word' id='word_1_745' title='bbox 625 4994 844 5052; x_wconf 86' lang='lat' dir='ltr'><strong>Tunicae</strong></span> <span class='ocrx_word' id='word_1_746' title='bbox 891 5007 1069 5052; x_wconf 89' lang='lat' dir='ltr'><strong>autem</strong></span> <span class='ocrx_word' id='word_1_747' title='bbox 1097 5002 1437 5057; x_wconf 87' lang='lat' dir='ltr'><strong>sacerdotum</strong></span> <span class='ocrx_word' id='word_1_748' title='bbox 1463 5004 1804 5058; x_wconf 86' lang='lat' dir='ltr'><strong>conversatio</strong></span> <span class='ocrx_word' id='word_1_749' title='bbox 1832 5012 1887 5059; x_wconf 88' lang='lat' dir='ltr'><strong>et</strong></span> <span class='ocrx_word' id='word_1_750' title='bbox 1925 5004 2057 5072; x_wconf 89' lang='lat' dir='ltr'><strong>vita,</strong></span> 
     </span>
    </p>
   </div>
   <div class='ocr_carea' id='block_1_99' title="bbox 452 5086 2063 5162">
    <p class='ocr_par' dir='ltr' id='par_1_99' title="bbox 452 5086 2063 5162">
     <span class='ocr_line' id='line_1_99' title="bbox 452 5086 2063 5162; baseline 0.007 -24"><span class='ocrx_word' id='word_1_751' title='bbox 452 5106 458 5113; x_wconf 69' lang='grc' dir='ltr'><strong><em>ο</em></strong></span> <span class='ocrx_word' id='word_1_752' title='bbox 487 5100 609 5155; x_wconf 63' lang='lat' dir='ltr'><strong>quae</strong></span> <span class='ocrx_word' id='word_1_753' title='bbox 632 5086 686 5140; x_wconf 92' lang='lat' dir='ltr'><strong>in</strong></span> <span class='ocrx_word' id='word_1_754' title='bbox 715 5086 1002 5142; x_wconf 87' lang='lat' dir='ltr'><strong>sacerdotii</strong></span> <span class='ocrx_word' id='word_1_755' title='bbox 1026 5088 1319 5145; x_wconf 90' lang='lat' dir='ltr'><strong>induuntur</strong></span> <span class='ocrx_word' id='word_1_756' title='bbox 1339 5091 1559 5159; x_wconf 89' lang='lat' dir='ltr'><strong>habitu;</strong></span> <span class='ocrx_word' id='word_1_757' title='bbox 1590 5105 1718 5162; x_wconf 91' lang='lat' dir='ltr'><strong>ergo</strong></span> <span class='ocrx_word' id='word_1_758' title='bbox 1738 5106 2063 5148; x_wconf 87' lang='lat' dir='ltr'><strong>cumsaoer-</strong></span> 
     </span>
    </p>
   </div>
   <div class='ocr_carea' id='block_1_100' title="bbox 487 5176 2058 5255">
    <p class='ocr_par' dir='ltr' id='par_1_100' title="bbox 487 5176 2058 5255">
     <span class='ocr_line' id='line_1_100' title="bbox 487 5176 2058 5255; baseline 0.004 -21"><span class='ocrx_word' id='word_1_759' title='bbox 487 5178 638 5234; x_wconf 76' lang='lat' dir='ltr'><strong>datio</strong></span> <span class='ocrx_word' id='word_1_760' title='bbox 666 5178 810 5248; x_wconf 91' lang='lat' dir='ltr'><strong>quod</strong></span> <span class='ocrx_word' id='word_1_761' title='bbox 838 5176 889 5232; x_wconf 90' lang='lat' dir='ltr'><strong>ei</strong></span> <span class='ocrx_word' id='word_1_762' title='bbox 909 5187 1055 5234; x_wconf 89' lang='lat' dir='ltr'><strong>sorte</strong></span> <span class='ocrx_word' id='word_1_763' title='bbox 1081 5181 1323 5248; x_wconf 89' lang='lat' dir='ltr'><strong>obvenit,</strong></span> <span class='ocrx_word' id='word_1_764' title='bbox 1376 5199 1406 5238; x_wconf 90' lang='lat' dir='ltr'><strong>a</strong></span> <span class='ocrx_word' id='word_1_765' title='bbox 1435 5185 1682 5255; x_wconf 88' lang='lat' dir='ltr'><strong>portione</strong></span> <span class='ocrx_word' id='word_1_766' title='bbox 1728 5182 2058 5241; x_wconf 86' lang='lat' dir='ltr'><strong>sacerdotali</strong></span> 
     </span>
    </p>
   </div>
   <div class='ocr_carea' id='block_1_101' title="bbox 483 5270 2057 5342">
    <p class='ocr_par' dir='ltr' id='par_1_101' title="bbox 483 5270 2057 5342">
     <span class='ocr_line' id='line_1_101' title="bbox 483 5270 2057 5342; baseline 0.004 -17"><span class='ocrx_word' id='word_1_767' title='bbox 483 5270 848 5342; x_wconf 79' lang='lat' dir='ltr'><strong>expelluntur,</strong></span> <span class='ocrx_word' id='word_1_768' title='bbox 873 5285 981 5326; x_wconf 91' lang='lat' dir='ltr'><strong>non</strong></span> <span class='ocrx_word' id='word_1_769' title='bbox 1005 5270 1181 5326; x_wconf 90' lang='lat' dir='ltr'><strong>solum</strong></span> <span class='ocrx_word' id='word_1_770' title='bbox 1207 5280 1390 5328; x_wconf 87' lang='lat' dir='ltr'><strong>autem</strong></span> <span class='ocrx_word' id='word_1_771' title='bbox 1424 5289 1455 5328; x_wconf 88' lang='lat' dir='ltr'><strong>a</strong></span> <span class='ocrx_word' id='word_1_772' title='bbox 1481 5274 1839 5339; x_wconf 85' lang='lat' dir='ltr'><strong>sacerdotum,</strong></span> <span class='ocrx_word' id='word_1_773' title='bbox 1877 5276 1970 5331; x_wconf 89' lang='lat' dir='ltr'><strong>sed</strong></span> <span class='ocrx_word' id='word_1_774' title='bbox 1998 5282 2057 5332; x_wconf 88' lang='lat' dir='ltr'><strong>et</strong></span> 
     </span>
    </p>
   </div>
   <div class='ocr_carea' id='block_1_102' title="bbox 477 5354 2053 5435">
    <p class='ocr_par' dir='ltr' id='par_1_102' title="bbox 477 5354 2053 5435">
     <span class='ocr_line' id='line_1_102' title="bbox 477 5354 2053 5435; baseline 0.005 -19"><span class='ocrx_word' id='word_1_775' title='bbox 477 5361 687 5435; x_wconf 81' lang='lat' dir='ltr'><strong>populi,</strong></span> <span class='ocrx_word' id='word_1_776' title='bbox 718 5362 861 5418; x_wconf 89' lang='lat' dir='ltr'><strong>unde</strong></span> <span class='ocrx_word' id='word_1_777' title='bbox 892 5361 1116 5428; x_wconf 85' lang='lat' dir='ltr'><strong>addidit,</strong></span> <span class='ocrx_word' id='word_1_778' title='bbox 1163 5354 1315 5419; x_wconf 74' lang='lat' dir='ltr'><strong>extra</strong></span> <span class='ocrx_word' id='word_1_779' title='bbox 1335 5364 1747 5422; x_wconf 88' lang='lat' dir='ltr'><strong>tabernaculum.</strong></span> <span class='ocrx_word' id='word_1_780' title='bbox 1778 5366 2053 5423; x_wconf 82' lang='lat' dir='ltr'><strong>Taberna-</strong></span> 
     </span>
    </p>
   </div>
   <div class='ocr_carea' id='block_1_103' title="bbox 478 5453 2050 5525">
    <p class='ocr_par' dir='ltr' id='par_1_103' title="bbox 478 5453 2050 5525">
     <span class='ocr_line' id='line_1_103' title="bbox 478 5453 2050 5525; baseline 0.005 -17"><span class='ocrx_word' id='word_1_781' title='bbox 478 5453 842 5510; x_wconf 83' lang='lat' dir='ltr'><strong>culumenim</strong></span> <span class='ocrx_word' id='word_1_782' title='bbox 872 5453 970 5509; x_wconf 86' lang='lat' dir='ltr'><strong>Dei</strong></span> <span class='ocrx_word' id='word_1_783' title='bbox 1005 5453 1263 5510; x_wconf 85' lang='lat' dir='ltr'><strong>Ecclesiae</strong></span> <span class='ocrx_word' id='word_1_784' title='bbox 1288 5453 1517 5525; x_wconf 90' lang='lat' dir='ltr'><strong>populus</strong></span> <span class='ocrx_word' id='word_1_785' title='bbox 1552 5464 1675 5523; x_wconf 85' lang='lat' dir='ltr'><strong>est;</strong></span> <span class='ocrx_word' id='word_1_786' title='bbox 1732 5456 1827 5513; x_wconf 88' lang='lat' dir='ltr'><strong>filii</strong></span> <span class='ocrx_word' id='word_1_787' title='bbox 1869 5466 2050 5517; x_wconf 87' lang='lat' dir='ltr'><strong>autem</strong></span> 
     </span>
    </p>
   </div>
   <div class='ocr_carea' id='block_1_104' title="bbox 478 5545 2049 5619">
    <p class='ocr_par' dir='ltr' id='par_1_104' title="bbox 478 5545 2049 5619">
     <span class='ocr_line' id='line_1_104' title="bbox 478 5545 2049 5619; baseline 0.005 -20"><span class='ocrx_word' id='word_1_788' title='bbox 478 5548 658 5614; x_wconf 84' lang='lat' dir='ltr'><strong>patrui</strong></span> <span class='ocrx_word' id='word_1_789' title='bbox 684 5547 866 5602; x_wconf 80' lang='lat' dir='ltr'><strong>Aaron</strong></span> <span class='ocrx_word' id='word_1_790' title='bbox 907 5547 1021 5602; x_wconf 83' lang='lat' dir='ltr'><strong>sive</strong></span> <span class='ocrx_word' id='word_1_791' title='bbox 1055 5545 1241 5602; x_wconf 87' lang='lat' dir='ltr'><strong>fratris</strong></span> <span class='ocrx_word' id='word_1_792' title='bbox 1267 5546 1467 5609; x_wconf 85' lang='lat' dir='ltr'><strong>Aaron,</strong></span> <span class='ocrx_word' id='word_1_793' title='bbox 1505 5548 1563 5602; x_wconf 91' lang='lat' dir='ltr'><strong>hi</strong></span> <span class='ocrx_word' id='word_1_794' title='bbox 1594 5549 1686 5617; x_wconf 88' lang='lat' dir='ltr'><strong>qui</strong></span> <span class='ocrx_word' id='word_1_795' title='bbox 1727 5550 1841 5607; x_wconf 75' lang='lat' dir='ltr'><strong>lucc</strong></span> <span class='ocrx_word' id='word_1_796' title='bbox 1868 5551 2049 5619; x_wconf 78' lang='lat' dir='ltr'><strong>facere</strong></span> 
     </span>
    </p>
   </div>
   <div class='ocr_carea' id='block_1_105' title="bbox 478 5638 2046 5713">
    <p class='ocr_par' dir='ltr' id='par_1_105' title="bbox 478 5638 2046 5713">
     <span class='ocr_line' id='line_1_105' title="bbox 478 5638 2046 5713; baseline 0.005 -23"><span class='ocrx_word' id='word_1_797' title='bbox 478 5647 703 5703; x_wconf 87' lang='lat' dir='ltr'><strong>possunt</strong></span> <span class='ocrx_word' id='word_1_798' title='bbox 759 5638 1153 5693; x_wconf 86' lang='lat' dir='ltr'><strong>rationabiliter</strong></span> <span class='ocrx_word' id='word_1_799' title='bbox 1193 5640 1559 5693; x_wconf 88' lang='lat' dir='ltr'><strong>nominantur.</strong></span> <span class='ocrx_word' id='word_1_800' title='bbox 1603 5638 1661 5694; x_wconf 90' lang='lat' dir='ltr'><strong>Si</strong></span> <span class='ocrx_word' id='word_1_801' title='bbox 1707 5642 1851 5695; x_wconf 92' lang='lat' dir='ltr'><strong>enim</strong></span> <span class='ocrx_word' id='word_1_802' title='bbox 1889 5651 2046 5713; x_wconf 87' lang='lat' dir='ltr'><strong>pater</strong></span> 
     </span>
    </p>
   </div>
   <div class='ocr_carea' id='block_1_106' title="bbox 479 5726 2043 5800">
    <p class='ocr_par' dir='ltr' id='par_1_106' title="bbox 479 5726 2043 5800">
     <span class='ocr_line' id='line_1_106' title="bbox 479 5726 2043 5800; baseline 0.008 -20"><span class='ocrx_word' id='word_1_803' title='bbox 479 5726 828 5797; x_wconf 69' lang='lat' dir='ltr'><strong>intelligimus</strong></span> <span class='ocrx_word' id='word_1_804' title='bbox 854 5728 1037 5791; x_wconf 80' lang='lat' dir='ltr'><strong>Aaron</strong></span> <span class='ocrx_word' id='word_1_805' title='bbox 1062 5728 1235 5793; x_wconf 79' lang='lat' dir='ltr'><strong>David</strong></span> <span class='ocrx_word' id='word_1_806' title='bbox 1265 5738 1368 5799; x_wconf 59' lang='grc' dir='ltr'><strong>εει,</strong></span> <span class='ocrx_word' id='word_1_807' title='bbox 1409 5737 1464 5786; x_wconf 91' lang='lat' dir='ltr'><strong>ct</strong></span> <span class='ocrx_word' id='word_1_808' title='bbox 1486 5744 1585 5800; x_wconf 89' lang='lat' dir='ltr'><strong>per</strong></span> <span class='ocrx_word' id='word_1_809' title='bbox 1615 5744 1739 5790; x_wconf 87' lang='lat' dir='ltr'><strong>eum</strong></span> <span class='ocrx_word' id='word_1_810' title='bbox 1766 5732 1908 5792; x_wconf 89' lang='lat' dir='ltr'><strong>idem</strong></span> <span class='ocrx_word' id='word_1_811' title='bbox 1930 5750 2043 5792; x_wconf 84' lang='lat' dir='ltr'><strong>om-</strong></span> 
     </span>
    </p>
   </div>
   <div class='ocr_carea' id='block_1_107' title="bbox 2167 4635 3741 4707">
    <p class='ocr_par' dir='ltr' id='par_1_107' title="bbox 2167 4635 3741 4707">
     <span class='ocr_line' id='line_1_107' title="bbox 2167 4635 3741 4707; baseline -0.003 -16"><span class='ocrx_word' id='word_1_812' title='bbox 2167 4635 2272 4691; x_wconf 90' lang='lat' dir='ltr'><strong>hoc</strong></span> <span class='ocrx_word' id='word_1_813' title='bbox 2302 4635 2504 4691; x_wconf 91' lang='lat' dir='ltr'><strong>dictum</strong></span> <span class='ocrx_word' id='word_1_814' title='bbox 2541 4643 2657 4700; x_wconf 87' lang='lat' dir='ltr'><strong>est,</strong></span> <span class='ocrx_word' id='word_1_815' title='bbox 2705 4636 2849 4706; x_wconf 89' lang='lat' dir='ltr'><strong>quod</strong></span> <span class='ocrx_word' id='word_1_816' title='bbox 2893 4652 3169 4706; x_wconf 87' lang='lat' dir='ltr'><strong>nunquam</strong></span> <span class='ocrx_word' id='word_1_817' title='bbox 3210 4651 3540 4707; x_wconf 88' lang='lat' dir='ltr'><strong>quemquam</strong></span> <span class='ocrx_word' id='word_1_818' title='bbox 3570 4637 3741 4707; x_wconf 82' lang='lat' dir='ltr'><strong>lugere</strong></span> 
     </span>
    </p>
   </div>
   <div class='ocr_carea' id='block_1_108' title="bbox 2164 4725 3741 4784">
    <p class='ocr_par' dir='ltr' id='par_1_108' title="bbox 2164 4725 3741 4784">
     <span class='ocr_line' id='line_1_108' title="bbox 2164 4725 3741 4784; baseline -0.001 -1"><span class='ocrx_word' id='word_1_819' title='bbox 2164 4727 2440 4783; x_wconf 83' lang='lat' dir='ltr'><strong>deberent.</strong></span> <span class='ocrx_word' id='word_1_820' title='bbox 2471 4726 2551 4783; x_wconf 85' lang='lat' dir='ltr'><strong>Ita</strong></span> <span class='ocrx_word' id='word_1_821' title='bbox 2582 4728 2726 4782; x_wconf 87' lang='lat' dir='ltr'><strong>enim</strong></span> <span class='ocrx_word' id='word_1_822' title='bbox 2761 4728 2931 4783; x_wconf 90' lang='lat' dir='ltr'><strong>dicit:</strong></span> <span class='ocrx_word' id='word_1_823' title='bbox 2961 4727 3179 4783; x_wconf 85' lang='lat' dir='ltr'><strong>Fratres</strong></span> <span class='ocrx_word' id='word_1_824' title='bbox 3209 4739 3382 4783; x_wconf 84' lang='lat' dir='ltr'><strong>autem</strong></span> <span class='ocrx_word' id='word_1_825' title='bbox 3409 4729 3567 4784; x_wconf 83' lang='lat' dir='ltr'><strong>vestri</strong></span> <span class='ocrx_word' id='word_1_826' title='bbox 3586 4725 3741 4783; x_wconf 77' lang='lat' dir='ltr'><strong>omnis</strong></span> 
     </span>
    </p>
   </div>
   <div class='ocr_carea' id='block_1_109' title="bbox 2144 4817 3739 4890">
    <p class='ocr_par' dir='ltr' id='par_1_109' title="bbox 2144 4817 3739 4890">
     <span class='ocr_line' id='line_1_109' title="bbox 2144 4817 3739 4890; baseline -0.003 -14"><span class='ocrx_word' id='word_1_827' title='bbox 2144 4819 2349 4877; x_wconf 66' lang='lat' dir='ltr'><strong>.domus</strong></span> <span class='ocrx_word' id='word_1_828' title='bbox 2378 4817 2549 4873; x_wconf 84' lang='lat' dir='ltr'><strong>Israel</strong></span> <span class='ocrx_word' id='word_1_829' title='bbox 2590 4818 2869 4889; x_wconf 82' lang='lat' dir='ltr'><strong>plorabant</strong></span> <span class='ocrx_word' id='word_1_830' title='bbox 2913 4820 3213 4874; x_wconf 88' lang='lat' dir='ltr'><strong>incendium</strong></span> <span class='ocrx_word' id='word_1_831' title='bbox 3256 4838 3359 4890; x_wconf 89' lang='lat' dir='ltr'><strong>quo</strong></span> <span class='ocrx_word' id='word_1_832' title='bbox 3399 4822 3603 4875; x_wconf 86' lang='lat' dir='ltr'><strong>incensi</strong></span> <span class='ocrx_word' id='word_1_833' title='bbox 3627 4827 3739 4874; x_wconf 86' lang='lat' dir='ltr'><strong>sunt</strong></span> 
     </span>
    </p>
   </div>
   <div class='ocr_carea' id='block_1_110' title="bbox 2163 4907 3741 4973">
    <p class='ocr_par' dir='ltr' id='par_1_110' title="bbox 2163 4907 3741 4973">
     <span class='ocr_line' id='line_1_110' title="bbox 2163 4907 3741 4973; baseline 0.001 -12"><span class='ocrx_word' id='word_1_834' title='bbox 2163 4907 2462 4973; x_wconf 89' lang='lat' dir='ltr'><strong>aDomino,</strong></span> <span class='ocrx_word' id='word_1_835' title='bbox 2491 4915 2539 4961; x_wconf 89' lang='lat' dir='ltr'><strong>et</strong></span> <span class='ocrx_word' id='word_1_836' title='bbox 2572 4907 2635 4961; x_wconf 89' lang='lat' dir='ltr'><strong>ab</strong></span> <span class='ocrx_word' id='word_1_837' title='bbox 2676 4910 2807 4963; x_wconf 88' lang='lat' dir='ltr'><strong>ostio</strong></span> <span class='ocrx_word' id='word_1_838' title='bbox 2852 4909 3177 4965; x_wconf 87' lang='lat' dir='ltr'><strong>tabernaculi</strong></span> <span class='ocrx_word' id='word_1_839' title='bbox 3200 4910 3483 4965; x_wconf 85' lang='lat' dir='ltr'><strong>testimonii</strong></span> <span class='ocrx_word' id='word_1_840' title='bbox 3523 4928 3628 4966; x_wconf 85' lang='lat' dir='ltr'><strong>non</strong></span> <span class='ocrx_word' id='word_1_841' title='bbox 3660 4924 3741 4963; x_wconf 72' lang='lat' dir='ltr'><strong>cx-</strong></span> 
     </span>
    </p>
   </div>
   <div class='ocr_carea' id='block_1_111' title="bbox 2160 4995 3741 5073">
    <p class='ocr_par' dir='ltr' id='par_1_111' title="bbox 2160 4995 3741 5073">
     <span class='ocr_line' id='line_1_111' title="bbox 2160 4995 3741 5073; baseline 0.003 -24"><span class='ocrx_word' id='word_1_842' title='bbox 2160 4995 2323 5061; x_wconf 86' lang='lat' dir='ltr'><strong>ibitis,</strong></span> <span class='ocrx_word' id='word_1_843' title='bbox 2349 5013 2412 5050; x_wconf 90' lang='lat' dir='ltr'><strong>ne</strong></span> <span class='ocrx_word' id='word_1_844' title='bbox 2455 4998 2758 5050; x_wconf 87' lang='lat' dir='ltr'><strong>moriamini</strong></span> <span class='ocrx_word' id='word_1_845' title='bbox 2782 5015 2799 5052; x_wconf 89' lang='lat'><strong><em>:</em></strong></span> <span class='ocrx_word' id='word_1_846' title='bbox 2833 4998 3002 5053; x_wconf 89' lang='lat' dir='ltr'><strong>oleum</strong></span> <span class='ocrx_word' id='word_1_847' title='bbox 3030 5001 3165 5055; x_wconf 87' lang='lat' dir='ltr'><strong>enim</strong></span> <span class='ocrx_word' id='word_1_848' title='bbox 3192 5001 3457 5055; x_wconf 88' lang='lat' dir='ltr'><strong>unctionis</strong></span> <span class='ocrx_word' id='word_1_849' title='bbox 3504 5002 3648 5073; x_wconf 83' lang='lat' dir='ltr'><strong>quod</strong></span> <span class='ocrx_word' id='word_1_850' title='bbox 3672 5009 3741 5055; x_wconf 85' lang='lat' dir='ltr'><strong>est</strong></span> 
     </span>
    </p>
   </div>
   <div class='ocr_carea' id='block_1_112' title="bbox 2160 5083 3739 5165">
    <p class='ocr_par' dir='ltr' id='par_1_112' title="bbox 2160 5083 3739 5165">
     <span class='ocr_line' id='line_1_112' title="bbox 2160 5083 3739 5165; baseline 0.006 -27"><span class='ocrx_word' id='word_1_851' title='bbox 2160 5102 2194 5138; x_wconf 93' lang='lat' dir='ltr'><strong>a</strong></span> <span class='ocrx_word' id='word_1_852' title='bbox 2222 5083 2447 5139; x_wconf 89' lang='lat' dir='ltr'><strong>Domino</strong></span> <span class='ocrx_word' id='word_1_853' title='bbox 2475 5103 2630 5156; x_wconf 88' lang='lat' dir='ltr'><strong>super</strong></span> <span class='ocrx_word' id='word_1_854' title='bbox 2654 5104 2741 5141; x_wconf 84' lang='lat' dir='ltr'><strong>vos</strong></span> <span class='ocrx_word' id='word_1_855' title='bbox 2767 5098 2861 5143; x_wconf 88' lang='lat' dir='ltr'><strong>est.</strong></span> <span class='ocrx_word' id='word_1_856' title='bbox 2894 5089 3001 5161; x_wconf 81' lang='lat' dir='ltr'><strong>(Ea:</strong></span> <span class='ocrx_word' id='word_1_857' title='bbox 3032 5089 3340 5164; x_wconf 85' lang='lat' dir='ltr'><strong>Hesychia.)</strong></span> <span class='ocrx_word' id='word_1_858' title='bbox 3362 5093 3485 5149; x_wconf 82' lang='lat' dir='ltr'><strong>Non</strong></span> <span class='ocrx_word' id='word_1_859' title='bbox 3531 5095 3739 5165; x_wconf 78' lang='lat' dir='ltr'><strong>ignora—</strong></span> 
     </span>
    </p>
   </div>
   <div class='ocr_carea' id='block_1_113' title="bbox 2160 5179 3742 5253">
    <p class='ocr_par' dir='ltr' id='par_1_113' title="bbox 2160 5179 3742 5253">
     <span class='ocr_line' id='line_1_113' title="bbox 2160 5179 3742 5253; baseline 0.003 -21"><span class='ocrx_word' id='word_1_860' title='bbox 2160 5193 2281 5234; x_wconf 91' lang='lat' dir='ltr'><strong>mus</strong></span> <span class='ocrx_word' id='word_1_861' title='bbox 2324 5179 2455 5249; x_wconf 92' lang='lat' dir='ltr'><strong>quin</strong></span> <span class='ocrx_word' id='word_1_862' title='bbox 2502 5181 2701 5250; x_wconf 90' lang='lat' dir='ltr'><strong>cydara</strong></span> <span class='ocrx_word' id='word_1_863' title='bbox 2757 5181 3064 5253; x_wconf 88' lang='lat' dir='ltr'><strong>significent</strong></span> <span class='ocrx_word' id='word_1_864' title='bbox 3112 5186 3502 5253; x_wconf 88' lang='lat' dir='ltr'><strong>sacerdotium,</strong></span> <span class='ocrx_word' id='word_1_865' title='bbox 3532 5186 3742 5243; x_wconf 88' lang='lat' dir='ltr'><strong>scilicet</strong></span> 
     </span>
    </p>
   </div>
   <div class='ocr_carea' id='block_1_114' title="bbox 2140 5270 3741 5347">
    <p class='ocr_par' dir='ltr' id='par_1_114' title="bbox 2140 5270 3741 5347">
     <span class='ocr_line' id='line_1_114' title="bbox 2140 5270 3741 5347; baseline 0.004 -23"><span class='ocrx_word' id='word_1_866' title='bbox 2140 5270 2282 5343; x_wconf 88' lang='lat' dir='ltr'><strong>quia</strong></span> <span class='ocrx_word' id='word_1_867' title='bbox 2311 5270 2488 5326; x_wconf 90' lang='lat' dir='ltr'><strong>omnis</strong></span> <span class='ocrx_word' id='word_1_868' title='bbox 2532 5270 2633 5325; x_wconf 91' lang='lat' dir='ltr'><strong>viri</strong></span> <span class='ocrx_word' id='word_1_869' title='bbox 2664 5280 2824 5341; x_wconf 91' lang='lat' dir='ltr'><strong>caput</strong></span> <span class='ocrx_word' id='word_1_870' title='bbox 2870 5271 3119 5329; x_wconf 88' lang='lat' dir='ltr'><strong>Christus</strong></span> <span class='ocrx_word' id='word_1_871' title='bbox 3168 5276 3342 5343; x_wconf 90' lang='lat' dir='ltr'><strong>Deus,</strong></span> <span class='ocrx_word' id='word_1_872' title='bbox 3372 5284 3741 5347; x_wconf 84' lang='lat' dir='ltr'><strong>caputautcm</strong></span> 
     </span>
    </p>
   </div>
   <div class='ocr_carea' id='block_1_115' title="bbox 2158 5359 3742 5440">
    <p class='ocr_par' dir='ltr' id='par_1_115' title="bbox 2158 5359 3742 5440">
     <span class='ocr_line' id='line_1_115' title="bbox 2158 5359 3742 5440; baseline 0.005 -24"><span class='ocrx_word' id='word_1_873' title='bbox 2158 5359 2364 5416; x_wconf 91' lang='lat' dir='ltr'><strong>Christi</strong></span> <span class='ocrx_word' id='word_1_874' title='bbox 2387 5361 2548 5426; x_wconf 91' lang='lat' dir='ltr'><strong>Deus,</strong></span> <span class='ocrx_word' id='word_1_875' title='bbox 2563 5362 2869 5419; x_wconf 86' lang='lat' dir='ltr'><strong>necessarie</strong></span> <span class='ocrx_word' id='word_1_876' title='bbox 2891 5365 3104 5435; x_wconf 86' lang='lat' dir='ltr'><strong>cydaris</strong></span> <span class='ocrx_word' id='word_1_877' title='bbox 3127 5366 3453 5439; x_wconf 87' lang='lat' dir='ltr'><strong>significatio</strong></span> <span class='ocrx_word' id='word_1_878' title='bbox 3478 5369 3742 5440; x_wconf 83' lang='lat' dir='ltr'><strong>quodam-</strong></span> 
     </span>
    </p>
   </div>
   <div class='ocr_carea' id='block_1_116' title="bbox 2132 5451 3736 5533">
    <p class='ocr_par' dir='ltr' id='par_1_116' title="bbox 2132 5451 3736 5533">
     <span class='ocr_line' id='line_1_116' title="bbox 2132 5451 3736 5533; baseline 0.004 -27"><span class='ocrx_word' id='word_1_879' title='bbox 2132 5453 2318 5515; x_wconf 84' lang='lat' dir='ltr'><strong>modo</strong></span> <span class='ocrx_word' id='word_1_880' title='bbox 2346 5460 2431 5507; x_wconf 91' lang='lat' dir='ltr'><strong>est</strong></span> <span class='ocrx_word' id='word_1_881' title='bbox 2458 5451 2616 5507; x_wconf 91' lang='lat' dir='ltr'><strong>simul</strong></span> <span class='ocrx_word' id='word_1_882' title='bbox 2642 5453 2903 5524; x_wconf 85' lang='lat' dir='ltr'><strong>unigeniti</strong></span> <span class='ocrx_word' id='word_1_883' title='bbox 2934 5455 3289 5533; x_wconf 85' lang='lat' dir='ltr'><strong>humanitatis</strong></span> <span class='ocrx_word' id='word_1_884' title='bbox 3312 5466 3368 5514; x_wconf 87' lang='lat' dir='ltr'><strong>et</strong></span> <span class='ocrx_word' id='word_1_885' title='bbox 3410 5457 3736 5513; x_wconf 69' lang='lat' dir='ltr'><strong>divinitatis.</strong></span> 
     </span>
    </p>
   </div>
   <div class='ocr_carea' id='block_1_117' title="bbox 2156 5541 3742 5619">
    <p class='ocr_par' dir='ltr' id='par_1_117' title="bbox 2156 5541 3742 5619">
     <span class='ocr_line' id='line_1_117' title="bbox 2156 5541 3742 5619; baseline 0.003 -23"><span class='ocrx_word' id='word_1_886' title='bbox 2156 5541 2455 5597; x_wconf 67' lang='lat' dir='ltr'><strong>Hococnim</strong></span> <span class='ocrx_word' id='word_1_887' title='bbox 2504 5549 2557 5595; x_wconf 90' lang='lat' dir='ltr'><strong>et</strong></span> <span class='ocrx_word' id='word_1_888' title='bbox 2584 5558 2681 5611; x_wconf 92' lang='lat' dir='ltr'><strong>per</strong></span> <span class='ocrx_word' id='word_1_889' title='bbox 2724 5544 2940 5613; x_wconf 86' lang='lat' dir='ltr'><strong>cydaris</strong></span> <span class='ocrx_word' id='word_1_890' title='bbox 2982 5548 3431 5617; x_wconf 87' lang='lat' dir='ltr'><strong>compositionem</strong></span> <span class='ocrx_word' id='word_1_891' title='bbox 3484 5548 3742 5619; x_wconf 85' lang='lat' dir='ltr'><strong>superius</strong></span> 
     </span>
    </p>
   </div>
   <div class='ocr_carea' id='block_1_118' title="bbox 2155 5632 3740 5707">
    <p class='ocr_par' dir='ltr' id='par_1_118' title="bbox 2155 5632 3740 5707">
     <span class='ocr_line' id='line_1_118' title="bbox 2155 5632 3740 5707; baseline 0.003 -18"><span class='ocrx_word' id='word_1_892' title='bbox 2155 5632 2662 5689; x_wconf 86' lang='lat' dir='ltr'><strong>demonstravimus.</strong></span> <span class='ocrx_word' id='word_1_893' title='bbox 2715 5634 2854 5705; x_wconf 80' lang='lat' dir='ltr'><strong>Ergo</strong></span> <span class='ocrx_word' id='word_1_894' title='bbox 2900 5651 3019 5707; x_wconf 67' lang='lat' dir='ltr'><strong>qute</strong></span> <span class='ocrx_word' id='word_1_895' title='bbox 3047 5647 3291 5707; x_wconf 85' lang='lat' dir='ltr'><strong>oporteat</strong></span> <span class='ocrx_word' id='word_1_896' title='bbox 3336 5639 3619 5696; x_wconf 85' lang='lat' dir='ltr'><strong>custodire</strong></span> <span class='ocrx_word' id='word_1_897' title='bbox 3648 5653 3740 5693; x_wconf 83' lang='lat' dir='ltr'><strong>sa-</strong></span> 
     </span>
    </p>
   </div>
   <div class='ocr_carea' id='block_1_119' title="bbox 2154 5725 3745 5811">
    <p class='ocr_par' dir='ltr' id='par_1_119' title="bbox 2154 5725 3745 5811">
     <span class='ocr_line' id='line_1_119' title="bbox 2154 5725 3745 5811; baseline 0.003 -27"><span class='ocrx_word' id='word_1_898' title='bbox 2154 5726 2399 5786; x_wconf 83' lang='lat' dir='ltr'><strong>cerdotes</strong></span> <span class='ocrx_word' id='word_1_899' title='bbox 2426 5733 2480 5784; x_wconf 83' lang='lat' dir='ltr'><strong>et</strong></span> <span class='ocrx_word' id='word_1_900' title='bbox 2520 5725 2768 5785; x_wconf 88' lang='lat' dir='ltr'><strong>doctores</strong></span> <span class='ocrx_word' id='word_1_901' title='bbox 2818 5740 3092 5802; x_wconf 79' lang='lat' dir='ltr'><strong>przcceptt,</strong></span> <span class='ocrx_word' id='word_1_902' title='bbox 3124 5732 3177 5788; x_wconf 88' lang='lat' dir='ltr'><strong>id</strong></span> <span class='ocrx_word' id='word_1_903' title='bbox 3202 5740 3305 5811; x_wconf 76' lang='lat' dir='ltr'><strong>est,</strong></span> <span class='ocrx_word' id='word_1_904' title='bbox 3347 5740 3409 5791; x_wconf 86' lang='lat' dir='ltr'><strong>ut</strong></span> <span class='ocrx_word' id='word_1_905' title='bbox 3463 5747 3567 5790; x_wconf 88' lang='lat' dir='ltr'><strong>nec</strong></span> <span class='ocrx_word' id='word_1_906' title='bbox 3597 5730 3745 5797; x_wconf 66' lang='lat' dir='ltr'><strong>diyi~</strong></span> 
     </span>
    </p>
   </div>
  </div>
