3936 6350
173 332 271 393 545

1066 323 1567 407 EXPQSITIONES
1604 322 1687 399 lN,
1708 321 2104 397 tumcum.
2142 354 2212 367 -
2242 326 2379 393 LIB.
2412 326 2489 411 ιι.

3276 335 3393 419 346,

176 448 379 503 nitatem
420 436 619 495 Christi
648 450 748 494 nec
793 438 1185 509 humanitatem
1213 444 1430 508 negent,
1461 452 1559 491 nec
1585 452 1715 492 con-
1742 436 1794 525 ᾼ
1818 434 2089 491 abstinere
2107 440 2381 509 praecepit,
2413 439 2511 495 sed
2531 404 2755 510 ιιιιειιιίίοΞ
2771 441 2838 498 ad
2884 443 3292 525 tabernaculum

175 533 438 595 tradicant,
456 528 584 597 quia
608 526 752 582 Deus
777 541 845 582 ex
867 527 976 583 Deo
1006 535 1061 581 et
1088 526 1309 583 verbum
1338 535 1509 582 estex
1537 524 1716 597 Patre,
1752 524 1759 525 ⁷
1828 525 2083 590 stimonii,
2114 534 2206 581 aut
2244 528 2510 609 ad'altare
2554 530 2913 599 ascendimus,
2957 534 3011 589 id
3041 524 3146 602 est,
3176 524 3402 611 quando"

173 628 266 686 hoc
289 631 365 682 est
390 621 533 675 enim
563 619 800 691 cydarim
830 635 937 675 non
966 618 1180 674 auferre
1201 634 1234 673 a
1255 619 1449 689 capite,
1471 616 1720 671 videlicet

172 734 268 777 non
282 714 477 771 nudare
496 710 817 783 intelligibili
833 712 1029 782 cydare
1046 711 1138 766 sed
1153 726 1251 766 nec
1266 709 1719 783 dispensationem

172 810 376 866 renuant
398 809 492 856 aut
514 800 904 871 blasphement.
924 799 1024 867 Qui
1051 799 1193 854 enim
1218 798 1418 855 Christi
1443 797 1721 870 dispensa-

174 899 349 953 tionem
368 891 724 960 blaspbemat,
743 889 1132 946 sacerdotalem
1152 891 1354 960 rumpit
1367 887 1578 953 stolam,
1594 888 1718 961 quia

170 1000 335 1046 omnes
376 982 594 1053 quidem
645 981 893 1037 homines
928 982 1019 1051 qui
1068 981 1124 1035 in
1149 980 1428 1036 Christum
1478 980 1721 1036 credide-

171 1084 296 1142 runt,
318 1071 484 1128 multo
512 1071 687 1142 magis
729 1079 909 1126 autem
934 1070 1266 1139 sacerdotes,
1297 1078 1424 1127 sunt
1452 1070 1543 1143 qui
1566 1068 1719 1126 Chri-

168 1177 293 1227 stum
335 1164 645 1229 induerunt,
688 1163 951 1233 siquidem
990 1163 1278 1235 quicunque
1302 1162 1357 1216 in
1389 1162 1595 1218 Christo
1629 1161 1720 1215 ba-

165 1259 326 1336 ptizati
377 1272 582 1320 sumus,
614 1253 878 1309 Christum
930 1254 1198 1308 induimus
1250 1252 1390 1325 (Cal.
1442 1253 1548 1326 ιιι).
1594 1252 1720 1309 Hmc

166 1353 359 1419 agentes
388 1341 702 1401 sacerdotes
732 1356 833 1395 nec
863 1340 1161 1395 morientu’r
1192 1355 1293 1396 nec
1317 1338 1719 1411 congregationi

165 1433 547 1509 superindicunt
571 1431 728 1486 iram.
761 1430 1181 1502 Praepositorum
1214 1431 1359 1485 enim
1386 1430 1519 1484 vitia
1547 1428 1718 1484 oﬁ'cn-

166 1526 372 1584 diculum
421 1530 550 1578 sunt
577 1520 853 1592 subjectis.
891 1520 957 1575 Et
1003 1520 1173 1578 multo
1221 1520 1394 1591 magis
1437 1519 1719 1575 doctorum

166 1616 415 1688 discipulis
444 1629 632 1671 eorum
666 1614 760 1669 ira:
786 1613 879 1668 Dei
909 1611 1048 1668 ﬁunt
1073 1613 1309 1678 occasio,
1337 1620 1556 1684 propter
1578 1611 1719 1681 quod

163 1720 209 1766 et
232 1722 437 1763 omnem
453 1705 671 1763 domum
698 1702 881 1769 Israel,
911 1719 1128 1759 omnem
1144 1703 1392 1760 videlicet
1420 1701 1717 1758 Ecclesiam

1827 616 2181 687 quodcunque
2206 616 2564 674 ministerium
2587 618 2843 677 doctrinae
2873 623 3106 707 cmlestis
3134 614 3401 701 contingi?1
3496 623 3503 629 ’

1824 722 1975 775 mus;
2024 706 2309 764 ministerii
2339 710 2483 765 enim
2532 711 2699 766 altare
2744 713 2915 783 ﬁgura
2948 705 3051 780 est,
3078 705 3402 772 tabernacu-i»

1822 795 1936 851 lum
1983 805 2162 853 autem
2206 800 2502 855 testimonii
2549 802 2815 872 signiﬁcat
2860 802 3161 859 ccelestium
3215 796 3399 862 reruni

1827 890 2295 946 contrectationes.
2347 890 2499 947 Unde
2527 899 2581 947 et
2609 890 2893 949 Timotheo
2942 888 3139 950 Paulus
3190 895 3400 952 scribe-

1824 978 1957 1035 bat:
1996 978 2126 1035 Vino
2166 980 2370 1035 modico
2395 991 2539 1036 utere
2584 993 2793 1054 prapter
2828 985 3153 1039 stomachum
3180 999 3326 1043 tuum
3353 978 3403 1047 ei

1826 1066 2116 1140 frequentes
2150 1080 2268 1124 tuas
2309 1057 2659 1140 inﬁrmitates.
2688 1072 2791 1140 Qui
2837 1080 3018 1129 autem
3057 1075 3271 1130 modico
3296 1073 3402 1129 uti-

1825 1166 1935 1225 tur,
1960 1159 2050 1214 hic
2081 1165 2321 1229 tempore
2347 1159 2635 1215 ministerii
2662 1160 2911 1218 videlicet
2938 1172 2992 1218 et
3037 1160 3294 1219 doctrinae
3332 1163 3403 1220 ab

1824 1251 1971 1306 omni
1988 1249 2280 1305 vinolentia
2296 1258 2351 1306 et
2374 1252 2637 1308 ebrietate
2659 1268 2715 1310 se
2736 1250 2986 1310 abstinet.
3014 1253 3279 1311 Similiter
3304 1270 3401 1310 an-

1827 1351 1936 1396 tem
1962 1349 2018 1396 et
2062 1342 2371 1398 sacerdotes
2401 1342 2457 1396 hi
2479 1344 2569 1414 qui
2602 1342 2819 1401 student
2865 1344 3039 1415 legem
3065 1346 3398 1423 custodiunt,

1824 1438 2046 1501 propter
2062 1433 2205 1502 quod
2234 1446 2342 1487 non
2369 1430 2542 1488 solum
2568 1434 2774 1501 Aaron,
2800 1437 2893 1491 sed
2919 1446 2974 1491 et
3005 1436 3130 1493 ﬁliis
3152 1434 3289 1509 ejus,
3313 1452 3401 1494 su-

1822 1518 2072 1577 blimiora
2096 1521 2351 1578 videlicet
2376 1524 2603 1594 adeptis,
2628 1527 2942 1581 mandatum
2963 1516 3067 1583 hoc
3104 1529 3285 1583 tradit.
3318 1528 3405 1584 Si-

1826 1614 1975 1668 milia
2004 1623 2185 1669 autem
2214 1616 2299 1671 his
2328 1624 2385 1671 et
2408 1616 2606 1672 Paulus
2626 1619 2693 1673 ad
2711 1618 2973 1688 Ephesios
2995 1620 3212 1693 scripsit
3240 1639 3251 1675 :
3287 1619 3403 1677 Νο-

1826 1701 1916 1756 lite
1948 1702 2197 1757 inebriari
2222 1705 2360 1772 vino,
2388 1708 2443 1760 in
2487 1723 2588 1777 quo
2613 1715 2687 1761 est
2715 1706 2928 1763 luxuria
2948 1749 2963 1776 ,
2993 1709 3084 1764 sed
3114 1712 3282 1781 magis
3305 1711 3408 1767 im-

163 1799 385 1870 plangere
434 1795 741 1851 incendium
783 1810 891 1865 quo
924 1794 1134 1850 incensi
1176 1804 1301 1850 sunt
1348 1809 1378 1850 a
1408 1792 1518 1849 Dco
1568 1792 1679 1848 vult
1701 1832 1716 1858 ,
1744 1793 1795 1857 B
1821 1792 2069 1864 pleamini
2088 1795 2274 1866 spiritu
2325 1794 2542 1867 (Ep/tes.
2565 1797 2621 1869 v)
2644 1815 2657 1863 ;
2684 1799 2931 1854 hebetem
2955 1799 3151 1870 quippe
3167 1801 3404 1860 ebrietas

167 1892 275 1961 quia
302 1891 555 1945 damnum
582 1887 839 1944 Ecclesia:
887 1888 1047 1944 unius
1073 1887 1299 1943 membri
1347 1895 1403 1941 et
1436 1884 1722 1956 cujuslibet

161 1995 300 2036 casus
317 1986 417 2043 est,
437 1986 640 2049 quanto
654 1979 825 2050 magis
849 1979 1127 2033 doctorum
1143 1985 1198 2032 et
1223 1976 1562 2032 sacerdotum
1590 1991 1717 2047 per-

159 2071 292 2127 ditio.
340 2069 437 2124 ﬂis
487 2069 559 2124 ita
607 2084 671 2125 se
728 2068 1051 2125 habentibus
1093 2068 1225 2124 illud
1258 2068 1427 2138 quaeri
1474 2074 1717 2137 oportet,

158 2161 401 2234 quomodo
433 2176 558 2216 cum
587 2174 686 2230 per
728 2161 1123 2232 praecedentem
1151 2159 1485 2216 sanctionem
1513 2166 1719 2230 septem

157 2251 284 2308 solos
306 2250 419 2307 dies
449 2266 556 2306 non
578 2250 763 2322 egredi
793 2251 859 2307 de
890 2250 1241 2307 tabernaculo
1268 2250 1563 2306 testimonii
1588 2265 1720 2321 prae-

156 2341 382 2411 cepisset,
404 2342 495 2396 his
513 2341 795 2412 completis
822 2340 959 2413 (haec
988 2342 1132 2397 enim
1153 2343 1208 2397 in
1235 2354 1425 2397 octava
1454 2341 1541 2396 die
1555 2356 1722 2412 agun-

154 2430 274 2503 tur),
298 2447 487 2488 rursus
517 2431 596 2486 eis
626 2430 837 2503 Moyses
862 2433 1116 2502 praecepit
1138 2431 1206 2488 de
1226 2433 1365 2488 ostio
1387 2431 1722 2487 tabernaculi

150 2536 247 2577 non
268 2522 441 2593 egredi
465 2539 478 2586 ;
510 2538 620 2577 non
649 2536 777 2591 ergo
801 2523 1077 2578 contraria
1102 2522 1206 2577 sibi
1237 2523 1431 2590 sancit,
1462 2524 1557 2579 sed
1600 2537 1720 2576 ma-

149 2611 389 2668 nifestum
413 2620 500 2668 est
544 2613 687 2683 quod
729 2614 894 2669 alium
934 2614 1022 2671 hic
1069 2615 1150 2671 eis
1180 2630 1458 2686 egressum
1488 2615 1613 2671 ostii
1642 2622 1721 2669 ta-

145 2700 413 2757 bernaculi
452 2703 743 2759 testimonii
766 2705 1024 2775 praecepit
1058 2705 1331 2761 custodire
1357 2747 1374 2773 ,
1419 2720 1545 2760 nam
1571 2704 1721 2760 addi-

147 2789 238 2857 dit,
265 2802 323 2846 ut
369 2809 477 2847 non
513 2795 845 2861 moriemini;
899 2795 1050 2866 atqui
1080 2796 1197 2851 hinc
1237 2810 1347 2851 non
1384 2794 1605 2865 scripsit
1662 2794 1719 2848 in

146 2883 532 2954 superioribus;
552 2901 680 2958 ergo
709 2887 1081 2944 additamenta
1102 2886 1544 2944 comminationis
1573 2884 1720 2940 aliud

148 2976 407 3049 quidpiam
435 2994 497 3036 se
520 2980 763 3036 sanxisse
789 2980 1134 3051 signiﬁcavit.
1158 2977 1296 3049 Quia
1327 2979 1472 3035 enim
1498 2985 1561 3033 ut
1595 2977 1721 3049 igne

145 3068 320 3127 aliena:
347 3072 611 3128 doctrinae
643 3070 933 3129 oﬂ‘erentes
959 3072 1175 3143 quidem
1212 3070 1525 3128 sacerdotes
1544 3068 1721 3140 perie-

1818 1893 2055 1941 mentem
2086 1885 2282 1951 reddit,
2311 1894 2365 1940 et
2410 1887 2757 1942 sobrietatem
2788 1889 2903 1959 ejus
2930 1889 2988 1943 in
3018 1888 3255 1944 deterius
3280 1904 3400 1945 ver-

1816 1975 1904 2042 tit,
1928 1984 1987 2030 ut
2014 1991 2124 2032 non
2152 1975 2521 2047 intelligantur
2550 1991 2668 2046 quae
2695 1991 2947 2048 aguntur.
2976 1977 3106 2046 Quae
3136 1977 3394 2033 testiﬁca-

1819 2074 1908 2122 tur
1944 2067 2110 2123 Isaias
2138 2067 2216 2123 sic
2245 2067 2466 2123 dicens:
2513 2066 2599 2123 Vw
2642 2070 2730 2140 qui
2777 2070 3090 2140 consurgitis
3119 2085 3274 2124 mane
3322 2066 3394 2124 ad

1819 2157 2117 2213 ebrietatem
2161 2157 2485 2223 sectandum,
2516 2166 2563 2210 et
2599 2158 2888 2229 potandum
2934 2176 3093 2230 usque
3139 2159 3209 2213 ad
3238 2174 3405 2229 vespe-

1818 2263 1931 2302 ram
1955 2257 2010 2301 ut
2030 2249 2146 2302 vino
2176 2248 2421 2301 restuetis.
2456 2244 2685 2316 Cythera
2714 2257 2761 2301 ει
2809 2247 2925 2317 lyra
2950 2262 2968 2300 :
2994 2259 3041 2302 et
3072 2256 3398 2318 tympanum,

1821 2344 1869 2393 et
1898 2338 2026 2391 tibia
2054 2347 2102 2391 et
2129 2336 2304 2391 vinum
2329 2338 2381 2391 in
2408 2338 2652 2392 conviviis
2674 2340 2855 2393 vestris
2876 2380 2893 2405 ,
2938 2349 2986 2394 et
3028 2356 3156 2410 Opus
3190 2337 3406 2395 Domini

1819 2447 1925 2485 non
1962 2430 2251 2501 respicitis,
2283 2447 2375 2484 nec
2428 2446 2583 2500 Opera
2622 2446 2876 2485 manuum
2919 2431 3034 2501 ejus
3064 2431 3404 2487 consideratis

1821 2523 1957 2597 (Isa.
1982 2524 2058 2596 v).
2093 2524 2195 2592 Qui
2226 2532 2404 2578 autem
2436 2539 2601 2594 opera
2628 2523 2843 2579 Domini
2876 2538 2983 2578 non
3031 2522 3237 2588 vident,
3265 2538 3404 2594 quo-

1819 2615 1979 2670 modo
2007 2615 2250 2670 dividere
2278 2616 2421 2670 inter
2462 2623 2648 2670 saneta
2677 2622 2734 2670 et
2782 2613 3032 2685 profana,
3060 2622 3154 2669 aut
3202 2613 3405 2670 munda

1820 2715 1874 2764 et
1902 2706 2198 2773 immunda,
2234 2706 2318 2761 vel
2372 2706 2637 2775 quomodo
2684 2704 2961 2760 exhortari
3000 2710 3056 2759 et
3101 2703 3407 2759 illuminare

1820 2794 2076 2868 populum
2106 2798 2173 2852 de
2220 2795 2520 2866 Scripturis
2570 2796 2829 2866 possunt?
2863 2794 3017 2851 Unde
3042 2796 3150 2850 hoc
3180 2792 3407 2849 manda-

1819 2898 1933 2945 tum
1951 2888 2234 2944 sublimius
2261 2889 2545 2943 ostendere
2570 2889 2813 2959 cupiens,
2830 2887 3006 2957 ipsum
3021 2887 3126 2943 hoc
3147 2887 3222 2940 ait
3247 2885 3399 2942 locu-

1820 2988 1935 3035 tum
1962 2978 2130 3035 fuisse
2154 2979 2467 3034 Dominum.
2501 2977 2608 3033 Sed
2636 2976 2858 3033 intende
2881 3017 2897 3044 ,
2946 2976 3404 3047 quemadmodum

1819 3072 2059 3129 locutum
2081 3082 2202 3127 esse
2228 3070 2517 3127 Dominum
2554 3068 2746 3141 Moysi,
2776 3082 2883 3124 non
2903 3078 3005 3139 per
3022 3052 3287 3140 linguam,
3309 3067 3406 3125 sed

144 3168 297 3228 runt,
339 3162 462 3219 aliis
517 3178 628 3218 non
679 3164 831 3219 exire
879 3162 1103 3234 januam
1140 3163 1381 3219 scientiae
1404 3202 1420 3229 ,
1466 3159 1718 3216 videlicet
1742 3164 1788 3233 ς
1817 3176 1915 3236 per
1963 3176 2186 3217 manum
2251 3160 2399 3217 dicit.
2466 3159 2575 3215 Aut
2625 3158 2846 3215 omnino
2905 3156 3245 3239 dignitatem.
3270 3156 3407 3229 legis

143 3249 331 3309 Christi
360 3252 674 3310 traditionis
716 3251 832 3323 ejus
872 3270 969 3325 per
994 3269 1059 3310 ea
1085 3269 1205 3325 quae
1232 3250 1374 3309 dicta
1413 3258 1539 3307 sunt
1581 3265 1719 3322 pra:-

145 3345 292 3415 cepit,
316 3346 371 3401 id
397 3353 487 3402 est
509 3362 619 3402 non
648 3347 949 3417 transgredi
973 3361 1093 3401 eam
1116 3360 1279 3417 quam
1308 3345 1423 3417 ipse
1443 3340 1722 3399 mandavit

142 3435 597 3505 pmdicationem,
613 3436 708 3492 sed
730 3436 882 3506 sequi
904 3432 1245 3491 Dominicum
1267 3441 1599 3505 praeceptum
1620 3447 1721 3504 per

92 3516 105 3529 ’
143 3528 347 3594 omnia;
390 3528 477 3584 sic
526 3527 670 3584 enim
715 3528 1083 3596 unusquisque
1125 3541 1234 3581 non
1286 3526 1570 3580 morietur.
1602 3522 1716 3579 Hoc

141 3619 507 3676 sacerdotibus
542 3621 800 3691 praecepit
844 3620 1039 3689 quibus
1068 3628 1127 3675 ut
1174 3619 1449 3690 magistris
1496 3624 1551 3671 et
1582 3631 1721 3688 prae-

142 3710 468 3769 dicatoribus
503 3712 657 3767 verbi
685 3711 1047 3766 ministerium
1068 3726 1137 3764 ex
1175 3711 1317 3764 dono
1346 3708 1579 3778 Spiritus
1605 3723 1723 3761 cre-

142 3801 297 3858 ditum
333 3812 446 3871 est,
479 3803 545 3859 de
573 3817 680 3873 quo
705 3820 850 3859 nunc
874 3802 1148 3874 legislator
1173 3801 1286 3856 ait:
1320 3796 1505 3855 Oleum
1537 3799 1724 3870 quippe

140 3904 324 3949 sancta:
349 3894 619 3947 unctionis
649 3901 723 3946 est
761 3910 916 3964 super
960 3909 1067 3947 vos.
1095 3892 1267 3962 Hujus
1307 3899 1489 3946 autem
1515 3889 1726 3944 unctio-

141 3984 211 4040 nis
234 3985 511 4038 virtutem
539 3980 772 4037 Joannes
823 3983 978 4037 nobis
1017 3980 1362 4053 Evangelista
1391 3981 1726 4035 demonstrat

140 4072 314 4130 dicens
343 4090 357 4127 :
394 4070 473 4125 Et
500 4088 592 4125 vos
622 4071 917 4125 unctionem
939 4086 1097 4142 quam
1128 4070 1398 4140 accepistis
1430 4067 1494 4122 ab
1516 4083 1576 4121 eo
1614 4084 1728 4120 ma-

142 4174 249 4220 neat
274 4167 333 4221 in
362 4164 539 4231 vobis,
568 4172 619 4218 et
642 4181 747 4218 non
782 4180 988 4218 necesse
1008 4163 1208 4218 habetis
1231 4170 1287 4215 ut
1317 4160 1511 4233 aliquis
1540 4158 1727 4213 doceat

140 4272 242 4327 vos,
269 4257 362 4312 sed
409 4256 547 4311 sicut
589 4256 764 4308 unctio
790 4254 903 4323 ejus
943 4254 1091 4307 docet
1120 4270 1207 4306 vos
1239 4252 1303 4305 de
1352 4250 1624 4315 omnibus,
1676 4258 1727 4305 et

144 4360 305 4400 verum
333 4355 502 4411 est,et
527 4351 720 4397 nonest
743 4342 1071 4396 mendacium
1095 4340 1276 4413 (Joan.
1310 4337 1391 4411 ιι).
1419 4337 1547 4393 Ηίεο
1576 4336 1725 4409 Moy-

144 4450 222 4493 ses
238 4453 336 4509 per
361 4436 629 4508 Spiritum
654 4433 1000 4505 praecepit,et
1022 4432 1262 4488 Ecclesia
1302 4431 1555 4487 custodit.
1582 4431 1724 4502 Ergo

1821 3253 2107 3311 ostendere
2142 3250 2336 3319 voluit,
2367 3249 2460 3322 qui
2513 3249 2765 3322 exposuit
2800 3247 3017 3321 quidem
3063 3263 3183 3306 eam
3227 3247 3407 3319 Deus,

1821 3345 2040 3418 scripsit
2066 3352 2248 3401 autem
2277 3343 2509 3416 Moyses,
2537 3343 2750 3415 excepit
2780 3356 2912 3400 vero
2954 3355 3101 3409 eam,
3128 3341 3240 3398 Deo
3279 3354 3402 3414 qua:

1822 3434 2083 3506 disposita
2106 3440 2233 3489 sunt
2252 3431 2499 3504 jubente.

2106 3614 2115 3621 ι
2399 3541 2629 3619 CAPUT
2680 3541 2842 3599 xvn.

1822 3634 2152 3709 Praeceptum
2177 3634 2424 3709 Domini,
2470 3635 2792 3709 quidhedere
2820 3634 3002 3690 debeat
3035 3634 3101 3689 de
3141 3632 3405 3705 sacri/icio

2264 3708 2445 3760 Aaron
2471 3704 2520 3759 et
2550 3704 2650 3773 ﬁlii
2687 3704 2822 3773 ejus,
2847 3712 2954 3760 etc.

1893 3803 2074 3893 (Imm)
2101 3818 2432 3891 Locutusque
2461 3826 2535 3872 est
2565 3816 2771 3889 Moyses
2793 3816 2863 3871 ad
2882 3816 3064 3873 Aaron
3087 3825 3135 3872 et
3157 3817 3228 3872 ad
3246 3816 3406 3873 Elea-

1825 3931 1918 3970 zar
1947 3922 2100 3983 atque
2128 3910 2391 3976 Ithamar,
2419 3908 2560 3979 ﬁlios
2598 3908 2713 3979 ejus
2740 3910 2831 3981 qui
2859 3907 3057 3964 residui
3081 3918 3250 3965 erant.
3278 3904 3405 3964 Tol-

1826 4002 1916 4058 lite
1943 4001 2264 4070 sacrificium
2285 3999 2424 4072 quod
2456 3999 2707 4053 remansit
2748 3998 2814 4053 de
2847 3998 3110 4057 oblatione
3153 3997 3402 4067 Domini,

1825 4104 1874 4153 et
1901 4094 2150 4148 comedite
2180 4091 2315 4147 illud
2342 4091 2535 4162 absque
2576 4090 2829 4162 fermento
2871 4091 3033 4162 juxta
3070 4090 3257 4157 altare,
3279 4090 3407 4164 quia

1825 4196 2065 4243 sanctum
2118 4193 2421 4240 sanctorum
2468 4192 2564 4237 est.
2623 4176 2914 4235 Comedetis
2964 4189 3141 4235 autem
3184 4183 3241 4237 in
3284 4179 3401 4238 loco

1826 4285 2005 4331 sancto
2030 4274 2169 4345 quod
2208 4273 2389 4327 datum
2414 4280 2487 4325 εει
2517 4271 2609 4326 tibi
2630 4279 2675 4325 et
2708 4269 2835 4340 ﬁliis
2875 4271 2979 4326 tuis
3022 4271 3087 4326 de
3123 4271 3407 4327 oblationi.

1826 4367 1918 4421 bus
1949 4365 2195 4431 Domini,
2242 4366 2377 4418 sicut
2402 4372 2718 4435 prteceptum
2752 4373 2848 4418 est.
2878 4361 3247 4418 Pectusculum
3270 4381 3409 4437 quo—

1824 4475 1922 4529 que
1948 4456 2087 4528 quod
2126 4455 2359 4512 oblatum
2410 4463 2485 4510 est
2530 4466 2581 4509 et
2628 4471 2834 4509 armum
2860 4454 2952 4525 qui
2974 4464 3248 4524 separatus
3294 4465 3408 4524 est,

146 4536 536 4600 consequenter
564 4525 840 4598 legislator
861 4524 1096 4580 subdidit
1121 4541 1134 4579 :
1170 4522 1275 4590 Qui
1309 4522 1543 4593 fecerunt
1560 4522 1723 4592 juxta
1746 4517 1801 4579 D
1828 4517 1991 4605 edetis
2014 4545 2202 4601 inloco
2231 4546 2601 4611 mundissimo,
2648 4554 2705 4598 tu
2729 4553 2777 4598 et
2802 4517 2904 4612 ﬁlii
2930 4517 3039 4609 tui,
3056 4560 3117 4597 ac
3146 4542 3271 4613 ﬁlia
3303 4517 3409 4601 tuas

146 4630 452 4691 praceptum
482 4616 679 4688 Moysi.

729 4684 958 4743 CAPUT
994 4684 1133 4740 XVI.

149 4758 289 4827 Quod
318 4762 510 4816 Aaron
532 4765 582 4813 et
612 4756 715 4826 ﬁlii
740 4759 856 4828 ejus
886 4772 993 4828 non
1017 4756 1187 4828 bibent
1212 4755 1390 4809 uinum
1417 4768 1537 4808 cum
1556 4752 1725 4822 ingre-

603 4825 821 4882 diuntur
840 4825 1255 4883 tabernaculum.

209 4919 381 4995 (1311).)
412 4920 568 4977 Dixit
591 4935 794 4992 quoque
815 4916 1071 4973 Dominus
1099 4916 1169 4970 ad
1198 4914 1379 4970 Aaron
1396 4928 1415 4967 :
1454 4913 1647 4971 Vinum
1672 4921 1722 4968 et

150 5027 285 5069 me
305 5014 450 5087 quod
480 5011 744 5081 inebriare
768 5017 933 5081 potest
965 5025 1069 5064 non
1098 5008 1301 5075 bibatis,
1328 5018 1387 5063 tu
1409 5017 1459 5062 et
1495 5007 1596 5077 ﬁlii
1622 5007 1721 5073 tui,

150 5106 343 5173 quando
372 5104 590 5179 intratis
617 5104 675 5157 in
727 5098 1125 5156 tabernaculum
1171 5099 1476 5165 testimonii,
1504 5115 1567 5153 ne
1606 5114 1723 5153 m0-

151 5196 348 5251 riamini
366 5211 387 5251 :
420 5197 565 5264 Quia
591 5202 906 5266 praeceptum
931 5199 1006 5247 est
1027 5191 1399 5262 sempiternum
1424 5190 1483 5244 in
1508 5207 1726 5261 genera-

154 5286 301 5344 tiones
336 5299 539 5344 vestras
561 5328 578 5355 ,
620 5295 671 5342 et
708 5296 763 5341 ut
802 5285 1037 5341 habeatis
1084 5283 1356 5341 scientiam
1398 5281 1727 5339 discernendi

155 5376 276 5434 inter
299 5389 546 5435 sanctum
568 5388 615 5433 ει
638 5378 942 5450 profanum,
970 5386 1021 5431 et
1048 5376 1184 5431 inter
1217 5373 1476 5446 pollutum
1506 5382 1553 5429 et
1576 5390 1727 5429 mun-

156 5469 287 5537 dum,
316 5473 655 5542 doceatisque
698 5469 843 5540 ﬁlios
872 5468 1046 5524 Israel
1090 5469 1266 5523 omnia
1310 5467 1541 5538 legitima
1580 5484 1723 5532 mea,

157 5577 261 5632 quas
296 5567 508 5621 locutus
541 5574 618 5620 est
642 5563 897 5618 Dominus
937 5564 1004 5619 ad
1039 5580 1126 5617 eos
1166 5579 1259 5634 per
1280 5578 1496 5617 manum
1527 5559 1725 5631 Moysi.

158 5653 256 5722 (Ec
280 5657 593 5729 Hesychia.)
625 5658 777 5715 Hanc
814 5675 980 5730 usque
1008 5676 1149 5716 nunc
1176 5660 1348 5731 legem
1377 5659 1431 5713 in
1472 5657 1730 5713 Ecclesiis

152 5739 357 5829 invenis
387 5748 673 5807 custodiri.
726 5746 910 5820 Neque
947 5750 1091 5806 enim
1143 5750 1287 5807 omni
1322 5749 1480 5806 modo
1524 5763 1559 5805 a
1602 5748 1730 5807 vino

1831 4648 2018 4692 tecum.
2054 4634 2168 4689 Tibi
2190 4636 2331 4689 enim
2358 4652 2419 4689 ac
2449 4634 2625 4689 liberis
2659 4632 2762 4686 tuis
2790 4631 3017 4703 reposita
3044 4642 3166 4688 sunt
3209 4634 3264 4689 dt
3313 4635 3410 4690 Ito-

1829 4736 1944 4790 stiis
1969 4734 2292 4789 salutaribus
2327 4729 2562 4800 ﬁliorum
2606 4727 2800 4795 Israel,
2823 4743 2884 4781 eo
2924 4728 3062 4799 quod
3105 4744 3312 4783 armum
3358 4739 3409 4786 et

1826 4833 2005 4896 pectus
2035 4831 2085 4877 et
2121 4821 2299 4899 adipes
2338 4819 2428 4892 qui
2456 4827 2756 4872 cremantur
2790 4817 2850 4871 in
2893 4815 3053 4872 altari
3093 4816 3277 4873 elevati
3302 4819 3408 4876 sint

1828 4912 2265 4979 coramDomino,
2294 4920 2343 4966 et
2368 4910 2625 4982 pertinent
2651 4909 2721 4963 ad
2747 4918 2797 4964 te
2823 4916 2872 4965 ει
2897 4909 2967 4964 ad
2991 4909 3131 4979 filios
3161 4920 3279 4966 tuos
3299 4911 3409 4985 lege

1821 5016 2068 5082 perpetua
2096 5006 2229 5059 sicut
2250 5001 2492 5074 prtecepit
2516 5001 2789 5056 Dominus.
2819 4998 2929 5074 (Ex
2943 4998 3250 5073 Hesychia.)
3271 5001 3407 5071 Quia

1822 5094 2199 5175 pectusculum
2223 5090 2605 5148 conﬁdentiam
2659 5089 3000 5145 offerentium
3032 5097 3089 5144 et
3114 5088 3277 5146 ﬁdem
3329 5090 3405 5171 si-

1825 5190 2065 5265 gniﬁcat,
2103 5198 2161 5245 et
2198 5185 2482 5243 brachium
2509 5185 2791 5255 promissa:
2839 5182 2908 5238 ab
2932 5180 3013 5239 eis
3040 5180 3406 5240 convensatio-

1827 5283 1913 5341 nis
1942 5283 2213 5337 actionem
2240 5287 2296 5335 et
2345 5278 2757 5347 correctionem,
2788 5278 2923 5333 satis
2970 5292 3001 5330 a
3035 5274 3192 5330 nobis
3220 5274 3276 5328 in
3316 5270 3405 5327 his

1828 5390 1948 5449 qua:
1977 5375 2043 5429 de
2064 5371 2332 5430 sacriﬁcio
2355 5370 2704 5445 paciﬁcorum
2732 5385 2827 5427 seu
2858 5366 3080 5427 salutari
3107 5380 3207 5437 per
3220 5370 3406 5434 partes

1828 5468 2071 5525 discussa
2095 5476 2242 5530 sunt,
2276 5463 2704 5519 demonstratum
2762 5469 2878 5527 est;
2925 5458 3019 5515 sed
3050 5454 3405 5526 quamobrem

1830 5558 2011 5613 Aaron
2040 5565 2093 5610 et
2120 5555 2240 5612 ﬁliis
2267 5554 2383 5624 ejus
2404 5570 2469 5610 ea
2496 5570 2616 5625 quae
2639 5554 2785 5610 dicta
2816 5557 2944 5606 sunt
2969 5543 3266 5617 deputavit,
3294 5544 3407 5605 illic

1830 5661 1887 5708 et
1915 5666 2100 5708 eorum
2150 5651 2293 5706 enim
2324 5651 2671 5707 distractione
2708 5645 2982 5719 legislator
3007 5639 3272 5709 exposuit.
3305 5640 3407 5699 Sa.

1833 5743 2095 5803 oriﬁcium
2125 5744 2271 5801 enim
2300 5743 2445 5815 quod
2471 5740 2730 5799 remansit
2764 5738 2830 5794 de
2871 5733 3143 5795 oblatione
3168 5733 3283 5793 sive
3326 5735 3403 5799 ab

3887 3868 3889 3925 1

3887 3948 3889 4069 1

3888 4096 3889 4163 1

3887 4198 3889 4295 1

3887 4328 3889 4399 1

3888 4432 3889 4497 1

3887 4542 3889 4603 1

3887 4634 3889 4717 1

3888 4872 3889 4927 1
