3936 6350
158 308 292 417 εό
1050 346 1559 413 Ειιιοειτιοκεε
1594 346 1667 409 1N
1692 348 1735 410 ι

1837 346 2095 423 manu.
2134 378 2209 397 ..-
2241 348 2372 409 m.
2411 351 2477 410 ιι.
2566 372 2575 383 -
3302 358 3410 416 suo

164 472 471 539 musta
494 477 618 534 sua,
640 464 696 525 id
717 472 819 531 est,
853 464 983 536 quia
1010 473 1132 537 post
1156 468 1448 525 adventum
1475 465 1803 527 Salvete-.A
1826 464 2024 535 Querit
2064 481 2185 523 eam
2220 466 2309 527 lex
2349 475 2405 524 et
2440 478 2551 525 non
2595 466 2821 527 invenit.
2852 467 3116 529 Ambusti!
3152 483 3239 531 cat
3266 472 3413 548 enim

160 565 238 629 ris
262 559 497 633 deputati
548 565 679 615 sum
700 558 1012 617 ministrare
1040 566 1099 615 ει
1112 557 1312 617 oll‘erre
1336 572 1439 628 pro
1464 557 1733 627 pteniten-
1830 552 2043 609 [crvore
2079 562 2139 611 et
2168 554 2318 615 fumo
2352 556 2681 628 iniquitatis,
2730 567 2789 616 et
2822 559 3129 633 indignatio
3158 563 3406 633 quaedam

165 657 266 724 tia.
292 662 347 713 θι
370 650 798 725 philosophiam
835 650 1004 707 vitam
1046 664 1342 722 exponere,
1372 648 1478 709 alia
1524 649 1732 707 dooeu-
1828 646 1961 717 legis
1988 656 2259 707 movetur.
2301 649 2447 709 Dicit
2469 650 2683 724 lienes
2700 652 3079 711 ueteranum
3096 654 3271 712 fuisse
3294 673 3409 728 pm—

165 756 243 811 ωε
280 744 597 817 deprehensi
624 751 754 803 sunt
778 752 841 801 et
865 742 996 799 talia
1020 743 1081 801 in
1120 744 1203 801 eis
1240 742 1498 801 Ecclesia:
1520 742 1735 799 accide-

167 846 300 907 runt,
322 845 383 895 ut
427 836 771 895 sacerdotum
812 843 871 893 et
900 834 1285 908 magistron
1340 834 1552 909 lugeret
1572 842 1636 892 et
1664 849 1734 893 ex

164 931 485 1004 blasphemia
532 929 881 991 accedentem
936 937 1200 1007 mortem,
1254 936 1405 987 recte
1447 926 1733 989 comedere

164 1027 307 1085 hodie
336 1041 440 1097 pro
474 1032 699 1096 peccato
742 1040 852 1080 non
888 1024 1085 1094 potuit,
1123 1038 1229 1081 nec
1278 1023 1579 1079 orationem
1606 1021 1734 1077 ade-

162 1129 247 1191 pta
270 1125 349 1175 est
388 1117 709 1188 paenitentia
741 1157 757 1184 ,
804 1117 932 1187 quia
958 1115 1185 1172 Domino
1230 1114 1481 1171 videlicet
1513 1112 1732 1171 Christo

165 1211 483 1283 displicebat.
508 1210 823 1267 Tractemus
847 1225 977 1281 ergo
996 1210 1173 1279 ipsum
1198 1208 1397 1265 locum.
1414 1207 1732 1265 Immotum

162 1312 263 1359 erat
314 1303 493 1359 hircus
519 1318 616 1371 pro
656 1310 866 1371 peccato
888 1340 904 1367 ,
934 1308 985 1355 et
1014 1299 1221 1357 oblatus
1260 1301 1319 1355 in
1342 1300 1729 1356 holocaustum.

163 1393 396 1462 Qumirit
423 1410 541 1449 eum
586 1406 767 1463 postea
794 1390 1000 1464 Moyses
1042 1402 1091 1449 et
1141 1395 1440 1451 combustus
1476 1404 1612 1451 erat.
1661 1390 1733 1449 Et

160 1486 313 1540 iratus
336 1494 413 1540 est
442 1484 649 1556 Moyses
674 1487 745 1541 ad
771 1486 908 1555 ﬁlios
932 1486 1113 1542 Aaron
1141 1486 1371 1543 Eleazar
1390 1498 1437 1543 et
1468 1488 1730 1555 Ithamar,

160 1580 241 1651 qui
276 1578 641 1649 superfuerant
666 1618 682 1645 ,
738 1578 916 1634 dicens
948 1593 967 1633 :
1006 1578 1187 1645 Quare
1232 1596 1338 1636 non
1372 1578 1733 1636 manducastis

161 1671 284 1743 quod
304 1685 398 1742 pro
427 1663 638 1741 peccato
667 1668 897 1725 oblatum
923 1679 997 1726 est
1022 1671 1076 1725 in
1096 1670 1211 1726 loco
1231 1672 1443 1727 sancto!
1466 1672 1732 1738 Quoniam

161 1761 349 1833 quidem
371 1769 563 1816 sancta
592 1768 893 1814 sanctorum
923 1768 1045 1815 sunt
1061 1799 1079 1827 .
1125 1762 1223 1816 hoc
1246 1762 1390 1816 vobis
1409 1761 1732 1816 manducare

1826 739 2113 798 mum
2154 742 2213 799 in
2256 742 2474 801 Sanctis
2516 756 2857 804 sanctorum.
2887 746 3216 808 Sacerdotes
3253 752 3411 822 quasi

1820 831 2115 903 segriores
2130 833 2397 906 increpat.
2437 836 2738 908 Respondit
2772 838 2956 897 Aaron
2996 839 3282 911 providum
3313 840 3409 897 (ιε-
3488 864 3493 869 ·

1828 921 1963 983 bere
2011 940 2131 982 esse
2170 924 2437 995 judicium
2480 929 2843 997 sacerdotale,
2894 947 2999 987 nec
3040 933 3205 989 facile
3246 932 3409 989 uteie

1831 1031 1981 1073 sanae
2003 1018 2350 1075 conscientiae
2372 1022 2821 1079 committendum
2838 1023 2899 1080 id
2928 1025 3192 1090 muneris,
3218 1039 3289 1079 ne
3316 1023 3414 1078 ﬁat

1830 1121 1988 1165 error
2016 1109 2254 1167 deterior
2279 1113 2482 1182 priore.
2530 1114 2667 1171 Vase
2694 1116 2843 1170 enim
2884 1112 3075 1183 fetido,
3105 1117 3193 1172 vel
3230 1116 3411 1172 oleum
3514 1104 3525 1109 ”

1831 1199 1917 1254 vel
1944 1201 2130 1256 vinum
2171 1202 2331 1258 facile
2351 1206 2721 1276 corrumpitur
2748 1221 2813 1263 ac
2850 1206 3233 1263 deterior-amr.
3272 1206 3417 1274 Quo-

1831 1293 1991 1349 modo
2016 1300 2199 1349 autem
2222 1303 2457 1365 poterat,
2504 1298 2597 1353 ubi
2622 1298 2764 1369 ignis
2802 1299 3009 1357 alienus
3049 1309 3191 1367 erat,
3216 1312 3415 1371 pecea-

1832 1394 1948 1447 tum
1973 1389 2150 1457 exuri,
2179 1398 2237 1446 et
2262 1391 2368 1446 hoc
2392 1391 2496 1447 sub
2522 1399 2819 1462 conspectu
2860 1388 3091 1457 Domini,
3122 1395 3212 1449 cui
3240 1402 3296 1449 et
3320 1400 3420 1450 oe-

1832 1477 1979 1533 culta
2007 1485 2136 1534 sunt
2166 1478 2418 1551 cognita?
2452 1478 2703 1551 Nunquid
2739 1490 2917 1553 potest
2942 1480 3162 1553 placere
3186 1483 3417 1540 Domino

1837 1576 1883 1631 si
1913 1577 2036 1646 quis
2061 1592 2185 1632 cum
2218 1578 2397 1634 adhuc
2423 1589 2673 1635 versetur
2710 1580 2767 1634 in
2810 1580 3220 1650 iniquitatibus,
3251 1588 3306 1636 et
3334 1580 3421 1635 in-

1826 1662 2093 1734 iustitiam
2118 1666 2283 1721 corde
2310 1667 2578 1723 inclusam
2618 1676 2820 1734 teneat,
2852 1668 2996 1725 dicat
3024 1685 3083 1725 se
3113 1684 3276 1741 agere
3300 1683 3423 1742 poe-

1834 1756 2161 1812 nitentiam?
2189 1756 2380 1812 Simile
2409 1767 2495 1814 est
2531 1774 2597 1815 ac
2621 1759 2668 1815 si
2693 1760 2816 1829 quis
2844 1774 2991 1831 aeger
3024 1774 3217 1816 sanum
3246 1774 3309 1817 se
3344 1760 3424 1816 si.

162 1823 365 1924 oportuit
398 1893 415 1917 ,
465 1862 523 1907 ut
549 1852 805 1922 auferetis
852 1823 1121 1922 peccatum
1143 1870 1423 1924 synagoga:
1445 1894 1461 1919 ,
1509 1864 1557 1907 et
1588 1854 1730 1908 intus
1757 1823 1808 1886 Β
1835 1846 2024 1914 mulet,
2056 1847 2231 1919 magis
2257 1849 2572 1918 mgrotabit,
2623 1823 2751 1919 quia
2780 1823 2921 1905 nihil
2940 1851 2992 1906 ei
3030 1851 3291 1921 prodesse
3320 1860 3420 1922 po-

160 1942 571 1997 mauducandum
620 1959 748 2008 esse,
776 1944 911 1997 sicut
948 1942 1077 1996 mihi
1119 1952 1431 2012 prmeeptum
1469 1951 1566 1997 est.
1595 1941 1683 1996 Ait
1710 1956 1730 1994 :
1830 1946 1944 1995 test
1968 1940 2245 1997 simulatio
2270 1940 2542 2007 sanitatis,
2568 1956 2693 1998 cum
2718 1943 2886 1998 verbo
2909 1943 3283 2008 adumhrctur,
3308 1952 3420 1998 non

162 2031 278 2087 Cum
292 2049 414 2105 ergo
436 2034 632 2087 iratum
656 2048 773 2087 eum
796 2034 1005 2088 vidisset
1024 2031 1447 2102 Aarou,placidc
1466 2032 1732 2103 respondit
1834 2029 1945 2086 nilo
1974 2030 2232 2087 iniciatur
2258 2033 2499 2088 subsidio
2527 2032 2767 2088 virtutis.
2796 2032 2944 2104 ignis
2989 2032 3171 2103 itaque
3212 2032 3422 2090 alienus

164 2122 242 2177 ei:
269 2120 328 2179 Si
373 2122 534 2177 hodie
573 2122 852 2177 obtulerint
876 2138 970 2194 pro
1020 2132 1233 2193 peccato
1286 2139 1382 2178 suo
1423 2122 1733 2178 holocausta
1835 2130 1922 2178 est
1942 2120 2132 2186 libido,
2160 2123 2299 2192 ignis
2323 2122 2534 2178 alienus
2560 2131 2644 2178 est
2677 2138 2842 2180 omne
2866 2123 3080 2196 injuste
3110 2124 3420 2180 incendium

161 2226 247 2267 sua
268 2223 448 2268 contra
476 2211 782 2277 Dominum,
813 2222 863 2268 et
912 2214 1215 2269 acciderunt
1242 2214 1374 2268 mihi
1401 2213 1730 2282 talia,mhn-
1836 2212 2170 2284 cupiditatis,
2224 2214 2365 2283 ignis
2412 2223 2501 2270 est
2545 2215 2724 2270 omnis
2775 2215 2939 2271 ardor
2989 2215 3252 2272 avaritiae.
3307 2214 3424 2272 Hoc

160 2302 344 2358 ducabo
362 2303 508 2376 quod
552 2321 649 2374 pro
678 2314 888 2376 peccato
911 2305 1066 2360 hodie
1108 2304 1438 2370 obtulerunt,
1496 2307 1732 2378 nunquid

156 2390 360 2463 placebit
391 2393 664 2449 Domino?
702 2390 773 2449 Et
796 2394 999 2450 audivit
1027 2394 1268 2466 Moyses,
1315 2406 1363 2451 et
1401 2396 1598 2467 placuit
1626 2396 1730 2452 illi.

154 2480 287 2551 Quid
328 2486 436 2541 ista
477 2485 784 2557 signiﬁcent
836 2486 1266 2543 considere-mus.
1312 2485 1461 2543 Nihil
1508 2501 1735 2558 peccare

152 2575 313 2632 solius
350 2584 438 2634 est
479 2576 597 2643 Dei,
625 2578 916 2634 emendare
965 2579 1225 2649 sapientis
1256 2587 1344 2635 est
1377 2587 1432 2635 et
1459 2581 1736 2652 corrigere

156 2676 414 2736 erratum,
462 2677 523 2725 et
546 2670 920 2740 paenitentiam
955 2686 1145 2743 gerere
1174 2673 1384 2743 peccati
1408 2687 1427 2728 :
1448 2674 1506 2729 id
1550 2676 1735 2730 tamen

152 2765 239 2815 est
295 2757 509 2817 dillicile
558 2759 615 2816 in
680 2761 785 2817 hac
845 2761 954 2817 vita
1020 2762 1324 2821 hominum.
1376 2764 1519 2832 Quid
1586 2767 1734 2823 enim

156 2856 263 2907 tam
326 2864 515 2906 rarum
566 2866 734 2922 quam
794 2859 856 2908 ut
927 2853 1173 2911 invenias
1234 2856 1415 2912 virum
1484 2859 1579 2927 qui
1642 2872 1733 2913 se-

154 2941 611 3015 lpsumoeurgnat
652 2940 949 2999 etinctum
992 2944 1320 3003 condemnet
1355 2948 1546 3003 suum?
1591 2948 1737 3003 Rara

158 3030 327 3103 itaque
366 3033 642 3090 confessio
666 3036 733 3091 de
773 3044 1016 3107 peccato,
1056 3052 1183 3093 rara
1209 3038 1557 3109 poenitentia,
1609 3054 1736 3097 rara

1834 2304 1946 2375 igni
1967 2319 2129 2361 nemo
2144 2304 2458 2369 mundatur,
2481 2305 2579 2361 sed
2606 2304 2873 2362 exuritur.

1905 2396 2040 2452 Nam
2056 2397 2151 2451 ubi
2170 2396 2275 2452 iste
2300 2396 2442 2467 ignis
2469 2397 2680 2453 alienus
2700 2406 2806 2464 est,
2829 2397 2875 2453 si
2903 2398 3025 2468 quis
3051 2397 3106 2453 in
3128 2388 3424 2469 conspectu
3474 2408 3480 2415 '

1836 2501 1897 2543 se
1919 2485 2115 2542 oli‘erat
2142 2486 2381 2554 Domini,
2410 2488 2552 2559 ignis
2576 2502 2700 2544 eum
2733 2488 2971 2545 caelestis
2997 2490 3254 2556 absumit,
3283 2488 3427 2545 sicut

1833 2580 1978 2637 Abiu
2004 2590 2059 2637 et
2094 2580 2304 2647 Nadab,
2331 2596 2472 2653 quos
2513 2583 2723 2638 exussit
2764 2582 2907 2655 ignis
2932 2583 3190 2649 cmlestis,
3222 2582 3429 2654 pariter

1836 2688 1962 2730 cum
1988 2674 2076 2730 bis
2099 2688 2220 2745 quae
2244 2688 2349 2744 pro
2368 2683 2594 2746 peccato
2624 2675 2798 2731 sacris
2838 2674 3057 2731 fuerant
3081 2675 3262 2731 oblata
3290 2668 3427 2731 alta-

1836 2765 2009 2822 ribus.
2065 2766 2168 2833 Qui
2222 2781 2353 2839 ergo
2392 2767 2513 2822 vult
2562 2766 2826 2822 mundare
2886 2776 3169 2838 peccatum
3219 2780 3379 2823 suum
3404 2805 3423 2833 ,

1836 2857 2017 2929 ignem
2054 2873 2087 2914 a
2122 2874 2183 2915 se
2218 2868 2495 2916 removeat
2519 2860 2774 2926 alienum,
2806 2858 2890 2914 illi
2921 2858 3020 2914 soli
3042 2858 3153 2931 igni
3187 2874 3244 2915 se
3287 2856 3423 2914 otio-

1826 2959 1940 3014 ‘rat,
1972 2948 2067 3021 qui
2106 2951 2323 3021 culpam
2364 2966 2475 3007 non
2517 2952 2793 3007 hominem
2835 2950 3037 3005 exurit.
3078 2950 3183 3017 Qui
3217 2951 3288 3005 sit
3322 2946 3426 3006 istc

1834 3040 2001 3113 ignis,
2029 3042 2155 3097 audi
2183 3042 2454 3099 dicentem
2483 3059 2499 3096 :
2530 3042 2670 3109 Quia
2692 3040 2848 3098 Iesus
2876 3042 3104 3114 baptizat
3131 3060 3188 3098 ιη
3218 3040 3425 3112 Spiritu

160 3120 208 3176 in
256 3122 568 3181 hominibus
621 3125 767 3182 verbi
807 3123 925 3194 ejus
968 3127 1218 3183 assertio.
1256 3124 1545 3201 Repugnat
1589 3132 1734 3189 enim
1763 3184 1808 3210 Α
1838 3143 2021 3190 saneto
2078 3144 2126 3189 et
2168 3136 2289 3205 igne
2332 3134 2528 3210 (Joau.
2554 3132 2626 3206 ι).
2662 3132 2762 3191 ilic
2796 3142 2881 3190 est
2906 3135 3048 3206 ignis
3070 3135 3161 3207 qui
3204 3120 3429 3191 siccavit

158 3221 359 3284 natura,
394 3223 669 3288 repugnat
704 3219 1033 3275 verecundia
1065 3238 1078 3275 :
1104 3184 1499 3293 natura,‘qt‘iia
1542 3236 1734 3281 omnes
1761 3184 1808 3252 Ο
1836 3240 2141 3285 εωσΐοιιεεε
2180 3184 2281 3298 per
2310 3184 2789 3283 duodecim/annos
2818 3184 3137 3296 sanguinein
3155 3216 3427 3301 proﬂuen-

156 3306 249 3362 sub
268 3316 519 3378 peccato,
544 3318 601 3366 et
618 3310 717 3381 qui
740 3322 963 3370 carnem
978 3313 1119 3385 gerit
1139 3313 1311 3380 culpa:
1328 3318 1602 3376 obnoxius
1627 3325 1734 3388 est,

158 3411 276 3470 ergo
320 3410 593 3473 repugnat
638 3411 831 3459 natura
886 3406 1069 3461 carnis
1105 3414 1161 3462 et
1206 3404 1466 3465 iiiecebra
1516 3408 1731 3479 saeculi;

158 3490 471 3550 mnoceutia:
506 3493 913 3567 integritatique
958 3506 1224 3570 repugnat
1257 3501 1425 3556 etiam
1465 3514 1732 3559 verecun-

160 3583 261 3652 dis,
296 3587 421 3657 quia
460 3588 735 3644 erubescit
778 3591 1153 3661 unusquisque
1190 3594 1474 3663 propriam
1521 3595 1735 3665 culpam

154 3673 325 3744 Meri,
367 3680 504 3736 dum
547 3680 837 3749 prasentia
872 3683 1049 3753 magis
1091 3696 1255 3754 quam
1286 3684 1464 3740 futura
1508 3688 1730 3756 cogitat.

160 3760 411 3827 Studebat
462 3778 644 3829 autem
696 3768 908 3843 Moyses
959 3775 1170 3846 peccati
1214 3790 1446 3833 vacuam
1499 3779 1738 3850 reperire

160 3860 413 3928 animam,
440 3870 505 3917 ut
531 3863 755 3919 exuvias
776 3864 982 3921 erroris
995 3866 1309 3936 deponeret,
1323 3876 1377 3924 et
1398 3870 1543 3925 nuda
1563 3870 1737 3940 culpae

156 3949 259 4007 Siue
298 3951 425 4009 ullo
468 3953 551 4007 sui
586 3954 795 4022 pudore
836 3954 1172 4023 discederet;
1219 3960 1315 4014 sed
1354 3972 1462 4015 non
1507 3962 1733 4027 invenit,

154 4041 270 4112 quia
296 4041 417 4098 cite
444 4041 683 4112 impetus
702 4044 1099 4103 irrationabilis
1119 4051 1403 4118 praevenit,
1433 4059 1491 4108 et
1520 4030 1738 4109 ﬂamma

154 4134 395 4204 7qtucdam
425 4131 703 4190 celerrimi
718 4142 906 4192 motus
933 4137 1175 4194 animam
1215 4140 1541 4213 depascitur,
1575 4155 1740 4215 atque

156 4225 467 4299 mritejus
492 4224 883 4283 innocentiam.
903 4220 1336 4300 Praeponderant
1359 4234 1509 4290 enim
1538 4234 1739 4294 tuturis

156 4317 456 4386 praesentia,
492 4317 806 4375 etviolenta
848 4318 1166 4390 moderatis,
1204 4329 1261 4378 et
1284 4322 1442 4395 plura
1465 4324 1739 4397 pauciori-

162 4405 271 4475 bus,
297 4416 355 4467 et
370 4407 618 4479 jucunda
646 4408 829 4477 seriis,
857 4418 913 4466 et
938 4411 1150 4483 asperis
1174 4413 1379 4481 mollia,
1407 4423 1463 4472 et
1490 4416 1737 4475 tristibus

1836 3326 1981 3383 tum;
2012 3318 2105 3374 hic
2128 3325 2217 3373 est
2240 3318 2332 3388 qui
2360 3324 2641 3388 peccatum
2660 3314 2875 3372 Zacheei
2908 3315 3132 3372 abstulit
3156 3312 3387 3372 dicentis
3410 3332 3423 3369 :

1834 3406 1976 3480 quod
1998 3406 2283 3465 dimidium
2312 3409 2566 3464 bonorum
2594 3422 2812 3464 suorum
2840 3405 2988 3461 daret
3012 3404 3347 3478 pauperibus,
3377 3414 3425 3460 et

1834 3500 1884 3555 si
1909 3500 1996 3554 cui
2021 3498 2310 3571 quidquam
2341 3498 2573 3563 abstulit,
2610 3494 2845 3553 redderet
2882 3494 3237 3569 quadruplum
3268 3482 3423 3568 (Luc.

1832 3589 1989 3660 nix).
2030 3586 2139 3645 Hic
2178 3596 2264 3645 est
2312 3586 2458 3659 ignis
2486 3587 2580 3659 qui
2626 3587 2885 3642 abstersit
2921 3586 3133 3657 culpam
3172 3582 3423 3640 latronis.

1832 3680 1980 3753 Ignis
2014 3680 2167 3737 'enim
2210 3694 2539 3738 consumens
2582 3688 2684 3745 est,
2719 3679 2812 3750 qui
2839 3678 2977 3735 dixit
3009 3678 3079 3745 ei,
3112 3672 3287 3733 Hodie
3316 3693 3429 3753 me-

1832 3750 1958 3829 trum
1983 3770 2087 3827 eris
2113 3772 2169 3826 in
2182 3771 2439 3843 paradiso
2458 3768 2608 3843 (Luc.
2640 3769 2821 3839 XXIII).
2850 3768 2978 3825 Illos
3007 3770 3191 3839 itaque
3212 3750 3428 3824 sanavit

1826 3866 1893 3922 in
1914 3865 2112 3936 quibus
2140 3863 2442 3933 simplicem
2464 3868 2519 3917 et
2546 3872 2744 3933 puram
2773 3860 2978 3930 reperit
3001 3854 3423 3927 confessionem,

1830 3955 1975 4011 nihil
2002 3953 2326 4025 malignum,
2358 3951 2495 4007 nihil
2516 3948 2947 4007 fraudulentum.
2980 3946 3229 4021 Denique
3254 3942 3422 4009 Iudas

1840 4045 1909 4102 ad
1951 4042 2252 4100 remedium
2292 4042 2585 4114 pervenire
2627 4052 2734 4097 non
2787 4040 2964 4111 potuit
3009 4056 3133 4096 cum
3177 4034 3421 4097 diceret:

1840 4130 2239 4205 Peccavi,un
2283 4132 2593 4188 tradiderim
2630 4131 2940 4202 sanguinem
2961 4130 3172 4201 justum
3204 4124 3421 4201 (Matth.

1838 4224 2035 4299 mu),
2065 4225 2189 4295 quia
2218 4224 2454 4280 alienum
2480 4223 2661 4295 ignem
2687 4220 2937 4278 volvebat
2962 4221 3019 4276 in
3051 4228 3273 4292 pectere
3298 4236 3420 4287 suo,

1837 4318 1932 4390 qui
1970 4330 2100 4372 etim
2138 4312 2494 4370 inﬂammavit
2540 4312 2609 4370 ad
2648 4312 2928 4385 laqueum.
2972 4311 3230 4385 indignus
3274 4314 3426 4368 enim

1836 4407 2081 4464 remedio
2118 4405 2252 4471 “luit,
2308 4406 2436 4476 quia
2484 4420 2593 4461 non
2640 4402 2836 4460 intimo
2884 4403 3086 4458 mentis
3130 4414 3427 4457 conversus

164 4494 303 4570 ista,
358 4510 419 4560 et
462 4499 785 4559 illecebrosa
840 4502 1191 4576 rigidioribns
1218 4548 1234 4572 ,
1284 4516 1342 4564 et
1386 4522 1734 4582 praepropera
1760 4545 1815 4607 Β
1840 4497 2101 4569 ingemuit
2126 4505 2182 4553 et
2210 4496 2400 4553 sedulo
2424 4495 2591 4607 gess'it
2610 4490 3035 4599 paenitentiam.
3062 4488 3250 4607 {antae
3278 4491 3426 4547 enim

162 4592 503 4652 tardioribus.
544 4593 889 4651 Veioxcnim
935 4603 1019 4652 est
1063 4596 1325 4668 iniquitas
1360 4615 1492 4671 quas
1538 4603 1606 4657 ad
1635 4617 1736 4659 no-

167 4686 378 4745 cendum
400 4687 725 4746 occasiones
748 4687 1010 4759 suggerit.
1038 4686 1183 4754 Quia
1211 4689 1407 4747 veloces
1439 4693 1596 4764 pedes
1621 4696 1738 4767 ejus

168 4776 228 4831 ad
272 4778 653 4850 minuendum
721 4778 1047 4849 sanguinem.
1106 4778 1280 4835 Lenta
1329 4790 1511 4839 autem
1566 4785 1740 4844 virtus

170 4873 331 4931 oculis
369 4884 427 4933 et
463 4874 726 4935 diuturna
777 4876 1086 4932 cunctati-ix
1142 4875 1496 4946 antejudicat,
1540 4886 1596 4935 et
1646 4872 1740 4936 ad-

172 4965 376 5024 orieuda
398 4968 595 5041 incipit
625 4986 639 5024 :
673 4969 750 5024 ita
785 4982 940 5024 mens
956 4968 1087 5024 boni
1117 4969 1446 5040 speculatrix
1482 4971 1739 5027 censio-

174 5064 281 5112 tum
305 5075 531 5119 suorum
556 5066 660 5128 est,
707 5058 969 5132 priusque
996 5059 1274 5114 examinat
1314 5060 1445 5131 quid
1482 5060 1739 5118 decorum

176 5152 321 5216 atque
360 5149 675 5209 honestum.
732 5146 997 5219 iniquitas
1037 5160 1167 5204 vero
1213 5162 1378 5219 opere
1426 5150 1739 5221 cogitationi

177 5240 467 5297 antevertit.
496 5239 661 5312 Pigra
682 5239 848 5311 igitur
880 5246 936 5295 ct
966 5238 1266 5295 verecunda
1297 5247 1380 5294 est
1397 5241 1738 5310 poenitentia,

178 5327 291 5395 quia
307 5329 575 5402 premitur
595 5338 651 5387 et
672 5337 958 5387 revocatur
976 5327 1325 5401 prtesentium
1346 5328 1571 5399 pudore.
1596 5328 1739 5386 Solis

179 5419 307 5476 enim
351 5422 589 5478 intendit
631 5420 853 5489 futuris,
900 5410 1131 5492 quorum
1173 5435 1299 5492 spes
1344 5434 1491 5488 sera,
1537 5420 1744 5479 tardior

180 5502 368 5569 fructus
385 5554 399 5579 ,
436 5523 494 5569 et
519 5514 642 5572 ideo
665 5514 858 5586 petitio
887 5514 1006 5586 ipsa
1040 5514 1268 5571 tardior.
1303 5513 1453 5571 Inter
1478 5515 1599 5572 haec
1626 5520 1743 5588 spei

180 5611 229 5659 et
253 5607 789 5675 virtutis,molimina,
831 5608 1125 5681 praecurrit
1156 5608 1507 5680 impudentia,
1536 5618 1597 5666 et
1623 5625 1745 5683 spe-

183 5692 257 5749 cie
287 5697 633 5766 puesentium
664 5698 981 5769 ptenitentia
1017 5697 1340 5765 excluditur,
1381 5708 1436 5755 et
1480 5708 1744 5772 tanquam

186 5788 415 5851 exuritur
436 5786 663 5851 allectus
677 5789 815 5860 ejus,
842 5796 900 5848 et
914 5787 1227 5861 huiusmodi
1246 5789 1491 5850 aboletur
1513 5791 1739 5863 invitus;

1837 4593 2059 4664 pietatis
2094 4600 2181 4649 est
2212 4591 2479 4647 Dominus
2528 4588 2707 4655 Iesus,
2732 4596 2795 4641 ut
2837 4594 2893 4642 et
2938 4584 3041 4657 ipsi
3079 4586 3307 4664 donaret
3336 4599 3428 4641 ve-

1838 4662 2006 4753 niam,
2060 4684 2107 4739 si
2132 4682 2334 4738 Christi
2380 4686 2752 4751 exspectasset
2786 4662 3239 4734 misericordiam.
3276 4674 3428 4733 Hanc

1839 4790 1973 4848 ergo
1994 4775 2210 4845 culpam
2240 4773 2553 4829 sacerdotes
2578 4786 2689 4826 non
2718 4768 3003 4836 auferunt,
3034 4782 3209 4840 neque
3236 4782 3429 4840 pecca-

1843 4878 1959 4926 tum
1992 4869 2111 4939 ejus
2132 4866 2225 4937 qui
2250 4866 2306 4920 in
2330 4863 2454 4920 dolo
2484 4878 2544 4920 se
2573 4860 2733 4919 oﬂ'ert
2756 4870 2810 4919 et
2837 4860 3014 4918 adhuc
3039 4862 3095 4918 in
3121 4858 3302 4919 studio
3329 4862 3428 4918 de-

1838 4958 2121 5031 linquendi
2169 4965 2272 5012 est.
2336 4954 2460 5011 Non
2505 4956 2651 5010 enim
2700 4962 2931 5026 possunt
2973 4954 3184 5026 epulari
3232 4954 3289 5009 in
3339 4969 3426 5021 eo,

1843 5050 1989 5124 quod
2022 5050 2243 5122 plenum
2288 5042 2494 5103 fraudis
2518 5054 2573 5102 et
2600 5046 2867 5118 serpentis
2902 5045 3132 5102 interius
3158 5044 3430 5103 cicatricis

1840 5150 1948 5200 est.
1974 5141 2141 5199 Cibus
2170 5140 2316 5197 enim
2339 5137 2638 5195 sacerdotis
2664 5144 2750 5195 est
2777 5138 2830 5194 in
2859 5145 3208 5209 peccatorum
3236 5136 3430 5192 remis-

1840 5235 2011 5293 sione.
2044 5235 2202 5291 Unde
2246 5232 2325 5288 ait
2362 5229 2627 5304 Princeps
2666 5231 3050 5287 sacerdotum:
3084 5228 3234 5284 Meus
3282 5224 3429 5279 cibus

1840 5336 1917 5383 est
1947 5334 2007 5380 ut
2035 5325 2227 5396 faciam
2260 5322 2579 5379 uoluntatem
2601 5318 2782 5377 Patris
2802 5320 2928 5388 mei,
2956 5320 3048 5394 qui
3075 5321 3131 5374 in
3158 5314 3299 5373 cazlis
3327 5322 3427 5372 est.

1845 5419 1977 5488 Qua?»
1996 5424 2079 5474 est
2106 5414 2357 5471 voluntas
2389 5415 2627 5483 Dei,uisi
2652 5428 2759 5471 ea:
2788 5413 2923 5471 Cum
2954 5422 3244 5470 conversus
3278 5405 3426 5478 inge-

1844 5506 2230 5575 mueris,°tunc
2254 5507 2436 5564 salvus
2464 5509 2594 5565 eris.
2634 5507 2695 5563 In
2722 5506 2816 5563 illo
2842 5519 2973 5578 ergo
3010 5496 3243 5560 subdolo
3273 5497 3426 5556 cibus

1844 5606 2025 5663 nullus
2056 5613 2169 5670 est;
2222 5605 2454 5675 denique
2492 5619 2593 5660 nec
2638 5604 2757 5673 ipse
2801 5597 3050 5672 epulandi
3102 5593 3425 5652 suavitatem

1845 5715 2039 5770 capere
2064 5706 2267 5770 potest,
2298 5698 2353 5754 in
2377 5714 2484 5770 quo
2520 5714 2630 5754 non
2656 5696 2869 5751 sincera
2898 5698 2952 5747 et
2980 5702 3118 5763 pura
3146 5686 3429 5745 conscien-

1845 5791 1921 5849 tia
1953 5799 2055 5849 est.
2097 5788 2419 5846 Amaritudo
2447 5789 2595 5845 enim
2638 5782 2845 5842 fraudis
2884 5778 3140 5856 epulandi
3186 5779 3429 5841 suavita-
