3892 6344
490 319 591 379 551

1127 319 1187 372 Β.
1232 319 1487 378 RABANI
1526 318 1742 376 MAURI
1779 312 2097 379 ARCHIEP.
2138 309 2448 370 MOGUNT.
2488 309 2772 367 OPERUM
2809 308 2987 364 PARS
3025 309 3066 364 l.

3585 270 3591 274 ’
3634 314 3730 370 352

480 439 591 487 tem
615 428 851 494 obducit,
885 443 985 484 nec
1018 431 1279 500 permittit
1321 434 1462 488 mala
1490 430 1819 487 conscientia
1849 436 1910 482 ut
1934 428 2057 482 reﬁ-
2085 429 2138 493 Α
2160 427 2286 496 quia
2337 441 2446 481 non
2493 425 2595 480 fuit
2633 425 2842 479 sincera
2876 423 3074 490 hostia,
3116 430 3341 479 exustus
3379 431 3482 489 est,
3532 428 3659 496 quia
3682 431 3728 486 in

479 523 589 579 ciat
632 529 687 576 et
722 529 911 591 pascat
950 520 1243 577 obnoxium
1274 526 1513 579 animum
1555 522 1891 595 poenitentia.
1931 520 2057 575 ldeo

479 628 607 685 ergo
642 610 762 666 talis
784 608 1026 677 affectus,
1065 612 1185 667 talis
1212 614 1423 684 petitio,
1454 614 1577 669 talis
1602 612 1916 687 pmoitentia
1947 627 2056 665 non

481 690 567 759 est
596 706 716 756 usui
759 709 851 755 aut
877 701 1138 772 voluptati
1171 705 1572 773 sacerdotibus,
1606 694 1908 774 meritoque
1944 703 2057 758 hir-

481 810 576 854 cus
605 793 694 849 ille
719 796 810 865 qui
838 811 938 867 pro
964 806 1185 866 peccato
1211 798 1423 855 oblatus
1452 808 1535 854 est
1559 799 1613 853 in
1652 797 2048 862 holocaustum,

2162 516 2277 586 ejus
2324 516 2592 571 sacriﬁcio
2639 516 2776 585 ignis
2821 514 3027 568 alienus
3073 521 3320 583 repertus
3366 524 3470 571 est.
3508 514 3631 573 Non
3659 528 3729 577 est

2161 600 2345 680 itaque
2397 608 2774 678 complacitum
2805 617 2860 663 et
2906 615 3185 677 acceptum
3233 607 3566 663 sacriﬁcium
3612 610 3725 678 Deo,

2162 717 2271 757 non
2293 708 2374 756 cst
2403 707 2684 769 acceptum
2706 741 2720 764 ,
2761 699 2865 754 nisi
2894 699 3037 767 quod
3061 695 3225 753 fuerit
3254 698 3307 752 in
3335 696 3544 754 divitiis
3574 701 3728 759 since-

2163 790 2342 848 ritatis
2371 799 2426 847 et
2452 790 2698 846 veritatis
2719 790 3029 860 probatum.

487 935 3719 962 MM

1690 1070 1985 1151 LIBER
2057 1066 2535 1146 TERTIUS.

993 1338 1221 1398 CAPUT
1259 1340 1548 1398 PRIMUM.

483 1404 562 1481 De
608 1427 922 1485 animalibus
975 1448 1093 1502 qua:
1131 1434 1330 1504 comedi
1382 1434 1586 1500 debent,
1630 1442 1817 1504 etquw
1862 1432 2060 1488 munda

484 1518 487 1521 ·
1007 1519 1097 1555 seu
1130 1503 1401 1558 immunda
1444 1505 1568 1561 sint.

551 1608 764 1682 (stn'.
782 1613 881 1685 x1.)
900 1614 1123 1670 Locutus
1142 1627 1215 1671 est
1231 1617 1485 1673 Dominus
1502 1618 1571 1672 ad
1589 1616 1804 1689 Moysen
1818 1627 1867 1672 et
1883 1616 2059 1672 Aaron

2032 1371 2036 1376 -
2123 1302 2134 1314 .
2167 1353 2271 1411 que
2304 1336 2485 1409 populi
2514 1344 2597 1392 est
2628 1333 2979 1405 iustiﬁcatio;
3024 1333 3171 1403 loqui
3213 1333 3360 1390 enim
3401 1332 3535 1390 ﬁliis
3565 1328 3725 1404 lsrael,

2166 1429 2313 1483 omni
2338 1426 2588 1483 videlicet
2608 1427 2829 1496 populo,
2854 1424 3132 1496 praecepit.
3163 1425 3303 1492 Quid
3332 1434 3522 1481 autem
3547 1441 3726 1496 prme-

2164 1519 2247 1592 pit
2288 1519 2469 1591 loqui?
2506 1518 2637 1574 Ha’c
2671 1528 2791 1572 sunt
2821 1517 3077 1572 animalia
3104 1534 3223 1588 qum
3254 1518 3533 1572 comedere
3561 1519 3726 1573 debetis

2166 1613 2230 1666 de
2253 1612 2450 1666 cunctis
2483 1610 2835 1664 animantibus
2865 1619 3037 1663 terrw.
3086 1608 3444 1678 Nequaquam
3484 1608 3727 1664 autemtle

477 1703 876 1759 dicens:Dicite
895 1706 1022 1775 ﬁliis
1055 1706 1403 1762 Israel:lla’c
1425 1718 1543 1763 sunt
1565 1709 1819 1762 animalia
1838 1725 1952 1780 qua:
1980 1724 2062 1761 co-
2087 1722 2135 1780 B
2165 1704 2532 1759 animantibus
2560 1711 2717 1756 terra:
2742 1702 2962 1764 diceret,
3012 1698 3117 1754 nisi
3140 1698 3505 1753 intentionem
3535 1699 3727 1754 habent

475 1795 681 1869 medere
713 1796 908 1852 debetis
946 1798 1010 1852 de
1039 1801 1237 1854 cunctis
1275 1801 1628 1854 animantibus
1668 1811 1821 1855 teme
1853 1818 1866 1853 :
1901 1799 2066 1855 Omne

477 1884 614 1956 quod
650 1884 802 1940 habet
831 1886 1055 1942 divisam
1081 1888 1331 1960 ungulam
1359 1901 1406 1943 et
1446 1893 1674 1946 ruminat
1705 1892 1759 1945 in
1795 1892 2064 1962 pecoribus

477 1975 757 2030 comedetis
789 1990 807 2028 :
836 1977 1091 2051 quidquid
1132 1977 1306 2035 autem
1334 1982 1563 2036 ruminat
1583 1984 1813 2054 quidem,
1837 1992 1883 2037 et
1912 1983 2064 2037 habet

482 2062 737 2134 ungulam
777 2066 867 2120 sed
912 2085 1015 2121 non
1045 2069 1225 2124 dividit
1268 2088 1401 2137 eam,
1447 2073 1579 2125 sicut
1620 2072 1847 2127 camelus
1890 2083 1940 2128 et
1966 2090 2065 2128 cce—

477 2163 615 2221 tera,
667 2174 771 2215 non
814 2162 1089 2217 comedetis
1113 2163 1244 2216 illud
1272 2173 1320 2218 et
1361 2165 1498 2218 inter
1532 2167 1803 2223 immunda
1849 2178 2064 2239 reputa-

482 2241 620 2298 bitis.
648 2243 972 2318 Cyrogrillus
998 2252 1088 2321 qui
1115 2253 1366 2317 ruminat,
1402 2252 1750 2327 ungulamque
1790 2274 1894 2310 non
1932 2257 2064 2311 divi-

480 2334 580 2401 dit,
608 2337 908 2395 immundus
946 2353 1040 2397 est.
1080 2343 1250 2414 Lepus
1283 2362 1505 2417 quoque,
1536 2364 1657 2401 nam
1686 2358 1732 2402 et
1756 2349 1863 2419 ipse
1895 2350 2061 2404 rumi-

486 2435 598 2493 nat,
624 2429 713 2481 sed
740 2431 992 2502 ungulam
1022 2452 1127 2489 non
1152 2435 1356 2489 dividit.
1383 2437 1453 2491 Et
1487 2455 1597 2505 sus,
1619 2440 1708 2509 qui
1738 2457 1856 2493 cum
1888 2456 2061 2510 ungu-

485 2515 593 2571 lam
648 2521 886 2589 dividat,
934 2543 1039 2580 non
1088 2529 1337 2581 ruminat.
1400 2528 1607 2583 Horum
1664 2531 1911 2585 carnibus
1961 2549 2065 2586 non

483 2609 780 2678 vescemini,
813 2631 915 2669 non
955 2616 1210 2672 cadavera
1251 2620 1580 2690 contingetis,
1621 2622 1746 2692 quia
1792 2624 2065 2678 immunda

480 2710 600 2754 sunt
648 2702 811 2758 vobis.
860 2704 984 2776 (Ea:
1028 2707 1355 2780 Hesychia.)
1406 2711 1533 2768 Haec
1569 2713 1636 2768 de
1683 2715 1878 2784 quibus
1920 2733 2061 2773 nunc

481 2804 660 2847 sermo
682 2803 763 2848 est
793 2806 848 2851 et
873 2797 989 2867 ipsa
1027 2800 1204 2855 divina
1239 2802 1451 2873 eloquia
1485 2806 1778 2861 maximam
1814 2808 2065 2864 videntur

480 2877 682 2938 habere
730 2889 1191 2947 contrarietatem.
1256 2893 1359 2963 Qui
1411 2896 1558 2950 enim
1606 2900 1673 2952 ad
1723 2898 1836 2955 Noe
1884 2900 2059 2956 dixit:

483 2968 649 3028 Onme
683 2978 822 3047 quod
869 2992 1101 3037 movetur
1128 2993 1177 3039 et
1202 2985 1342 3050 vivit,
1386 2988 1484 3041 erit
1515 2987 1655 3043 vobis
1696 2991 1752 3044 in
1778 2992 1971 3060 cibum,
2012 3002 2063 3048 et

2170 1796 2238 1851 ab
2264 1793 2589 1849 animalibus
2608 1792 2922 1847 coelestibus
2950 1788 3335 1861 distinguendi.
3370 1788 3452 1843 lbi
3483 1789 3625 1843 enim
3644 1788 3728 1843 leo-

2168 1886 2255 1941 nis
2277 1900 2396 1940 esse
2435 1884 2663 1948 vultum,
2707 1891 2761 1937 et
2786 1882 2961 1947 vituli,
3005 1889 3059 1936 el.
3084 1881 3297 1950 aquilas,
3337 1881 3479 1936 sicut
3511 1889 3569 1935 et
3586 1880 3727 1935 homi-

2167 1980 2272 2045 nis,
2302 1978 2429 2033 dum
2459 1974 2712 2031 Ezechiel
2745 1972 2898 2046 (Cap.
2923 1972 2964 2045 ι)
2989 1971 3242 2027 animalia
3272 1971 3547 2026 cherubin
3573 1969 3725 2033 tradit,

2168 2072 2411 2134 edocuit;
2443 2084 2571 2140 ergo
2600 2069 2656 2123 in
2686 2065 3000 2123 coelestibus
3027 2063 3355 2120 animalibus
3381 2062 3628 2117 custodia
3657 2066 3729 2115 aut

2168 2162 2271 2218 alia
2317 2161 2803 2231 circumspectione
2838 2175 2947 2214 non
2986 2171 3206 2228 egemus
3254 2163 3317 2209 ut
3362 2168 3728 2225 cognoscamus

2167 2269 2286 2324 quae
2326 2233 2436 2308 sint
2470 2252 2672 2307 munda
2697 2291 2712 2317 ,
2754 2251 2935 2305 omnia
2975 2249 3121 2305 enim
3170 2244 3430 2302 similiter
3468 2245 3662 2301 munda
3687 2250 3730 2299 et

2169 2353 2357 2401 sancta
2382 2352 2530 2409 sunt,
2563 2343 2702 2398 sicut
2734 2348 2925 2397 sancto
2953 2341 3083 2407 Deo,
3113 2348 3170 2395 et
3202 2355 3267 2396 ea
3292 2354 3414 2410 quae
3442 2339 3500 2393 in
3531 2334 3730 2392 circuitu

2166 2436 2285 2508 ejus
2324 2445 2451 2492 sunt
2496 2435 2768 2507 signiﬁcat
2814 2435 3066 2490 astantia.
3108 2432 3294 2489 Terrae
3330 2446 3467 2487 vero
3507 2425 3728 2484 animalia

2166 2543 2273 2583 non
2308 2528 2492 2582 omnia
2521 2534 2646 2581 sunt
2688 2527 2905 2589 munda,
2942 2540 3050 2579 non
3087 2532 3308 2593 propter
3347 2531 3623 2584 naturam,
3652 2515 3730 2573 sed

2167 2627 2389 2690 propter
2417 2626 2660 2675 nostrum
2692 2632 3000 2679 excessum,
3035 2623 3091 2669 et
3124 2615 3252 2685 quia
3282 2630 3381 2685 per
3411 2613 3729 2684 iniquitatem

2167 2722 2421 2766 naturam
2448 2709 2878 2780 depravavimus.
2922 2706 3031 2763 Sed
3065 2707 3527 2778 quemadmodum
3550 2704 3726 2761 mundi-

2168 2804 2303 2858 tiam
2335 2818 2524 2859 eorum
2564 2817 2956 2874 cognoscamus
2988 2800 3074 2856 vel
3116 2798 3546 2865 immunditiam,
3577 2813 3637 2853 ex
3660 2795 3729 2853 his

2168 2911 2289 2967 qua:
2339 2903 2639 2969 sequuntur
2680 2893 2998 2949 intuendum
3046 2901 3170 2949 est:
3205 2891 3371 2948 Omne
3416 2894 3565 2963 quod
3604 2891 3729 2945 habet

2168 2986 2389 3041 divisam
2410 2984 2663 3057 ungulam
2688 2992 2736 3038 et
2765 2985 2999 3039 ruminat
3026 2986 3083 3039 in
3115 2983 3410 3055 pecoribus,
3454 2980 3729 3038 comedetis.

480 3067 632 3134 quasi
665 3066 808 3123 olera
846 3072 1066 3127 virentia
1109 3076 1306 3129 tradidi
1350 3079 1492 3133 vobis
1539 3082 1740 3147 omnia,
1788 3084 2060 3153 quomodo

2172 3074 2501 3130 Animalium
2544 3076 2781 3131 maxima
2814 3075 2991 3130 virtus
3026 3074 3079 3129 in
3115 3074 3386 3144 unguibus
3429 3089 3561 3130 esse
3588 3071 3733 3129 credi-

481 3172 629 3212 nunc
674 3160 919 3228 quaedam
965 3165 1177 3220 comedi
1215 3167 1279 3222 de
1318 3167 1402 3224 his
1442 3186 1563 3241 quae
1599 3171 1752 3241 prius
1803 3188 2065 3231 concessa

482 3253 609 3299 sunt
663 3248 980 3316 prohibuit?
1030 3257 1301 3323 quomodo
1352 3258 1516 3314 etiam
1570 3263 1786 3330 quando
1833 3262 2070 3321 faciebat

488 3334 696 3393 bestias
724 3345 884 3395 terrae
928 3345 1222 3399 secundum
1254 3363 1424 3419 genus
1457 3365 1611 3405 suum
1632 3393 1647 3418 ,
1678 3361 1732 3408 et
1759 3368 1980 3425 pecora,
2015 3365 2073 3414 et

484 3428 719 3497 rcptilia,
753 3431 956 3487 dictum
987 3442 1070 3490 est
1101 3454 1113 3489 :
1139 3435 1207 3489 Et
1238 3439 1362 3493 vidit
1395 3438 1539 3495 Deus
1562 3444 1703 3513 quod
1735 3456 1904 3502 essent
1933 3446 2073 3504 bona

490 3517 643 3591 (Gen.
674 3522 747 3593 1);
776 3534 830 3579 et
860 3542 1072 3595 rursus,
1102 3530 1328 3604 viditque
1346 3532 1490 3589 Deus
1521 3546 1707 3593 cuncta
1730 3556 1848 3611 qua:
1875 3541 2002 3612 fecit
2022 3550 2073 3597 et

484 3626 600 3665 ecce
630 3611 765 3668 bona
800 3615 968 3672 valde.
1016 3618 1332 3678 Nullatenus
1372 3634 1552 3681 autem
1596 3628 1796 3684 bonum
1833 3630 2071 3688 maxime

488 3708 543 3755 et
570 3701 726 3759 valde
768 3706 869 3761 hoc
899 3709 1041 3778 quod
1076 3710 1409 3770 immundum
1440 3725 1524 3772 est
1549 3732 1668 3774 esse
1697 3728 1900 3791 potest,
1927 3738 2073 3778 nunc

489 3803 669 3849 autem
714 3805 971 3871 tanquam
998 3803 1197 3861 oblitus
1225 3822 1387 3876 quam
1423 3807 1491 3863 de
1520 3810 1598 3865 eis
1624 3812 1927 3882 protulerat
1951 3830 2076 3870 sen-

486 3885 732 3952 tentiam,
768 3891 1013 3958 quaedam
1049 3894 1267 3962 quidem
1310 3896 1623 3952 animalium
1660 3902 1881 3968 munda,
1930 3917 2077 3973 qua:-

488 3972 612 4027 dam
664 3977 800 4032 dixit
854 3981 1152 4038 immunda.
1206 3982 1348 4057 Ergo
1395 3988 1643 4059 quaedam
1693 4000 1858 4047 erunt
1910 3972 2074 4060 bena,

488 4065 733 4133 quasdam
783 4085 889 4124 non
937 4071 1097 4128 bona.
1137 4074 1243 4130 Sed
1273 4093 1380 4132 non
1416 4087 1501 4134 est
1528 4081 1626 4147 ita,
1652 4097 1779 4136 nam
1824 4090 1881 4138 et
1923 4083 1970 4137 si
2009 4086 2077 4139 ad

491 4153 764 4208 modicum
797 4161 1064 4230 castigare
1105 4162 1413 4221 Judteorum
1465 4171 1902 4241 gastrimargiam
1931 4173 2079 4228 vole-

490 4242 604 4309 bat,
644 4252 822 4300 tamen
850 4264 979 4307 vera
1024 4250 1159 4322 legis
1182 4256 1546 4313 consideratio
1581 4262 1864 4317 manifesta
1898 4272 1984 4317 est
2025 4273 2078 4320 et

492 4333 751 4401 spiritalis
775 4348 1166 4409 princeptorum
1199 4346 1485 4414 expositio,
1532 4348 1827 4418 qualesque
1865 4360 2077 4421 oportet

2170 3171 2281 3231 tur,
2309 3180 2430 3235 qua:
2459 3165 2625 3220 etiam
2667 3166 3043 3237 cognationem
3075 3165 3280 3221 habent
3313 3180 3439 3220 cum
3488 3165 3730 3228 deutilms,

2168 3258 2431 3328 unguium
2466 3255 2731 3327 siquidem
2755 3266 2840 3314 est
2881 3273 2944 3314 ea
2982 3257 3290 3327 discerpere
3310 3272 3434 3327 quae
3481 3266 3604 3328 apta
3639 3255 3733 3310 esui

2169 3362 2269 3418 per
2314 3348 2504 3403 dentes
2550 3346 2708 3402 ﬁunt.
2756 3346 2883 3419 (Ea:
2937 3346 3269 3421 Hesychia.)
3317 3345 3570 3402 Primum
3612 3344 3735 3401 enim

2173 3436 2450 3492 sciendum
2495 3443 2602 3503 est,
2646 3436 2911 3509 quidquid
2935 3453 2966 3491 a
2994 3436 3106 3492 Deo
3147 3437 3457 3493 institutum
3496 3447 3581 3494 est
3606 3449 3739 3492 mun-

2175 3531 2302 3585 dum
2331 3545 2471 3595 esse,
2501 3541 2557 3587 et
2582 3532 2637 3586 in
2660 3532 2774 3602 ipsa
2803 3531 3158 3588 institutionis
3186 3532 3518 3588 auctoritate
3560 3543 3735 3604 purga-

2175 3627 2309 3673 tum.
2357 3619 2496 3686 Quid
2544 3636 2674 3692 ergo
2723 3622 2841 3677 est?
2892 3621 2946 3676 in
2994 3621 3319 3677 animalibus
3361 3621 3536 3693 igitur
3584 3632 3741 3675 mores

2173 3711 2472 3784 pinguntur
2516 3713 2756 3779 humani,
2784 3722 2841 3769 et
2881 3722 3053 3779 actus,
3084 3722 3139 3769 et
3163 3714 3497 3781 voluntates,
3542 3730 3607 3770 ex
3640 3711 3743 3782 qui-

2175 3801 2277 3857 bus
2328 3802 2428 3872 ipsi
2479 3802 2615 3857 ﬁunt
2664 3803 2850 3858 mundi
2895 3804 2983 3860 vel
3053 3804 3338 3859 immundi.
3398 3804 3531 3861 Haec
3583 3805 3742 3874 itaque

2176 3892 2379 3949 munda
2407 3908 2528 3949 csse
2555 3893 2686 3949 dicit
2717 3908 2731 3948 :
2760 3893 2946 3961 Omne,
2972 3894 3164 3965 inquit,
3187 3896 3328 3967 quod
3360 3897 3521 3949 habet
3544 3896 3740 3950 divisam

2176 3982 2429 4055 ungulam
2450 3992 2498 4038 et
2522 3986 2750 4038 ruminat
2770 3986 2825 4038 in
2848 3985 3139 4055 pecoribus,
3154 3985 3451 4040 comedetis.
3470 3985 3622 4061 Quod
3640 3997 3747 4040 cum

2178 4076 2404 4143 diceret,
2435 4092 2543 4132 non
2567 4092 2766 4148 pecora
2806 4077 2900 4132 sed
2940 4093 3122 4133 mores
3161 4079 3444 4134 hominum
3486 4078 3744 4133 discerne-

2177 4165 2291 4219 bat.
2322 4165 2566 4235 Denique
2596 4162 2650 4221 hi
2680 4167 2930 4224 homines
2971 4168 3157 4223 mundi
3188 4177 3315 4223 sunt
3345 4168 3440 4240 qui
3466 4168 3747 4228 ruminant,

2179 4255 2269 4326 qui
2294 4255 2349 4309 in
2376 4271 2471 4311 ore
2494 4271 2708 4327 semper
2738 4266 2959 4328 portant
2985 4258 3141 4328 quasi
3175 4258 3354 4313 cibum
3381 4266 3651 4328 praecepta
3677 4254 3747 4309 di-

2177 4347 2322 4414 vina,
2370 4349 2426 4402 hi
2455 4358 2509 4403 et
2532 4350 2790 4420 ungulam
2824 4348 3062 4417 ﬁndunt,
3095 4351 3221 4421 quia
3255 4352 3362 4405 duo
3391 4349 3746 4410 Testamenta,

491 4442 609 4482 esse
639 4429 744 4503 legi
771 4432 1007 4487 studium
1036 4434 1227 4491 dantes
1261 4437 1487 4492 docendi
1525 4439 1880 4495 intentionem
1908 4440 2071 4511 legis-
2098 4433 2153 4492 D
2178 4441 2337 4512 chis
2380 4449 2434 4497 et
2471 4442 2908 4513 Evangeliorum,
2948 4444 3255 4510 credentes,
3297 4458 3356 4499 se
3382 4444 3547 4501 ﬁrmo
3582 4454 3750 4515 gressu

489 4516 628 4573 lator
648 4521 828 4576 habet.
862 4523 917 4577 Si
948 4524 1092 4578 enim
1128 4542 1232 4579 non
1261 4528 1315 4581 in
1341 4526 1453 4581 solo
1477 4546 1612 4600 pane
1637 4530 1758 4584 vivit
1780 4531 1954 4597 homo,
1985 4533 2074 4587 sed

490 4608 547 4661 in
571 4612 713 4663 omni
750 4613 897 4666 verbo
926 4615 1067 4686 quod
1090 4617 1325 4687 procedit
1357 4617 1422 4672 de
1455 4636 1544 4674 ore
1574 4619 1674 4675 Dei
1707 4619 1931 4692 (Matth.
1974 4622 2072 4696 IV),

492 4698 634 4752 sicut
681 4702 837 4770 panis
890 4706 1279 4764 nutrimentum
1323 4711 1600 4780 corporis,
1647 4712 1727 4767 sic
1768 4720 1822 4769 et
1858 4712 1944 4767 lex
1974 4712 2073 4769 Dei

492 4789 883 4848 nutrimentum
932 4806 1016 4851 est
1048 4799 1265 4867 animae,
1303 4808 1363 4855 ut
1401 4811 1525 4873 pote
1549 4802 1854 4858 .rationalis
1906 4804 2073 4859 ratio-

491 4879 602 4933 nali
630 4880 803 4937 virtus
826 4892 880 4938 et
900 4886 1220 4943 substantia.
1252 4891 1321 4945 Et
1351 4891 1490 4947 sicut
1514 4892 1569 4947 in
1597 4893 1967 4962 superioribus
2004 4909 2071 4948 ex

491 4968 577 5024 his
625 4987 743 5043 qua:
791 4974 1158 5044 immolantur,
1191 4981 1387 5049 ﬁgurat
1429 4999 1524 5039 eos
1570 4985 1664 5053 qui
1700 4983 1949 5047 oﬁ‘erunt,
1978 5000 2075 5054 per

491 5076 647 5117 ovem
691 5065 1004 5135 signiﬁcans
1045 5069 1369 5140 simplicem,
1414 5090 1511 5145 per
1536 5074 1764 5128 vitulum
1796 5074 2077 5131 mandato-

496 5168 617 5208 rum
644 5165 1006 5224 operatorem,
1037 5174 1135 5230 per
1174 5162 1386 5220 haedum
1408 5181 1540 5221 vero
1574 5165 1924 5236 poenitentem
1950 5183 1963 5231 ;
1998 5167 2077 5221 sic

493 5246 660 5302 etiam
708 5264 854 5313 nunc
891 5250 1161 5319 signiﬁcat
1191 5269 1290 5325 per
1324 5257 1578 5315 animalia
1618 5275 1711 5316 eos
1750 5261 1842 5331 qui
1868 5261 1946 5317 eis
1982 5276 2075 5317 ve-

492 5352 736 5410 scuntur;
762 5344 838 5399 ait
866 5345 1011 5400 enim
1038 5347 1151 5402 sic:

563 5436 791 5493 Locutus
822 5448 897 5494 est
920 5439 1177 5496 Dominus
1209 5442 1277 5496 ad
1307 5442 1524 5514 Moysen
1550 5454 1597 5500 et
1638 5444 1815 5499 Aaron
1848 5446 2026 5501 dicens
2054 5461 2072 5501 :

492 5524 665 5584 Dicite
703 5531 828 5600 ﬁliis
871 5531 1087 5586 Israel:
1120 5532 1248 5587 Ha’c
1284 5545 1403 5588 sunt
1442 5535 1695 5589 animalia
1743 5555 1859 5608 qua:
1905 5555 2075 5591 come—

496 5622 617 5675 dere
646 5624 837 5679 debetis
860 5626 923 5678 de
950 5629 1148 5681 cunctis
1179 5630 1535 5682 animantibus
1566 5640 1734 5683 terrtr.
1761 5630 2075 5685 Communis

499 5726 586 5776 est
611 5718 696 5775 lex
732 5735 746 5775 :
778 5723 1091 5777 mandatum
1128 5724 1228 5779 hoc
1268 5724 1334 5781 ad
1362 5740 1549 5780 omnes
1585 5726 1838 5796 pertinet,
1876 5724 2072 5781 totius-

2179 4534 2502 4590 innocentize
2522 4536 2857 4607 justitiaeque
2892 4544 3154 4593 statuunt.
3199 4536 3331 4592 item
3372 4534 3551 4611 Judaei
3598 4534 3747 4591 rumi-

2179 4634 2313 4679 nant
2332 4626 2551 4696 quidem
2573 4628 2735 4681 verba
2767 4627 2947 4699 Legis,
2980 4630 3074 4683 sed
3102 4627 3358 4699 ungulam
3387 4644 3496 4682 non
3535 4626 3750 4684 ﬁndunt,

2179 4716 2285 4771 hoc
2310 4725 2414 4784 est,
2441 4718 2582 4787 quod
2612 4733 2711 4773 nec
2745 4720 2851 4774 duo
2877 4719 3226 4775 Testamenta
3262 4721 3554 4791 recipiunt,
3586 4732 3683 4773 nec
3706 4717 3749 4769 in

2177 4805 2399 4862 Patrem
2421 4816 2475 4863 et
2516 4808 2712 4863 Filium
2748 4807 2871 4864 ﬁdei
2914 4824 3025 4864 suae
3054 4825 3301 4880 gressum
3334 4817 3608 4873 statuunt,
3645 4819 3753 4876 pro-

2179 4905 2363 4968 pterea
2401 4897 2662 4953 immundi
2706 4898 2997 4955 habentur.
3051 4899 3301 4955 Hzeretici
3346 4915 3601 4969 quoque,
3643 4896 3754 4950 licet

2180 4987 2434 5057 ungulam
2468 4987 2695 5055 ﬁndant,
2734 4988 2785 5042 in
2814 4988 3031 5043 Patrem
3064 4996 3119 5044 et
3145 4988 3343 5044 Filium
3375 4988 3684 5049 credentes,
3710 4990 3757 5037 et

2179 5076 2286 5130 duo
2313 5076 2659 5132 Testamenta
2686 5078 3030 5148 recipientes,
3062 5078 3157 5133 sed
3182 5078 3307 5148 quia
3338 5076 3646 5132 doctrinam
3672 5087 3755 5125 ve-

2179 5168 2355 5223 ritatis
2378 5168 2433 5222 in
2455 5184 2548 5223 ore
2586 5184 2692 5223 non
2730 5169 3026 5233 ruminant,
3058 5168 3415 5224 nihilominus
3448 5175 3504 5223 et
3532 5166 3638 5237 ipsi
3666 5164 3759 5217 im-

2177 5256 2363 5312 mundi
2390 5266 2534 5313 sunt.
2567 5258 2865 5330 Quidquid,
2917 5261 3024 5325 ait,
3064 5259 3290 5313 ruminat
3320 5269 3367 5312 et
3398 5257 3556 5324 habet
3598 5268 3758 5325 ungit--

2178 5347 2304 5416 lam,
2350 5352 2441 5406 sed
2481 5369 2585 5405 non
2607 5351 2789 5405 dividit
2828 5368 2965 5419 eam,
3006 5353 3141 5406 sicut
3187 5350 3439 5415 camclus,
3483 5360 3621 5415 etc.,
3665 5360 3761 5401 non

2178 5442 2453 5497 comedetis
2483 5443 2642 5509 illud,
2672 5443 2761 5497 sed
2798 5444 2936 5498 inter
2982 5443 3254 5497 immunda
3292 5442 3623 5513 reputabitis.
3669 5437 3762 5494 Ca-

2177 5534 2348 5588 melus
2391 5540 2473 5589 est
2523 5533 2738 5589 Jttdatus
2784 5543 2997 5589 tumens
3038 5551 3136 5604 per
3184 5534 3519 5604 superbiam,
3578 5530 3761 5602 quales

2180 5628 2383 5684 Scriba:
2407 5636 2531 5682 sunt
2555 5637 2607 5682 et
2635 5628 2919 5693 Pharisaei,
2947 5630 3012 5682 ad
3053 5645 3188 5697 quos
3217 5618 3433 5682 diccbat
3458 5626 3758 5681 Dominus:

2177 5719 2458 5791 Liquantes
2489 5718 2725 5789 culicem,
2758 5720 3013 5777 camelum
3039 5730 3214 5776 autem
3241 5718 3518 5792 glutienles
3543 5714 3760 5791 (Matth.
