3892 6344
143 372 242 427 553

1039 320 1535 425 EXl’OSlTIONES
1572 367 1639 423 ΙΝ
1678 364 2073 427 LEVITICUM.
2113 403 2182 413 —
2216 373 2344 428 LIB.
2383 373 2467 430 ΙΙΙ.

3284 386 3390 443 554

146 482 317 555 mn).
354 483 498 559 Ergo
530 481 733 539 Seribre
758 489 812 537 et
843 481 1099 555 Pharisaei
1139 484 1472 537 ruminantes
1521 498 1703 538 come-
1732 484 1784 545 Α
1809 492 1915 536 tam
1951 485 2006 537 in
2041 487 2175 539 mari
2224 506 2380 558 quam
2432 490 2485 542 in
2527 464 2857 561 ﬂuminibus,
2887 502 2933 547 et
2962 494 3185 566 stagnis,
3217 492 3391 555 come?

144 580 288 644 dunt,
311 577 438 649 quia
468 578 521 631 in
541 576 677 647 legis
703 577 895 632 litterae
924 577 1223 648 gloriantur
1251 576 1620 641 meditatione,
1654 585 1712 630 et

144 669 195 723 in
226 665 373 722 cultu
414 666 623 721 sabbati
643 706 657 730 ,
686 665 1186 737 puriﬁcationisque
1210 674 1265 721 et
1292 664 1706 732 sacriﬁciorum,

144 760 470 828 dierumque
494 757 749 812 similium
772 774 787 823 ;
832 758 1080 829 ungulam
1107 767 1285 813 autem
1306 772 1412 811 non
1443 755 1705 824 dividunt,

142 868 199 907 ea
234 866 353 921 qua:
395 853 467 905 ab
505 851 586 906 eis
639 851 1011 917 comeduntur,
1060 867 1237 921 neque
1283 850 1597 905 discernunt
1640 849 1709 904 ab

144 944 326 1014 spiritu
373 942 635 1009 litteram,
683 952 738 998 et
783 952 1064 1014 propterea
1110 957 1296 998 eorum
1336 942 1563 998 scientia
1608 941 1710 995 im-

142 1032 330 1087 munda
361 1039 468 1088 est.
495 1032 654 1087 Tales
681 1039 806 1087 sunt
834 1040 888 1087 et
918 1031 1010 1102 qui
1037 1031 1276 1101 leporem
1314 1032 1623 1095 comedunt,
1653 1036 1709 1087 et“

144 1123 226 1194 qui
254 1122 664 1194 chirogrillum;
696 1123 971 1178 ruminant
994 1123 1139 1178 enim
1162 1130 1217 1177 et
1243 1122 1379 1192 ipsa,
1419 1123 1513 1177 sed
1534 1136 1707 1193 ungu-

141 1214 240 1268 lam
282 1228 394 1268 non
436 1212 702 1268 dividunt.
744 1213 804 1268 In
847 1212 1092 1284 p0pulari
1139 1222 1319 1269 autem
1368 1212 1709 1283 multitudine

140 1302 439 1363 Judzorum
467 1311 758 1373 utrumque
805 1302 1087 1373 accipitur,
1132 1301 1330 1357 debilia
1364 1302 1560 1372 quippe
1588 1316 1711 1357 esse

142 1395 386 1451 animalia
414 1397 533 1452 haec
559 1397 833 1463 dicuntur,
868 1405 1100 1452 testante
1137 1395 1303 1450 David
1333 1402 1389 1449 et
1418 1393 1711 1450 Salomone

142 1497 487 1560 utrorumque
512 1487 825 1544 animalium
854 1486 1180 1542 debilitates.
1212 1484 1469 1539 Salomon
1492 1483 1713 1554 quidem

138 1595 252 1635 cum
288 1579 370 1634 ait
406 1597 422 1633 :
451 1578 774 1651 Lepusculus
812 1577 954 1648 plebs
992 1575 1227 1631 invalida
1266 1575 1441 1645 posuit
1479 1575 1537 1627 in
1565 1584 1714 1644 petra

136 1667 293 1724 cubile
318 1670 425 1725 sibi
448 1669 628 1743 (Prov.
655 1670 784 1741 xxx)
808 1686 825 1736 ;
857 1669 1030 1723 David
1054 1681 1186 1722 vero
1220 1682 1233 1718 :
1263 1664 1427 1720 Petra
1455 1663 1712 1735 refugium

134 1760 372 1815 erinaciis
433 1762 539 1816 sive
602 1758 924 1832 chirogrillis
985 1757 1188 1829 (Psal.
1241 1757 1421 1828 cm);
1481 1771 1711 1827 quorum

1810 574 1976 639 detis;
2003 576 2255 646 quidquid
2294 588 2467 632 autem
2509 580 2754 650 pinnulas
2792 591 2841 635 et
2886 601 3133 654 squamas
3165 604 3267 640 non
3289 588 3389 643 lia-

1810 664 1890 719 bet
1914 683 2089 719 eorum
2111 684 2227 737 qua:
2263 668 2317 719 in
2347 668 2498 738 aquis
2546 679 2818 723 moventur
2858 682 2906 725 et
2946 674 3118 727 vivunt
3143 716 3157 740 ,
3187 675 3390 732 abomi-

1809 758 1980 813 nabile
2007 760 2146 815 vobis
2190 771 2239 816 et
2287 763 2663 819 exsecrandum
2707 768 2827 835 erit,
2858 785 3048 823 carnes
3078 788 3257 827 eorum
3286 789 3391 830 non

1809 851 2103 917 comedetis,
2135 860 2183 906 et
2210 854 2487 909 morticina
2519 856 2769 925 vitabilis,
2816 869 3001 913 cuncta
3030 879 3147 932 qum
3170 879 3273 917 non
3293 865 3391 919 lia-

1810 938 1929 994 bent
1957 941 2201 1011 pinnulas
2240 953 2290 997 et
2335 960 2578 1015 squamas
2611 948 2689 1001 -in
2737 952 2906 1021 aquis,
2959 952 3161 1023 polluta
3211 964 3386 1013 erunt.

1806 1029 1889 1085 Ex
1914 1046 1980 1086 eo
2005 1034 2148 1102 quod
2191 1049 2303 1089 non
2322 1043 2507 1105 aperte
2541 1037 2721 1093 divina
2754 1039 3037 1110 Scriptura
3071 1060 3270 1115 genera
3307 1049 3391 1118 pi-

1807 1121 1982 1177 scium
2021 1124 2270 1192 exposuit
2298 1140 2328 1177 a
2353 1125 2549 1195 quibus
2588 1126 2847 1185 abstineri
2886 1132 3021 1197 vult,
3054 1135 3386 1204 superﬂuum

1807 1221 1890 1270 est
1925 1214 2045 1269 haec
2074 1214 2130 1269 in
2178 1216 2435 1285 praesenti
2482 1231 2747 1286 quaerere,
2801 1236 3067 1291 nusquam
3108 1225 3252 1279 enim
3300 1226 3385 1296 pi-

1809 1306 1981 1360 scium
2006 1306 2060 1360 in
2083 1320 2148 1361 ea
2178 1305 2515 1362 inveniemus
2545 1308 2826 1365 vocabula.
2861 1308 3219 1382 Semetipsam
3256 1329 3386 1385 ergo

1811 1395 1868 1449 in
1890 1396 1995 1449 hoc
2022 1396 2185 1450 etiam
2230 1396 2473 1452 imitatur
2522 1395 2642 1452 loco
2687 1396 2962 1471 (Rarum).
3004 1402 3389 1465 Verumtamen

1814 1483 1943 1538 illud
1972 1500 2116 1539 nunc
2157 1486 2335 1540 notari
2378 1494 2596 1555 oportet
2644 1487 2772 1558 quia
2828 1490 3279 1559 quemadmodum
3332 1480 3390 1548 in

1812 1576 2124 1646 spontaneis
2160 1576 2462 1642 sacriﬁciis,
2499 1593 2621 1647 quae
2650 1586 2706 1633 et
2745 1579 2887 1634 dona
2915 1579 3191 1651 legislator
3219 1582 3393 1654 appel-

1810 1667 1964 1734 lavit,
1989 1668 2279 1738 aliquando
2309 1668 2527 1740 quidem
2566 1679 2881 1739 operatores
2922 1671 3080 1744 legis,
3102 1672 3395 1744 aliquando

1810 1766 1992 1813 autem
2031 1758 2342 1827 simplices,
2396 1758 2687 1827 aliquando
2732 1775 2865 1816 vero
2912 1763 3390 1834 contemplatores,

130 1867 290 1909 unum
312 1860 405 1909 est
426 1852 586 1909 velox
619 1861 676 1906 et
716 1851 965 1907 timidum
992 1864 1115 1904 cum
1148 1847 1482 1913 inﬁrmitate,
1521 1845 1575 1900 id
1599 1853 1702 1913 est,
1733 1847 1780 1906 B
1806 1847 2286 1918 per.oblationum
2331 1848 2656 1919 signiﬁcavit
2696 1850 2915 1917 modos,
2965 1851 3252 1922 aliquando
3298 1868 3396 1911 eos

128 1941 304 2011 lepus;
360 1941 513 1995 aliud
560 1947 741 1995 autem
792 1940 967 1995 debile
996 1939 1230 2008 quidem,
1284 1937 1378 1993 sed
1436 1950 1606 2007 rapax
1654 1945 1712 1991 et

123 2032 357 2087 bestiale
402 2039 567 2101 atque
590 2030 928 2086 mortiferum
956 2029 1162 2093 dicunt,
1198 2029 1253 2084 id
1281 2037 1386 2095 est,
1421 2027 1711 2099 ehirogril-

126 2123 203 2178 lus
230 2140 247 2178 :
278 2124 431 2193 quod
471 2124 615 2177 omni
639 2122 853 2193 quidem
882 2123 1110 2190 plebeio,
1137 2124 1373 2180 maxime
1407 2133 1588 2179 autem
1615 2123 1711 2179 Ju-

131 2215 365 2269 dzeorum
386 2213 533 2269 inest
559 2213 777 2284 populo.
810 2212 887 2268 De
908 2215 1103 2284 quibus
1137 2215 1274 2269 dixit
1294 2214 1463 2271 David
1499 2233 1513 2269 :
1550 2215 1706 2271 Velo-

135 2320 208 2358 ces
234 2303 387 2374 pedes
413 2318 594 2357 eorum
636 2303 705 2356 ad
744 2303 1123 2371 e/l‘undendum
1172 2305 1479 2374 sanguinem
1511 2302 1705 2376 (Psal.

138 2392 269 2464 xui).
309 2392 586 2460 Quantum
631 2401 811 2448 autem
840 2393 1011 2448 timidi
1038 2401 1094 2448 et
1124 2394 1325 2448 inﬁrmi
1364 2394 1461 2449 ﬁlii
1494 2393 1707 2450 Iudaeo-

140 2498 248 2537 rum
277 2484 408 2548 sint,
435 2498 541 2539 vox
562 2484 741 2541 divina
769 2485 1009 2540 ostendit
1036 2500 1159 2539 cum
1198 2485 1327 2539 dicit
1353 2504 1367 2538 :
1412 2483 1498 2539 Va:
1526 2485 1700 2539 cordi-

141 2573 222 2628 bus
248 2573 465 2643 trepidis
498 2584 546 2627 et
581 2575 822 2629 manibus
858 2576 1109 2630 remissis.
1159 2576 1369 2643 Quanta
1407 2583 1587 2631 autem
1626 2576 1709 2631 in-

138 2662 325 2733 iustitia
355 2674 409 2721 et
443 2665 641 2721 feritas
664 2668 806 2737 apud
832 2683 927 2724 eos
955 2676 1095 2735 erat,
1143 2669 1268 2723 audi
1296 2667 1490 2723 Isaiam
1524 2668 1709 2723 dicen-

139 2763 271 2813 tem:
305 2756 585 2822 Quomodo
639 2758 780 2827 facta
828 2768 901 2812 est
956 2760 1203 2813 meretrix-
1259 2760 1443 2813 civitas
1495 2757 1705 2827 ﬁdelis,

140 2845 274 2917 plena
309 2847 515 2917 judicii
537 2848 561 2901 ?
599 2847 817 2902 Iustitia
857 2848 1107 2903 habitavit
1149 2848 1203 2902 in
1246 2866 1331 2915 ea,
1372 2864 1509 2902 nunc
1534 2856 1707 2901 autem

139 2939 389 2995 homicidio
414 2938 565 3012 (Iaa.
592 2940 656 3013 ι).
692 2941 822 2996 Post
844 2942 945 2996 hos
983 2956 1135 2996 suem
1165 2940 1296 2996 dicit
1324 2955 1444 2995 esse
1473 2938 1708 2994 immun-

141 3030 270 3099 dum,
292 3032 413 3102 quia
438 3031 647 3087 dividit
665 3031 919 3102 ungulam
946 3040 1002 3087 et
1020 3048 1129 3087 non
1162 3032 1412 3086 ruminat.
1459 3029 1558 3097 Qui
1580 3045 1708 3102 ergo

138 3120 234 3179 sint
255 3124 341 3192 qui
366 3122 704 3179 aemulentur
728 3139 790 3178 ac
818 3130 1104 3193 propterea
1136 3123 1286 3178 illum
1318 3121 1603 3178 comedere
1632 3114 1707 3177 di-

1808 1938 1900 2008 qui
1929 1937 2208 1993 salvantur
2246 1954 2314 1993 ex
2350 1939 2622 2009 gentibus,
2670 1938 2866 2009 quibus
2894 1948 2949 1995 et
2998 1941 3266 1997 sacriﬁcia
3323 1942 3391 1999 de

1809 2029 1986 2085 simila
2015 2036 2072 2083 ut
2101 2030 2437 2100 simplicibus
2467 2030 2774 2100 deputavit;
2803 2031 2945 2100 quod
2964 2032 3204 2086 ostendit
3230 2048 3299 2086 ex
3326 2044 3393 2088 eo

1812 2120 1956 2190 quod
1988 2121 2120 2176 dicit
2152 2141 2165 2174 :
2196 2118 2254 2174 Si
2278 2121 2456 2174 anima
2493 2119 2735 2174 obtulerit
2782 2120 2977 2174 donum
3002 2120 3248 2186 Domino,
3284 2137 3395 2177 non

1810 2213 2037 2279 addens,
2062 2211 2124 2268 Si
2150 2212 2328 2266 anima
2348 2212 2412 2265 de
2438 2211 2628 2282 popqu
2653 2220 2828 2276 teme,
2858 2211 3313 2281 quemadmodum
3337 2210 3395 2265 in

1810 2302 2040 2359 aliorum
2097 2302 2491 2358 sacriﬁciorum
2538 2301 3000 2356 enuntiationibus
3049 2300 3226 2355 solet:
3258 2299 3399 2355 sicut

1808 2408 1938 2465 ergo
1968 2393 2021 2447 in
2052 2392 2178 2457 illis,
2205 2392 2285 2447 sic
2333 2401 2388 2447 et
2429 2391 2518 2447 hic
2572 2406 2672 2461 per
2726 2391 2970 2446 ciborum
3012 2390 3397 2445 abstinentiam

1809 2485 1999 2557 quales
2031 2485 2231 2540 debent
2257 2500 2374 2540 esse
2407 2487 2496 2555 qui
2520 2483 2695 2555 legem
2730 2484 3063 2539 meditantur
3106 2482 3398 2538 ostendero

1808 2580 2050 2651 cupiens,
2072 2595 2169 2649 per
2192 2578 2463 2633 ruminare
2490 2578 2759 2648 siquidem
2787 2585 2841 2631 et
2865 2575 3123 2648 ungulam
3154 2575 3396 2632 dividere

1807 2669 2052 2725 Judaaum
2099 2670 2445 2741 signiﬁcavit,
2472 2669 2564 2739 qui
2610 2668 2768 2724 debet
2794 2669 2929 2739 legis
2976 2669 3199 2739 implere
3236 2683 3397 2722 man-

1810 2758 1956 2825 data,
1984 2766 2041 2814 et
2069 2758 2138 2812 ah
2167 2758 2356 2828 spiritu
2381 2757 2618 2813 litteram
2657 2757 2901 2812 dividere
2935 2765 2991 2811 et
3015 2757 3190 2828 legem
3234 2756 3399 2827 spiri-

1810 2849 1993 2905 taliter
2036 2848 2356 2919 intelligere.
2385 2849 2490 2902 Per
2535 2850 2649 2904 hzec
2679 2856 2861 2903 autem
2898 2864 3019 2917 qua:
3064 2864 3209 2903 nunc
3251 2849 3397 2904 dicta

1809 2948 1936 2996 sunt
1972 2941 2212 2996 ostendit
2234 2941 2301 2994 de
2334 2941 2580 3011 gentibus
2609 2955 2667 2995 se
2696 2940 2864 3009 loqui,
2891 2939 3031 2993 unde
3054 2947 3110 2993 et
3139 2938 3394 2994 existimo

1809 3047 1918 3088 non
1951 3032 2225 3103 expressis
2247 3029 2554 3085 nominibus
2573 3030 2803 3100 piscium
2832 3028 3150 3084 memoriam
3174 3028 3396 3095 factam,

1809 3122 1934 3193 quia
1964 3138 2064 3178 nec
2091 3122 2313 3178 nomina
2349 3136 2568 3176 suorum
2616 3120 2780 3176 scribi
2813 3134 2975 3190 super
3003 3128 3205 3175 terram
3252 3108 3400 3191 cupit

141 3221 334 3271 Cuntur.
359 3214 596 3270 Petrum
625 3192 984 3283 expositorem
1012 3222 1067 3269 et
1101 3213 1417 3286 magistrum
1443 3211 1656 3283 suscipe
1686 3231 1699 3266 :
1731 3192 1776 3256 (Ἰ
1807 3214 2070 3271 Ecclesia.
2100 3212 2256 3270 Unde
2279 3221 2332 3268 et
2366 3214 2432 3269 de
2458 3210 2547 3267 illa
2590 3210 2759 3266 David
2793 3211 2870 3265 ait
2903 3229 2916 3267 :
2948 3209 3262 3265 Scribantur
3282 3212 3395 3264 Iuvc

145 3314 253 3357 eum
278 3304 471 3374 quippe
488 3303 592 3374 qui
617 3303 780 3358 habet
804 3303 1086 3358 scientiam
1118 3303 1448 3367 divinorum.
1480 3302 1575 3357 sed
1598 3316 1705 3357 non
1805 3308 1859 3363 in
1889 3308 2223 3380 generatione
2265 3305 2432 3359 altera
2462 3302 2636 3378 (Psal.
2669 3302 2762 3376 οι),
2816 3302 3065 3358 videlicet
3111 3301 3293 3355 futura
3336 3300 3396 3357 in

150 3388 231 3444 illa
266 3390 396 3447 bene
419 3393 617 3459 utitur,
646 3392 1057 3463 actionibusque
1095 3393 1404 3464 incongruis
1445 3409 1565 3449 eam
1591 3390 1706 3464 pol-
1807 3399 1980 3467 cmlis,
2011 3400 2084 3455 ibi
2113 3400 2261 3454 enim
2305 3398 2540 3454 ﬁliorum
2583 3396 2700 3466 ejus
2737 3397 2940 3468 scripta
2983 3400 3112 3451 sunt
3146 3392 3390 3450 nomina.

150 3479 261 3546 luit,
302 3484 524 3554 vitzeque
553 3484 842 3539 immundae
868 3485 1216 3555 semetipsum
1264 3485 1504 3552 tradidit,
1555 3499 1707 3539 suem
1809 3493 1939 3550 Htec
1962 3503 2217 3565 suntquae
2242 3494 2525 3563 gignuntur
2550 3492 2604 3545 in
2626 3491 2800 3561 aquis,
2829 3498 2877 3543 et
2904 3487 3036 3543 vesci
3061 3486 3263 3541 licitum
3287 3491 3387 3542 est.

154 3570 304 3626 etiam
336 3574 444 3644 ipse
480 3573 777 3644 appellavit
806 3574 995 3630 dicens
1022 3589 1037 3628 :
1067 3572 1256 3628 Melius
1287 3574 1469 3644 fuisset
1502 3576 1577 3628 eis
1605 3590 1708 3627 non

1809 3586 2184 3658 lntelliguntur
2204 3599 2303 3654 per
2330 3585 2446 3638 haec
2472 3584 2527 3638 hi
2551 3581 2644 3652 qui
2667 3597 2733 3637 ex
2757 3580 3008 3651 gentibus
3028 3578 3221 3633 salvati
3247 3578 3415 3644 sunt,’

151 3677 430 3732 cognoscere
454 3668 598 3719 viam
624 3664 873 3735 justitiw,
896 3681 1079 3736 quam,
1112 3663 1320 3734 cognita
1346 3680 1427 3730 ea,
1460 3672 1596 3715 retro
1630 3679 1711 3716 re—

158 3750 268 3805 verti
300 3769 333 3806 a
376 3754 574 3808 tradito
620 3754 718 3808 sibi
761 3763 942 3808 sancto
990 3753 1241 3807 mandato
1276 3770 1295 3808 :
1326 3752 1538 3824 contigit
1573 3751 1709 3805 enim

157 3836 243 3895 illis
270 3859 347 3897 res
378 3845 490 3897 veri
537 3843 792 3912 proverbii
819 3859 837 3897 :
862 3843 1019 3897 Canis
1053 3860 1287 3897 reversus
1329 3843 1397 3897 ad
1441 3858 1596 3897 suum
1622 3857 1711 3895 vo-

157 3931 333 3999 mitum,
386 3941 435 3986 et
464 3948 555 3985 sus
582 3931 689 3986 lota
716 3933 771 3984 in
796 3932 1064 4015 volutabro
1095 3935 1222 3986 caeni
1276 3933 1295 4004 (
1324 3932 1385 3986 11
1428 3932 1573 3986 Petr.
1598 3949 1637 3986 ιι
1668 3933 1708 4002 ).

161 4015 245 4075 Sed
257 4022 398 4092 quod
416 4021 506 4075 his
532 4036 651 4092 qua:
665 4021 951 4091 dictasunt
976 4022 1214 4077 addidit:
1234 4019 1439 4075 Horum
1466 4021 1712 4075 carnibus

162 4124 242 4164 non
286 4115 599 4180 vescemini,
647 4131 738 4168 nec
777 4115 1033 4169 cadavera
1074 4114 1411 4184 contingetis,
1451 4112 1576 4184 quia
1617 4115 1717 4166 im-

164 4206 330 4260 munda
358 4216 479 4262 sunt
508 4207 685 4272 vobis;
717 4209 820 4262 hoc
848 4214 952 4275 est,
984 4222 1083 4261 nec
1118 4205 1337 4271 cameli,
1368 4222 1467 4260 nec
1491 4204 1712 4275 leporis,

164 4308 243 4350 nec
271 4297 583 4371 cbirogrilli,
632 4314 732 4355 nec
759 4298 891 4363 suis,
930 4314 1050 4368 qum
1090 4297 1232 4353 inter
1259 4296 1535 4353 immunda
1571 4294 1714 4364 judi-

164 4389 296 4444 cavit.

221 4476 341 4537 Nam
386 4485 629 4542 camclus
686 4483 1002 4542 Scribarum
1051 4492 1105 4539 et
1162 4484 1600 4550 Pharisaeorum,
1651 4490 1710 4537 ut

1810 3683 1870 3730 ut
1896 3683 2021 3745 pote
2042 3673 2511 3742 regenerationem
2552 3673 2818 3725 habentes
2847 3671 2902 3723 in
2946 3684 3085 3738 aqua
3109 3668 3404 3737 baptisma-

1814 3771 1901 3824 tis.
1926 3771 2002 3825 De
2031 3767 2227 3837 quibus
2264 3774 2321 3820 et
2363 3764 2531 3821 Isaias
2558 3763 2815 3818 dicebat:
2849 3760 2985 3814 Ecce
3027 3768 3202 3829 gentes
3245 3759 3403 3829 quasi

1787 3860 1976 3921 .slellw
1989 3857 2164 3914 situla:
2178 3855 2231 3931 (Ι
2234 3858 2335 3911 sai.
2351 3857 2467 3928 xL),
2480 3856 2615 3921 sive,
2633 3862 2692 3909 ut
2705 3852 3078 3923 Septuaginta,
3093 3851 3229 3903 sicut
3250 3864 3401 3920 aqua:

1812 3959 2013 4019 multm,
2040 3960 2215 4021 gentes
2262 3947 2462 4002 multm.
2498 3945 2652 4003 Unde
2682 3952 2737 3999 et
2783 3944 2863 3998 eis
2906 3940 3237 3996 conveniunt
3281 3953 3403 4009 qua:

1815 4052 2116 4115 sequuntur
2148 4060 2161 4095 :
2198 4038 2363 4093 Omne
2404 4038 2543 4110 quod
2583 4037 2735 4092 habet
2764 4031 3007 4105 pinnulas
3051 4041 3098 4086 et
3130 4048 3398 4102 squamas,

1815 4145 1921 4188 tam
1946 4135 2000 4187 in
2028 4132 2164 4185 mari
2194 4148 2350 4203 quam
2374 4131 2429 4183 in
2456 4126 2760 4199 [luminibus
2776 4134 2824 4180 et
2850 4124 3071 4195 stagnis,
3099 4120 3398 4176 comedetis.

1814 4224 2015 4278 Eadem
2044 4221 2209 4277 etiam
2241 4220 2327 4274 bis
2348 4219 2440 4289 qui
2461 4234 2527 4273 ex
2558 4215 2806 4288 gentibus
2838 4223 2962 4270 sunt
2999 4214 3066 4269 de
3093 4212 3403 4267 meditatio-

1814 4330 1881 4371 ne
1910 4314 2043 4386 legis
2080 4313 2202 4369 aliis
2228 4312 2486 4385 praecepit
2519 4310 2700 4365 verbis
2726 4328 2739 4363 :
2768 4308 2884 4364 vult
2904 4307 3051 4363 enim
3087 4322 3182 4362 eos
3200 4307 3404 4361 habere

1813 4405 1867 4459 in
1909 4404 2263 4459 meditatione
2308 4403 2444 4475 legis
2491 4401 2767 4472 pinnulas,
2805 4401 3086 4469 vitamque
3112 4396 3400 4452 sublimem

1814 4504 1975 4566 atque
1995 4495 2277 4551 cmlestem
2298 4535 2314 4560 ,
2353 4494 2450 4550 sed
2491 4492 2886 4564 expositionem
2910 4489 3047 4558 legis
3083 4486 3211 4541 huic
3246 4485 3401 4541 simi-

167 4565 384 4641 diximus,
405 4591 700 4647 personam
723 4584 928 4647 gestat,
956 4575 1050 4647 qui
1070 4590 1167 4646 per
1198 4575 1504 4645 superbiam
1535 4545 1709 4630 stulti-

1814 4545 2857 4657 ἷέιῖιΪρῖ-ξιζὶἑιῗξιίοᾶἶιοιῖὶὶξίιὶὶιιαω
2899 4545 3123 4643 habere,
3156 4577 3250 4632 sed
3278 4575 3401 4647 pin-

169 4658 238 4715 ἰίέ
270 4664 393 4721 Viuo
434 4666 707 4724 notabiles
750 4676 894 4734 ειηιῐ,
926 4683 1047 4738 quae
1078 4667 1348 4724 Contraria
1374 4673 1458 4720 εει
1498 4664 1712 4736 sapien-
1813 4678 1971 4734 nulas
2000 4692 2095 4733 eos
2123 4676 2256 4730 vult.
2286 4673 2423 4742 Quia
2453 4681 2636 4727 autem
2673 4668 2983 4739 ignorantia
3027 4666 3222 4723 divinae
3255 4666 3403 4722 Scri-

171 4749 290 4839 tite:
335 4759 626 4831 stultorum
677 4760 876 4832 quippe
930 4768 1015 4815 est
1064 4757 1345 4830 proprium
1407 4757 1707 4826 superbire.

1813 4776 1987 4839 pturae
2013 4772 2203 4836 gentes
2225 4764 2551 4827 obtinuerat,
2577 4762 2685 4814 non
2700 4759 2845 4813 enim
2867 4755 3403 4828 susceperantlegem

171 4836 315 4911 Lepus
337 4886 353 4911 ›
404 4857 464 4902 ιιι
528 4849 755 4905 timidus
775 4890 794 4917 ν
855 4848 1156 4905 ἷοτιίιιιάίυί
1220 4846 1529 4903 contrarius
1592 4852 1708 4912 35";
1812 4836 1989 4927 neque
2017 4855 2335 4926 prophetas,
2365 4865 2466 4906 nec
2491 4848 2596 4905 alia
2619 4849 2676 4903 in
2704 4848 2786 4903 eis
2810 4854 2931 4901 erat
2959 4846 3189 4901 scientia
3213 4844 3400 4899 divina

171 4931 471 5008 chirogrillus
491 4981 507 5007 ,
552 4950 618 4997 ut
660 4957 827 5012 rapax
853 4983 867 5008 ,
890 4940 1114 5011 justitiae
1146 4959 1158 5018 ς
1188 4956 1302 5006 sus,
1344 4948 1404 4993 ut
1452 4938 1563 4993 vita
1592 4952 1709 4992 sor-

1812 4949 2082 5015 subtilior,
2112 4962 2179 5003 ne
2205 4962 2334 5018 ergo
2357 4946 2460 4999 hoc
2487 4942 2675 4998 morbo
2702 4939 3042 5013 permanenti
3065 4947 3121 4993 et
3141 4945 3403 5010 perpetuo

173 5017 272 5077 dida
327 5028 507 5086 vivens
546 5040 607 5089 et
656 5030 961 5095 immunda,
1007 5015 1239 5085 castitati
1286 5029 1561 5086 contraria
1604 5036 1709 5083 est.

1817 5041 2148 5107 laborarent,
2171 5015 2425 5109 squamas
2460 5051 2553 5091 eos
2570 5035 2770 5090 habere
2799 5033 2933 5098 vult,
2963 5046 3084 5102 qum
3120 5029 3282 5084 facile
3305 5042 3402 5080 au-

175 5109 261 5179 (Επ
300 5118 598 5195 ΗεδξΙεῘιίοο)
639 5120 846 5177 Horum
888 5137 990 5175 nec
1029 5135 1223 5175 Games
1267 5120 1632 5184 comedam“,
1658 5116 1716 5173 id
1817 5132 2107 5187 ferrentur.
2145 5128 2284 5197 Quia
2327 5133 2505 5181 autem
2549 5139 2787 5195 squamas
2832 5121 3183 5193 temporalem
3217 5126 3273 5174 et
3296 5131 3402 5188 qua

160 5213 258 5272 δι’
280 5224 369 5267 nec
392 5229 552 5284 quam
592 5213 847 5269 Videmm‘
868 5213 1070 5268 habere
1094 5212 1346 5265 Virtutem
1388 5225 1710 5279 sequium“?
1819 5223 1975 5280 facile
2002 5227 2253 5277 carcatur
2292 5217 2650 5290 ignorantiam
2671 5215 2998 5287 signiﬁcant,
3026 5214 3402 5269 demonstrant

176 5293 223 5352 in
239 5300 489 5375 hypocrisi
517 5309 668 5367 enim
696 5308 845 5365 illam
870 5315 927 5364 et
945 5324 1053 5364 non
1081 5308 1135 5361 in
1163 5307 1394 5363 veritate
1419 5314 1711 5372 sectantur,
1820 5330 1883 5371 ea
1911 5327 2032 5383 quae
2058 5312 2123 5366 de
2136 5307 2305 5363 Paulo
2328 5306 2529 5378 scripta
2558 5314 2684 5362 sunt
2704 5306 2759 5361 in
2781 5305 3147 5377 apostolorum
3177 5295 3403 5353 Actibus

178 5390 317 5451 multo
335 5402 500 5471 magis
522 5411 706 5458 autem
740 5402 1026 5458 morticina
1065 5416 1256 5458 eorum
1292 5398 1559 5471 tangenda
1609 5412 1715 5452 non
1823 5408 1961 5480 (εαρ,
1987 5405 2100 5477 ιχ);
2130 5419 2256 5459 cum
2296 5403 2442 5458 enim
2482 5401 2598 5456 zelo
2624 5399 2850 5455 Judaico
2892 5396 3191 5452 Ecclesiam
3212 5402 3401 5480 perse-

180 5495 296 5555 διιηῐν
325 5508 420 5553 nec
455 5500 614 5556 malis
648 5513 839 5556 eorum
879 5497 1387 5557 communicandum
1435 5504 1519 5552 est
1550 5494 1719 5549 actio-
1821 5505 2103 5569 queretur,
2156 5495 2539 5568 ignoraretque
2580 5507 2705 5548 eum
2744 5503 2903 5560 quem
2950 5479 3401 5556 persequebatur,

174 5575 329 5635 nibus.
355 5584 469 5655 lpsa
492 5591 634 5645 enim
669 5590 973 5662 hujusmodi
1011 5588 1197 5659 procul
1239 5588 1401 5645 dubio
1429 5586 1718 5642 morticina
1821 5589 1977 5645 facile
2020 5587 2195 5643 caruit
2234 5587 2350 5641 zelo
2393 5594 2616 5657 propter
2672 5578 3064 5653 ignorantiam;
3113 5582 3401 5641 postquam

183 5682 288 5727 sunt
305 5678 420 5734 viri.
449 5682 573 5739 Haec
598 5694 718 5741 sunt
742 5703 859 5758 qua:
901 5688 1188 5758 gignuntur
1209 5687 1266 5740 in
1296 5686 1446 5755 aquis
1463 5725 1477 5750 ,
1508 5693 1557 5737 et
1582 5682 1719 5738 vesci
1819 5681 2071 5752 cognovit
2108 5694 2269 5750 quem
2314 5680 2757 5749 persequeretur,
2784 5676 3007 5723 vocatus
3032 5680 3063 5719 a
3084 5663 3325 5731 Christo,
3348 5672 3405 5721 et

185 5757 353 5824 licitum
374 5784 443 5830 est
470 5790 489 5830 :
519 5794 666 5837 omne
693 5757 832 5852 quod
874 5757 1025 5837 habet
1066 5777 1312 5850 pinnulas
1355 5788 1403 5833 et
1448 5792 1718 5847 squamas,
1819 5782 2104 5847 postquam
2134 5772 2185 5831 ei
2215 5773 2283 5829 ab
2317 5770 2527 5830 Anania
2567 5760 2994 5836 evangelizatum
3028 5766 3132 5828 est,
3161 5772 3400 5831 squama:
