3892 6344
471 253 665 384 se

1114 300 1176 355 B.
1214 290 1469 355 suum
1501 279 1725 351 suum
1761 244 2100 346 tuemur.
2128 261 2446 340 uocum.
2487 281 2774 341 OPERUM
2809 281 2990 338 PARS
3027 283 3069 338 ι.

3659 249 3763 346 ass

475 393 786 498 ceciderunt
813 413 887 494 ab,
905 412 1074 483 oculis
1101 401 1236 495 ejus,
1259 400 1314 469 et
1339 427 1464 477 mox
1499 409 1652 465 vidit.
1685 407 1828 477 Ergo
1858 406 1910 458 in
1939 417 2055 456 mo-
2079 401 2128 464 Α
2156 408 2263 486 tum
2285 439 2300 466 ,
2327 409 2376 454 et
2402 398 2616 454 milrum
2675 418 2738 456 ac
2771 399 3028 457 vulturem
3067 379 3228 476 juxta
3271 375 3436 474 genus
3473 377 3695 491 suum,
3721 415 3766 461 et

466 493 978 593 .dum'squainaruni
1005 493 1433 587 super-iacebant,
1458 502 1724 557 instantes
1765 497 1822 586 ei
1852 505 2056 566 tempo-

475 585 980 680 rales'iqnorantire.
1011 585 1164 658 Unde
1179 585 1342 655 nimis
1363 599 1758 677 consequenter
1784 585 2056 676 legislator

473 671 720 778 subdidit
741 711 768 776 ⁵ς
804 671 1275 778 Quidquidautem
1297 671 1544 773 pinnulas
1560 671 1662 772 gaut
1684 671 1930 768 squamas
1953 690 2056 778 noln

474 758 841 866 liabeteorum
870 801 988 865 qua;
1015 765 1092 837 in.
1327 754 1600 862 metientur
1653 785 1701 830 et
1737 763 1928 853 vivunt,
1969 754 2060 824 ab-

479 861 758 934 oniinabile
777 875 918 950 nobis
944 861 998 927 et
1024 861 1402 952 exsecrandum
1424 869 1543 922 erit.
1571 863 1724 922 Sicut
1749 861 1893 918 enim
1915 875 2062 948 quae-

479 969 600 1024 dam
621 952 856 1040 piscium
888 951 1089 1036 genera
1114 951 1308 1017 testam
1339 975 1438 1037 pro
1461 956 1600 1042 pelle
1623 953 1905 1019 habentia,
1933 966 2063 1022 quo-

477 1049 598 1116 rum
629 1070 856 1126 squama
886 1051 1087 1112 auferri
1126 1067 1232 1105 non
1273 1056 1468 1120 potest,
1495 1043 1630 1101 tales
1669 1051 1794 1099 sunt
1829 1042 1921 1114 qui
1964 1055 2062 1126 nec

478 1133 1080 1228 squamas-ignorantize
1120 1141 1286 1195 verbo
1331 1136 1426 1197 Dei
1473 1137 1764 1212 deponere,
1811 1147 1913 1186 nec
1951 1124 2065 1223 eul-

479 1222 624 1296 trum
659 1237 885 1310 spiritus
931 1233 1206 1304 suscipere
1256 1230 1569 1302 patiuntur;
1613 1225 1670 1282 hi
1713 1225 1812 1281 etsi
1841 1225 1893 1280 in
1924 1222 2064 1278 mari

478 1331 822 1402 inveniantur
840 1327 1204 1402 baptismatis,
1234 1325 1334 1380 etsi
1371 1324 1425 1378 in
1460 1319 1770 1380 ﬂuminibus
1792 1315 2060 1392 poeniten-

481 1424 588 1491 tiae,
613 1409 1001 1480 abominabiles
1035 1425 1162 1475 sunt
1199 1417 1251 1472 in
1279 1415 1532 1470 omnibus
1567 1427 1685 1487 qua:
1705 1416 1989 1465 moventur
2011 1412 2067 1464 et

479 1517 668 1572 vivunt
696 1511 750 1568 in
781 1509 955 1584 aquis.
990 1508 1059 1565 Et
1087 1523 1211 1564 eum
1247 1505 1414 1560 vitam
1461 1499 1642 1559 sortiti
1672 1499 1782 1556 sint
1812 1497 1865 1552 in
1887 1493 2068 1566 bapti-

477 1613 674 1672 smatc,
699 1602 1041 1658 vocationem
1070 1607 1247 1652 tamen
1274 1591 1854 1668 regenerationemque
1885 1597 2066 1640 corru-

473 1703 693 1772 perunt,
717 1693 847 1749 dum
875 1690 1129 1769 pinnulas
1156 1697 1212 1744 et
1233 1702 1485 1758 squamas
1507 1701 1613 1738 non
1643 1681 1865 1744 habent,
1893 1675 2063 1734 subli-

477 1757 622 1844 inem
643 1757 896 1840 videlicei
913 1783 1083 1836 vitam
1101 1779 1572 1850 cognitionemque
1595 1775 1918 1837 divinorum,
1944 1785 2064 1841 quae
2092 1757 2140 1822 Β

403 1899 414 1910 ”
476 1873 716 1936 cmlestis
744 1881 846 1939 est,
871 1869 966 1928 sed
996 1887 1090 1926 cor
1133 1885 1337 1926 crucum
1380 1867 1434 1923 in
1467 1865 1771 1938 ignorantia
1801 1863 2062 1928 detinent,

477 1973 532 2022 et
562 1974 844 2038 propterea
868 1964 924 2018 in
939 1961 1024 2018 bis
1049 1961 1142 2032 qui
1166 1974 1421 2030 squamas
1441 1958 1645 2013 habent
1669 1971 1776 2011 non
1807 1968 2066 2008 annume-

477 2066 687 2116 rantur.
720 2055 939 2114 Intende
966 2062 1146 2110 autem
1173 2060 1374 2122 quanta
1396 2049 1696 2106 subtilitate
1728 2060 2064 2110 sermonum,

477 2157 539 2206 ut
565 2145 816 2204 videlicet
843 2147 1078 2202 maxima
1110 2161 1208 2218 per
1243 2159 1337 2200 eos
1361 2141 1620 2214 mysteria
1650 2147 1707 2195 et
1728 2136 2066 2195 admirabilia

476 2241 816 2314 signiﬁcans,
835 2239 1115 2312 legislator
1156 2245 1361 2294 utatur.
1381 2233 1628 2292 Pinnulis
1647 2232 1791 2287 enim
1813 2243 2068 2300 squamas

481 2329 796 2406 conjunxit;
835 2329 963 2398 quia
981 2325 1436 2400 quemadmodum
1465 2323 1705 2394 piscibus
1727 2319 1922 2391 quibus
1944 2324 2069 2372 sunt

479 2405 748 2498 squamae,
767 2423 855 2478 his
896 2429 1024 2476 sunt
1049 2417 1361 2476 omnimodo
1385 2425 1443 2470 et
1487 2413 1745 2488 pinnula‘,
1773 2413 1850 2467 sic
1873 2410 2069 2484 quibus

480 2513 787 2588 ignorantia
823 2511 1136 2585 temporalis
1167 2517 1272 2578 est,
1305 2516 1360 2563 et
1391 2523 1510 2579 qum
1537 2515 1825 2578 prepterea
1852 2503 1960 2558 cito
1985 2517 2072 2557 ca-

482 2603 594 2662 reri
622 2605 812 2675 possit,
843 2601 930 2657 his
979 2609 1036 2657 ct
1073 2599 1310 2672 cognitio
1349 2596 1596 2653 sublimis
1619 2605 1673 2650 et
1704 2593 1811 2648 vita
1835 2591 2070 2646 caelestis

483 2693 773 2754 addicitur.
803 2690 1012 2748 Horum
1044 2705 1172 2764 ergo
1213 2690 1302 2760 qui
1332 2705 1438 2746 non
1480 2695 1604 2742 sunt
1637 2685 1794 2750 tales,
1830 2699 1931 2738 nec
1957 2699 2074 2739 car-

480 2773 580 2844 nes
601 2783 907 2850 comedere,
953 2783 1049 2840 sed
1087 2798 1190 2838 nec
1219 2779 1504 2838 morticina
1559 2787 1799 2850 tangere,
1826 2790 1925 2830 nec
1968 2773 2070 2828 ali-

483 2891 650 2955 quam
669 2875 1106 2932 communionem
1146 2871 1368 2929 omnino
1406 2887 1532 2928 cum
1577 2871 1656 2923 eis
1685 2869 1886 2922 habere
1913 2880 2072 2935 opor-

484 2977 583 3026 tet.
634 2968 788 3044 Quod
816 2976 1051 3026 testatur
1084 2965 1285 3022 Paulus
1325 2966 1512 3021 dicens
1543 2981 1555 3016 :
1589 2963 1650 3018 Si
1689 2961 1732 3016 is
1770 2961 1860 3033 qui
1907 2960 2074 3032 frater

481 3061 810 3128 nominatur,
842 3067 916 3114 est
939 3057 1234 3130 fornicator
1255 3066 1347 3110 aut
1390 3071 1602 3118 avarus,
1632 3060 1722 3106 aut
1773 3049 1929 3104 idolis
1961 3063 2070 3101 ser-

2156 480 2309 544 omne
2337 489 2533 546 coruini
2575 493 2774 564 generis
2824 491 2881 546 in
2919 485 3317 548 similitudinem
3363 480 3534 548 suam,
3563 508 3587 546 :
3624 506 3764 552 stru-

2158 579 2386 634 thionem
2420 589 2469 636 et
2493 589 2759 650 noctuam,
2800 591 2847 636 et
2887 581 3060 637 larum
3083 593 3129 636 et
3153 575 3455 656 accipitrem
3475 585 3661 658 juxta
3682 605 3763 658 ge-

2158 693 2274 765 nus,
2309 693 2462 730 suum
2492 659 2514 730 τ’
2539 659 2911 765 bubonem,':et
2951 666 3259 765 mergulum,
3286 689 3334 734 et
3361 679 3500 765 ibin,
3525 697 3757 765 cygnum

2159 759 2207 825 Et
2246 753 2606 854 onocrotalum
2633 779 2682 823 et
2715 744 3136 854 po‘rphyri’one‘m,
3162 744 3508 850 [teriodione'ni
3543 744 3757 830 Jeba-

2151 845 2399 944 ‘radrium
2412 858 2572 938 juxta
2603 881 2766 936 genus
2791 845 2967 930 suum,
2998 845 3226 940 upupam
3248 845 3456 940 quoque
3475 846 3529 926 εξ
3561 847 3758 942 tam.

2161 955 2416 1013 tilionem.
2448 957 2556 1030 (Ea:
2589 957 2900 1038 Ηεδυσιιὶορλ
2927 957 3037 1020 Nec
3057 943 3242 1042 eorum
3279 960 3375 1037 qui
3405 960 3478 1020 ad
3510 970 3756 1030 contem-

2161 1049 2452 1124 plationem
2472 1059 2663 1112 vacant
2695 1051 2886 1120 vitam,
2915 1051 2970 1119 in
3023 1051 3126 1117 hoc
3165 1051 3446 1124 legislator
3485 1053 3756 1114 indistan-

2163 1160 2281 1202 sam
2311 1129 2559 1214 reliquit;
2589 1145 2684 1200 sed
2712 1143 3164 1215 quemadmodum
3190 1145 3246 1220 in
3274 1145 3560 1211 oblatione
3591 1147 3754 1206 sacri-

2161 1233 2411 1292 ﬁciorum
2436 1235 2713 1308 proprium
2737 1235 2818 1312 eis
2849 1235 2984 1308 legis
3017 1235 3313 1310 capitulum
3344 1237 3661 1316 deputavit,
3685 1240 3752 1296 ita
3852 1311 3853 1316 η

2164 1334 2219 1382 et
2248 1325 2303 1384 in
2340 1325 2692 1398 inquisitione
2727 1325 2976 1386 ciborum
3001 1325 3138 1384 ﬁnes
3173 1317 3253 1384 eis
3281 1329 3540 1405 proprios
3595 1329 3750 1395 dedit,

2163 1436 2300 1496 quos
2323 1421 2627 1492 producens
2652 1427 2707 1476 et
2743 1419 3100 1476 terribiliores
3129 1418 3362 1488 faciens,
3388 1436 3506 1484 non
3527 1421 3674 1478 sicut
3695 1419 3750 1478 ὼ

2161 1514 2452 1590 pecoribus
2501 1523 2558 1570 et
2586 1515 2651 1570 de
2699 1513 2962 1586 piscibus.
2989 1515 3156 1570 etiam
3207 1511 3276 1573 de
3320 1513 3410 1573 his
3453 1515 3658 1572 sancit.
3685 1513 3751 1572 lbi

2165 1610 2310 1668 enim
2335 1609 2412 1664 ait
2443 1623 2458 1664 :
2492 1607 2624 1664 Hac
2653 1617 2776 1664 sunt
2808 1606 3062 1662 animalia
3091 1623 3208 1680 qua:
3234 1607 3512 1664 comedere
3544 1608 3745 1670 debetis,

2167 1697 2231 1754 de
2261 1699 2462 1754 cunctis
2495 1697 2850 1756 animantibus
2893 1707 3076 1762 terrae;
3118 1704 3174 1752 et
3206 1711 3398 1754 rursus
3425 1714 3440 1750 :
3475 1695 3616 1752 Hinc
3643 1707 3746 1756 sunt

2167 1806 2283 1861 quu’
2324 1790 2611 1861 gignuntur
2643 1789 2700 1842 in
2727 1789 2966 1864 aquis,et
3000 1789 3132 1843 vesci
3173 1785 3375 1844 licitum
3401 1798 3519 1856 est;
3557 1789 3750 1862 liicau-

2171 1888 2280 1934 tem
2313 1897 2325 1932 :
2357 1875 2486 1934 Iliae
2515 1887 2654 1942 sunt,
2677 1879 2869 1950 inquit,
2897 1894 3013 1950 qua:
3055 1878 3119 1932 de
3151 1876 3332 1932 avibus
3358 1879 3634 1934 comedere
3660 1895 3746 1931 non

2167 1959 2384 2035 debetis,
2422 1979 2472 2025 et
2497 1970 2713 2024 vitanda
2745 1978 2864 2023 sunt
2895 1969 3058 2026 vobis.
3082 1968 3224 2024 Vere
3244 1967 3651 2026 abominatione
3678 1967 3746 2024 di-

2169 2077 2335 2138 gnum
2361 2069 2447 2116 est
2476 2068 2530 2116 et
2555 2059 2711 2114 valde
2751 2060 2892 2114 inter
2921 2052 3105 2113 illicita
3130 2067 3290 2130 atque
3320 2060 3488 2114 nimis
3511 2059 3744 2116 evitanda

2169 2151 2666 2206 connumerandum
2693 2189 2708 2216 ,
2763 2149 3208 2220 contemplationi
3246 2158 3538 2207 vacantem
3577 2164 3748 2220 quem-

2169 2243 2339 2316 piam,
2377 2248 2572 2314 sponte
2599 2239 2735 2294 tales
2756 2240 2958 2296 babere
2990 2241 3234 2295 maculas
3262 2239 3454 2314 quales
3471 2255 3576 2311 per
3599 2239 3748 2305 denu-

2170 2340 2411 2389 nicratas
2435 2347 2564 2387 aves
2583 2330 2862 2404 legislator
2883 2331 3183 2402 signiﬁcat;
3224 2331 3303 2388 ait
3335 2331 3482 2387 enim
3507 2330 3746 2402 aquilam,

2169 2435 2218 2480 et
2250 2425 2581 2496 gryphem,et
2598 2422 2916 2486 haliwetum,
2943 2431 2989 2476 et
3011 2422 3227 2476 miluum
3245 2439 3308 2478 ac
3334 2420 3595 2480 vulturem
3609 2422 3747 2494 juxta

2171 2533 2336 2588 genus
2360 2532 2535 2570 suum.
2564 2515 2810 2586 Rapaces
2835 2522 2891 2570 et
2913 2515 3094 2572 cibum
3122 2516 3359 2575 alienum
3384 2516 3533 2574 male
3560 2523 3748 2574 sectan-

2174 2617 2273 2674 tes,
2309 2607 2713 2678 quaestibusque
2748 2606 2966 2676 injustis
3013 2607 3333 2680 gaudentes,
3359 2623 3464 2678 per
3510 2609 3746 2679 prmdicta

2173 2697 2478 2772 signiﬁcat;
2510 2699 2636 2770 quia
2660 2699 2806 2756 enim
2833 2699 3055 2770 quidam
3074 2699 3497 2761 inveniunturin
3525 2699 3746 2761 ecclesiis

2173 2791 2316 2854 inter
2351 2807 2446 2848 eos
2481 2792 2576 2862 qui
2614 2800 2872 2863 putantur
2905 2791 3742 2864 contemplatiouioperamdm,

2173 2883 2264 2956 qui
2302 2899 2410 2939 non
2457 2883 2911 2954 quemadmodum
2947 2883 3147 2940 debent
3180 2885 3249 2946 ad
3290 2885 3398 2940 hoc
3437 2883 3745 2952 vacant,sed

2173 2976 2381 3036 frustra
2427 2975 2709 3044 inﬂantur,
2747 2976 2873 3034 audi
2922 2976 3150 3037 Paulum
3180 2976 3456 3042 dicentem
3497 2996 3510 3032 :
3552 2979 3614 3034 Si
3648 2975 3744 3047 qui:

2177 3068 2286 3129 alta
2310 3068 2461 3124 docet
2483 3077 2532 3124 et
2558 3083 2662 3122 non
2691 3068 2974 3138 acquiescit
3023 3069 3168 3124 sanis
3201 3069 3531 3130 sermonibus

482 3149 644 3214 vicus,
693 3157 784 3202 aut
820 3146 1136 3213 maledicus,
1183 3155 1274 3202 aut
1315 3141 1572 3210 ebriosus,
1611 3152 1700 3196 aut
1735 3156 1921 3211 rapaa‘,
1952 3154 2072 3193 cum
2100 3117 2148 3184 C
2181 3160 2347 3216 nos";
2368 3157 2500 3214 Iesu
2531 3117 2842 3225 armis“
2867 3159 2915 3216 εί
2943 3175 3061 3230 qua,
3100 3158 3392 3216 “cundum
3415 3161 3656 3230 Wa,”
3683 3163 3745 3214 εει

485 3235 793 3308 hujusmodi
822 3252 914 3290 nec
951 3236 1122 3289 cibum
1163 3251 1368 3290 sumere
1394 3232 1445 3305 (I
1480 3233 1604 3287 Cor.
1629 3229 1704 3306 v).
1727 3229 1953 3286 Adulter
1982 3236 2076 3284 aut

487 3343 705 3394 avarus,
739 3333 834 3380 aut
858 3324 1124 3388 ebriosus,
1161 3332 1252 3377 aut
1289 3323 1588 3388 detractor,
1625 3337 1734 3375 non
1767 3319 1930 3376 liabet
1957 3319 2076 3390 pin-

486 3417 665 3485 aulas;
687 3417 854 3472 vitam
881 3413 1131 3470 videlicet
1173 3413 1378 3468 habens
1421 3412 1694 3467 sordidam
1743 3417 1799 3465 et
1837 3409 2074 3464 immun-

482 3497 643 3578 dam;
673 3507 939 3566 idolorum
966 3516 1146 3564 autem
1173 3506 1352 3562 cultor
1393 3505 1446 3560 in
1476 3503 1562 3560 bis
1582 3503 1672 3575 qui
1705 3517 1960 3576 squamas
1983 3501 2077 3555 ba-

486 3599 619 3660 bent
650 3617 758 3658 non
795 3609 1140 3674 computatur
1167 3642 1180 3666 ,
1214 3597 1404 3654 duram
1434 3597 1632 3670 quippe
1677 3605 1732 3651 et
1784 3597 1836 3652 in
1868 3609 2075 3650 morem

489 3702 662 3760 testm,
697 3704 862 3766 atque
888 3691 1243 3748 insanabilem
1284 3691 1486 3746 habere
1514 3689 1728 3744 videtur
1763 3687 2075 3742 divinorum

489 3785 890 3858 ignorantiam;
932 3784 1066 3840 alias
1106 3799 1446 3856 nequaquam
1482 3789 1771 3852 postquam
1799 3778 1909 3855 Deo
1944 3793 2076 3833 con-

485 3874 699 3942 iunctus
743 3882 828 3930 est
875 3873 1018 3928 ultra
1073 3871 1332 3930 servisset
1385 3869 1560 3926 idolis.
1614 3869 1722 3942 (Ea:
1775 3865 2074 3941 Gregorio.)

507 3891 699 3928 unctus
743 3891 828 3930 εει
875 3891 1018 3928 ultra
1073 3891 1332 3930 servisset
1385 3891 1560 3926 ianus.
1614 3891 1722 3942 μιω
1775 3891 2074 3941 ωεςυνισ.)

479 3891 756 4019 i’raeterea
786 3964 1082 4020 notandum
1111 3969 1196 4019 est
1229 3962 1373 4034 quod
1406 3962 1582 4036 pisces
1621 3962 1713 4032 qui
1739 3958 1993 4032 pinnulas
2021 3968 2076 4016 et

485 4069 742 4126 squamas
779 4055 1004 4122 habent,
1037 4055 1166 4110 dare
1194 4055 1364 4110 saltus
1389 4053 1557 4110 etiam
1591 4069 1754 4126 super
1789 4071 1960 4126 aquas
1989 4069 2076 4110 so—

483 4139 620 4200 lent.
651 4141 793 4209 Quid
819 4157 949 4209 ergo
969 4143 1210 4214 pinnatis
1246 4143 1487 4214 piscibus
1518 4143 1624 4198 nisi
1653 4143 1840 4200 electa:
1877 4145 2076 4199 animm

487 4231 812 4304 ﬁgurantur,
845 4231 971 4300 quia
1003 4231 1248 4304 profecto
1274 4229 1402 4287 sola:
1441 4233 1496 4286 in
1546 4233 1786 4290 cmlestis
1819 4233 2075 4290 Ecclesiae

485 4337 684 4394 corpus
701 4329 1016 4388 transeunt;
1045 4335 1166 4391 quae
1187 4319 1346 4377 modo
1368 4321 1630 4376 virtutum
1650 4321 1888 4394 pinnulis
1906 4323 2070 4391 fultae,

487 4413 657 4471 saltus
681 4414 812 4471 dare
837 4425 938 4484 per
968 4411 1191 4468 cmleste
1215 4409 1545 4466 desiderium
1572 4407 1772 4478 sciunt,
1799 4421 1859 4466 ut
1885 4429 2074 4484 super-

484 4523 613 4564 nam
659 4505 1171 4579 contemplationem
1201 4510 1477 4580 appctant,
1509 4503 1759 4574 quamvis
1793 4505 1848 4558 in
1883 4505 2076 4576 seipsis

485 4599 685 4657 iterum
729 4613 799 4654 ex
847 4597 1066 4654 mortali
1114 4611 1277 4653 carne
1327 4593 1660 4651 relabantur.
1690 4593 1802 4650 Soli
1848 4611 1978 4668 ergo
2022 4597 2076 4654 in

485 4690 784 4747 electorum
808 4683 1036 4760 corpore
1059 4687 1216 4764 quasi
1246 4688 1399 4745 cibus
1421 4688 1628 4745 electus
1651 4697 1949 4756 transeunt,
1982 4691 2076 4761 qui

485 4777 546 4838 in
574 4793 640 4836 eo
667 4780 813 4852 quod
856 4780 913 4838 in
955 4781 1080 4841 imis
1118 4782 1454 4847 deserviunt,
1507 4782 1796 4858 aliquando
1841 4798 2076 4853 superna

485 4876 855 4934 conscendere
874 4878 1074 4932 mentis
1097 4878 1322 4935 saltibus
1335 4879 1536 4947 sciunt,
1560 4894 1628 4935 ne
1649 4895 1860 4952 semper
1884 4878 1936 4934 in
1951 4894 2079 4950 pro-

488 4969 672 5027 fundis
703 4986 957 5026 curarum
986 4970 1207 5040 lateant,
1251 4981 1306 5029 et
1345 4973 1492 5028 nulla
1520 4989 1614 5028 eos
1640 4976 1842 5033 amoris
1875 4975 2073 5028 summi

489 5063 648 5140 quasi
693 5061 849 5118 liberi
894 5062 1038 5120 aeris
1085 5078 1218 5120 aura
1274 5066 1570 5135 contingat.
1617 5065 1720 5134 Qui
1753 5081 1884 5136 ergo
1913 5067 2075 5123 rel-us

490 5153 880 5231 temporalibus
897 5163 1252 5233 occupantur,
1280 5165 1408 5214 tunc
1431 5159 1570 5215 bene
1592 5159 1864 5220 exteriora
1895 5159 2076 5230 dispo-

491 5253 654 5315 nunt,
679 5261 807 5302 cum
832 5244 1062 5304 sollicite
1101 5245 1168 5302 ad
1205 5247 1467 5304 interiora
1509 5250 1801 5324 refugiunt,
1838 5266 1962 5307 cum
1986 5268 2076 5306 ne-

489 5351 766 5414 quaquam
812 5335 962 5396 foras
1009 5339 1482 5411 perturbationum
1525 5345 1782 5414 strepitus
1823 5341 2073 5415 diligunt,

491 5429 588 5486 sed
615 5429 758 5502 apud
797 5429 1122 5501 semetipsos
1165 5430 1311 5488 intus
1337 5431 1393 5488 in
1421 5433 1829 5506 tranquillitatis
1848 5434 1970 5493 sinu
1999 5450 2080 5502 re-

491 5521 798 5594 quiescunt.

571 5632 700 5688 Huic
719 5645 839 5690 sunt
869 5653 986 5708 qua:
1019 5637 1086 5692 de
1119 5639 1304 5694 auibus
1339 5639 1604 5694 comedere
1625 5655 1733 5696 non
1777 5642 1992 5712 debetis,
2028 5651 2077 5700 et

491 5724 710 5784 vitanda
738 5736 857 5786 sunt
883 5729 1025 5786 uobis
1063 5744 1081 5786 .'
1113 5731 1378 5803 Aquilam,
1407 5740 1454 5790 et
1493 5732 1760 5804 grypltem,
1801 5743 1846 5790 et
1893 5735 2072 5792 halica-

2177 3249 2451 3316 doctrinte,
2487 3247 2740 3320 superbus
2789 3258 2895 3316 est,
2940 3247 3072 3304 nihil
3129 3250 3325 3320 sciens,
3375 3249 3469 3307 sed
3517 3249 3743 3319 longum

2177 3344 2318 3398 circa
2357 3343 2673 3413 qurestiones
2710 3349 2761 3398 et
2804 3359 3007 3417 pugnas
3038 3343 3328 3408 verborum,
3366 3358 3432 3398 ea:
3458 3341 3644 3413 quibus
3671 3353 3745 3396 e1-

2178 3437 2426 3492 oriuntur
2461 3435 2691 3501 invidiw,
2724 3435 3100 3502 contentiones,
3121 3433 3480 3505 blasphemiae,
3510 3430 3741 3504 suspicia-

2179 3546 2268 3584 nes
2311 3528 2488 3596 malae,
2528 3518 2941 3599 conﬂictationes
2979 3528 3249 3586 hominum
3289 3536 3456 3584 mente
3499 3530 3745 3594 corrupto-

2183 3636 2322 3685 rum,
2345 3629 2394 3675 et
2417 3621 2558 3692 quia
2577 3620 2792 3676 ueritate
2817 3619 3008 3690 privati
3030 3627 3170 3683 sunt.
3194 3618 3607 3679 existimantium
3626 3626 3746 3686 qua-

2178 3722 2318 3768 stum
2341 3729 2452 3768 esse
2496 3713 2742 3783 pietatem
2763 3711 2814 3782 (l
2842 3711 2976 3766 Tim.
3011 3711 3110 3783 vi).
3145 3710 3256 3768 llos
3297 3723 3428 3781 ergo
3464 3708 3745 3782 signiﬁcant

2180 3819 2268 3868 ea,
2297 3819 2419 3874 qua:
2445 3819 2591 3862 nunc
2619 3804 2974 3862 denumerata
3012 3811 3160 3872 sunt,
3191 3801 3448 3860 animalia
3473 3802 3670 3858 victum
3689 3810 3742 3854 ex

2181 3893 2368 3964 rapina
2386 3893 2766 3966 conquirentia
2793 3908 2808 3947 :
2840 3895 3087 3964 quadam
3109 3902 3291 3954 autem
3311 3907 3379 3950 ex
3391 3892 3478 3950 bis
3490 3891 3626 3950 alias
3640 3898 3744 3946 ares

2182 3983 2466 4050 invadunt,
2489 3993 2546 4040 et
2571 4000 2641 4042 ex
2671 3985 3054 4043 venationibus
3077 3998 3268 4042 earum
3288 3983 3632 4048 nutriuntur;
3656 3975 3742 4037 alia

2180 4091 2312 4134 vero
2336 4078 2391 4133 in
2414 4079 2603 4134 domos
2629 4077 2990 4148 ingredientia
3011 4077 3277 4148 diripiunt
3296 4091 3419 4148 qua:
3446 4071 3740 4147 repererit“.

2179 4185 2250 4228 ne
2271 4161 2488 4241 quidem
2513 4173 2820 4243 gerendum
2853 4187 2912 4230 se
2951 4172 3192 4228 obsoniis
3219 4171 3536 4242 parcentia;
3575 4167 3742 4240 quibus

2180 4270 2308 4319 sunt
2335 4262 2783 4332 similesquidam
2809 4263 2902 4334 qui
2931 4273 3205 4336 penetrant
3240 4263 3450 4330 domos,
3471 4271 3519 4316 et
3541 4258 3741 4330 captiuos

2181 4356 2378 4410 ducunt
2435 4355 2777 4412 mulierculas
2831 4366 3076 4412 oneratas
3115 4358 3344 4428 peccatis
3367 4355 3457 4430 (ΙΙ
3489 4355 3624 4412 Tim.
3643 4349 3738 4421 ut);

2101 4479 2156 4548 Ι)
2183 4461 2320 4516 quas
2348 4446 2546 4548 Paulus
2597 4445 2796 4517 arguit.
2841 4446 3049 4548 ,γυιων
3097 4447 3232 4504 rixis
3259 4454 3320 4502 et
3348 4444 3508 4504 bellis
3547 4441 3739 4516 gaudel.

2179 4546 2402 4608 propter
2421 4537 2685 4596 cadavera
2728 4537 3058 4608 praeliorum,
3083 4537 3140 4596 in
3169 4545 3384 4596 tanaim
3409 4537 3656 4598 utetiam
3672 4545 3742 4588 se-

2180 4639 2381 4701 quatur
2401 4631 2720 4687 exercitum.
2744 4629 2864 4686 Non
2897 4644 3028 4700 ergo
3051 4637 3267 4700 oportet
3293 4629 3526 4686 aliorum
3554 4626 3740 4687 casiluts

2179 4724 2331 4796 pasci
2363 4731 2528 4794 atque
2553 4723 2753 4780 nutriri
2781 4739 2906 4782 eum
2929 4724 3022 4794 qui
3049 4723 3498 4796 contemplationi
3517 4724 3609 4779 dat
3635 4730 3738 4792 ope—

2181 4830 2318 4872 ram.
2346 4815 2567 4871 Corvini
2592 4831 2723 4886 ergo
2769 4817 2986 4886 generis
3013 4815 3267 4874 animalia
3301 4825 3432 4872 sunt
3466 4809 3740 4878 aﬁ'ectionis

2179 4907 2444 4977 expertia,
2479 4907 2622 4976 quod
2653 4905 2998 4962 manifestum
3021 4915 3108 4962 est
3127 4922 3195 4968 ex
3215 4922 3282 4962 eo
3303 4907 3452 4979 quod
3477 4908 3694 4967 emissus
3709 4915 3738 4955 ι

2179 4999 2296 5056 Noe
2318 5014 2386 5054 ex
2437 4999 2615 5069 prima
2659 5013 2784 5054 cum
2814 5013 3012 5054 corvus
3058 4998 3366 5055 avolatione
3393 5007 3740 5071 transgressus

2180 5099 2287 5157 est,
2313 5088 2402 5144 cui
2429 5087 2625 5146 similis
2651 5089 2821 5146 ludas
2841 5089 2990 5144 circa
3029 5105 3188 5147 suum
3225 5091 3551 5162 magistrum
3582 5091 3738 5148 [uitet

2183 5182 2491 5238 Dominum.
2526 5180 2772 5238 Struthio
2798 5173 2914 5238 avis
2943 5181 3160 5250 quidem
3192 5191 3296 5250 est,
3327 5183 3424 5238 sed
3452 5182 3738 5240 volarennn

2182 5283 2384 5346 potest,
2412 5283 2690 5346 totamque
2723 5272 2892 5329 vitam
2916 5288 3072 5330 suam
3100 5273 3250 5332 circa
3285 5283 3494 5332 terram
3514 5277 3736 5346 oculum,

2181 5371 2372 5441 quales
2397 5378 2526 5426 sunt
2544 5369 2766 5438 quidam
2787 5367 2898 5423 Deo
2923 5367 3220 5424 militantes
3241 5376 3299 5424 et
3321 5369 3506 5425 seaculi
3533 5364 3738 5440 negotiis

2178 5475 2242 5517 se
2263 5461 2626 5531 implicantes.
2656 5457 2924 5518 Noctuam
2951 5473 3104 5526 vero,
3127 5474 3229 5530 pro
3257 5475 3367 5530 qua
3409 5458 3736 5531 Septuaginta

2177 5552 2420 5622 glaucum
2451 5553 2724 5618 dixerunt,
2750 5552 2894 5608 banc
2929 5559 3183 5610 asserunt
3201 5551 3260 5608 in
3284 5558 3444 5608 nocte
3477 5552 3620 5607 acuti
3641 5558 3737 5604 esse

2177 5645 2350 5710 visus,
2376 5643 2488 5698 sole
2507 5651 2688 5700 autem
2708 5651 3001 5715 apparente
3017 5643 3199 5702 minus
3221 5641 3460 5700 utilitate
3483 5644 3734 5700 oculorum

2177 5736 2316 5805 frui;
2348 5736 2482 5794 tales
2511 5747 2637 5793 sunt
2662 5737 2754 5809 qui
2782 5737 2940 5809 Leuis
2965 5736 3268 5814 gloriantur
3300 5734 3736 5808 contemplatione
