3892 6344
162 268 265 355 ὔὲπ

892 320 919 339 ,λ
996 316 1033 331 ,,
1078 204 1587 351 circumcursa
1619 260 1689 337 ut
1724 260 2123 351 μεςιτιαυμ.
2163 292 2235 304 -
2267 262 2395 325 us.
2434 263 2519 351 ur.

3306 260 3412 329 55!

158 348 227 453 iet.
247 377 494 445 scientia,
516 376 702 449 lucem
738 354 1060 449 evangelicae
1087 376 1514 431 conversationis
1544 354 1743 444 capere
1764 376 1815 455 Α
1840 374 1984 428 enim
2036 374 2243 431 volatus
2295 375 2429 445 ejus,
2482 376 2711 455 ﬁguram
2737 373 2854 449 ejus
2876 378 2955 455 (in
3000 378 3170 437 Deum
3201 360 3416 455 Moyses

154 444 270 530 hnon
302 446 571 547 valentes.
598 454 997 539 Larusanimal
1033 476 1121 539 est
1153 460 1207 524 in
1258 477 1486 551 utroque
1529 444 1771 549 vivens,"
1840 466 2095 536 sumpsit;
2134 468 2259 537 quia
2290 483 2419 522 vero
2447 454 2636 537 rapax,
2662 467 2697 523 'a
2725 462 2846 524 cibo
2876 454 3005 538 1ejus
3038 456 3415 547 abStinendurii

244 542 326 619 cst
352 542 492 631 aqua
519 540 573 616 et
605 569 777 641 terra;
823 546 1080 643 qui‘si’cut
1110 560 1223 615 avis
1249 540 1467 630 quidem
1487 558 1650 624 volat,
1681 566 1739 612 ut

174 642 397 719 iuuatile
430 642 609 729 autem
662 659 815 705 natat
853 651 985 731 :‘cui
1024 642 1136 706 non
1169 651 1310 731 male
1359 658 1739 723 comparantur

170 730 219 804 hi
238 730 330 815 qui
346 734 506 799 simul
536 724 1006 800 circumcision‘em
1020 754 1352 798 venerantur
1368 752 1422 797 et
1445 736 1733 815 baptisma,

168 836 229 893 ad
255 853 387 908 quos
436 835 638 892 Paulus
689 830 856 891 dicitt
887 820 944 891 Si
994 822 1449 901 circumcidin’tini,
1498 832 1737 890 Christus

167 929 296 982 vobis
323 923 454 981 nihil
478 918 691 996 prodest
714 920 913 996 (Colat.
941 916 1017 994 vi);
1049 922 1323 997 Accipiter
1349 924 1491 979 inter
1514 941 1737 996 rapaces

166 1030 285 1073 aves
310 1027 426 1083 est;
452 1000 621 1073 habet
645 1012 825 1071 autem
859 1008 1112 1087 quiddam
1144 1016 1308 1083 aliud,
1348 1024 1567 1088 propter
1594 1018 1736 1087 quod

166 1127 194 1166 a
213 1111 519 1182 legislatore
535 1112 743 1182 positus
763 1102 844 1167 est
864 1128 878 1175 ;
906 1112 1235 1167 mansuescit
1256 1111 1453 1183 quippe
1468 1121 1521 1165 et
1545 1125 1736 1181 coope-

164 1215 304 1261 ratur
326 1200 395 1261 ad
424 1206 809 1275 rapacitatem;
853 1221 1013 1276 quem
1043 1205 1322 1260 imitantur
1359 1204 1416 1259 hi
1452 1204 1543 1275 qui
1582 1220 1736 1259 mau-

162 1296 291 1352 sueti
316 1295 537 1366 quidem
567 1296 818 1351 videntur
847 1312 967 1351 esse
1003 1307 1058 1351 et
1087 1312 1248 1352 sensu
1287 1292 1583 1366 tranquilli,
1612 1304 1739 1351 sunt

161 1405 329 1447 autem
370 1406 497 1446 cum
531 1392 843 1463 potentibus
901 1399 956 1448 et
997 1392 1176 1445 avaris
1217 1400 1378 1461 atque
1427 1387 1733 1459 rapacibus.

159 1479 477 1552 Nycticorax
506 1482 705 1536 animal
746 1490 829 1537 est
859 1482 1001 1552 quod
1047 1482 1100 1535 in
1157 1488 1315 1536 nocte
1365 1476 1741 1534 tantummodo

158 1570 289 1640 rapit
319 1578 489 1641 atque
515 1580 790 1642 operatur,
824 1571 966 1626 sicut
990 1580 1117 1626 sunt
1157 1577 1350 1641 gentes
1376 1568 1739 1641 intelligibiles

153 1661 323 1715 noctis
353 1662 634 1734 operibus,
664 1678 785 1733 quae
814 1670 941 1718 sunt
982 1679 996 1717 :
1036 1661 1344 1727 fornicatio,
1373 1661 1733 1728 inmunditia,

1839 554 1991 609 dixit.
2044 552 2317 627 PrOpheta
2365 567 2545 613 autem
2588 552 2777 626 David,
2810 556 2996 631 lugens
3030 554 3325 619 hominem
3361 558 3416 621 in

1837 656 2063 721 peccato
2083 652 2456 717 constitutum,
2487 640 2813 721 nycticorac‘i
2842 646 2983 707 hunc
3010 648 3148 708 Sicut
3176 655 3231 708 in
3259 642 3417 714 nocti

1836 739 2107 796 viventem
2134 742 2496 812 comparavit;
2530 754 2627 810 per
2642 738 2946 812 pelica’num
2976 738 3179 809 autem,
3207 753 3267 799 ut
3286 744 3416 815 pote

1836 846 1937 909 per
1995 826 2192 886 animal
2228 826 2418 887 amans
2468 828 2835 899 solitudinem,
2881 833 3131 905 ﬁguravit
3158 846 3282 890 eum
3320 830 3414 908 qui

1837 918 2023 979 forsan
2051 924 2241 979 amicis
2266 925 2532 979 desolatus
2558 931 2641 980 est
2660 934 2752 979 aut
2781 926 3042 996 cognatis,
3074 924 3413 999 aliorumque

1837 1015 2095 1070 similium
2114 1016 2371 1071 societate
2394 1014 2699 1073 destitutus.
2729 1016 2836 1091 (Ea:
2858 1017 3194 1091 Augustino.)
3220 1019 3328 1077 Sed
3349 1016 3411 1076 ut

1834 1100 1951 1160 hinc
1983 1114 2175 1161 cuncta
2203 1107 2442 1162 breviter
2462 1108 2788 1178 replicentur
2826 1111 2891 1166 de
2935 1111 3180 1183 exemplo
3208 1104 3414 1167 anima-

1836 1190 1991 1262 lium,
2020 1197 2186 1251 vitam
2216 1194 2439 1251 damnat
2458 1195 2746 1253 informem
2770 1206 2827 1255 et
2860 1200 3175 1257 criminibus
3206 1200 3413 1291 torulo"-

1838 1302 1973 1342 sam.

1911 1383 2018 1456 (Er
2047 1384 2349 1461 Hesychia.)
2380 1386 2514 1443 Cum
2545 1395 2724 1442 autem
2750 1386 2804 1442 in
2843 1378 3020 1443 cibum
3052 1404 3201 1444 suem
3225 1382 3415 1462 probi:-

1840 1473 1949 1538 bet,
1976 1477 2320 1546 reprehendit
2343 1477 2527 1546 utique
2551 1492 2851 1545 caenosam,
2880 1488 2934 1534 et
2958 1479 3180 1546 luteam,
3203 1488 3258 1533 et
3286 1494 3417 1551 gau-

1842 1564 2057 1621 dentem
2107 1568 2358 1623 vitiorum
2413 1568 2662 1625 sordibus
2694 1569 2890 1637 vitam;
2924 1578 2984 1624 ut
3012 1586 3135 1626 cum
3181 1572 3419 1642 leporem

1840 1666 2079 1723 accusat,
2112 1658 2438 1715 deformatos
2470 1660 2655 1732 utique
2676 1662 2729 1714 in
2758 1661 2973 1716 feminis
2993 1662 3141 1717 viros
3178 1664 3417 1717 damnat.

145 1723 520 1822 impudicitia,
561 1723 829 1808 idolorum
868 1753 1069 1817 cultus,
1105 1762 1159 1808 et
1186 1754 1271 1807 his
1300 1723 1492 1808 similia
1524 1723 1731 1825 (Ibid).
1763 1723 1810 1783 Β
1839 1744 1969 1815 Quis
1994 1758 2173 1803 autem
2207 1751 2510 1805 mustellam
2538 1751 2715 1805 cibum
2745 1751 2947 1807 faciat?
2983 1753 3077 1807 sed
3101 1750 3306 1808 furtum
3336 1768 3421 1811 re-

140 1840 240 1898 lbis
269 1852 326 1898 et
360 1844 733 1917 porpbyrion,
760 1855 818 1899 et
863 1860 1021 1914 quem
1071 1843 1420 1914 Septuaginta
1454 1845 1735 1899 nominant

134 1936 445 2006 pelicanus,
486 1944 541 1990 et
594 1952 813 2009 cygnus,
864 1946 919 1991 et
978 1937 1252 2001 herodius,
1291 1943 1343 1990 et
1390 1937 1732 2003 charadrius,

134 2022 280 2095 longi
330 2039 456 2080 esse
508 2024 665 2092 colli,
713 2027 1034 2096 traherequc
1085 2026 1267 2081 cibum
1332 2043 1397 2082 ex
1448 2026 1734 2083 altitudine

142 2119 301 2167 terrm
328 2122 502 2183 atque
540 2131 798 2184 aquarum
835 2117 1087 2171 dicuntur
1126 2136 1138 2171 :
1174 2133 1291 2188 qua}
1321 2116 1576 2172 animalia
1617 2116 1735 2174 imi-

150 2202 268 2268 tari,
299 2212 402 2258 nec
425 2204 495 2258 de
522 2202 866 2261 interioribus
900 2196 1130 2262 evellere
1173 2207 1373 2274 cibum,
1401 2209 1496 2264 sed
1532 2208 1599 2264 de
1631 2223 1737 2265 cm-

151 2290 391 2347 lestibus.
426 2292 522 2348 Ille
554 2294 820 2364 siquidem
856 2296 1300 2369 contemplationi
1336 2308 1512 2367 vacat,
1542 2299 1634 2372 qui
1662 2302 1731 2357 ad

156 2385 424 2456 superiora
451 2396 630 2441 mente
653 2390 963 2456 contendit,
993 2399 1047 2444 et
1083 2407 1189 2445 non
1218 2391 1391 2447 solum
1422 2388 1733 2464 intelligibi-

156 2472 271 2539 lem,
296 2473 387 2529 sed
412 2483 467 2530 et
495 2477 805 2533 sensibilem
828 2480 1007 2534 cibum
1033 2496 1061 2534 a
1087 2479 1201 2535 Deo
1236 2491 1515 2552 exspectat
1544 2502 1556 2537 :
1592 2486 1733 2539 unde

158 2560 225 2617 ait
241 2562 538 2619 Dominus:
571 2563 752 2620 Nolite
774 2567 985 2622 solliciti
1016 2586 1128 2624 esse
1161 2574 1353 2625 animm
1399 2583 1580 2628 vestrm
1606 2575 1733 2645 quid

158 2652 487 2720 manducetis,
517 2674 682 2727 neque
721 2660 926 2729 corpori
947 2660 1071 2731 quid
1103 2661 1416 2717 induamini.
1454 2662 1563 2718 Scit
1596 2665 1733 2719 enim

161 2739 307 2799 Pater
339 2758 505 2801 vester
527 2747 749 2803 caelestis
771 2750 893 2820 quia
917 2752 1153 2806 omnibus
1189 2754 1270 2807 his
1296 2771 1499 2809 necesse
1533 2756 1732 2811 habetis

158 2833 351 2905 (Matth.
404 2837 509 2911 v1).
556 2838 743 2911 Upupa
793 2840 1017 2912 lugubre
1066 2844 1264 2899 animal
1310 2862 1607 2916 amansque
1652 2847 1735 2902 lu-

152 2932 313 2982 ctuum
338 2935 419 2983 est
452 2948 465 2983 :
521 2930 703 2984 saeculi
727 2940 907 2986 autem
947 2933 1166 2988 tristitia
1197 2944 1427 2990 mortem
1455 2946 1727 3007 operatur,

155 3025 353 3086 propter
380 3018 533 3089 quod
569 3030 783 3091 oportet
805 3038 929 3077 eum
972 3023 1065 3094 qui
1105 3024 1280 3095 diligit
1318 3025 1486 3080 Deum
1517 3042 1731 3097 semper

161 3108 392 3177 gaudere,
424 3112 546 3167 sine
584 3112 987 3170 intermissione
1014 3132 1173 3173 orare
1196 3158 1208 3181 ,
1250 3117 1303 3171 in
1333 3118 1585 3173 omnibus
1608 3135 1732 3190 gra-

164 3198 254 3255 tias
266 3217 439 3273 agcre,
465 3204 598 3276 quia
618 3206 873 3277 gaudium
894 3206 1107 3263 fructus
1123 3217 1206 3263 est
1229 3209 1470 3278 spiritus.
1500 3206 1732 3280 Vesper-

165 3291 358 3350 tiliones
381 3297 529 3353 circa
562 3307 765 3353 terram
797 3300 999 3367 volant,
1043 3301 1116 3356 ita
1152 3310 1211 3356 ut
1233 3303 1424 3373 pennis
1452 3318 1552 3373 pro
1580 3304 1730 3374 pedi-

162 3380 254 3439 bus
273 3395 485 3444 utantur
511 3390 733 3460 quando
760 3391 1057 3461 ambulant,
1098 3393 1241 3462 quod
1262 3392 1537 3464 indignum
1566 3402 1649 3450 est
1674 3396 1730 3450 in

166 3473 239 3529 eis
265 3479 349 3546 qui
389 3481 831 3551 contemplationi
871 3482 999 3538 dant
1037 3499 1289 3555 operam;
1326 3499 1554 3554 quorum
1584 3485 1729 3540 enim

167 3575 245 3621 est
265 3568 459 3628 volatus
482 3574 634 3629 circa
666 3582 895 3641 terram,
932 3575 1126 3630 horum
1156 3577 1316 3631 etiam
1345 3577 1730 3648 contemplatio

162 3659 520 3729 proculdubio
556 3664 611 3718 in
642 3665 878 3721 terrenis
912 3676 1226 3737 occupatur.
1257 3665 1374 3722 Non
1403 3684 1533 3739 ergo
1554 3669 1732 3723 incre-

167 3750 301 3808 dulus
322 3754 396 3811 sis
416 3772 517 3812 nec
548 3757 782 3822 dubites,
813 3759 957 3830 quod
989 3761 1154 3814 etiam
1182 3762 1299 3815 haec
1324 3777 1444 3831 quae
1470 3778 1615 3816 nunc
1647 3758 1730 3816 dl-

166 3856 431 3903 numerata
472 3855 604 3902 sunt
635 3850 891 3904 animalia
921 3853 987 3905 ad
1008 3851 1374 3906 ostensionem
1399 3852 1732 3923 figuramque

168 3945 331 3993 eorum
378 3954 411 3993 a
460 3939 659 4011 quibus
711 3941 987 3997 abstinere
1047 3943 1245 3997 debent
1293 3944 1732 4014 contemplationi

167 4038 396 4086 vacantes
446 4032 632 4101 posuit
682 4030 980 4103 legislator.
1040 4028 1165 4100 Sed,
1190 4032 1422 4103 inquies,
1455 4032 1734 4101 Quomodo

168 4116 337 4178 horum
385 4123 705 4179 animalium
744 4141 851 4180 non
883 4125 1035 4182 cibus
1089 4126 1183 4181 sed
1214 4126 1446 4182 imitatio
1483 4128 1735 4198 prohibe-

171 4216 267 4277 tur;
295 4229 393 4269 cur
413 4214 668 4285 pelicano
695 4223 752 4270 et
783 4215 1115 4286 nycticoraci
1154 4215 1322 4271 David
1358 4217 1621 4287 propheta
1648 4233 1734 4273 se-

174 4307 431 4378 metipsum
455 4307 889 4379 comparaverit,
916 4308 1101 4364 dicens
1133 4328 1147 4364 :
1180 4307 1383 4365 Similis
1415 4309 1585 4379 factus
1612 4326 1729 4363 sum

173 4394 375 4463 pelicano
413 4399 468 4453 in
497 4397 802 4464 solitudine,
828 4398 1001 4469 factus
1036 4416 1150 4453 sum
1175 4398 1311 4454 sicut
1336 4401 1639 4471 nycticoraa,
1672 4402 1728 4456 in

176 4484 404 4543 domicilio
432 4489 609 4563 (Psal.
637 4491 743 4563 c1);
776 4506 876 4563 per
898 4493 1132 4563 aquilam
1172 4500 1354 4547 autem
1402 4493 1613 4565 Moyses
1649 4494 1731 4565 ip-

176 4587 272 4631 sum
292 4579 551 4650 signiticet
584 4581 755 4637 Deum
801 4582 1068 4638 dicentem
1118 4584 1185 4638 ad
1236 4582 1421 4650 Israel,
1457 4583 1729 4650 Quomodo

175 4673 452 4736 portaverim
492 4689 586 4727 vos
620 4690 778 4744 super
831 4673 945 4730 alas
999 4676 1298 4747 aquilarum
1338 4677 1534 4751 (Exod.
1566 4676 1730 4749 xxx)?

178 4770 280 4811 nam
292 4770 341 4815 et
356 4764 635 4835 prophetae
656 4763 863 4819 leonem
890 4764 1164 4821 Christum
1189 4767 1489 4837 appellant;
1516 4767 1729 4823 leonem

178 4854 329 4906 autem
349 4867 378 4908 e
405 4854 625 4911 diverso
657 4852 850 4910 Petrus
879 4871 999 4911 esse
1027 4857 1299 4913 diabolum
1324 4856 1458 4912 dicit
1481 4872 1496 4911 :
1524 4872 1626 4912 nec
1650 4865 1730 4910 ta-

179 4950 281 4995 men
300 4948 589 5002 secundum
613 4945 718 5000 hoc
742 4945 826 5001 leo
846 4945 1095 5003 Christus
1116 4948 1413 5003 secundum
1445 4947 1586 5020 quod
1613 4947 1727 5003 dia-

183 5027 311 5087 bolus
335 5035 547 5105 dicitur,
578 5036 723 5092 absit
754 5050 787 5090 a
814 5035 992 5103 nobis,
1022 5036 1161 5092 absit
1185 5038 1289 5091 ista
1323 5037 1601 5108 impietas;
1634 5036 1729 5093 sed

183 5118 287 5183 quia
310 5123 461 5179 simul
488 5127 727 5198 regium,
754 5141 855 5182 nec
882 5140 991 5181 non
1020 5141 1184 5195 rapax
1216 5135 1377 5195 atque
1409 5127 1616 5181 immite
1645 5135 1729 5182 est

184 5209 372 5281 animal,
400 5232 633 5290 cumque
659 5218 979 5290 dignitatem
1029 5217 1374 5283 laudabilem,
1402 5219 1730 5290 vituperabi-

186 5293 273 5357 lam
295 5311 463 5365 tamen
499 5312 872 5383 operationem
906 5320 1079 5385 gerat,
1120 5311 1263 5382 quod
1299 5311 1519 5383 quidem
1545 5312 1729 5368 lauda-

188 5386 278 5448 bile
303 5396 477 5468 habet,
499 5403 687 5459 hocin
713 5400 916 5460 Christi
946 5419 1114 5474 regno
1149 5404 1432 5474 accipitur,
1465 5404 1608 5475 quod
1635 5420 1730 5459 au-

193 5484 282 5538 tem
322 5489 665 5562 vituperabile
711 5495 768 5549 in
824 5495 1055 5562 diabolo,
1088 5496 1139 5550 id
1182 5505 1287 5562 est,
1315 5497 1601 5567 rapacitas,
1629 5497 1729 5551 im-

192 5583 533 5640 mansuetudo.
584 5580 736 5655 Quod
770 5595 821 5642 et
862 5588 915 5642 in
950 5589 1125 5658 aquila
1158 5589 1584 5654 considerantes,
1610 5588 1729 5644 sine

193 5659 346 5736 anqua
382 5673 649 5736 dubietate
696 5680 996 5751 reperimus
1046 5697 1059 5737 :
1118 5688 1342 5751 prepter
1387 5679 1726 5739 altitudinem

1751 4452 1805 4514 D

1832 1838 2149 1909 prehendit;
2184 1841 2305 1910 quis
2365 1840 2665 1895 lacertam?
2695 1843 2790 1897 sed
2837 1844 2950 1898 odit
2976 1844 3102 1898 vitae
3150 1844 3419 1900 incertam

1832 1928 2184 1996 varietatem;
2228 1931 2347 2000 quis
2372 1941 2649 2001 postremo
2695 1931 2999 1989 stellionem
3024 1932 3169 1989 vesci
3206 1933 3421 2005 possit?

1834 2028 1893 2073 ut
1918 2018 2033 2074 hate
2058 2018 2144 2073 lex
2169 2036 2496 2091 magnOpere
2521 2020 2854 2093 prohiberet,
2885 2023 2978 2077 sed
2997 2022 3238 2079 maculas
3265 2036 3420 2081 men-

1834 2111 1971 2166 tium
2007 2123 2349 2178 exsecratur;
2400 2113 2523 2183 quis
2574 2115 2909 2187 accipitrem,
2938 2124 3031 2170 aut
3055 2115 3297 2183 milvum,
3326 2122 3421 2171 aut

1835 2203 2105 2275 aquilam?
2141 2205 2235 2259 sed
2264 2203 2380 2259 odit
2422 2214 2691 2276 raptores,
2718 2206 2956 2262 violento
3000 2206 3203 2262 scelere
3232 2207 3423 2262 viven-

1835 2304 1949 2360 tes;
2006 2295 2126 2364 quis
2192 2295 2493 2349 vulturem?
2546 2297 2640 2352 sed
2702 2304 3017 2352 exsecratur
3071 2296 3312 2367 praedam
3353 2296 3421 2355 de

1837 2386 2011 2441 aliena
2038 2394 2213 2441 morte
2263 2398 2590 2459 quaerentes.
2629 2388 2719 2444 Sic
2755 2397 2811 2444 et
2840 2405 2961 2444 cum
2991 2405 3212 2445 corvum
3234 2388 3419 2461 prohi-

1834 2479 1946 2544 bet,
1970 2479 2275 2535 voluntates
2298 2480 2510 2553 nigras;
2549 2498 2827 2553 passerem
2854 2498 3068 2555 quoque
3089 2485 3215 2540 dum
3240 2485 3411 2540 inter-

1837 2569 1986 2634 dicit,
2043 2570 2515 2643 intemperantiam
2578 2576 2852 2645 coarguit;
2896 2575 3112 2645 quando
3135 2584 3415 2643 noctuam,

1835 2659 1949 2714 odit
1972 2658 2237 2733 lucifugas
2266 2664 2591 2732 varietates;
2631 2665 2847 2735 quando
2878 2665 3225 2721 casandrium
3259 2665 3415 2739 [cha-

1835 2754 2161 2827 randrium],
2195 2771 2366 2827 genus
2415 2757 2595 2811 aulam
2634 2757 2796 2813 nimis
2846 2756 3095 2828 diligens,
3118 2758 3315 2830 lingua:
3338 2759 3421 2813 in-

1836 2840 2290 2909 temperantiam;
2340 2841 2555 2912 quando
2591 2858 2824 2915 cygnum
2869 2843 3123 2912 prohibet
3147 2884 3161 2908 ,
3193 2843 3420 2900 cervicis

1836 2927 1961 2984 alue
2006 2930 2311 2999 superbiam
2366 2931 2619 2997 denotat;
2672 2933 2889 3002 quando
2958 2932 3417 3005 vespertilionem,

1835 3029 2140 3089 quaerentes
2172 3020 2424 3075 tenebras
2452 3014 2649 3085 noctis,
2685 3021 2935 3076 similiter
2957 3029 3012 3077 et
3040 3034 3274 3077 errores.

1908 3110 2074 3165 Omne
2102 3110 2166 3165 de
2193 3110 2488 3166 volucribus
2517 3113 2658 3184 quod
2704 3113 2950 3184 graditur
3004 3130 3161 3185 super
3197 3123 3423 3185 quatuor

1830 3197 2005 3271 pedes,
2031 3198 2379 3272 abominabile
2417 3202 2513 3255 erit
2543 3201 2701 3256 vobis.
2729 3202 2998 3274 Quidquid
3034 3210 3208 3257 autem
3233 3201 3421 3260 ambu-

1832 3290 1908 3345 lat
1950 3291 2158 3363 quidem
2199 3310 2356 3364 super
2380 3304 2608 3366 quatuor
2645 3296 2820 3365 pedes,
2857 3296 2947 3349 sed
2993 3292 3142 3350 habet
3179 3293 3423 3367 longiora

1832 3392 1971 3437 retro
2006 3399 2187 3449 crura,
2228 3401 2322 3455 per
2375 3402 2492 3456 qua:
2535 3384 2657 3439 salit
2697 3401 2854 3457 super
2896 3394 3108 3450 terram,
3153 3385 3423 3441 comedere

1829 3474 2026 3530 debetis
2054 3492 2073 3531 :
2110 3487 2164 3530 ut
2192 3488 2265 3530 est
2290 3476 2515 3533 bruchus
2547 3479 2602 3532 in
2632 3495 2817 3551 genere
2851 3495 2969 3543 suo,
3009 3487 3214 3532 attacus
3262 3488 3417 3551 atque

1834 3568 2230 3640 ophiomachus,
2263 3587 2325 3623 ac
2356 3570 2557 3624 locusta
2578 3611 2592 3637 ,
2616 3570 2824 3641 singula
2856 3571 3018 3640 juxta
3054 3586 3215 3641 genus
3242 3585 3416 3625 suum.

1833 3656 1917 3711 Ab
1953 3658 2102 3712 omni
2138 3659 2369 3713 mundos
2395 3674 2521 3713 ecce
2542 3668 2767 3729 peccato
2794 3668 2956 3729 atque
3004 3660 3215 3714 actione
3242 3657 3420 3713 sordi-

1835 3751 1902 3806 da
1942 3766 2036 3806 eos
2066 3751 2161 3823 qui
2189 3751 2664 3821 contemplativam
2697 3751 2865 3807 vitam
2893 3752 3220 3822 pollicentur
3255 3768 3419 3824 opor-

1834 3851 1943 3909 tet;
1973 3853 2265 3916 prepterea
2293 3845 2602 3915 quicunque
2638 3845 2855 3917 quidem
2876 3844 3187 3901 volatilibus
3218 3843 3423 3901 similes

1835 3942 1961 3988 sunt
1994 3949 2375 4006 supernorum,
2397 3934 2648 3989 videlicet
2671 3935 2887 4007 assequi
2914 3935 3422 4007 contemplationem

1834 4026 2219 4105 promittentes
2241 4042 2362 4096 quae
2377 4026 2524 4082 ducit
2539 4028 2607 4082 ad
2632 4026 2829 4097 caelos;
2860 4025 2955 4083 sed
2974 4026 3253 4099 reptilibus
3277 4042 3423 4083 com-

1833 4126 2116 4189 parantur,
2147 4118 2271 4195 quia
2298 4127 2599 4190 pascuntur
2622 4126 2848 4185 terram,
2878 4125 2933 4175 et
2961 4116 3418 4189 concupiscentiis

1834 4222 2056 4279 operam
2084 4208 2239 4276 dant,
2267 4208 2479 4265 etiamsi
2507 4204 2560 4265 in
2610 4219 2845 4283 quatuor
2896 4210 3178 4271 ambulant
3229 4210 3420 4283 pedes,

1834 4296 1888 4352 id
1930 4307 2033 4366 est,
2083 4299 2187 4355 etsi
2240 4300 2606 4375 evangelicam
2649 4301 2905 4357 simulant
2952 4302 3417 4377 praedicationem,

1832 4405 1951 4461 qua:
1978 4391 2109 4448 dicit
2140 4410 2153 4445 :
2189 4388 2312 4447 Non
2334 4396 2449 4450 veni
2476 4411 2662 4449 vocare
2680 4396 2879 4466 justas,
2911 4396 3002 4449 sed
3032 4403 3326 4467 peccatores
3362 4397 3421 4453 in

1830 4486 2184 4555 paenitentiam
2240 4485 2456 4559 (Matth.
2506 4487 2614 4560 ix);
2662 4493 2718 4542 et
2752 4505 2771 4549 ί
2800 4485 2927 4541 Non
2970 4486 3161 4541 habent
3213 4502 3421 4547 necesse

1831 4577 1947 4631 sani
1976 4577 2258 4643 medicum,
2281 4578 2370 4631 sed
2392 4579 2481 4648 qui
2513 4576 2648 4631 male
2669 4576 2859 4631 habent
2891 4574 3111 4650 (Ibid.);
3144 4592 3175 4631 a
3200 4591 3308 4650 quo
3332 4577 3415 4634 la-

1835 4676 1922 4723 tro
1941 4667 2181 4724 salvatus
2207 4677 2309 4733 est,
2340 4676 2395 4723 et
2438 4667 2682 4722 adultera
2714 4665 3034 4737 iustiﬁcata.
3065 4668 3135 4726 Et
3173 4669 3266 4741 qui
3294 4670 3418 4742 plus

1835 4762 2128 4826 debebant,
2172 4760 2293 4830 plus
2324 4760 2553 4831 diligere
2584 4760 2951 4832 ignoscentem
2993 4761 3246 4818 dicuntur
3277 4780 3291 4818 :
3320 4762 3418 4820 sed

1834 4861 2019 4909 tamen
2043 4852 2171 4931 quia
2202 4867 2312 4907 non
2351 4850 2648 4906 secundum
2673 4852 2958 4909 veritatem
3005 4853 3259 4909 socialem
3294 4868 3414 4908 am-

1828 4944 2146 5017 plectuntur
2204 4942 2757 5011 vitamhabutuntur
2807 4952 2989 4999 autem
3040 4943 3415 5017 compassione

1828 5033 2235 5109 praedicationis
2271 5050 2373 5107 pro
2414 5034 2526 5090 suis
2564 5034 2949 5108 voluptatibus,
2981 5035 3243 5092 immundi
3287 5043 3414 5093 sunt

1829 5136 2001 5198 atque
2026 5127 2441 5195 abominabiles,
2463 5136 2523 5182 ut
2547 5136 2673 5199 pote
2700 5129 2791 5198 qui
2814 5130 2869 5184 in
2886 5127 2976 5184 tali
3002 5130 3412 5186 conversatione

1832 5226 1887 5272 et
1916 5219 1969 5272 in
2009 5225 2160 5272 tanta
2214 5218 2439 5275 scientia
2468 5227 2680 5290 turpem
2719 5221 3006 5290 quamdam
3038 5218 3413 5293 ingrediuntur

1834 5316 1889 5365 et
1919 5309 2250 5364 immundam
2284 5310 2469 5366 vitam.
2507 5310 2713 5381 Quibus
2746 5319 2926 5366 autem
2974 5318 3099 5365 sunt
3123 5323 3282 5363 crura
3316 5321 3412 5362 ex-

1834 5400 2061 5457 celsiora
2083 5401 2302 5473 pedum,
2356 5412 2415 5458 ut
2456 5418 2552 5474 per
2593 5420 2654 5460 ea
2701 5403 2950 5460 exsilient
2982 5418 3012 5456 a
3044 5411 3210 5465 terra,
3267 5400 3412 5458 inter

1831 5495 2031 5550 munda
2054 5504 2336 5566 prepterea
2371 5505 2663 5567 ponuntur,
2701 5497 2827 5567 quia
2865 5512 2986 5551 cum
3014 5494 3122 5548 sint
3146 5490 3199 5546 in
3221 5508 3408 5563 carne,

1830 5604 1937 5644 non
1966 5590 2261 5645 secundum
2304 5606 2525 5646 carnem
2562 5589 2814 5655 militant,
2840 5586 2934 5641 sed
2963 5600 2993 5637 a
3012 5583 3242 5641 sordidis
3266 5584 3412 5642 exsi-

1831 5679 1970 5737 liunt
2016 5682 2341 5750 actionibus,
2372 5690 2428 5740 et
2467 5679 2814 5739 szecularibus
2859 5674 3192 5749 hominibus,
3224 5685 3284 5735 ut
3313 5679 3411 5737 do-
