3936 6350
478 348 610 416 δυθ

1138 350 1504 411 B.‘RABANI
1540 348 1760 408 MAURI
1797 342 2114 403 ARCHIEP.
2157 340 2467 402 uocum.
2510 324 2795 399 eranum
2829 337 3010 397 psus
3043 338 3087 394 ι.

3664 332 3767 399 380

504 474 665 528 coam
681 468 985 536 decenne
1040 464 1355 530 instruant,’
1376 461 1797 532 permiscentur;
1850 457 1924 510 ita
1950 464 2011 510 ut
2035 462 2089 510 et
2113 464 2163 521 Α
2189 453 2424 507 emicant
2444 460 2605 521 atque
2624 451 2879 507 exsiliunt
2900 449 3065 520 biqui
3089 464 3211 504 cum
3232 451 3619 518 peccatoribus
3640 468 3769 508 cvm-

498 572 635 621 cum
661 547 927 615 adulteris
946 556 1244 626 aliquando
1268 562 1323 609 et
1344 568 1463 608 cum
1489 550 1788 622 publicanis
1816 547 2081 612 habitent,

492 662 563 714 et
584 631 769 709 nam
788 647 1080 705 imumndis
1100 660 1289 702 eorum
1302 660 1413 700 non
1439 642 1895 700 commisceantur
1921 636 2086 693 actio-

494 746 671 802 ternas
688 759 707 797 :
734 740 986 798 resiliunt
1032 739 1179 794 enim
1210 738 1279 792 ab
1304 737 1386 792 eis
1412 743 1469 790 et
1506 733 1742 800 avolant,
1764 740 1821 787 et
1848 746 1971 787 cum
1997 744 2086 785 so-

502 833 777 893 siautem
810 829 1021 901 peccati
1054 828 1317 898 ipsorum
1366 824 1655 892 refugiant,
1706 819 2086 892 peccatoribus

508 928 715 990 tanien,
741 929 802 978 ut
824 934 921 978 eos
950 936 983 976 a
1004 926 1355 990 peccatorum
1387 915 1637 972 sordibus
1662 913 1897 968 libarent
1924 916 2087 981 atque

508 1012 803 1080 revocent;
840 1013 1175 1084 plerumque
1206 1006 1546 1071 cohabitant;
1600 1004 1741 1059 sicut
1774 1002 2035 1058 Dominus
2067 1016 2082 1055 :

506 1100 1225 1177 ouipeccatumnonvfecit,
1269 1112 1360 1152 nec
1387 1097 1442 1151 in
1481 1110 1571 1149 ore
1616 1094 1730 1164 ejus
1786 1092 1939 1146 dolus
1987 1091 2088 1162 fuit

509 1199 569 1273 (Ι
594 1196 741 1257 Par.
766 1195 851 1269 tt),
881 1208 1004 1250 cum
1031 1190 1408 1264 peccatoribus
1434 1187 1750 1243 comedebat
1775 1192 1832 1239 et
1847 1183 2085 1273 bibebat,

504 1270 762 1346 domina
798 1296 911 1342 eos
956 1281 1411 1349 lnstitutioncque
1445 1276 1778 1346 ίυειίιξωιιε,
1828 1280 1889 1327 et
1904 1272 1980 1326 ad
2005 1270 2087 1327 sui

500 1384 819 1452 provocem
839 1370 1263 1435 simulationem,
1288 1367 1425 1424 nihil
1472 1378 1662 1421 eorum
1704 1360 2088 1434 ipse'lmitans,

506 1450 701 1526 iccab
722 1467 803 1522 eis
836 1463 1177 1535 nutriamus;
1232 1465 1453 1530 propter
1492 1455 1636 1525 quod
1663 1452 1921 1509 dixerunt
1956 1450 2093 1507 Can-

508 1559 622 1615 tica
658 1556 997 1613 canticorum
1032 1569 1047 1606 :
1097 1549 1234 1604 Ecce
1268 1549 1367 1602 iste
1405 1548 1544 1601 venit
1578 1542 1772 1600 saliens
1809 1544 1868 1597 in
1904 1541 2093 1595 monti-

510 1643 956 1714 “transiliens
987 1655 1145 1710 super
1176 1636 1334 1692 colles
1369 1632 1547 1708 (Cant.
1560 1632 1645 1703 ιι).

546 1738 815 1810 ..0poetet
838 1746 972 1805 ergo
997 1744 1096 1786 nos
1136 1728 1345 1783 habere
1391 1739 1557 1781 crura
1596 1720 1915 1778 sublimiora
1940 1718 2095 1790 pedi-

2184 551 2473 599 versantur
2526 543 2593 595 ad
2644 542 2897 599 solatium
2919 540 3180 610 justitiae,
3216 548 3273 595 ct
3312 555 3421 595 non
3449 540 3563 609 iam
3620 542 3769 601 locus

2184 636 2398 692 illorum
2429 633 2520 689 ille
2560 648 2682 688 esse
2714 633 3076 705 cognoscitur,
3101 632 3257 702 cujus
3282 632 3530 688 habitum
3558 635 3769 703 pridem

2184 728 2665 794 demonstrabant,
2732 740 2858 781 cum
2918 725 3315 796 quodammodo
3370 734 3770 783 venerarentur

2185 834 2323 890 quos
2365 828 2420 874 et
2447 826 2568 874 erat
2594 832 2817 873 necesse
2857 816 3077 873 salvari.
3115 815 3437 886 Ophiomaci
3467 825 3664 871 autem
3704 818 3767 872 ab

2187 910 2545 982 appellatione
2594 909 2975 964 manifestatur
3011 916 3066 962 et
3110 908 3319 973 virtus,
3372 920 3541 976 quem
3570 908 3769 964 imitati

2185 1002 2387 1058 bonum
2416 1010 2521 1066 est,
2569 1010 2625 1056 et
2675 998 3105 1070 intelligibiiibus
3150 1012 3454 1069 repugnare
3513 998 3770 1067 serpenti-

2186 1093 2288 1148 bus
2312 1111 2325 1145 :
2348 1091 2756 1147 reminiscentes
2785 1088 2927 1158 quod
2953 1105 3055 1142 non
3091 1086 3158 1142 sit
3182 1087 3328 1141 nobis
3352 1086 3665 1141 colluctatio
3685 1087 3771 1141 al-

2188 1200 2367 1239 versus
2396 1196 2605 1238 carnem
2646 1191 2695 1237 et
2736 1182 3064 1253 sanguinem,
3088 1182 3179 1237 sed
3214 1181 3467 1237 adversus

2187 1279 2237 1328 et
2266 1280 2582 1342 potestates,
2630 1271 2888 1325 adversus
2938 1270 3127 1324 mundi
3166 1278 3389 1325 tectores
3439 1271 3771 1325 tenebrarum

2189 1368 2411 1434 iturum,
2477 1371 2667 1421 contra
2732 1364 2992 1435 spiritalia
3050 1363 3297 1435 nequitia:
3360 1364 3417 1416 in
3481 1361 3771 1417 eiulatibus

2191 1456 2407 1529 (Ephes.
2436 1456 2514 1529 v1)
2550 1473 2562 1510 :
2597 1455 2654 1510 hi
2697 1463 2825 1511 sunt
2864 1454 3061 1525 quippe
3104 1450 3471 1524 intelligibiies
3495 1463 3771 1524 serpentes

2189 1559 2248 1607 et
2279 1550 2527 1605 venenati
2560 1547 2846 1603 dracones.

2265 1639 2535 1711 Quidquid
2558 1656 2624 1695 ex
2646 1636 2941 1693 volucribus
2966 1647 3197 1709 quatuor
3239 1645 3447 1692 tantum
3485 1636 3653 1692 habet
3690 1653 3769 1707 pe-

2193 1736 2285 1790 des
2295 1732 2612 1790 exsecrabile
2635 1734 2735 1787 erit
2752 1730 2916 1798 υοόὶε,
2931 1739 2980 1785 et
2991 1732 3285 1803 quicunque
3299 1729 3587 1785 morticina
3602 1744 3769 1785 carust

511 1833 643 1896 bu,
693 1842 806 1883 non
859 1822 1040 1894 qualia
1082 1820 1390 1876 Iudaeorum
1432 1815 1598 1886 pedes
1649 1812 1869 1878 habent:
1917 1812 2012 1881 qui
2038 1811 2094 1865 in
2122 1814 2171 1874 Β
2197 1827 2420 1898 tetigerit
2444 1824 2716 1897 polluitur,
2764 1834 2815 1880 et
2842 1823 3147 1878 immundus
3166 1823 3264 1877 erit
3287 1839 3452 1894 usque
3487 1823 3566 1876 ad
3612 1836 3769 1891 vespe-

514 1919 761 1989 utrisque
788 1912 1035 1983 vestigiis
1054 1909 1187 1974 suis,
1210 1908 1266 1962 in
1288 1906 1407 1975 lege
1434 1903 1687 1959 videlicet
1710 1910 1767 1956 et
1794 1899 2091 1971 prophetis,

515 2006 845 2071 mendicant,
876 2002 975 2059 sed
1002 1999 1182 2071 qualia
1213 1997 1417 2053 habent
1436 2010 1502 2050 ea
1535 2008 1656 2063 qua:
1694 1992 1949 2047 dicuntur
1970 1990 2098 2045 clie-

492 2098 695 2159 -rubin.
724 2095 803 2153 De
827 2093 1023 2164 quibus
1054 2090 1256 2145 dictum
1278 2092 1361 2141 est
1391 2103 1404 2139 :
1443 2084 1513 2139 Et
1540 2099 1699 2138 crura
1731 2096 1912 2136 eorum
1938 2094 2097 2133 crura

517 2199 680 2256 recta,
738 2196 787 2242 et
833 2183 1039 2255 pinnati
1097 2179 1250 2251 pedes
1285 2192 1465 2232 eorum
1505 2173 1720 2245 (Eaeclt.
1748 2170 1810 2241 1).
1848 2170 2014 2224 Recte
2043 2177 2098 2224 et

514 2277 965 2341 indeciimbilitcr
1005 2275 1063 2331 in
1114 2270 1442 2343 evangelicis
1487 2267 1736 2338 pedibus,
1784 2264 1852 2319 de
1900 2263 2098 2333 quibus

515 2375 723 2435 dictum
751 2378 838 2429 est
874 2387 889 2424 :
927 2366 1159 2425 Calceati
1195 2362 1347 2434 pedes
1381 2362 1439 2414 in
1483 2356 1866 2429 prwparatione
1914 2353 2097 2409 Evan-

515 2464 635 2536 gelii
683 2462 828 2534 pacis
881 2457 1099 2529 (Ep/tes.
1130 2454 1243 2525 vi);
1279 2452 1369 2507 hic
1409 2447 1656 2519 quamvis
1693 2460 1856 2515 super
1892 2453 2096 2536 terram

516 2535 779 2620 ambulet.
806 2549 1058 2623 quamvis
1098 2562 1220 2602 cum
1250 2542 1649 2614 peccatoribus,
1675 2535 2097 2608 dispensationis

516 2646 797 2718 cujusdam
843 2641 1017 2715 gratia
1055 2634 1490 2707 juvaminisque,
1535 2636 1917 2693 conversetur,
1963 2625 2096 2681 illud

515 2717 744 2808 impleas
801 2730 1151 2803 apostolicum
1184 2746 1196 2780 ;
1232 2724 1289 2780 Si
1334 2724 1448 2794 quis
1490 2739 1576 2777 vos
1610 2729 1755 2777 vocat
1802 2717 2095 2808 inﬁdelium

512 2806 822 2888 adsumam,
835 2832 882 2877 et
907 2819 1058 2877 vultis
1074 2821 1172 2884 ire,
1193 2833 1342 2871 omne
1362 2813 1500 2887 quod
1520 2812 1659 2867 vobis
1675 2809 1967 2881 appositum
1980 2806 2095 2877 fuc-

515 2922 583 2977 ῆι
608 2916 858 2973 comedite
879 2955 895 2983 ,
926 2910 1058 2967 nihil
1083 2912 1460 2979 interrogantes
1494 2912 1703 2975 propter
1722 2899 2094 2956 conscientiam

515 3007 569 3080 (Ι
592 3005 716 3063 Cor.
739 3004 816 3077 ι),
848 3013 1032 3061 tamen
1062 2998 1279 3055 volatile
1323 3000 1609 3067 permanet
1629 3001 1686 3048 et
1710 2991 1941 3047 mundus
1985 2996 2092 3055 est,

515 3100 696 3157 sciens
721 3113 752 3152 a
776 3104 926 3152 terra
975 3092 1212 3151 emicare
1238 3098 1399 3159 atque
1436 3085 1676 3151 exsilire,
1702 3093 1760 3140 et
1789 3098 1899 3138 non
1919 3080 2095 3137 adlue-

515 3203 639 3249 rcre
673 3185 1022 3247 saecularibus
1045 3180 1366 3237 actionibus.
1387 3179 1530 3233 Bene
1552 3186 1733 3231 autem
1755 3174 1944 3230 talium
1971 3172 2090 3228 ani-
2116 3167 2162 3231 C

515 3279 739 3336 malium
763 3276 930 3332 etiam
953 3270 1215 3328 vocabula
1242 3268 1466 3339 protulit
1495 3266 1791 3338 legislator,
1821 3264 2089 3320 brucbum

514 3382 572 3428 et
593 3372 883 3435 locustum,
905 3374 1145 3421 attacum
1177 3370 1340 3432 atque
1361 3359 1739 3428 ophiomacum
1780 3356 2085 3411 nominans.

514 3464 680 3536 Cujus
692 3471 874 3517 autem
889 3455 1219 3528 operationis
1233 3454 1343 3510 sint
1358 3451 1474 3507 sive
1488 3450 1723 3515 virtutis,
1738 3447 1951 3505 Nahum
1970 3460 2092 3519 pro-

512 3557 677 3628 pheta
703 3553 836 3611 satis
868 3549 1142 3621 explanat,
1196 3546 1274 3601 ait
1321 3543 1467 3600 enim
1496 3560 1509 3596 :
1558 3540 1800 3595 Brucltus
1829 3555 2089 3611 expansus

511 3656 589 3705 est
608 3655 657 3701 et
677 3642 936 3707 avolavit;
960 3638 1199 3694 custodes
1228 3636 1306 3689 tui
1331 3635 1482 3706 quasi
1503 3632 1716 3687 locusta:
1747 3631 2088 3696 locustarum,

510 3755 630 3811 qua:
675 3733 954 3791 considunt
1001 3730 1057 3783 in
1090 3727 1295 3799 sepibus
1344 3726 1400 3779 in
1447 3724 1531 3779 die
1569 3723 1785 3793 {rigoris
1814 3718 2088 3794 (Nahum,

510 3828 608 3900 tu)
654 3825 787 3883 :vel
833 3823 976 3879 sicut
1020 3818 1374 3889 Septuaginta
1421 3830 1435 3869 :
1492 3814 1749 3887 Emicavit
1786 3813 1920 3867 sicut
1958 3820 2091 3865 atte-

513 3920 630 3977 laus
666 3917 977 3972 commixtus
1007 3911 1131 3977 tibi,
1167 3912 1303 3965 sicut
1348 3907 1550 3962 locusta
1599 3920 1717 3977 quia
1771 3904 2090 3959 transcendit

514 4008 798 4064 maceriam
832 4007 887 4059 in
920 4004 1005 4057 die
1050 4002 1283 4072 frigoris.
1321 3999 1402 4053 Ex
1424 3997 1620 4069 quibus
1647 3996 1828 4052 cernis
1870 3995 1998 4065 quia
2035 4000 2092 4049 et

516 4097 561 4152 si
590 4093 973 4165 peccatoribus
1025 4090 1500 4151 commisceamur,
1550 4094 1606 4141 et
1650 4085 1695 4141 si
1748 4084 1803 4139 in
1833 4083 1920 4139 die
1969 4083 2089 4155 gelu

516 4185 631 4241 sive
665 4181 891 4253 pruinae,
922 4180 978 4235 id
1000 4186 1103 4244 est,
1125 4178 1466 4233 abundantiae
1490 4176 1699 4245 peccati
1727 4189 1741 4228 :
1772 4171 1905 4229 Cum
1929 4175 2087 4240 enim,

516 4273 724 4345 inquit,
784 4269 1124 4326 abundaverit
1171 4276 1460 4339 peccatum,
1514 4266 1809 4335 refrigescet
1858 4264 2089 4317 charitas

513 4367 837 4431 multorum,
886 4359 1253 4418 transiliamus
1286 4358 1602 4423 maceriam,
1645 4358 1919 4427 spinosam
1944 4357 2091 4412 vide-

513 4458 641 4516 licet
688 4462 1039 4529 peccatorum
1080 4449 1570 4513 coacervationem,
1608 4462 1717 4502 non
1752 4446 1957 4503 similes
2008 4448 2089 4503 ef-

512 4549 643 4606 fecti
676 4521 791 4613 eis,
839 4544 936 4602 sed
990 4541 1341 4611 subjicientes
1377 4553 1472 4595 eos
1508 4538 1683 4604 nobis,
1718 4544 1780 4591 ut
1818 4535 1949 4591 ﬁant
1991 4537 2087 4593 do-
2112 4521 2167 4581 D

512 4640 703 4698 ctrina:
726 4636 1061 4703 obedientes,
1090 4642 1278 4704 aperte
1322 4630 1596 4687 salvamus
1628 4636 1684 4685 et
1734 4629 2083 4686 salvabimur.

514 4732 669 4790 Unde
691 4730 770 4785 ait
798 4727 997 4785 Paulus
1022 4741 1038 4781 :
1067 4725 1267 4781 Factus
1288 4739 1403 4780 sum
1425 4721 1632 4779 Iudicis
1661 4723 1797 4778 sicut
1827 4721 2086 4787 ludwus;

513 4825 595 4879 his
605 4823 697 4893 qui
718 4820 814 4877 sub
833 4818 941 4890 lege
964 4818 1273 4889 sunt,quasi
1288 4815 1383 4871 sub
1398 4814 1508 4885 lege
1528 4831 1715 4880 essent,
1730 4831 1849 4870 cum
1870 4815 1979 4885 ipse
1990 4812 2087 4868 sub

514 4913 623 4985 lege
650 4928 756 4967 non
771 4925 969 4972 essem;
991 4909 1071 4963 his
1099 4910 1190 4978 qui
1217 4909 1329 4962 sine
1354 4907 1462 4978 lege
1488 4916 1632 4973 sunt,
1662 4907 1815 4978 quasi
1844 4906 1955 4962 sine
1978 4904 2089 4976 lege

512 5018 697 5068 essen,
714 5017 832 5055 cum
851 4999 958 5070 ipse
971 4999 1084 5052 sine
1116 4996 1223 5066 lege
1237 4996 1337 5051 Dei
1362 5014 1468 5052 non
1483 5012 1671 5062 essem,
1694 4997 1787 5052 sed
1803 4996 1897 5051 sub
1925 4995 2088 5067 legem

512 5109 625 5150 esse
644 5089 1126 5148 Christimmnibus
1149 5087 1323 5143 omnia
1348 5088 1520 5157 factus
1548 5104 1687 5155 sum,
1720 5096 1776 5141 ut
1800 5103 1977 5142 omnes
2006 5086 2091 5141 lu-

514 5186 819 5257 crifacerem
844 5180 897 5254 (Ι
927 5180 1048 5237 Cor.
1090 5178 1189 5252 ix).
1224 5178 1330 5236 Sed
1356 5189 1539 5235 tamen
1574 5180 1631 5235 in
1654 5194 1861 5236 morem
1895 5179 2090 5235 bruchi

512 5278 774 5350 impetum
794 5274 974 5331 facere
997 5281 1052 5328 et
1072 5272 1288 5329 evolare
1317 5287 1540 5329 necesse
1564 5273 1846 5339 habemus,
1861 5278 1921 5327 ut
1949 5271 2090 5327 sicut

511 5370 720 5431 locusta
740 5370 854 5426 sive
886 5377 1097 5424 attacus
1117 5381 1237 5422 esse
1265 5366 1358 5435 qui
1391 5379 1489 5433 pro
1514 5362 1824 5432 hujusmodi
1847 5369 2089 5417 attacum

512 5462 719 5529 dicunt,
752 5459 971 5516 exsilire
994 5458 1265 5528 possimus
1291 5464 1348 5510 et
1374 5453 1610 5509 emicare
1644 5472 1657 5505 :
1693 5454 1770 5509 sic
1799 5454 1946 5508 enim
1965 5461 2089 5522 apte

514 5554 817 5621 conveniet,
846 5553 991 5625 quod
1019 5552 1076 5605 in
1127 5550 1319 5607 eodem
1351 5548 1615 5619 propheta
1666 5548 1910 5616 sequitur
1949 5565 1962 5600 :
1993 5545 2088 5600 Sol

516 5652 662 5698 ortus
691 5654 740 5698 et
765 5643 992 5698 elevatus
1020 5651 1118 5708 est,
1144 5652 1192 5696 et
1240 5656 1344 5695 non
1382 5649 1455 5693 est
1487 5640 1721 5693 iuventus
1756 5639 1901 5694 locus
1930 5639 2043 5709 ejus
2065 5651 2085 5690 :

518 5733 773 5803 quoniam
795 5744 916 5792 orto
934 5732 1158 5806 iustitiae
1186 5732 1303 5790 sole
1329 5733 1421 5804 qui
1458 5730 1729 5787 ilitnninat
1755 5731 2086 5798 abscondita,

2196 1930 2346 1981 rum;
2380 1916 2502 1969 etsi
2540 1930 2746 1969 necesse
2773 1912 2951 1981 fuerit,
2980 1920 3036 1966 ut
3066 1920 3233 1983 portet
3267 1911 3545 1983 quidpiam
3592 1912 3765 1967 horest

2196 2014 2483 2071 mortuum,
2532 2003 2727 2059 lavabit
2750 2002 3054 2058 vestimenta
3100 2018 3222 2068 sua,
3252 2012 3301 2056 et
3342 2001 3659 2056 immundus
3684 2004 3767 2056 erit

2196 2114 2357 2168 usque
2376 2097 2445 2151 ad
2466 2096 2591 2151 solis
2615 2111 2878 2150 occasum.
2912 2092 3078 2149 Omne
3097 2093 3297 2148 animal
3319 2093 3461 2164 quod
3490 2094 3652 2147 liabet
3672 2094 3768 2165 qui.

2196 2192 2315 2246 dem
2344 2189 2616 2260 ungulam,
2642 2187 2733 2242 sed
2763 2204 2867 2242 non
2891 2186 3073 2240 dividit
3113 2202 3251 2250 eam,
3282 2201 3374 2239 nec
3401 2185 3668 2261 ruminat,
3687 2185 3767 2238 in-

2195 2283 2448 2338 mundum
2473 2283 2588 2347 erit,
2618 2290 2667 2334 et
2710 2277 2962 2351 quidquid
2992 2277 3233 2347 tetigerit,
3269 2275 3403 2330 illud
3447 2276 3768 2330 contamin-

2196 2374 2355 2428 bitur.
2390 2372 2499 2444 (Ea:
2548 2369 2855 2441 Hesychia.)
2884 2368 3041 2436 Quod
3073 2366 3285 2438 reptiiia
3320 2366 3633 2423 volatilium
3662 2380 3769 2439 qu

2195 2464 2250 2520 in
2278 2471 2513 2534 quatuor
2538 2462 2817 2517 ambulant
2838 2460 3022 2532 pedes,
3051 2475 3146 2516 eos
3172 2459 3266 2530 qui
3291 2458 3601 2515 abutuntur
3626 2475 3770 2515 evan-

2196 2556 2425 2629 gelicam
2447 2556 2638 2620 vitam,
2678 2561 2735 2609 et
2757 2554 2929 2608 vitam
2959 2559 3239 2608 sectantur
3268 2552 3549 2609 sordidam
3591 2561 3652 2608 et
3676 2554 3769 2609 im-

2196 2646 2455 2702 mundam
2483 2644 2808 2716 signiﬁcent.
2838 2642 3090 2698 Dividere
3112 2651 3297 2699 autem
3327 2642 3617 2715 ungulam,
3644 2645 3771 2698 sicut

2197 2739 2288 2795 hic
2323 2736 2675 2808 Septuaginta
2724 2735 2931 2801 dicunt,
2960 2735 3056 2791 sed
3106 2751 3214 2791 non
3262 2736 3565 2801 ruminare,
3601 2736 3661 2790 id
3702 2744 3771 2792 est

2194 2831 2370 2904 legem
2391 2830 2847 2902 quemadmodum
2874 2836 3088 2899 oportet
3129 2828 3403 2895 meditari,
3430 2838 3491 2884 et
3539 2827 3769 2884 litteram

2197 2923 2436 2979 dividere
2490 2922 2558 2976 ab
2590 2922 2806 2991 spiritu,
2857 2921 2951 2977 sed
2988 2936 3097 2976 non
3134 2936 3200 2976 ea
3230 2936 3351 2990 qua:
3375 2921 3430 2976 in
3471 2934 3535 2975 ea
3568 2922 3767 2991 scripta

2195 3021 2321 3070 sunt
2344 3012 2579 3082 operari,
2608 3026 2783 3081 neque
2810 3011 2886 3065 ita
2918 3011 3230 3066 conversari
3259 3011 3315 3064 in
3341 3010 3770 3080 praecedentibus

2197 3104 2567 3168 ostendimus;
2624 3102 2767 3157 unde
2808 3101 3118 3157 necessarie
3160 3114 3349 3155 eorum
3387 3101 3705 3167 morticina,
3728 3101 3773 3157 id

2193 3203 2296 3262 est,
2334 3195 2572 3251 actiones
2598 3193 2655 3248 in
2693 3193 2891 3263 quibus
2912 3193 3124 3263 peccati
3153 3200 3330 3249 morte
3362 3192 3669 3259 intereunt,
3704 3192 3771 3247 ius

2192 3301 2321 3358 gere
2367 3285 2640 3357 praecepit,
2688 3291 2745 3340 et
2785 3283 2930 3339 nullo
2968 3284 3129 3339 modo
3183 3283 3502 3356 participari
3553 3285 3772 3349 talibus,

2192 3394 2293 3434 nec
2313 3380 2629 3450 contingam
2657 3393 2756 3443 ea;
2788 3392 2896 3432 non
2928 3376 3103 3433 solum
3133 3388 3319 3433 autem
3340 3385 3663 3450 tangentes,
3692 3379 3773 3435 sed

2191 3476 2247 3524 et
2270 3476 2548 3539 portantes
2574 3475 2667 3523 aut
2691 3467 3024 3538 accipientes
3066 3466 3344 3539 quidpiam
3382 3482 3448 3524 ex
3476 3468 3558 3525 eis
3588 3469 3775 3540 pollui-

2192 3575 2335 3615 mur.
2365 3560 2553 3615 Portat
2580 3564 2760 3613 autem
2778 3567 3023 3630 peccata,
3053 3559 3143 3627 qui
3170 3558 3301 3614 dicit
3321 3559 3521 3615 malum
3546 3559 3771 3627 bonum,

2190 3661 2247 3707 et
2291 3666 2537 3706 amarum
2569 3650 2748 3717 dulce,
2789 3658 2844 3705 et
2880 3650 3131 3705 tenebras
3159 3649 3337 3707 lucem
3378 3654 3565 3722 :quod
3611 3653 3763 3710 lsaie

2191 3743 2468 3813 prophetae
2522 3740 2932 3812 reprelienditur
2975 3757 3141 3807 voce,
3183 3744 3310 3813 quia
3343 3758 3440 3814 per
3487 3744 3591 3800 hoc
3622 3762 3775 3804 excr-

2195 3849 2326 3889 cens
2354 3833 2520 3888 alium
2567 3833 2636 3889 ad
2661 3832 3024 3901 iniquitatem,
3050 3842 3106 3889 ct
3132 3834 3370 3905 invitans
3395 3836 3462 3891 ad
3485 3837 3723 3905 malum,
3745 3854 3773 3894 ι

2192 3941 2301 3997 quo
2357 3924 2646 3995 prohibere
2694 3899 2989 3991 debuerat,
3037 3940 3202 3996 super
3247 3899 3596 3998 semetipsum
3652 3899 3775 4001 quo-

2191 4015 2478 4072 dammodo
2503 4016 2730 4086 suscipit
2741 4015 2931 4089 jugum
2959 4015 3095 4087 (Isa.
3123 4016 3202 4087 v).
3240 4016 3361 4072 Non
3387 4026 3570 4074 autem
3612 4035 3775 4092 operb

2193 4114 2274 4163 tet
2326 4107 2633 4176 quempiam
2687 4116 2968 4177 peccatum
3022 4106 3248 4164 alterius
3310 4108 3367 4164 in
3421 4111 3772 4182 semetipsum

2192 4197 2509 4254 transferre.
2551 4196 2632 4252 0b
2662 4198 2767 4253 hoc
2796 4197 2939 4253 enim
2967 4206 3022 4251 et
3047 4197 3218 4252 David
3242 4198 3319 4252 ait
3350 4214 3363 4251 :
3396 4197 3467 4252 Et
3490 4199 3557 4253 ab
3585 4199 3773 4256 alienis

2190 4306 2345 4360 parce
2395 4305 2542 4344 servo
2575 4298 2665 4343 tuo
2717 4285 2900 4360 (Psul.
2947 4287 3125 4360 xviii).
3174 4286 3233 4344 Si
3280 4288 3429 4344 enim
3472 4289 3773 4349 alienorum

2190 4383 2486 4454 participes
2534 4380 2835 4437 elﬁciamur
2867 4390 3248 4452 peccatorum,
3303 4381 3569 4438 immundi
3598 4399 3773 4455 usque

2190 4476 2259 4531 ad
2283 4490 2566 4546 vesperam
2580 4490 2983 4546 permanemus.
2998 4476 3051 4531 id
3067 4483 3170 4541 est,
3189 4490 3362 4545 usque
3390 4475 3518 4532 dum
3550 4492 3772 4548 agamus

2190 4566 2589 4636 paenitentiam,
2619 4567 2762 4621 banc
2782 4566 2930 4621 enim
2967 4578 3253 4638 vesperam
3302 4564 3479 4622 David
3528 4569 3654 4623 ait:
3694 4568 3775 4624 Ad

2191 4670 2453 4727 vesperam
2504 4656 2862 4711 demorabitur
2885 4658 3062 4727 ﬂetus,
3111 4665 3161 4712 et
3207 4657 3279 4711 ad
3324 4659 3643 4714 matutinum
3690 4660 3777 4717 lir-

2191 4749 2331 4802 tilia.
2380 4746 2674 4819 Propterea
2709 4748 2875 4804 lavari
2918 4762 3133 4818 quoque
3178 4747 3509 4805 vestimenta
3559 4750 3773 4821 legisla—

2192 4846 2280 4893 tor
2315 4838 2603 4908 praecepit,
2654 4847 2840 4909 aperte
2885 4839 3264 4896 demonstrans
3313 4841 3459 4911 quod
3510 4840 3774 4899 immundi

2192 4928 2362 4985 simus
2421 4943 2594 4999 usque
2642 4928 2772 4985 dum
2818 4930 3060 4987 actiones
3108 4937 3322 4987 nostras
3384 4932 3643 5006 lacrymis
3698 4934 3776 4992 di-

2192 5020 2421 5076 luamus.

2820 5090 3048 5149 CAPUT
3080 5093 3145 5149 Ii.

2429 5180 2508 5236 De
2545 5180 2892 5237 immunditiis
2929 5185 3223 5240 morticina:
3261 5185 3534 5241 animalis.

2264 5275 2477 5349 (istm)
2528 5277 2682 5344 Quod
2744 5278 2980 5333 ambulat
3033 5296 3194 5352 super
3234 5296 3423 5337 manus
3466 5297 3533 5337 ea:
3572 5284 3777 5338 caudis

2193 5370 2549 5425 animantibus
2572 5388 2690 5441 qua:
2714 5372 2961 5426 incedunt
2995 5373 3394 5444 quadrupedia,
3440 5374 3778 5431 immundum

2190 5462 2324 5527 erit;
2351 5462 2440 5532 qui
2467 5464 2689 5532 tetigerit
2716 5464 2994 5517 morticina
3031 5468 3211 5519 eorum
3248 5464 3482 5536 pollutus
3511 5482 3679 5538 usque
3706 5467 3777 5522 ad

2191 5569 2490 5623 vesperam;
2530 5562 2579 5606 et
2622 5555 2712 5622 qui
2742 5554 3026 5623 portaverit
3076 5555 3440 5625 hujuscemodi
3486 5555 3774 5620 arderent,

2192 5639 2385 5695 lavabit
2436 5643 2737 5698 vestimenta
2766 5658 2883 5707 sua,
2920 5652 2968 5696 et
2998 5643 3301 5698 immundus
3343 5644 3444 5697 erit
3488 5660 3657 5716 usque
3706 5646 3775 5699 ad

2192 5751 2457 5803 vesperam
2484 5750 2501 5789 :
2529 5734 2654 5805 quia
2682 5736 2856 5806 omnia
2876 5734 3283 5809 haecimmunda
3310 5742 3433 5790 sunt
3460 5736 3631 5794 vobis.
3661 5735 3775 5809 (Eu
