3936 6350
146 340 249 399 εσυ

1040 336 1543 398 EXPOSI‘HONES
1583 340 1655 397 IN
1695 339 2091 402 ιΕγιἸιευδι,
2132 376 2204 389 -—-—
2234 346 2364 404 LIII.
2403 348 2489 408 ill.

3283 360 3395 425 57.0

146 459 449 530 probantur,
476 453 531 511 id
556 460 660 521 est,
681 455 953 527 quia'lpsa
976 456 1195 526 quidem
1218 457 1521 513 substantia
1542 470 1708 530 gene-
1732 457 1789 518 Α
1811 456 1880 515 de
1905 462 2109 518 sanctis
2153 466 2476 534 prohibere;
2519 480 2651 543 ergo
2684 472 3045 535 manifestata
3071 470 3401 551 eumenen;-

147 551 216 607 ris
243 548 453 605 humani
474 549 673 603 munda
699 557 806 616 est,
833 549 976 605 sicut
1001 565 1033 606 a
1060 550 1170 606 Deo
1192 556 1399 607 creata.

208 638 391 698 Omnia
419 642 563 697 enim
591 656 714 712 qua:
738 640 869 698 fecit
893 642 1055 707 Deus,
1081 640 1224 697 bona
1242 640 1422 707 valde,
1447 648 1501 696 et
1532 641 1707 699 multo

145 732 302 803 magis
332 732 523 797 homo;
556 740 781 804 propter
798 732 942 804 quod
982 731 1081 798 ait,
1107 733 1165 787 in
1195 732 1458 801 sanguine
1478 732 1705 799 mundo,

144 824 249 879 sive
271 822 661 892 puriﬁeationis
687 823 971 881 mulierem
998 825 1209 881 sedero.
1236 823 1373 892 Quia
1399 831 1580 883 autem
1608 838 1706 894 per

143 913 522 970 successionem
548 912 679 969 Adae
707 914 1155 986 transgredientis
1185 914 1346 970 laesus
1372 921 1491 979 est,
1514 927 1709 969 neces-

143 1003 371 1073 sarieque
392 1017 581 1059 semen
603 1004 864 1073 suscepit,
890 1012 947 1060 et
971 1004 1238 1074 concepit,
1270 1018 1435 1060 omne
1454 1012 1704 1059 sancti-rt

143 1108 237 1151 non
262 1094 446 1165 tangit,
471 1104 529 1151 et
554 1096 611 1151 in
636 1096 947 1152 sanctuario
984 1108 1095 1152 non
1134 1093 1501 1168 ingredietur,
1524 1109 1701 1165 usque

142 1184 254 1239 dum
290 1186 666 1256 cotupleantur
714 1186 835 1243 dies
883 1186 1281 1258 puriﬁcationis
1329 1186 1468 1258 ejus,
1511 1186 1567 1241 id
1594 1193 1703 1252 est,

140 1288 297 1345 usque
316 1275 444 1329 dum
470 1275 843 1345 compleantur
863 1276 981 1333 dies
997 1279 1380 1350 quadraginta,
1419 1279 1475 1334 in
1505 1276 1705 1349 quibus

138 1378 258 1434 puer
280 1362 546 1419 t‘ormatur
575 1383 588 1419 :
616 1364 733 1436 ipsa
756 1367 959 1437 quippe
976 1367 1154 1440 imago
1179 1368 1299 1434 Dei,
1314 1368 1597 1424 mundatio
1617 1375 1704 1424 est

137 1462 325 1510 natura
352 1461 579 1530 nostrae,
607 1461 858 1526 quamvis
878 1456 1043 1514 fuerit
1064 1459 1364 1517 sordidata.
1410 1459 1555 1530 Ergo
1594 1473 1696 1515 ne-

136 1558 384 1616 quaquam
414 1528 627 1617 ingredi
652 1547 708 1602 in
731 1549 1119 1616 sanctuarium,
1144 1566 1244 1609 nec
1264 1565 1430 1606 omne
1451 1558 1702 1606 sanctum

136 1644 335 1707 tangere
374 1639 637 1709 praecepti
688 1637 989 1709 fueramus,
1020 1643 1125 1699 nisi
1166 1643 1348 1715 imago
1386 1642 1485 1699 Dei
1531 1640 1703 1699 semel

134 1733 297 1781 nostro
317 1725 518 1781 donata
545 1730 731 1799 generi
750 1771 764 1797 ,
793 1740 1106 1789 sanctorum
1152 1735 1308 1793 nobis
1348 1735 1701 1806 praestitisset

133 1816 434 1887 ingressum,
460 1825 683 1889 prepter
708 1837 875 1891 quam
919 1825 1271 1893 salvandam,
1313 1802 1431 1897 ipse
1476 1840 1694 1897 quoque
1722 1802 1773 1864 Β

134 1903 422 1963 incarnatus
442 1919 530 1965 est
555 1910 836 1980 Dominus,
860 1929 1016 1972 suam
1037 1918 1329 1988 imaginem
1351 1920 1566 1978 salvere
1593 1937 1692 1979 vo-

131 1994 258 2063 lens;
280 1998 369 2055 sed
391 1998 455 2054 in
487 2002 846 2074 quadraginta
884 2005 1077 2063 diebus
1100 2009 1169 2065 ad
1194 2010 1393 2067 emtum
1413 2026 1538 2069 eam
1567 2028 1689 2071 sus-

131 2086 262 2154 tulit,
296 2092 601 2148 secundum
642 2095 788 2164 quod
830 2111 951 2155 eam
992 2099 1269 2157 hominem
1305 2103 1584 2173 plasmaus
1630 2107 1688 2163 in

130 2175 270 2232 vulva
301 2178 501 2247 donat;
542 2189 601 2238 et
630 2190 757 2241 tunc
782 2184 852 2241 ad
877 2201 1064 2244 verum
1092 2192 1463 2251 sanctuarium
1491 2204 1693 2253 natura

130 2274 291 2321 nostra
319 2269 648 2341 ingreditur.
1292 2298 1299 2305 '

177 2353 365 2435 [tperte
382 2368 573 2416 autem
598 2361 717 2420 haec
738 2367 1038 2435 probantur
1057 2385 1154 2442 per
1166 2385 1233 2433 ea
1255 2388 1377 2445 quae
1393 2376 1462 2433 de
1486 2390 1693 2449 genere

124 2440 335 2502 femineo
356 2450 703 2509 sanciantur.
723 2454 861 2523 Quia
893 2460 1040 2515 enim
1058 2440 1407 2536 octogesima
1448 2466 1539 2525 die
1564 2467 1682 2527 for—
1708 2522 1715 2523 ,

123 2535 243 2589 mari
263 2537 315 2591 in
336 2547 499 2595 utero
520 2539 730 2599 feminae
749 2545 1024 2616 dicuntur,
1043 2535 1374 2612 tantumdem
1397 2574 1681 2616 numerum

119 2622 179 2676 ad
226 2624 590 2698 impletionem
633 2633 845 2692 dierum
880 2640 1274 2709 puriﬁcationis
1321 2663 1511 2705 earum
1557 2666 1679 2723 qua:

116 2730 286 2774 semen
316 2724 613 2794 suscipiunt
636 2732 923 2802 praecepit,
952 2735 1028 2790 ait
1053 2736 1199 2794 enim
1235 2740 1314 2795 sic
1354 2760 1368 2797 :
1411 2740 1474 2798 Si
1519 2742 1677 2814 femi-

117 2821 224 2861 nam
255 2816 529 2882 pepererit,
557 2817 828 2876 immunda
853 2825 950 2879 erit
993 2825 1197 2883 duabus
1243 2830 1673 2902 hebdomadibus,

112 2896 250 2965 iuxta
276 2904 429 2959 n'tum
455 2908 635 2976 ﬂuxus
669 2917 944 2969 menstrui.
975 2916 1043 2972 Et
1070 2934 1196 2975 cum
1229 2934 1504 2993 oporteret
1542 2940 1674 2996 qua-

113 2989 385 3048 tuordecim
414 2995 625 3065 dicere,
650 3015 759 3056 non
787 3002 868 3059 sic
902 3004 1054 3071 dicit,
1077 3007 1175 3063 sed
1220 2989 1430 3068 duabus
1472 2989 1674 3071 hebdo-

113 3080 533 3155 madibus,juxta
563 3090 726 3147 ritum
748 3091 925 3152 ﬂuxus
948 3100 1244 3168 menstrui;
1282 3112 1504 3175 propter
1525 3108 1673 3176 quod
1695 3156 1742 3221 Ο

113 3168 169 3221 ad
189 3171 325 3221 illum
366 3193 475 3221 nm
513 3184 833 3221 ίηηαπιίηἰι
872 3201 1089 3221 conc-um
1138 3191 1191 3221 ιιι
1231 3200 1310 3221 ι...
1371 3204 1427 3221 ..ι
1484 3196 1537 3221 ε...
1583 3213 1639 3221 μ

113 3168 169 3223 ad
189 3171 325 3231 illum
365 3193 475 3233 nos
513 3184 834 3240 transmittit
871 3201 1108 3253 sensum,
1138 3191 1194 3246 id
1230 3168 1344 3259 est,
1371 3168 1434 3250 ut
1484 3168 1668 3253 in-se-

109 3263 236 3326 ptem
265 3264 484 3333 quidem
526 3268 716 3327 diebus
762 3287 883 3330 esse
928 3276 1218 3334 humanam
1272 3283 1463 3350 vitam,
1494 3284 1670 3362 ﬂuxus

118 3356 273 3406 autem
299 3366 616 3416 menstruus
645 3360 990 3422 alllictionem
1016 3368 1135 3441 ejus
1153 3378 1208 3426 et
1234 3371 1474 3431 dolorem
1493 3385 1551 3433 et
1569 3356 1671 3433 mi-

113 3445 284 3503 seriam
313 3450 697 3526 intelligamus.

173 3536 301 3594 Dixit
321 3552 503 3599 autem
531 3548 734 3605 duabus
756 3551 1186 3614 hebdomadibus.
1218 3560 1550 3636 Recte,quia
1571 3566 1669 3622 du-

111 3624 181 3692 plo
202 3643 363 3700 genus
401 3635 671 3694 muliebre
705 3641 1019 3701 mulctatqu
1061 3656 1164 3703 est.
1207 3624 1569 3711 Habet-enim
1613 3665 1668 3713 et

111 3729 209 3771 cuin
259 3720 433 3778 Adam
490 3726 919 3789 maledictionem
952 3752 966 3789 :
1001 3737 1054 3791 iu
1103 3740 1301 3798 sudore
1355 3745 1530 3803 vultus
1582 3749 1667 3805 sui

111 3807 414 3867 nlauducans
436 3828 630 3881 panem
654 3834 844 3886 suum;
880 3825 1042 3881 habet
1060 3829 1224 3885 etiam
1245 3833 1415 3905 ipsam
1440 3845 1665 3907 terram,

109 3896 259 3963 spinas
283 3910 341 3954 et
369 3902 600 3960 tribulos
624 3911 1037 3981 germinantem,
1065 3934 1185 3987 quae
1230 3938 1355 3978 cum
1403 3942 1470 3982 ex
1516 3938 1666 3989 terra

109 3995 198 4040 orta
222 3989 295 4043 sit
321 3989 377 4044 in
409 3998 557 4046 terra
583 3999 905 4066 revertitur;
930 4004 1092 4063 habet
1115 4009 1278 4065 etiam
1299 4028 1518 4083 poenam
1541 4035 1666 4090 spe-

107 4074 264 4133 cialem
293 4097 309 4134 :
349 4079 423 4135 In
460 4084 675 4141 tristitia
719 4093 896 4160 paries
935 4095 1099 4165 ﬁlios,
1122 4110 1171 4155 et
1198 4103 1270 4157 ad
1299 4074 1477 4162 pirum
1515 4074 1663 4171 tuum

106 4171 338 4225 conversio
382 4182 503 4239 tua,
541 4186 590 4230 et
611 4177 722 4248 ipse
756 4183 835 4235 lui
853 4184 1232 4246 dominabitur.
1256 4194 1323 4251 Et
1343 4210 1657 4272 propterea,

101 4253 310 4325 Duobus,
340 4263 537 4332 inquit,
584 4266 994 4331 hebdomadibus
1038 4280 1310 4339 immunda
1343 4253 1469 4356 erit:

106 4347 236 4403 ritum
262 4354 439 4421 ﬂuxus
466 4361 722 4415 menstrui
748 4377 769 4415 :
789 4367 1061 4438 sexaginta
1083 4362 1258 4429 autem
1282 4387 1332 4432 et
1352 4396 1446 4437 sea:
1470 4383 1654 4441 diebus

104 4435 149 4488 in
191 4457 434 4514 sanguine
480 4451 710 4518 mundo,
738 4453 790 4508 id
827 4435 942 4525 est,
982 4463 1394 4538 puriﬁcationis,
1433 4475 1647 4544 sedebit,

105 4538 257 4583 sancta
299 4549 403 4588 non
449 4546 692 4608 tangens,
736 4559 900 4615 usque
951 4548 1075 4604 dum
1131 4556 1491 4626 compleantur
1536 4565 1648 4635 dies

104 4620 386 4688 octuaginta.
431 4624 678 4692 Quatuor
705 4632 849 4689 enim
875 4645 930 4692 et
959 4639 1145 4697 decem
1175 4620 1339 4716 super
1364 4630 1645 4724 sexaginta

104 4715 179 4757 sex
197 4709 387 4778 addita,
409 4720 721 4789 octuaginta
761 4723 981 4792 faciunt,
1017 4729 1071 4784 in
1111 4709 1306 4803 quibus
1334 4709 1533 4798 femina

72 4787 228 4852 'utero
252 4800 535 4863 formatur.
568 4809 710 4882 Ergo
734 4815 853 4870 sine
878 4817 1055 4890 aliqua
1093 4822 1430 4885 dubitatione
1475 4832 1635 4905 legis-

102 4880 211 4905 L..-m
306 4904 311 4905 γ
408 4898 441 4905 --
598 4901 611 4905 Α
682 4904 689 4905 ί

102 4880 215 4940 lator
242 4898 488 4966 ostendit,
518 4880 1012 4970 quiavimmnndnt-n
1052 4912 1194 4969 facto
1216 4919 1509 5003 maledicto
1528 4880 1638 4982 ῖιο-

103 4980 244 5003 ψη*
276 4998 327 5003 μ
376 5002 381 5003 ί
843 4996 855 5003 .

102 4980 245 5032 Situm
272 4998 439 5053 genus
467 5004 811 5063 nequaquam
842 4996 1067 5055 intraret
1090 5003 1145 5059 in
1168 5009 1389 5079 sanctis,
1413 4983 1515 5070 nisi
1540 5032 1640 5086 per

103 5058 348 5134 imaginem
376 5076 492 5142 Dei,
522 5058 684 5148 quani
720 5085 887 5139 semel
917 5090 1168 5147 sortitum
1193 5104 1297 5163 est,
1320 5058 1638 5174 et,proptler-

101 5166 150 5207 ea
175 5165 521 5237 suscipientes.
548 5188 732 5231 semen
772 5178 1029 5237 mulieres
1073 5184 1262 5241 diebus
1302 5188 1636 5257 formationis

101 5246 441 5351 patientiorem
467 5262 814 5331 parvulorum
840 5268 906 5323 de
917 5272 1121 5328 sanctis
1134 5284 1401 5334 vetantur.
1419 5282 1568 5351 Quod
1585 5290 1635 5346 si

101 5327 240 5435 dicis:
264 5327 618 5408 Quamobrem
648 5367 754 5425 non
784 5359 958 5427 magis
980 5360 1033 5415 in
1058 5371 1212 5420 utero
1240 5327 1500 5430 habeuiizs
1520 5377 1633 5435 die-

101 5418 183 5477 bus
207 5426 529 5495 formationis
552 5441 619 5497 de
640 5421 845 5502 sanctis
869 5418 1074 5507 matres
1087 5458 1478 5524 prohibentur?
1496 5466 1633 5526 Fru-

99 5516 191 5565 stra
204 5515 295 5575 hoc
311 5523 631 5600 interrogas.
654 5531 924 5592 incertum
940 5547 1024 5595 est
1041 5515 1184 5599 enim
1199 5547 1248 5602 ei
1271 5515 1629 5626 quae—gravida

100 5607 255 5661 utrum
293 5629 497 5673 marem
525 5634 618 5676 seu
656 5622 915 5684 feminam
942 5634 1183 5702 paritura
1230 5650 1341 5711 est,
1387 5607 1442 5702 ei
1486 5651 1629 5709 unde

100 5696 405 5766 mutatum
432 5725 556 5770 esse
581 5724 797 5787 poterat
820 5696 960 5793 quot
976 5724 1166 5789 diebus
1191 5696 1474 5805 operiebat
1504 5759 1623 5802 eam

1808 565 1909 621 pro
1933 567 2039 623 qua
2086 554 2204 613 hac
2241 556 2519 627 legislator
2571 562 2628 617 in
2673 563 2783 620 illis
2824 567 3129 639 disposuit:
3154 572 3405 647 Cumque'

1806 640 1996 713 caput;
2025 644 2221 714 fuerint
2250 647 2362 704 dies
2388 653 2721 723 purgationis
2749 654 2882 726 ejus,
2911 670 3006 729 pro
3024 658 3138 729 ﬁlio
3160 660 3267 720 sive
3289 640 3401 737 ῥω-

1803 731 1943 801 filia,
1969 734 2167 805 deferet
2194 754 2391 808 agnum
2433 743 2741 800 annicutum
2785 747 2841 803 in
2887 748 3251 809 holocaustum
3269 731 3301 821 ,ί
3335 752 3403 814 et”

1803 823 2007 895 pullum
2031 826 2307 898 colunzbm,
2327 833 2439 888 sire
2455 844 2711 892 turturem
2726 840 2825 910 pro
2842 850 3076 912 peccato,
3102 845 3174 901 ad
3186 826 3399 907 ostiumI

1804 913 2132 972 tabernaculi
2154 921 2455 990 testimonii,
2487 934 2536 980 et
2563 928 2734 984 tradet
2770 934 3054 1002 sacerdoti,
3087 934 3179 1009 qui
3202 930 3399 1012 oﬂ‘e'ret’

1801 1002 1898 1059 illa
1922 1016 2100 1062 coram
2125 1007 2376 1079 Domino,
2399 1023 2449 1068 et
2480 1016 2683 1086 rogabit
2701 1032 2797 1090 pro
2822 1036 2905 1090 ea,
2933 1030 2980 1079 et
3005 1027 3082 1081 sic
3098 1002 3382 1117 inundabi-

1801 1102 1891 1150 tur
1932 1113 1967 1152 a
2007 1100 2265 1170 proﬂuvio
2307 1108 2579 1177 sanguinis
2612 1114 2696 1165 sui
2727 1127 2749 1164 :
2792 1116 2893 1170 ista
2916 1124 2993 1174 est
3021 1119 3106 1177 (ea:
3128 1104 3395 1195 parientis

1800 1186 2093 1243 masculum
2116 1201 2209 1245 aut
2231 1192 2505 1262 feminam.
2547 1199 2702 1266 Quod
2722 1206 2770 1260 si
2793 1220 2896 1263 non
2914 1209 3167 1270 invenerit
3190 1202 3381 1282 manus

1800 1276 1936 1346 ejus,
1963 1296 2058 1334 nec
2077 1285 2266 1352 poterit
2291 1286 2481 1355 oﬂ'erre
2501 1306 2717 1362 agnum,
2744 1290 2919 1353 sumet
2951 1294 3093 1359 deus
3124 1294 3393 1391 tartarei;

1800 1381 1893 1427 aut
1913 1373 2046 1430 duos
2077 1377 2251 1447 pullos
2299 1382 2569 1452 columbm,
2618 1405 2782 1446 unum
2812 1394 2868 1449 in
2904 1396 3265 1460 holocaustum
3286 1382 3393 1473 ζίὲῖ

1800 1462 2027 1520 alterum
2046 1484 2145 1538 pro
2166 1480 2400 1541 peccato,
2428 1474 2700 1551 orabitque
2719 1498 2812 1553 pro
2836 1502 2898 1541 ea
2927 1492 3191 1559 sacerdos,
3218 1506 3268 1550 et
3302 1494 3379 1553 sic
3460 1564 3468 1571 θ

1799 1556 2163 1615 mandabitur.
2206 1561 2313 1634 (Ea;
2333 1563 2643 1644 Hesychia.)
2683 1572 2876 1632 Totam
2908 1576 2999 1638 hic
3024 1556 3387 1667 intentionem
3432 1585 3437 1593 ’

1800 1663 1953 1704 suam
1976 1650 2253 1724 legislator
2279 1660 2512 1728 aperuit,
2536 1662 2663 1732 quia
2688 1668 3033 1736 pollutionem
3062 1693 3166 1734 nou
3197 1660 3389 1737 motus:

1798 1741 2078 1798 naturales
2100 1741 2331 1813 faciunt,
2366 1749 2461 1804 sed
2486 1763 2792 1823 peceatum,
2816 1760 2881 1816 de
2902 1776 3008 1831 quo
3032 1764 3204 1823 David
3232 1770 3379 1827 dicc-

1798 1829 1927 1885 bat:
1961 1831 2096 1890 Ecce
2121 1834 2261 1890 enim
2289 1837 2346 1893 in
2374 1838 2737 1912 iniquitatibus
2767 1862 3045 1923 conceptus
3077 1873 3217 1923 sum,
3247 1868 3295 1914 ct
3320 1860 3375 1915 in

1794 1918 1999 1975 delictis
2030 1927 2231 1996 peperit
2271 1944 2353 1983 me
2396 1940 2566 1986 ntater
2608 1948 2724 1991 mea
2767 1918 2938 2010 (Paul;
2966 1944 3054 2017 1.);
3105 1964 3217 2007 non
3261 1967 3375 2029 sua;

1790 2014 1982 2069 matris
2006 2026 2289 2085 peccatum
2320 2021 2540 2093 aliquod
2570 2040 2857 2099 accusans,
2887 2036 2982 2093 sed
3001 2014 3244 2098 matrem
3274 2018 3372 2100 na;

1788 2112 1968 2161 turam
1991 2108 2249 2179 appellat,
2278 2112 2680 2176 immunditiam
2711 2125 2920 2194 peccati
2947 2124 3122 2187 Adam
3162 2141 3218 2189 et
3244 2132 3375 2197 Eva:

1785 2196 1842 2251 in
1870 2211 2032 2253 omne
2060 2214 2231 2272 genus
2267 2210 2515 2262 nostrum
2551 2208 2895 2272 descendisse
2929 2219 3244 2292 signiﬁcans
3270 2245 3282 2280 :
3314 2237 3371 2284 et

1781 2296 2071 2360 propterea
2101 2294 2320 2363 quando
2349 2298 2607 2370 completi
2632 2302 2836 2363 fuerint
2874 2306 2991 2367 dies
3028 2314 3372 2385 purificatio-

1781 2378 1869 2436 nis
1907 2383 2204 2439 secundum
2234 2387 2553 2456 praedictum
2603 2396 2846 2465 modum,
2892 2404 3222 2464 sacriﬁcium
3262 2427 3371 2483 pro

1779 2478 2008 2540 peccato
2044 2472 2202 2542 jubet
2228 2476 2434 2535 offerri.
2488 2481 2593 2551 Qui
2641 2493 2932 2568 stagnum
2967 2472 3282 2557 anniculuni
3308 2496 3375 2559 in'

1780 2560 2155 2623 holocaustum
2185 2576 2316 2625 tunc
2338 2570 2611 2632 immolari
2632 2560 2910 2653 praecepit,
2933 2588 3213 2650 evidenter
3232 2593 3369 2653 illud

1778 2656 2018 2712 ostendit
2059 2665 2116 2714 et
2162 2663 2430 2732 approbat
2473 2670 2843 2731 consideranti
2886 2679 3014 2749 quia
3052 2682 3155 2739 Dei‘
3184 2686 3363 2760 imago

1776 2743 2171 2815 perfectionem
2201 2753 2386 2822 genéri
2425 2764 2612 2814 nostro
2642 2756 2863 2835 tribuit,
2903 2743 3031 2826 nam
3072 2743 3360 2836 formati;—

1775 2851 1902 2891 nem
1923 2838 2140 2907 quidem
2166 2841 2285 2898 dies
2310 2848 2632 2917 ostendunt,
2666 2856 3033 2918 mundationis
3063 2852 3373 2934 perfectio?

1773 2939 1899 2979 nem
1925 2936 2108 2983 autem
2140 2932 2466 2990 sacriﬁcium
2494 2936 2821 3000 holocausti.
2881 2946 2990 3006 Sed
3019 2932 3109 3010 hic
3137 2966 3363 3028 proptr

1772 3015 1878 3073 huc
1903 3018 2121 3076 interim
2145 3021 2473 3095 legislatoris
2500 3033 2823 3105 sapientiam
2850 3015 3201 3117 obstupesce,
3230 3015 3373 3125 quia,

1772 3111 1992 3168 evenire
2014 3122 2228 3182 poterat
2256 3127 2316 3174 ut
2350 3121 2627 3181 studentes
2657 3126 2829 3201 legem
2854 3111 3099 3193 dicerent
3142 3157 3155 3194 :
3184 3111 3354 3209 'Qiiali

1773 3198 2156 3271 deprecatione
2194 3210 2415 3277 pariens
2456 3198 2732 3276 infantem.
2764 3236 2901 3293 opus
2936 3198 3367 3305 babebatiqum,

1772 3289 1891 3363 ipsa
1915 3308 2024 3349 non
2051 3300 2331 3367 peccavit;
2358 3318 2465 3359 non
2490 3307 2634 3363 enim
2662 3324 2729 3365 ex
2759 3310 3136 3393 fornicatione,
3165 3325 3260 3395 sed
3285 3325 3357 3393 det

1768 3384 1978 3453 nuptiis
2009 3383 2327 3458 generavit?
2366 3394 2723 3474 Interpretari
2764 3383 3149 3468 necessitatem
3189 3383 3367 3491 hujus

1769 3472 2169 3545 deprecationis
2211 3483 2399 3541 volens
2426 3528 2442 3553 ,
2488 3472 2739 3550 addidit:
2766 3495 2835 3551 Et
2864 3502 3139 3560 ntundabit
3178 3472 3295 3565 eam
3315 3527 3351 3563 α

1765 3569 2023 3638 pro/invio
2048 3576 2319 3644 sanguinis
2358 3580 2443 3634 sui
2453 3598 2474 3647 ;
2500 3582 2819 3653 proﬂuvium
2854 3595 3132 3666 sanguinis
3160 3598 3349 3658 inobe~

1767 3658 2025 3715 dientiam
2057 3664 2283 3733 dicens;
2329 3671 2474 3727 unde
2508 3674 2845 3735 immunditia
2874 3692 2927 3737 et
2954 3699 3115 3754 pteua
3146 3688 3262 3765 ejus
3290 3692 3347 3750 in
3406 3689 3410 3694 ’

1767 3758 1937 3807 totum
1965 3769 2133 3825 genus
2162 3757 2456 3817 humanum
2503 3763 2684 3835 ﬂuxit,
2713 3785 2883 3840 quam
2903 3782 2959 3829 et
2984 3792 3084 3835 nos
3107 3757 3347 3851 deponi»

1764 3847 2189 3911 mns,sacrilicia
2219 3866 2319 3922 pro
2344 3853 2519 3921 nobis,
2540 3872 2664 3939 quzr
2692 3859 2834 3918 dicta
2848 3873 2996 3934 sunt,
3013 3868 3344 3939 oifercntes:

1764 3929 1913 3987 Duos
1941 3944 2170 3991 turtures
2200 3948 2291 3993 aut
2311 3940 2444 3996 duos
2462 3934 2634 4014 pullos
2659 3929 3212 4032 colrtmbarum,chis
3226 3979 3342 4021 me-

1764 4019 2080 4079 ditationem
2108 4066 2122 4093 ,
2153 4032 2769 4109 contemplationemque
2795 4082 2809 4108 ,
2838 4051 2893 4100 et
2916 4019 3202 4108 scientiam
3225 4054 3342 4117 sive

1763 4111 2144 4182 cognitionem.
2172 4116 2376 4176 Horum
2403 4125 2549 4181 enim
2594 4127 2796 4190 habere
2823 4133 3053 4208 ﬁguram
3077 4111 3342 4215 praedicta

1760 4201 2015 4285 animalia
2042 4206 2466 4270 demonstratum
2502 4227 2624 4286 est;
2655 4224 2779 4292 quia
2806 4201 2985 4286 autem
3011 4201 3341 4307 negligentia

1756 4280 1891 4363 legis
1922 4295 2316 4357 immunditiam
2346 4280 3023 4388 hominibuslintroduxit,
3053 4280 3336 4390 meditatio

1754 4390 1809 4438 et
1843 4385 2088 4469 scientia,
2110 4404 2209 4461 per
2229 4408 2393 4463 quam
2422 4399 2711 4460 manifeste
2738 4410 3005 4468 correctio
3030 4418 3285 4483 provenit
3314 4458 3357 4488 ,.

1752 4464 2018 4557 mundare
2045 4477 2388 4553 liberareque
2416 4503 2515 4545 nos
2538 4491 2606 4546 ab
2638 4491 2787 4549 illata
2814 4464 3334 4576 pridem'poena—po:

1752 4552 1880 4621 terit
1904 4567 1956 4621 in
1988 4567 2205 4628 Christo
2232 4552 2357 4631 Iesu
2385 4577 2615 4638 Domino
2646 4552 2851 4643 nostro.
2886 4588 3030 4663 Ergo
3054 4552 3330 4660 Domitius

1745 4749 1862 4806 fieri
1906 4768 2029 4808 cum
2060 4755 2210 4839 Deus.
2236 4768 2403 4845 esset,
2436 4766 2531 4820 sed
2576 4767 2744 4823 etiam
2790 4786 2911 4831 cum
2952 4775 3104 4837 dives
3132 4793 3275 4843 esset
3306 4824 3322 4856 ,

1740 4855 1948 4910 pauper
1977 4842 2095 4898 ﬁeri
2125 4842 2378 4918 dignatus
2418 4858 2502 4907 est
2523 4867 2624 4923 pro
2639 4857 2805 4931 “nobis
2824 4901 2841 4928 ,
2865 4871 2925 4919 ut
2949 4881 3048 4923 nos
3071 4884 3170 4927 sua
3195 4842 3327 4944 pan:

1740 4936 1952 5000 portate
1973 4932 2133 4988 simul
2158 4944 2212 4991 et
2234 4937 2591 5013 humanitate,
2608 4945 2918 5009 divitiarum
2942 4965 2998 5014 et
3016 4932 3322 5025 diviniiatis

1742 5034 1854 5078 suae
1882 5024 2108 5082 donaret
2141 5042 2260 5084 esse
2283 5033 2594 5105 participes.
2625 5037 2735 5099 Sed
2760 5042 2891 5103 libet
2922 5050 3197 5122 paulisper
3234 5024 3321 5114 ini-r-

1740 5122 1878 5177 tucri
1908 5139 2004 5179 cur
2043 5126 2128 5181 ha:
2155 5128 2391 5185 maxime
2429 5131 2676 5194 volucres
2724 5138 2781 5195 in
2828 5141 3061 5202 hostiam
3101 5147 3317 5211 Domini

1731 5208 2051 5281 iuberentur
2075 5216 2257 5273 offerri
2281 5235 2297 5286 ;
2321 5235 2444 5277 nam
2465 5231 2519 5279 et
2536 5224 2811 5305 Abraham
2827 5236 3138 5305 patriarcha
3160 5249 3317 5299 tanto

1736 5312 1865 5359 ante
1910 5304 2083 5375 legem
2131 5315 2406 5378 tempore,
2439 5313 2539 5369 has
2589 5316 2641 5371 in
2688 5304 3062 5382 belocaustum
3098 5327 3315 5385 Domini

1735 5390 1930 5462 legitur
1954 5392 2233 5462 obtulisse,
2256 5407 2311 5452 et
2339 5397 2394 5454 in
2434 5401 2711 5476 plerisque
2750 5407 2884 5480 legis
2924 5415 3263 5471 caeremoniis
3289 5454 3307 5483 ,

1733 5482 1823 5553 qui
1856 5484 2195 5542 mandandus
2230 5499 2406 5559 esset,
2460 5510 2560 5565 per
2597 5498 2695 5553 has
2715 5499 3009 5570 jubebatur
3032 5482 3308 5564 mandarit

1730 5569 1987 5626 Columba
2015 5586 2144 5645 ergo
2174 5575 2571 5647 simplicitatem
2594 5625 2610 5650 ,
2656 5569 2835 5641 turtur
2861 5588 3062 5644 indicat
3080 5591 3314 5681 castita-0

1729 5667 1835 5743 tem
1866 5676 1880 5713 :
1919 5661 2044 5731 quia
2092 5672 2150 5717 et
2189 5665 2436 5743 columba
2506 5671 2897 5743 simplicitatis,
2943 5683 2998 5730 et
3034 5678 3301 5743 castitatis

1727 5731 1907 5806 tti'rtur
1940 5759 2152 5810 amator
2187 5768 2297 5825 est,
2322 5741 2415 5814 'ita
2449 5769 2508 5815 ut
2550 5762 2594 5817 si
2638 5760 2920 5835 coniugem
2959 5779 3088 5823 casu
3116 5774 3299 5840 perdi-’
