3892 6344
410 268 420 278 ”
509 316 616 375 575

1143 317 1204 372 Β.
1243 317 1496 373 RABANI
1535 316 1754 374 MAURI
1792 315 2112 374 ARCHIEP.
2155 315 2466 376 MOGUNT.
2504 318 2792 378 OPERUM
2827 321 3006 379 PARS
3043 321 3084 378 Ι.

3631 325 3722 382 376

509 431 755 504 jurlaret.
805 429 1166 498 Quamobrem
1215 433 1516 488 necessaria
1551 433 1705 489 nobis
1729 441 1811 489 est
1838 441 2077 488 contem—
2105 437 2156 497 Α
2181 443 2334 490 uerat
2350 443 2408 491 ct
2423 445 2648 492 ornatur
2665 453 2731 492 ex
2755 438 2834 493 eis
2860 453 2926 492 ac
2953 437 3468 507 tegitur,propterea
3493 444 3540 490 et
3567 439 3723 507 capilli

510 523 677 594 platio
709 521 864 592 legis,
895 530 950 576 et
992 521 1139 577 utilis
1185 523 1444 591 spiritalis
1484 525 1885 594 interpretatio,
1925 539 2075 580 men-

510 613 687 683 tisque
713 612 928 667 oculum
975 620 1186 680 oportet
1233 613 1390 668 oculo
1426 615 1605 668 carnis
1645 629 1979 684 praeponere,
2016 621 2076 668 ut

509 703 614 758 hoc
638 702 855 772 quidem
873 703 942 756 ad
968 702 1370 772 intelligentiam
1391 718 1576 758 eorum
1595 718 1712 773 quae
1735 703 2074 770 sanciantur,

510 792 602 847 illo
629 806 760 846 vero
783 800 998 846 utamur
1025 793 1093 847 ad
1118 793 1421 862 legendum.
1455 794 1680 848 Locutus
1715 804 1792 849 est
1823 795 2075 851 Dominus

510 885 581 937 ad
612 883 828 954 Moysen
854 894 901 938 et
931 885 1108 940 Aaron
1131 886 1306 941 dicens
1334 903 1354 941 :
1397 886 1567 941 Homo
1593 887 1647 940 in
1675 888 1825 956 cujus
1852 903 2008 942 carne
2027 898 2076 943 et

513 985 630 1029 cute
651 985 794 1030 ortus
820 975 978 1044 fuerit
1003 977 1235 1031 diversus
1258 978 1421 1043 color,
1443 979 1544 1032 sire
1562 977 1793 1048 pustula,
1814 989 1903 1032 aut
1925 981 2077 1050 quasi

509 1065 689 1120 lucens
725 1066 991 1138 quippiam
1015 1106 1028 1133 ,
1075 1067 1130 1120 id
1155 1077 1250 1132 est,
1289 1066 1445 1137 plaga
1474 1066 1648 1137 leprce,
1691 1067 1982 1122 adducetur
2007 1069 2076 1122 ad

511 1159 691 1213 Aaron
717 1160 1058 1224 sacerdotem,
1094 1159 1176 1213 vel
1216 1161 1287 1213 ad
1329 1175 1490 1214 unum
1533 1160 1806 1230 quemlibet
1847 1160 2077 1230 ﬁliorum

508 1251 624 1321 ejus
653 1265 671 1302 :
706 1252 798 1323 qui
825 1269 941 1305 cum
971 1253 1150 1306 viderit
1185 1252 1382 1323 lepram
1410 1255 1464 1308 in
1493 1263 1630 1318 cute,
1660 1263 1709 1308 et
1734 1253 1869 1324 pilos
1901 1254 1956 1308 in
2000 1253 2080 1308 al-

510 1343 632 1395 bum
666 1352 892 1396 mutatos
917 1342 1164 1409 colorem,
1193 1344 1458 1415 ipsamque
1477 1345 1693 1414 speciem
1725 1345 1882 1415 leprtc
1909 1345 2082 1398 humi-

506 1434 688 1487 liorem
713 1434 770 1487 in
805 1443 939 1497 cute,
961 1443 1010 1488 et
1035 1451 1192 1488 carne
1224 1434 1447 1505 reliqua,
1467 1435 1621 1505 plaga
1646 1434 1801 1506 lepra:
1823 1445 1918 1499 est,
1939 1445 1986 1488 et
2010 1436 2080 1490 ad

505 1525 781 1578 arbitrium
810 1524 924 1594 ejus
949 1523 1295 1595 separabitur.
1327 1524 1435 1596 (Ea:
1465 1524 1768 1594 Hesychia.)
1805 1523 2080 1594 Simplici-

506 1626 590 1671 ter
611 1631 705 1671 scu
733 1617 1059 1688 generaliter
1083 1617 1356 1672 hominem
1385 1618 1567 1672 divina
1588 1618 1868 1687 Scriptura
1899 1619 2081 1689 appel-

505 1705 583 1760 lat
608 1720 751 1771 eum,
781 1707 874 1774 qui
905 1706 998 1760 Dei
1035 1706 1320 1776 imaginem
1349 1716 1404 1762 et
1431 1716 1632 1763 nostrae
1676 1718 1958 1764 conservet
1983 1725 2078 1764 na-

2177 526 2362 594 capitis
2387 527 2552 580 nostri
2572 527 2830 581 numerati
2851 525 3063 598 (Matth.
3092 524 3146 596 x)
3172 525 3445 590 dicuntur,
3469 526 3722 597 cogitatio-

2178 629 2276 670 nes
2293 615 2541 670 videlicet
2562 618 2778 671 mcntis.
2802 616 2978 687 Caput
3001 617 3142 671 enim
3168 617 3282 687 ipsa
3309 617 3434 686 quia
3455 617 3724 687 principale

2175 712 2260 758 est
2286 705 2480 760 anima:
2507 705 2722 760 dicitur.
2758 706 2868 761 Cur
2895 715 3076 761 autem
3117 707 3385 764 numerati
3415 709 3580 764 sunt?
3619 725 3724 779 pro-

2178 793 2266 847 cul
2294 794 2454 849 dubio
2485 795 2727 850 dicturus
2755 804 2838 852 est
2877 797 3001 865 quia
3028 812 3124 866 per
3148 812 3239 852 eas
3265 797 3451 868 utique
3470 795 3634 865 judex
3654 797 3724 867 ju-

2177 885 2452 942 dicaturus
2472 895 2557 943 est
2583 888 2872 951 hominem,
2906 888 2961 943 id
2986 897 3088 952 est,
3115 888 3500 944 accusantibus
3541 889 3617 943 eis
3654 889 3721 944 vel

2177 977 2578 1046 excusantibus,
2601 979 2738 1034 sicut
2758 979 2832 1032 ait
2857 978 3072 1041 Paulus,
3098 978 3151 1032 in
3177 987 3424 1048 tempore
3439 994 3550 1049 quo
3565 987 3720 1033 nostra

2171 1065 2556 1136 iudicabuntur
2580 1068 2788 1122 occulta
2821 1067 3001 1138 (Rom.
3031 1068 3112 1138 ιι),
3158 1066 3452 1136 Propterea
3501 1066 3724 1137 intelligi-

2178 1171 2298 1211 mus
2324 1156 2378 1210 in
2404 1155 2644 1210 Nazarmi
2669 1157 2845 1226 capite
2867 1155 3069 1211 ferrum
3091 1172 3196 1210 non
3217 1145 3455 1229 ingredi,
3488 1157 3613 1211 dum
3630 1157 3724 1213 aliis

2178 1248 2297 1302 sine
2325 1247 2482 1316 culpa
2513 1247 2798 1311 inferatur,
2826 1249 2951 1318 quia
2978 1249 3172 1319 quibus
3196 1260 3321 1304 sunt
3363 1250 3622 1319 superﬁui
3655 1267 3720 1305 ca-

2177 1337 2312 1408 pilli,
2360 1353 2468 1392 non
2496 1339 2673 1394 solum
2702 1340 2838 1394 nihil
2866 1350 3024 1395 nocet
3069 1341 3162 1396 sed
3189 1351 3245 1396 et
3271 1341 3484 1396 lucrum
3511 1352 3594 1398 est
3633 1353 3725 1398 ton-

2180 1428 2326 1493 deri;
2358 1430 2554 1498 quibus
2583 1440 2765 1485 antem
2802 1447 2908 1485 non
2938 1439 3063 1486 sunt
3087 1432 3366 1502 supcrﬁui,
3391 1432 3645 1488 damnum
3661 1441 3727 1488 est

2179 1526 2397 1588 propter
2439 1520 2702 1574 naturalis
2752 1521 2961 1575 decoris
3008 1522 3388 1591 spoliationem
3432 1524 3725 1592 capillorum

2181 1609 2444 1679 depositio
2471 1628 2484 1664 :
2517 1610 2598 1664 sic
2624 1611 3038 1680 quibuscunque
3074 1612 3358 1682 superﬂuae
3387 1615 3721 1684 cogitationes

2183 1699 2502 1771 importunae
2530 1709 2676 1767 sunt,
2700 1701 2838 1756 bene
2866 1702 2932 1757 ab
2953 1703 3031 1759 eis
3058 1705 3480 1760 commutatione
3511 1706 3727 1761 consilio-

505 1803 643 1850 turze
671 1796 1004 1868 dignitatem.
1031 1797 1259 1866 Propter
1283 1799 1425 1868 quod
1451 1800 1574 1854 audi
1605 1801 1899 1869 sapientem
1925 1820 1938 1855 :
1967 1802 2080 1857 Ma-

2183 1805 2303 1844 rum
2347 1790 2431 1844 vel
2476 1791 2877 1846 obvenicntium
2911 1793 3132 1848 omnino
3158 1793 3575 1862 phantasiarum
3607 1811 3726 1851 more

505 1903 665 1956 gnum
691 1896 766 1939 est
794 1887 967 1952 homo,
991 1889 1275 1958 pretiosum
1300 1888 1380 1942 vir
1423 1889 1738 1955 misericors,
1769 1890 1822 1943 in
1847 1889 2078 1946 Prover-

505 1977 611 2033 biis
637 1977 924 2044 dicentem,
954 1980 1225 2034 hominem
1267 1997 1396 2036 vero
1442 1981 1674 2051 aliquem
1714 1989 2075 2052 peccatorem,

507 2071 663 2140 quasi
699 2073 840 2128 male
864 2072 1156 2129 formatum
1185 2075 1451 2131 nomisma
1480 2077 1768 2144 describit,
1799 2079 1954 2148 pellis
1989 2095 2082 2134 au-

510 2172 620 2218 tem
654 2178 755 2239 seu
791 2165 930 2220 cutis
975 2166 1216 2232 nomine,
1253 2182 1398 2222 nunc
1441 2166 1868 2239 uniuscujusque
1914 2185 2073 2236 caro,

508 2268 654 2307 nunc
689 2236 866 2309 alitem
897 2253 1014 2324 ejus
1049 2256 1362 2326 designatur
1394 2236 1912 2328 cognatio,propter
1937 2261 2078 2329 quod

509 2343 565 2397 in
597 2343 735 2398 libro
767 2344 868 2400 Job
901 2361 967 2400 ex
997 2361 1225 2415 persona
1256 2348 1454 2404 diaboli
1481 2350 1829 2420 despicientis
1861 2364 1924 2406 ea
1959 2367 2080 2422 quae

503 2433 624 2487 viro
655 2433 732 2487 illi
771 2434 1064 2490 fortissimo
1089 2446 1404 2503 evenerunt,
1437 2447 1563 2494 tunc
1595 2440 1810 2510 quando
1833 2455 1955 2496 cum
1975 2441 2079 2496 alia

507 2521 806 2576 substantia
839 2522 975 2578 ﬁlios
1001 2524 1244 2595 ﬁliasque
1271 2524 1406 2594 ejus,
1434 2529 1650 2582 domum
1678 2545 1840 2599 super
1866 2545 1960 2586 eos
1985 2545 2081 2585 se-

503 2610 736 2678 pultura:
761 2611 878 2666 vice
907 2627 1218 2685 congerens,
1244 2617 1583 2686 disperdidit,
1611 2619 1847 2674 dicitur:
1882 2619 2080 2675 Pellem

503 2714 602 2769 pro
624 2699 772 2768 pelle,
802 2710 854 2754 et
871 2713 1057 2756 cuneta
1083 2720 1200 2775 qua:
1237 2706 1388 2760 habet
1413 2709 1566 2762 homo
1597 2709 1742 2763 dabit
1769 2725 1863 2780 pro
1901 2711 2080 2765 anima

432 2835 438 2840 .
507 2803 608 2840 sua
637 2787 759 2858 (Job
806 2788 892 2858 tt).
922 2791 975 2844 id
1009 2799 1110 2858 est,
1146 2791 1337 2862 pellem
1377 2794 1593 2862 quidem
1621 2797 1957 2868 cognationis
1983 2813 2082 2868 per

505 2876 648 2932 ﬁlios
674 2881 926 2948 perdidit,
957 2883 1051 2937 sed
1091 2891 1269 2938 tamen
1296 2884 1489 2940 sufﬁcit
1515 2887 1566 2941 ei
1597 2889 1739 2956 quod
1773 2887 1930 2960 pellis
1959 2906 2082 2946 car-

505 2967 593 3021 nis
629 2968 678 3023 ei
722 2970 869 3025 salva
915 2980 1020 3038 est,
1069 2973 1399 3045 minimeque
1448 2978 1812 3046 corrumpitur
1857 2989 2083 3049 propter

505 3059 648 3127 quod
677 3062 930 3124 subdidit,
966 3062 1203 3132 alioquin
1230 3065 1385 3120 mitte
1421 3081 1639 3121 manum
1670 3074 1817 3122 tuam
1842 3076 1898 3122 et
1919 3077 2080 3139 tange

507 3126 573 3202 os
614 3148 730 3216 ejus
773 3159 829 3204 et
855 3126 1108 3217 carnem;
1141 3161 1197 3206 et
1223 3161 1351 3208 tunc
1381 3156 1588 3211 videbis
1613 3157 1756 3226 quod
1801 3157 1855 3211 in
1888 3126 2080 3213 faciem
2107 3126 2151 3188 Ο

504 3237 791 3293 benedicat
838 3241 951 3294 tibi.
994 3241 1148 3307 Quod
1193 3253 1371 3298 autem
1406 3253 1596 3300 nostra
1641 3247 1809 3302 editio
1856 3248 2018 3302 habet
2063 3264 2080 3303 :

506 3325 682 3381 Homo
707 3327 762 3381 iu
801 3329 952 3398 cujus
981 3346 1136 3384 carne
1171 3341 1220 3385 et
1245 3344 1360 3386 cute
1390 3344 1533 3388 ortus
1558 3335 1717 3404 fuerit
1749 3337 1984 3392 diversus
2003 3355 2085 3393 co—

505 3418 608 3483 lor,
640 3417 745 3472 sive
778 3419 1010 3489 pustula,
1051 3430 1144 3474 aut
1175 3425 1329 3494 quasi
1352 3423 1529 3479 lucens
1555 3427 1840 3496 quippiam,
1868 3428 1922 3481 id
1963 3439 2040 3483 est
2065 3469 2080 3496 ,

505 3509 662 3581 plaga
690 3509 868 3581 lepraa,
897 3511 1246 3584 Septuaginta
1271 3517 1662 3573 transtulerunt
1689 3537 1701 3572 :
1728 3519 1899 3575 Homo
1923 3522 1970 3575 si
1997 3523 2083 3576 cui

505 3601 702 3670 factum
729 3602 886 3672 fuerit
915 3603 971 3657 in
995 3603 1240 3673 pellicula
1267 3609 1497 3678 corporis
1535 3609 1651 3679 ejus
1679 3610 1898 3665 cicatrix
1921 3612 2085 3683 signi-

503 3691 766 3760 ﬁcationis
807 3711 1095 3766 apparens;
1146 3697 1370 3753 cicatrix
1430 3709 1612 3757 autem
1669 3704 2082 3774 signiﬁcationis

501 3793 787 3853 peccatum
809 3786 1179 3857 signiﬁcat,ex
1195 3789 1280 3844 his
1302 3805 1422 3860 quae
1448 3803 1708 3862 apparent
1729 3783 2082 3849 manifestans

502 3875 647 3942 quod
672 3876 941 3931 occultum
972 3886 1057 3933 est
1083 3885 1139 3932 et
1165 3877 1339 3955 latens
1367 3882 1561 3936 anima:
1607 3883 1816 3938 vitium.
1851 3885 2081 3954 Lepram

501 3963 1047 4038 autemjintelligimus
1064 3967 1198 4038 legis
1220 3973 1725 4042 transgressionem,
1750 3975 1877 4044 quia
1894 3990 2082 4045 quem-

503 4053 795 4111 admodum
823 4056 1067 4126 ieprosus
1115 4061 1241 4114 dum
1271 4069 1416 4118 totus
1459 4063 1533 4119 sit
1575 4080 1763 4131 sanus,
1811 4082 1877 4122 ex
1926 4076 2082 4138 parte

504 4143 691 4213 aliqua
724 4144 971 4214 leprosus
1000 4146 1200 4214 iactus,
1230 4151 1368 4205 nihil
1414 4152 1638 4221 juvatur
1664 4170 1732 4210 ex
1764 4157 1939 4212 salute
1979 4159 2082 4213 mi-

503 4233 654 4289 nime
686 4232 817 4289 facti
846 4235 1047 4303 leprosi
1073 4239 1339 4307 corporis,
1369 4243 1463 4297 sed
1489 4254 1800 4301 removetur
1843 4263 1872 4300 a
1905 4249 2083 4303 taber—

503 4325 703 4380 naculo
728 4335 789 4381 ut
838 4326 1168 4393 immundus,
1199 4329 1279 4384 sic
1305 4339 1361 4385 et
1387 4332 1479 4400 qui
1523 4334 1660 4405 legis
1700 4346 1970 4406 prtecepta
2013 4354 2081 4395 ex

500 4416 691 4487 aliqua
739 4416 1133 4488 transgreditur
1169 4428 1344 4489 parte,
1377 4422 1511 4477 nihil
1541 4439 1609 4480 ex
1651 4429 1895 4484 custodia
1931 4446 2080 4486 man-

504 4507 618 4562 dati
641 4505 865 4576 juvatur
889 4507 1110 4564 alterius
1135 4525 1148 4563 :
1181 4508 1284 4574 Qui
1304 4512 1442 4564 enim
1463 4521 1624 4567 totam
1649 4514 1810 4585 legem
1835 4521 2079 4590 custodit,

501 4607 683 4668 peccat
713 4609 887 4654 autem
922 4600 980 4654 in
1004 4617 1133 4667 uno,
1161 4601 1335 4672 factus
1357 4613 1434 4657 est
1455 4606 1688 4660 omnium
1720 4623 1839 4663 reus
1872 4608 2081 4681 (Iacob.

502 4690 594 4762 ιι).
647 4690 747 4745 Hic
793 4691 862 4746 ad
910 4691 1094 4749 Aaron
1139 4694 1477 4750 sacerdotem
1511 4697 1830 4766 adducetur,
1877 4710 1971 4757 aut
2013 4705 2082 4760 ad

504 4797 676 4837 unum
705 4784 998 4854 quemlibet
1027 4786 1260 4843 ﬁliorum
1281 4788 1418 4859 ejus,
1449 4788 1548 4844 ﬁlii
1578 4798 1758 4847 autem
1783 4795 2083 4852 sacerdotis

502 4881 634 4930 sunt
670 4875 886 4945 cognati
921 4874 1056 4943 ejus,
1088 4880 1383 4934 secundum
1412 4879 1685 4949 spiritum,
1711 4897 1741 4935 a
1769 4897 1875 4952 quo
1902 4892 1956 4939 et
1994 4901 2081 4940 sa-

513 4962 742 5019 cerdotii
764 4965 963 5020 habent
981 4965 1327 5036 dignitatem;
1361 4978 1488 5025 sunt
1515 4980 1700 5026 autem
1728 4972 1782 5026 hi
1806 4974 1861 5028 in
1887 4977 2086 5044 quibus

503 5053 746 5125 perfecta
757 5061 842 5108 est
855 5053 1118 5124 plenaque
1136 5057 1562 5128 philosophia,ut
1575 5068 1632 5114 et
1648 5061 1955 5117 discernere
1968 5079 2086 5132 pos-

510 5145 624 5202 sint
649 5144 902 5200 sublimia
947 5151 1005 5198 et
1029 5146 1225 5200 animm
1264 5146 1558 5215 dijudicare
1583 5159 1763 5207 motus
1800 5152 2086 5208 abscondi-

509 5247 620 5296 tos.
657 5239 764 5294 Sed
800 5240 1067 5309 quomodo
1088 5237 1366 5309 iudicant}?
1391 5243 1582 5298 vident
1605 5245 1812 5314 lepram
1839 5245 1894 5301 in
1927 5256 2081 5312 cute,

505 5339 566 5388 et
587 5330 753 5401 pilum
783 5329 900 5399 ejus
925 5329 973 5384 si
1017 5329 1071 5384 in
1098 5329 1275 5384 album
1302 5340 1540 5388 mutatus
1583 5335 1767 5401 fuerit,
1802 5337 1872 5392 ad
1909 5337 2082 5405 ipsam

507 5422 748 5492 speciem
791 5419 954 5490 lepra:
1001 5418 1340 5474 humiliorem
1368 5430 1491 5476 cute
1533 5430 1590 5476 et
1618 5438 1784 5478 carne
1828 5425 2032 5494 reliqua
2065 5443 2079 5480 :

507 5527 613 5587 per
635 5509 775 5582 pilos
805 5519 983 5567 autem
1013 5510 1281 5581 signiﬁcat
1305 5511 1658 5581 cogitationes
1681 5514 1879 5583 quibus
1921 5531 2082 5571 orna-

516 5612 607 5659 tur
655 5604 855 5668 anima,
888 5617 1147 5673 mensque
1175 5603 1498 5672 contegitur,
1547 5619 1669 5658 cum
1699 5606 1916 5660 easdem
1967 5607 2083 5676 ipsa

517 5697 696 5768 pariat
721 5696 1074 5768 cogitationes
1102 5695 1206 5754 sibi
1235 5712 1249 5753 :
1280 5710 1406 5751 nam
1439 5703 1494 5753 et
1538 5703 1700 5765 caput
1737 5697 1963 5764 capillos
1991 5713 2083 5764 ge-

2181 1885 2418 1934 tonsurte
2445 1888 2652 1934 carent.
2680 1880 2738 1934 In
2775 1880 3032 1936 Nazaraeo
3054 1892 3237 1938 autem
3269 1899 3374 1938 non
3413 1893 3576 1951 sunt,
3613 1896 3727 1940 totus

2180 1970 2323 2025 enim
2351 1980 2568 2026 sanctus
2597 1980 2698 2037 est,
2716 1975 2936 2042 propter
2960 1975 3101 2043 quod
3137 1975 3338 2030 ferrum
3366 1977 3424 2031 in
3444 1980 3621 2048 capite
3638 1978 3728 2046 ejus

2185 2075 2292 2116 non
2339 2062 2601 2129 ascendit,
2631 2078 2755 2118 cum
2800 2064 2942 2119 bono
2966 2073 3154 2120 utatur
3180 2067 3411 2122 consilio
3456 2077 3517 2123 et
3540 2069 3730 2139 capillos

2180 2150 2564 2219 cegitationum
2592 2153 2925 2208 necessarios
2950 2164 3006 2209 et
3047 2171 3156 2210 non
3187 2156 3500 2226 superﬂuos
3530 2157 3726 2222 habeat,

2180 2253 2247 2294 ex
2273 2240 2467 2310 quibus
2495 2256 2602 2295 non
2629 2241 2818 2296 incidit
2843 2258 2966 2298 cum
2995 2259 3104 2299 non
3131 2253 3331 2300 tractet
3366 2245 3636 2301 deteriora
3657 2261 3729 2300 ne-

2181 2344 2286 2399 que
2330 2339 2642 2385 commutet.
2682 2330 2740 2387 Si
2779 2348 2909 2404 ergo
2937 2334 3105 2404 pilum
3149 2335 3204 2389 in
3255 2335 3377 2390 albo
3405 2336 3500 2392 hic
3547 2338 3611 2393 de
3643 2351 3730 2406 quo

2180 2436 2324 2475 nunc
2351 2429 2432 2476 est
2454 2436 2634 2476 sermo
2659 2425 3088 2489 commutaverit,
3112 2424 3502 2496 cogitationem
3530 2440 3722 2482 conver-

2180 2518 2301 2564 tens
2318 2509 2369 2564 in
2394 2511 2758 2580 impudentem
2779 2513 3141 2568 conditionem
3167 2513 3617 2585 manifestamque
3635 2531 3732 2585 pec-

2182 2600 2310 2666 cati,
2345 2602 2571 2670 ipsaque
2613 2602 2824 2671 species
2849 2603 3012 2670 lepra:
3033 2602 3286 2656 humilior
3315 2603 3483 2659 fuerit
3509 2619 3662 2659 carne
3684 2615 3732 2658 et

2182 2701 2306 2748 cute
2341 2692 2566 2761 reliqua,
2612 2693 2751 2747 hanc
2801 2693 2946 2746 enim
2995 2694 3325 2759 considerat,
3380 2703 3438 2748 et
3489 2695 3539 2749 si
3567 2694 3734 2750 viderit

2183 2782 2497 2852 apparuisse
2526 2782 2750 2836 nimiam
2777 2781 3144 2838 inﬁrmitatem
3176 2793 3340 2854 atque
3364 2784 3628 2843 defecisse
3653 2802 3732 2840 na-

2185 2877 2416 2932 turalem
2449 2879 2738 2941 virtutem,
2767 2877 2909 2946 quod
2945 2886 3027 2932 est
3073 2878 3284 2946 species
3309 2877 3477 2948 lepra:
3507 2880 3735 2934 humilior

2185 2958 2307 3023 Cute
2335 2976 2428 3024 aut
2454 2983 2616 3023 carne
2657 2967 2878 3036 reliqua,
2907 2976 3124 3038 separat
3166 2976 3222 3024 et
3251 2968 3594 3024 immundum
3631 2985 3731 3024 eum

2185 3069 2330 3115 recte
2367 3062 2620 3116 sacerdos
2639 3060 2848 3130 judicat
2870 3069 3052 3132 utpote
3077 3061 3422 3134 languentem
3446 3065 3658 3134 quidem
3679 3079 3732 3120 es

2184 3150 2484 3206 intentione
2510 3166 2605 3206 sua
2634 3158 2689 3205 et
2716 3151 3007 3207 voluntate.

2253 3237 2313 3293 Si
2327 3249 2498 3292 autem
2511 3239 2686 3294 lucens
2699 3238 3068 3310 {ueriqcandor
3079 3240 3133 3295 in
3150 3249 3266 3295 cute
3277 3258 3370 3295 nec
3384 3243 3634 3298 humilior
3644 3259 3739 3296 car-

2182 3347 2246 3385 ne
2261 3330 2481 3400 reliqua,
2497 3340 2542 3384 et
2555 3330 2693 3401 pilus
2705 3329 2894 3385 coloris
2907 3332 3137 3402 pristini,
3150 3332 3371 3387 recludit
3383 3351 3506 3389 eum
3521 3335 3740 3389 sacerdos

2181 3431 2374 3492 septem
2400 3422 2665 3488 diebus,et
2682 3422 2848 3477 videbi
2865 3431 2935 3477 tet
2953 3423 3298 3478 considerabit
3326 3425 3411 3479 die
3439 3427 3739 3495 septima;et

2179 3512 2435 3583 siquidem
2453 3511 2599 3582 lepra
2621 3511 2760 3567 ultra
2783 3529 2886 3568 non
2909 3514 3126 3568 creverit
3154 3531 3246 3568 nec
3271 3515 3545 3570 transierit
3573 3517 3624 3570 in
3642 3524 3740 3568 cute

2181 3608 2383 3679 priores
2409 3609 2676 3673 terminos,
2707 3625 2890 3663 rursus
2929 3608 3158 3662 includet
3183 3625 3300 3663 eum
3340 3619 3536 3680 septem
3579 3609 3738 3663 diebus

2181 3700 2326 3766 aliis,
2343 3710 2391 3755 et
2406 3701 2492 3756 die
2513 3702 2730 3772 septimo
2754 3700 3216 3771 contemplabitur;
3239 3701 3284 3754 si
3310 3701 3583 3755 obscurior
3605 3701 3745 3771 fuerit

2182 3788 2328 3859 lepra
2373 3797 2422 3843 et
2453 3807 2556 3844 non
2606 3783 2820 3844 creverit
2859 3792 2914 3844 in
2959 3799 3098 3855 cute,
3138 3791 3412 3844 mundabit
3442 3808 3565 3845 eum
3590 3832 3604 3856 ,
3636 3789 3745 3860 quia

2182 3880 2381 3934 scabies
2411 3890 2521 3944 est;
2552 3879 2846 3951 locabitque
2888 3881 3043 3934 homo
3073 3881 3372 3934 vestimenta
3403 3897 3501 3934 sua
3536 3889 3590 3934 et
3613 3895 3746 3934 mun-

2183 3968 2282 4023 dus
2309 3969 2428 4023 erit.
2461 3967 2614 4034 Quod
2639 3969 2686 4022 si
2712 3977 2986 4038 postquam
3015 3985 3046 4022 a
3081 3969 3351 4023 sacerdote
3381 3970 3520 4023 risus
3550 3979 3623 4023 est
3649 3968 3746 4022 red-

2182 4057 2324 4112 ditus
2351 4057 2643 4122 mundities,
2674 4057 2862 4112 iterum
2889 4057 3032 4128 lepra
3074 4059 3309 4124 creverit,
3355 4059 3648 4114 adducetur
3687 4059 3747 4112 ad

2183 4165 2323 4214 eum,
2360 4158 2408 4203 et
2438 4149 2783 4204 immundititc
2819 4149 3264 4204 condemuabitur.
3298 4149 3407 4219 (Ea:
3448 4147 3746 4221 Hesychia.)

2183 4240 2338 4296 Licet
2384 4240 2730 4296 manifestum
2773 4242 2864 4308 sit,
2895 4243 3038 4312 quod
3069 4242 3124 4298 in
3163 4243 3527 4313 suspicionem
3557 4244 3751 4299 venerit

2182 4338 2485 4400 peccatum,
2535 4345 2689 4385 mens
2733 4338 2917 4386 tamen
2964 4347 3085 4401 quae
3116 4333 3363 4402 deliquit,
3414 4349 3535 4402 quae
3577 4330 3752 4404 procul

2186 4419 2350 4475 dubio
2381 4435 2478 4490 per
2503 4428 2779 4490 aspectum
2807 4421 3160 4492 signiﬁcatur,
3186 4423 3484 4478 secundum
3514 4425 3754 4479 traditio-

2192 4525 2317 4565 nem
2335 4509 2707 4582 Septuaginta,
2725 4511 2981 4566 humilior
3008 4527 3172 4568 carne
3199 4513 3409 4584 reliqua
3440 4530 3551 4570 non
3579 4515 3746 4577 fuerit,

2191 4601 2244 4657 id
2271 4610 2377 4668 est,
2405 4603 2696 4672 semetipsa
2723 4618 2899 4672 neque
2934 4603 3001 4657 ad
3041 4603 3409 4660 habitudinem
3440 4623 3609 4677 quam
3632 4606 3754 4663 'sor-

2190 4694 2289 4749 tita
2311 4701 2394 4749 est
2416 4692 2700 4758 inﬁrmior,
2729 4709 2830 4748 nec
2857 4709 2956 4763 per
2979 4693 3234 4749 eveniens
3256 4705 3546 4764 peccatum
3571 4698 3755 4752 immu-

2190 4786 2387 4842 taverit
2415 4801 2529 4849 cor,
2566 4786 2924 4855 dilectrixque
2951 4793 3298 4855 peccatorum
3329 4785 3499 4842 fuerit
3525 4789 3750 4844 adacta:

2187 4878 2292 4933 hoc
2330 4884 2412 4932 est
2437 4877 2582 4931 enim
2603 4891 2705 4931 nec
2727 4877 3020 4932 candorem
3038 4877 3379 4932 humiliorem
3403 4877 3578 4933 videri
3599 4891 3762 4934 came

2188 4967 2420 5036 reliqua,
2451 4974 2509 5021 et
2553 4965 2692 5036 pilos
2713 4981 2836 5022 esse
2863 4966 3058 5021 coloris
3088 4967 3326 5036 pristini,
3357 4967 3454 5022 sed
3483 4968 3761 5024 obscurio-

2186 5074 2303 5115 rem
2345 5066 2622 5126 aspectum
2649 5095 2664 5121 ,
2723 5057 2865 5112 sicut
2908 5056 3260 5127 Septuaginta
3299 5057 3494 5125 edunt,
3527 5059 3758 5121 habeat,

2185 5164 2348 5219 quem
2375 5163 2497 5203 esse
2521 5155 2757 5203 mentem
2787 5148 3052 5214 diximus;
3102 5149 3278 5203 adhuc
3307 5149 3510 5218 quippe
3538 5158 3764 5220 propter

2184 5240 2353 5295 semel
2381 5239 2733 5295 commissum
2763 5237 3018 5293 delictum
3058 5239 3302 5320 obscura
3329 5255 3398 5295 ac
3429 5240 3597 5294 dubia
3642 5249 3760 5303 cst,

2187 5341 2367 5389 tamen
2406 5333 2552 5388 hunc
2596 5331 2864 5386 removeri
2910 5346 3015 5385 non
3058 5331 3357 5400 praecepit,
3400 5332 3498 5388 sed
3533 5341 3598 5387 ut
3641 5345 3766 5402 pec-

2185 5434 2398 5479 cantem
2428 5425 2644 5494 quidem
2677 5431 2885 5493 septem
2905 5424 3022 5480 dies
3049 5434 3104 5477 et
3130 5423 3264 5479 alios
3307 5424 3533 5479 totidem
3583 5439 3766 5478 remo-

2184 5524 2275 5570 vet
2294 5530 2323 5568 a
2349 5514 2695 5570 tabernaculo
2723 5515 2996 5580 sacerdos,
3024 5515 3362 5584 probationis
3391 5514 3550 5569 simul
3578 5528 3768 5569 emen-

2186 5605 2526 5674 dationisque
2554 5606 2745 5677 gratia.
2765 5607 3037 5662 Munditiaz
3074 5621 3202 5661 vero
3231 5607 3470 5661 restituit
3491 5616 3624 5676 post
3646 5607 3764 5668 hoc,

2189 5696 2234 5756 si
2262 5696 2554 5765 inspiciens
2599 5697 2685 5755 bis
2726 5697 3098 5756 obscuriorem
3161 5696 3433 5757 invenerit
3486 5695 3766 5754 maculam
