3892 6344
173 379 262 438 577

957 344 961 346 ’
1029 344 1532 422 sxrostrtosss
1568 357 1638 415 lN
1677 345 2074 414 L'nvmcuu.
2114 387 2184 400 ..-
2221 355 2348 412 LIB;
2392 357 2479 412 tv.

3273 361 3382 418 πθ

171 513 259 555 nec
293 500 612 549 crescentem
655 489 706 542 in
737 493 861 543 cute
906 502 922 540 ε
952 486 996 540 si
1039 486 1182 540 cnim
1217 484 1479 539 crevisset
1520 493 1710 549 peeca-
1734 477 1785 539 Α
1811 477 1923 545 ipse
1956 476 2150 532 Petrus
2187 479 2474 533 manifeste
2501 479 2714 548 probat,
2761 494 2894 549 quas
2942 489 3124 550 aperte
3155 480 3278 549 ipsa
3301 481 3380 540 :ad

171 600 269 643 tum
308 589 701 652 augmentatum
748 578 1032 632 transisset
1059 578 1111 630 in
1137 591 1299 628 carne
1334 573 1559 642 reliqua,
1593 569 1704 623 dif-

171 680 429 744 fusumque
480 670 630 726 carni
676 669 1009 723 immundum
1058 681 1180 720 cum
1224 665 1315 734 qui
1361 664 1416 716 in
1471 661 1710 716 deterius

168 765 355 840 proficit
380 762 724 824 ostenderet;
751 759 877 830 quia
906 767 1083 812 autem
1112 771 1218 811 non
1255 756 1444 817 crevit,
1469 751 1560 808 sed
1589 765 1711 820 per.

167 858 357 921 mansit,
403 854 653 909 similiter
695 853 959 922 aSpectus'
991 852 1104 904 sive
1143 849 1351 918 species
1405 846 1706 901 obscurior.

166 951 284 1018 Quid
310 949 445 1003 enim
469 947 756 1016 iniquitate
785 943 1067 997 obscurius
1089 941 1210 995 est?
1242 940 1316 993 De
1338 954 1439 1008 qua
1467 936 1706 1005 caligant

163 1043 286 1099 oculi
327 1051 382 1095 ut
409 1057 587 1112 neque
615 1041 803 1104 Deum,
834 1053 1011 1106 neque
1047 1036 1148 1089 hoc
1179 1034 1317 1103 quod
1343 1033 1556 1102 expedit
1579 1045 1706 1101 per-

163 1135 324 1204 spicue
351 1133 625 1187 intendere
654 1131 1065 1200 permittuntur;
1106 1126 1186 1178 vel
1224 1125 1267 1178 si
1299 1131 1574 1193 aspectum
1608 1121 1706 1173 ob-

161 1225 432 1278 scuriorcm
481 1221 696 1275 dubiam
729 1220 1049 1289 quibusdam
1091 1217 1464 1282 incertamque
1507 1209 1708 1265 dixeris

159 1318 346 1390 peccati
365 1315 749 1385 suspicionem,
769 1313 817 1366 id
837 1321 939 1375 est,
958 1309 1219 1364 utrum'sit
1235 1323 1300 1360 an
1320 1322 1441 1368 non,
1461 1318 1710 1358 necessa-

161 1411 279 1464 riam
307 1408 468 1461 habet
493 1415 547 1461 et
567 1408 681 1461 haec
711 1405 1047 1460 sacerdotem
1080 1409 1266 1471 utpote
1293 1400 1383 1468 qui
1408 1399 1556 1452 novit
1579 1411 1712 1465 quo-

157 1498 301 1554 modo
347 1495 620 1550 munditiae
661 1495 927 1549 restituat.
975 1492 1067 1545 Ille
1113 1499 1290 1544 autem
1324 1486 1712 1555 simpliciorem

155 1604 260 1642 cam
288 1587 566 1642 denuntiat
586 1587 936 1653 brevemque,
956 1599 1096 1652 aqua
1126 1581 1336 1634 diluens
1365 1577 1708 1637 vestimenta,

154 1679 476 1749 baptismatis
500 1677 749 1732 videlicet
775 1676 887 1728 sive
915 1671 1268 1743 pmnitentim.
1308 1669 1402 1722 Est
1430 1667 1571 1721 enim
1599 1663 1710 1718 elli—

152 1784 238 1822 cax
274 1785 412 1838 aqua
444 1767 772 1836 pmnitentim
815 1764 1083 1832 lacryma,
1113 1774 1270 1828 quam
1303 1772 1460 1811 nemo
1490 1760 1705 1825 peccat,

1810 569 2086 632 scientem,
2125 569 2362 638 nihilque
2394 570 2732 637 ignorantem
2779 572 2964 635 refert,
2995 572 3088 625 sed
3111 572 3380 641 quia-dis.

1808 659 2128 727 positionem
2182 660 2628 729 perscrtttabatttr
2674 661 2858 725 animi,
2895 661 3103 716 dicebat
3131 662 3330 731 quippe
3361 675 3379 716 :

1811 749 1994 804 Simon
2039 750 2274 814 ‘Joarma,
2326 767 2472 803 antas
2495 765 2577 803 me
2612 752 2637 804 7
2683 752 2878 806 docere
2906 765 3006 804 nos
3030 751 3198 806 voluit
3239 767 3377 821 quo+

1807 843 1968 895 modo
1997 850 2458 910 perscrutaremur
2486 850 2540 894 et
2567 842 2836 910 quomodo
2873 841 3241 909 judicaremus
3283 839 3380 911 per

1808 931 2144 998 frequentem
2173 931 2419 984 videlicet
2468 932 2868 1000 inquisitionem
2898 952 2910 985 :
2945 943 3154 1002 septem
3195 943 3375 986 autem

1807 1021 1922 1074 dies
1945 1037 2048 1073 non
2071 1020 2266 1074 frustra
2298 1023 2496 1091 posuit,
2528 1023 2620 1075 sed
2644 1031 2702 1076 ut
2727 1024 3094 1077 necessarium
3115 1023 3369 1092 pnesenti

1805 1109 2089 1162 intentioni
2121 1123 2402 1163 numerum
2431 1111 2743 1175 honoravit;
2771 1113 2822 1165 in
2849 1114 2966 1182 ipso
2991 1113 3187 1183 quippe
3215 1113 3376 1167 cuiue

1804 1200 2075 1253 vinculum
2105 1201 2385 1269 orunisque
2428 1200 2685 1270 obligatio
2713 1217 2781 1254 ex
2825 1203 2941 1272 lege
2969 1205 3237 1256 cessabat.
3267 1203 3373 1256 Se—

1806 1292 2081 1359 ptenarius
2108 1305 2235 1360 ergo
2264 1304 2522 1343 numerus
2546 1291 2710 1343 totius
2735 1290 2932 1344 habere
2956 1291 3234 1358 prmsentis
3253 1290 3378 1360 vita:

1809 1381 2045 1435 creditur
2089 1380 2496 1449 plenitudinem,
2555 1395 2674 1448 quae
2723 1381 2778 1433 in
2827 1396 2886 1434 se
2936 1382 3377 1450 septemcdiubus

1809 1480 1942 1524 rota:
1968 1472 2201 1524 volvitur
2233 1473 2410 1534 modo,
2444 1487 2551 1540 quo
2580 1471 2845 1540 completo
2895 1480 3040 1526 recte
3065 1486 3228 1524 omne
3256 1486 3377 1539 pec-

1812 1573 2014 1625 catum,
2067 1575 2331 1629 omneque
2384 1561 2660 1614 vinculum
2715 1561 2896 1614 smculi
2951 1568 3161 1624 cessat,
3219 1568 3381 1626 atque

1810 1667 1970 1705 omne
2022 1652 2342 1704 servitium:
2396 1652 2747 1720 quamobrem
2797 1652 3024 1718 septima
3081 1651 3134 1703 in
3186 1649 3383 1704 divinis

1810 1740 2105 1808 Scripturis
2150 1740 2361 1806 requies
2415 1741 2768 1804 nominatur,
2824 1740 3278 1808 quemadmodum
3327 1747 3386 1796 et

148 1827 610 1927 gratim-reliquias
647 1827 964 1924 θρρρῃοηίιξ)
995 1827 1353 1919 baptismatis,
1403 1845 1552 1911 Quod
1577 1859 1704 1911 ergo
1734 1827 1780 1884 B
1809 1829 2004 1882 Paulus
2035 1829 2099 1882 de
2128 1829 2308 1899 Moyse
2335 1829 2411 1881 ait
2437 1847 2450 1882 :
2483 1829 2628 1882 Dixit
2660 1830 2804 1883 enim
2834 1830 2885 1882 in
2916 1831 3148 1897 quodam
3174 1829 3294 1884 loco
3314 1829 3384 1884 de

146 1949 215 2003 ita
251 1964 309 2004 se
339 1949 504 2002 habet
533 1965 545 1999 :
575 1944 925 2014 Septuaginta
963 1939 1228 2011 passionis
1252 1935 1701 2005 significationem

138 2048 431 2108 propterea
458 2035 758 2098 ediderunt,
789 2032 911 2100 quia
942 2043 1060 2098 quae
1086 2034 1210 2081 sunt
1232 2023 1436 2079 occulta
1465 2038 1530 2075 ex
1553 2028 1704 2090 parte

139 2126 377 2195 prodidit
421 2132 476 2178 et
509 2123 673 2176 latere
701 2119 1006 2175 omnimodo
1033 2132 1140 2170 non
1172 2113 1438 2185 permisit,
1485 2111 1580 2165 sed
1619 2111 1703 2162 in—

141 2213 313 2268 stituit
343 2212 674 2266 sacerdotem
703 2209 895 2263 medici
923 2208 1097 2261 vicem
1143 2207 1196 2258 in
1231 2204 1334 2258 hoc
1376 2203 1665 2256 habentem
1692 2241 1703 2263 ,

145 2305 276 2373 quod
302 2302 755 2357 medicamentum
804 2299 999 2352 debeat
1043 2296 1299 2349 adhibere
1345 2292 1607 2361 siquidem
1651 2296 1707 2343 et

147 2397 398 2452 adhibuit.
429 2394 508 2449 Tu
539 2402 714 2449 autem
743 2394 1071 2462 cognoscens
1096 2390 1224 2458 quia
1252 2384 1703 2457 significationem

148 2487 363 2558 appellet
389 2486 491 2540 tale
512 2495 812 2554 peccatum,
837 2498 942 2536 non
976 2479 1276 2535 abscondas
1299 2475 1498 2530 malum
1526 2489 1555 2526 a
1579 2487 1708 2525 vero

149 2580 437 2643 sacerdote,
487 2577 613 2631 licet
664 2575 887 2629 dubium
945 2580 1252 2639 tectumque
1313 2568 1384 2622 sit
1429 2565 1569 2628 aliis,
1612 2563 1706 2617 sed

150 2671 354 2726 ostende
383 2683 446 2722 ac
474 2665 671 2736 prode;
705 2664 894 2718 diebus
930 2663 1072 2716 enim
1118 2657 1440 2728 quibusdam
1467 2663 1518 2709 te
1553 2667 1708 2722 sepa-

149 2774 262 2812 rans
289 2757 540 2812 sacerdos
570 2771 600 2808 a
636 2762 946 2808 sanctorum
971 2745 1336 2808 tabernaculo,
1366 2758 1556 2798 rursus
1592 2755 1708 2795 sus-

149 2849 315 2918 cipiet,
360 2862 552 2901 rursus
590 2860 697 2914 quo
739 2850 951 2912 oportet
995 2841 1153 2894 modo
1193 2837 1512 2892 vestimenta
1558 2833 1709 2902 prius

150 2937 334 3002 carnis,
359 2937 496 2991 sicut
523 2936 602 2988 ait
631 2934 927 3002 lcgislator,
948 2931 1262 2992 diluentcm,
1292 2926 1386 2980 sed
1403 2924 1522 2977 vide
1548 2932 1599 2976 et
1627 2936 1710 2975 ve-

151 3028 277 3081 niant
304 3026 610 3097 percipiens
650 3023 858 3078 custodi
887 3037 952 3074 ne
974 3020 1202 3088 polluas,
1227 3025 1516 3085 postquam
1543 3008 1709 3066 semel

151 3118 327 3172 laverit
352 3120 592 3173 tunicam
617 3116 816 3178 carnis,
848 3128 972 3166 nam
995 3115 1037 3165 si
1068 3111 1228 3164 etiam
1258 3117 1378 3177 post
1406 3108 1519 3160 haec
1549 3103 1710 3174 signi-

155 3207 318 3261 ficatio
344 3204 617 3277 passionis
646 3201 893 3257 inciderit
915 3200 966 3252 in
997 3196 1268 3267 pellicula,
1300 3193 1383 3247 vel
1412 3191 1706 3247 secundum
1734 3168 1779 3230 (ἶ

151 3305 371 3350 nostram
422 3295 735 3356 editionem,
789 3290 1025 3346 creverit
1068 3296 1123 3342 ct
1173 3299 1364 3340 rursus
1411 3299 1440 3336 a
1493 3279 1705 3336 meliori

149 3396 288 3455 parte
315 3388 376 3442 ad
404 3391 688 3455 peccatum
719 3381 973 3436 reciderit
1000 3385 1468 3444 commutatusque
1509 3373 1706 3437 fuerit,

150 3476 338 3529 videbit
366 3476 623 3530 sacerdos
652 3480 705 3528 et
731 3471 872 3525 illico
901 3478 1208 3539 vergentem
1239 3466 1306 3519 ad
1332 3465 1596 3519 deteriora
1625 3477 1707 3515 re-

151 3565 377 3632 periens,
421 3563 782 3619 immunditia:
839 3557 1249 3620 condemnabit,
1308 3555 1710 3622 subsequuntur

151 3650 486 3723 Septuaginta
517 3660 574 3707 et
603 3652 787 3705 dicunt
815 3649 939 3718 quia
986 3647 1134 3717 lepra
1179 3654 1264 3700 est
1309 3663 1322 3696 :
1355 3650 1538 3711 aperte
1564 3641 1710 3695 enim

149 3740 294 3810 hujus
319 3745 407 3813 qui
427 3744 554 3797 talis
581 3750 681 3806 est,
704 3741 881 3795 anima
905 3739 970 3793 ad
991 3737 1243 3808 profanas
1257 3734 1535 3788 declinans
1558 3731 1710 3785 volu-

149 3843 308 3905 ptatcs
341 3835 563 3904 leprosa
592 3833 669 3886 fit.
701 3833 993 3901 Propterea
1020 3838 1074 3882 et
1115 3826 1334 3890 Paulus,
1368 3825 1460 3893 qui
1506 3823 1558 3877 in
1602 3821 1706 3877 Co-

151 3926 314 3981 rintho
367 3925 668 3978 fornicatus
713 3931 797 3977 est
827 3921 879 3992 (Ι
924 3919 1046 3974 Cor.
1089 3919 1165 3988 v),
1210 3918 1336 3986 quia
1385 3914 1710 3985 significatio

151 4019 313 4086 passio
338 4016 468 4080 fuit,
505 4012 792 4068 manifesta
823 4013 964 4065 enim
993 4018 1109 4065 erat
1137 4025 1235 4063 nec
1258 4008 1649 4071 occultabatur,
1680 4020 1711 4059 a

155 4117 450 4161 sanctorum
483 4104 714 4160 removit
740 4100 1106 4164 tabernaculo,
1153 4108 1207 4153 et
1251 4097 1389 4151 tradi
1416 4095 1628 4150 Satanze
1656 4095 1711 4148 in

155 4198 406 4252 interitum
435 4196 621 4251 carnis
651 4193 907 4265 praecepit
943 4210 954 4244 :
992 4190 1081 4261 qui
1109 4205 1229 4244 cum
1263 4187 1584 4257 inspexisset
1621 4200 1709 4240 se—

156 4289 308 4343 cundo
335 4286 649 4358 passionem
679 4291 734 4339 et
761 4282 984 4336 vidisset
1010 4280 1137 4349 quia
1178 4294 1285 4334 non
1315 4269 1500 4339 crevit,
1535 4276 1628 4330 sed
1655 4283 1712 4330 et

157 4390 260 4432 eum
287 4377 374 4446 qui
413 4390 610 4446 passus
641 4372 816 4428 fuerat
843 4385 939 4441 per
963 4370 1229 4440 lacrymas
1256 4365 1586 4437 pmnitentia:
1616 4379 1712 4419 ve-

159 4473 274 4520 Stem
302 4467 485 4521 carnis
517 4463 778 4526 abluisse,
807 4476 838 4516 e
864 4460 1090 4529 vestigio
1119 4457 1318 4526 suscipi
1343 4455 1525 4524 jussit.
1556 4453 1709 4521 Quod

160 4562 311 4611 autem
356 4563 567 4625 septem
599 4553 785 4607 diebus
826 4567 857 4604 a
881 4549 1228 4605 tabernaculo
1258 4562 1365 4601 non
1397 4545 1565 4601 semel
1613 4546 1708 4600 sed

161 4643 229 4699 bis
267 4647 517 4701 sacerdos
548 4651 860 4711 susceptum
907 4647 1138 4708 separat,
1186 4651 1429 4707 quierere
1471 4643 1526 4688 et
1570 4635 1710 4689 scire

161 4733 403 4789 studiosos
424 4740 665 4804 oportet,
695 4729 931 4786 secundo
955 4729 1219 4798 siquidem
1244 4728 1345 4780 hoc
1373 4726 1487 4780 fieri
1519 4726 1573 4778 in
1595 4725 1712 4795 lege

163 4833 354 4894 propter
377 4827 482 4879 hoc
511 4831 843 4893 prmceptum
875 4827 959 4874 est
986 4825 1046 4872 ut
1067 4816 1377 4872 ostenderet
1405 4829 1511 4870 non
1545 4815 1712 4884 negli-

163 4924 325 4984 genter
350 4918 441 4972 sed
473 4913 724 4971 studiose
774 4925 897 4966 eum
930 4910 1126 4964 debere
1154 4907 1368 4976 inspici,
1417 4914 1472 4960 et
1515 4904 1712 4974 duplici

164 5005 450 5072 probatione
503 5011 807 5065 transacta,
861 4999 1164 5054 districtum
1210 4998 1264 5052 in
1311 5011 1375 5052 eo
1424 4996 1541 5050 fieri
1570 4994 1715 5063 judi-

166 5097 303 5152 cium.
336 5098 682 5153 Manifestum
712 5095 907 5163 quippe
933 5099 1052 5146 erat
1079 5091 1346 5145 sacerdoti
1391 5097 1670 5159 peccatum
1697 5127 1712 5152 ,

167 5187 254 5243 scd
282 5209 396 5245 cum
428 5191 672 5245 animum
702 5184 940 5255 passioni
963 5181 1387 5236 consentientem
1408 5180 1715 5248 suspicaba-

171 5283 257 5342 tur,
288 5296 388 5335 non
436 5289 623 5334 tamen
658 5273 942 5329 manifeste
972 5271 1198 5334 sciebat,
1228 5269 1534 5322 necessario
1559 5269 1712 5322 illum

171 5361 339 5422 iterum
375 5369 697 5439 inspiciebat
734 5383 746 5418 :
781 5361 864 5419 est
904 5362 1100 5430 quippe
1127 5357 1414 5413 invisibilis
1441 5364 1496 5410 et
1520 5357 1598 5410 ad
1628 5357 1716 5409 in-

173 5457 472 5522 spectiOnem
504 5455 756 5512 difficilis.
791 5453 927 5507 Hinc
959 5451 1218 5505 Dominus
1244 5462 1350 5503 non
1378 5447 1542 5501 semel
1572 5446 1717 5499 Petri

175 5545 386 5602 animum
438 5557 563 5617 post
610 5543 970 5615 negationem,
1023 5541 1118 5595 sed
1165 5538 1400 5593 secundo
1446 5551 1512 5591 ac
1559 5537 1721 5590 tertio

176 5643 602 5706 quemadmodum
649 5655 706 5695 se
754 5638 976 5692 haberet
1027 5635 1322 5703 interrogat
1363 5631 1542 5703 (Joan.
1576 5631 1718 5699 xxi),

177 5741 350 5788 nonut
390 5735 683 5807 ignorans,
714 5733 814 5787 hoc
856 5730 999 5787 enim
1042 5729 1095 5784 in
1137 5725 1577 5799 responsionihus
1608 5723 1722 5782 suis

1807 1920 1894 1974 dic
1922 1920 2148 1988 septima
2169 1919 2267 1983 sic,
2297 1918 2364 1971 Et
2387 1920 2601 1972 cessavit
2624 1918 2764 1972 Deus
2791 1918 2854 1971 ab
2877 1918 3115 1971 omnibus
3139 1919 3384 1986 aperibus

1805 2013 1914 2065 suis
1933 2027 1951 2075 ;
1979 2019 2033 2065 et
2059 2010 2221 2078 paulo
2261 2018 2383 2079 post
2427 2009 2662 2063 subdidit
2692 2027 2705 2061 ς
2740 2008 2842 2073 Qui
2884 2018 3055 2062 autent
3082 2007 3292 2060 intravit
3324 2008 3381 2060 in

1808 2102 2035 2169 requiem
2068 2099 2203 2167 ejus,
2236 2107 2280 2150 et
2313 2099 2418 2166 ipse
2445 2098 2686 2166 requievit
2715 2096 2779 2148 ab
2811 2096 3050 2166 operibus
3085 2095 3216 2158 suis,
3244 2094 3379 2147 sicut

1805 2201 1852 2245 et
1875 2209 1907 2244 a
1935 2192 2044 2244 suis
2069 2189 2208 2243 Deus
2240 2189 2394 2260 (Ileb.
2421 2189 2495 2260 tv)
2525 2207 2536 2241 :
2569 2189 2660 2242 sed
2683 2197 2736 2242 et
2764 2187 3118 2241 Ecclesiastes
3153 2185 3264 2239 ait:
3296 2181 3380 2236 Da

1804 2293 2004 2353 partem
2034 2291 2250 2352 septem,
2283 2298 2373 2334 nec
2401 2299 2500 2335 non
2526 2291 2572 2334 et
2601 2291 2714 2334 octo
2733 2279 2931 2350 (Eccle.
2965 2281 3065 2347 x1),
3093 2277 3382 2346 providen-

1807 2375 1935 2427 tiam
1968 2373 2154 2427 habcri
2201 2372 2482 2441 praesentis
2510 2370 2689 2424 saeculi
2739 2368 3059 2438 prmcipieus
3105 2375 3159 2420 et
3188 2363 3376 2418 futuri.

1808 2461 1978 2533 Plaga
1999 2462 2154 2532 lepra:
2183 2462 2229 2514 si
2264 2461 2421 2529 fuerit
2446 2461 2497 2513 in
2527 2460 2755 2522 homine,
2782 2457 3074 2510 adducetur
3111 2454 3181 2506 ad
3208 2468 3383 2507 sacer-

1807 2555 1978 2608 dotem
2027 2563 2076 2607 et
2119 2553 2314 2608 videbit
2354 2567 2506 2614 euut;
2546 2566 2762 2619 cumque
2809 2548 2952 2602 color
2990 2546 3140 2600 albus
3187 2545 3242 2598 in
3268 2553 3385 2596 cute

1808 2646 1983 2716 fuerit,
2013 2654 2062 2698 et
2096 2643 2407 2714 capillorum
2446 2643 2721 2696 mutaverit
2765 2648 3060 2710 aspectum,
3107 2638 3219 2707 ipsa
3247 2650 3382 2705 quo-

1809 2755 1905 2809 que
1950 2754 2072 2790 caro
2099 2737 2210 2790 viva
2240 2734 2524 2804 apparebit,
2558 2732 2702 2802 lepra
2733 2731 3078 2784 vetustissima
3119 2725 3386 2797 judicabi-

1809 2838 1914 2892 tur,
1947 2836 2100 2896 atque
2128 2825 2315 2878 inclita
2342 2824 2490 2876 cuti:
2523 2819 2897 2876 contaminabit
2933 2819 3107 2886 itaque
3133 2831 3250 2869 eum
3291 2829 3398 2866 δαοί

1811 2918 1992 2972 cerdos
2036 2926 2085 2970 et
2135 2933 2238 2969 non
2269 2914 2520 2979 recludet,
2564 2914 2688 2983 quia
2736 2911 3004 2981 perspicue
3048 2903 3385 2960 immunditia

1811 3025 1904 3065 est.
1937 3007 2044 3080 (Ea:
2091 3007 2395 3077 Hesychia.)
2443 3007 2518 3059 De
2537 3005 2733 3074 quibus
2759 3002 2905 3056 enim
2950 2998 3197 3068 superius
3227 2995 3388 3066 plane

1812 3111 1974 3172 atque
2033 3099 2361 3154 suflicienter
2408 3096 2693 3165 exposuit,
2758 3094 2824 3148 de
2879 3091 2964 3146 his
3029 3091 3144 3146 hmc
3196 3100 3386 3141 rursus

1810 3193 2024 3247 videtur
2054 3191 2328 3260 legislator
2352 3189 2606 3257 adicere,
2640 3187 2730 3242 sed
2761 3202 2865 3241 non
2897 3185 2972 3238 ita
3013 3192 3132 3238 est:
3180 3196 3304 3234 nam
3330 3185 3387 3234 et

1809 3287 1854 3342 si
1884 3285 2064 3340 verbis
2108 3292 2192 3338 est
2243 3283 2569 3352 proximum,
2601 3279 2829 3334 multum
2883 3285 3062 3332 tamen
3113 3267 3402 3328 diversam.

1810 3386 1973 3446 atque
2000 3374 2334 3430 differentem
2375 3374 2536 3428 habet
2568 3370 2952 3432 intentionem;
2995 3366 3084 3419 hic
3115 3361 3384 3431 siquidem

1808 3485 1914 3524 non
1947 3469 2013 3523 de
2037 3466 2276 3535 quolibet
2306 3464 2622 3534 simpliciter
2649 3469 2891 3532 peccato,
2925 3458 3018 3512 sed
3066 3454 3133 3510 de
3162 3450 3388 3508 manife-

1809 3568 1890 3614 sta
1921 3557 2353 3627 transgressione
2381 3553 2566 3623 legalis
2593 3553 2726 3606 dicit
2750 3551 2966 3612 litterae,
2997 3554 3217 3616 propter
3239 3541 3383 3612 quod

1807 3650 2019 3719 plagam
2051 3648 2214 3714 lepra:
2237 3645 2543 3713 passionem
2568 3642 2740 3709 ipsam
2767 3637 3075 3708 appellavit.
3098 3633 3212 3686 Non
3237 3633 3386 3700 igno-

1809 3753 1994 3794 ramus
2020 3744 2200 3789 autem
2230 3735 2354 3802 quia
2385 3732 2593 3799 lepram
2623 3730 2920 3782 dixerimus
2949 3725 3082 3792 legis
3105 3736 3227 3775 esse
3251 3734 3388 3788 prm-

1809 3827 2218 3886 varicationem,
2252 3823 2376 3892 quia
2414 3827 2574 3874 nocet
2602 3817 2766 3871 etiam
2807 3829 2930 3868 cum
2969 3809 3256 3880 partitialis
3281 3808 3384 3871 sit,

1811 3918 1956 3972 sicut
1981 3916 2151 3985 lepra,
2185 3913 2312 3968 licet
2335 3924 2557 3981 parvam
2587 3915 2792 3976 partem
2823 3899 3243 3971 comprehendat
3267 3913 3402 3952 cor-

1811 4009 1979 4078 poris.
2010 4006 2183 4072 Quam
2220 4011 2400 4058 autem
2429 4002 2600 4070 legem
2629 3997 2938 4051 existimant
2962 3991 3260 4063 propriam,
3281 4003 3390 4042 non

1814 4113 1935 4154 eam
1965 4111 2086 4166 qua:
2115 4103 2201 4150 est
2225 4095 2290 4149 de
2338 4092 2538 4147 invidia
2571 4101 2626 4146 ct
2672 4087 2936 4142 adulterio
2961 4125 2976 4150 ,
3009 4082 3300 4154 rapacitate
3333 4087 3392 4135 et

1815 4189 2062 4252 avaritia,
2109 4195 2163 4240 et
2204 4186 2270 4239 de
2320 4181 2645 4238 honorandis
2673 4177 3008 4248 parentibus,
3040 4189 3164 4229 nam
3193 4172 3388 4227 similis

1813 4278 1896 4333 lex
1922 4285 2040 4332 erat
2061 4283 2116 4331 et
2144 4273 2424 4345 gentibus;
2455 4272 2549 4326 sed
2593 4285 2712 4324 eam
2743 4284 2862 4338 quae
2891 4268 2957 4321 de
3002 4263 3288 4320 sacrificiis
3326 4269 3385 4317 et

1809 4367 2276 4440 purificationibus
2305 4363 2605 4426 sanciebat,
2635 4376 2738 4414 non
2771 4368 2988 4428 tangas,
3039 4371 3148 4410 non
3181 4361 3388 4424 gustes,

1813 4474 1920 4514 non
1950 4465 2254 4513 contrectes
2291 4469 2412 4508 eam
2465 4467 2586 4522 quae
2630 4445 2944 4504 circumcidi
2975 4457 3196 4497 carnem
3233 4441 3392 4507 jube-

1817 4551 1927 4604 bat.
1967 4547 2092 4600 Haec
2123 4545 2265 4600 enim
2311 4549 2468 4595 erant
2516 4540 2632 4608 ejus
2681 4534 2922 4604 propria,
2969 4545 3093 4585 cum
3141 4528 3394 4597 gentibus
3435 4535 3442 4541 '

1819 4639 2252 4695 communionem
2300 4650 2406 4687 non
2455 4630 2728 4686 habentia.
2781 4627 2839 4681 Si
2879 4639 3009 4694 ergo
3039 4623 3191 4693 plaga
3229 4622 3391 4692 hujus

1819 4733 1980 4803 leprae
2004 4732 2057 4784 in
2083 4727 2302 4781 homine
2323 4733 2440 4779 orta
2470 4723 2657 4786 fuerit,
2685 4729 2739 4773 et
2762 4719 2948 4774 videns
2966 4731 3087 4772 eum
3109 4716 3386 4778 sacerdos,

1822 4822 2001 4877 album
2022 4820 2255 4874 colorem
2279 4817 2331 4870 in
2355 4823 2477 4870 cute
2502 4812 2854 4883 perspexerit,
2886 4807 3387 4878 prmvaricationem

1822 4911 2185 4973 manifestam,
2233 4916 2583 4977 apertamque
2621 4902 2838 4965 litterae,
2870 4899 3065 4968 illeque
3114 4897 3390 4952 voluntate

1821 5013 1982 5073 atque
2010 5018 2076 5057 ex
2121 5000 2324 5070 judicio
2353 4997 2545 5068 egerit,
2586 4995 2686 5049 hoc
2715 4993 2858 5048 enim
2904 5005 3025 5046 esse
3070 4988 3403 5057 capillorum

1820 5101 2098 5164 aspectum
2149 5092 2202 5144 in
2234 5089 2415 5144 album
2445 5085 2666 5148 mutari,
2695 5084 2748 5138 id
2775 5090 2881 5146 est,
2931 5089 3115 5150 aperte
3145 5079 3396 5132 animum

1820 5187 1877 5240 in
1907 5185 2084 5252 aliqua
2126 5179 2566 5250 praevaricatione
2609 5171 2914 5234 transferri,
2962 5169 3209 5239 superius
3246 5164 3398 5221 dixi--

1821 5289 1972 5338 mus;
2001 5273 2164 5326 habet
2189 5278 2366 5324 autem
2395 5268 2510 5336 ipsa
2528 5265 2733 5335 species
2755 5263 2932 5316 vivam
2956 5273 3197 5318 carnem,
3222 5263 3280 5307 ut
3296 5250 3388 5318 qui

1823 5365 2072 5422 videlicet
2095 5370 2150 5416 et
2176 5362 2222 5415 si
2249 5360 2302 5414 in
2329 5359 2508 5428 aliquo
2532 5355 2940 5426 transgreditur,
2973 5351 3024 5403 in
3056 5347 3177 5410 aliis
3203 5352 3381 5396 tamen

1819 5455 1992 5524 legem
2013 5449 2268 5512 defendit,
2284 5464 2443 5518 quam
2471 5447 2670 5500 frustra
2695 5456 2881 5498 sanam
2903 5449 3122 5493 carnem
3149 5427 3400 5498 appella-.

1823 5554 1925 5611 ret,
1944 5543 2118 5598 nisiet
2139 5543 2330 5596 beatus
2349 5538 2547 5593 Paulus
2579 5535 2665 5592 sic’
2683 5535 2829 5588 illam
2851 5526 3148 5611 appellasse
3173 5519 3389 5572 videre-

1824 5644 1942 5698 tur;
1997 5633 2073 5686 ait
2118 5633 2261 5686 enim
2304 5649 2317 5683 :
2365 5628 2596 5682 Justitiis
2649 5621 2822 5674 carnis
2863 5629 3022 5683 usque
3067 5609 3135 5662 ad
3186 5619 3388 5678 tempus

1821 5722 2156 5779 correctionis
2183 5719 2435 5792 impositis
2462 5715 2648 5787 (Hebr.
2681 5709 2793 5779 is);
2824 5706 2974 5774 lepra
3019 5699 3386 5757 vetustissima
