3892 6344
448 294 558 366 583

1089 304 1152 360 Β.
1190 302 1445 362 RABANI
1485 301 1708 361 MAURI
1750 300 2009 360 ΔΒΕ.ίίἰεῖ

2112 292 2419 359 ΜοουΝΤ.
2461 301 2746 360 OPERUM
2782 304 2963 362 PARS
3000 305 3044 361 Ι.

3599 316 3701 377 εει

450 435 593 493 sape
642 397 910 493 cliulingit
957 421 1288 493 quempiam,
1339 428 1396 476 et
1441 428 1631 477 contra
1681 419 2014 475 voluntatem
2041 416 2090 476 A
2118 428 2242 468 nem
2271 413 2459 484 legalis
2487 414 2698 482 litteras,
2731 416 2811 472 sic
2858 427 2916 474 et
2948 418 3067 488 ejus
3107 420 3473 492 ignorantiam
3499 428 3699 485 subob-

450 525 605 567 suam
629 510 775 580 loqui
814 510 998 582 impia.
1052 510 1112 565 Si
1139 511 1334 567 viderit
1361 510 1540 565 locum
1586 510 1812 566 macula:
1843 524 2020 580 atqua-

449 600 559 656 lem
596 600 789 656 vicinae
825 602 995 666 carni,
1035 609 1091 656 et
1126 602 1381 672 capillum
1407 601 1641 672 nigrum,
1678 610 1737 655 ut
1767 617 1872 655 non
1927 615 2022 656 ex-

448 691 646 747 uberet
693 692 797 746 hoc
844 692 987 760 quod
1029 706 1096 745 ex
1148 691 1415 746 diabolica
1465 691 1780 759 operatione
1827 690 2022 745 animae

448 794 534 844 est
584 786 777 842 vulnus
806 785 1089 852 indictum,
1122 786 1174 842 id
1226 795 1332 851 est,
1382 786 1634 855 impietas
1686 784 2017 855 dogmatum,

449 877 693 933 recludet
720 892 814 932 eos
856 886 1061 947 septem
1084 876 1272 930 diebus
1302 875 1576 940 sacerdos,
1602 890 1708 929 non
1737 889 1836 944 pro
1861 890 2020 944 paena

449 972 686 1031 tantum,
740 974 1002 1036 quantum
1075 963 1333 1020 districta:
1403 962 1738 1033 probationis
1810 978 2017 1017 causa:

449 1062 662 1123 tempus
707 1054 851 1108 enim
874 1055 928 1109 in
958 1054 1207 1109 omnibus
1251 1053 1485 1122 quidem,
1516 1052 1814 1108 districtius
1841 1061 2022 1108 tamen

447 1142 502 1197 in
526 1143 610 1198 his
661 1158 891 1213 quorum
922 1144 1100 1214 lingua
1146 1144 1294 1198 circa
1337 1143 1686 1197 Divinitatem
1726 1150 1905 1197 vacat.
1936 1144 2022 1198 ln-

448 1233 704 1287 tucndum
737 1242 821 1289 est
846 1234 1040 1289 deinde
1083 1234 1355 1304 quomodo
1405 1244 1526 1304 post
1563 1235 1919 1291 reclusionem
1937 1233 2022 1303 ju-

447 1323 639 1379 dicat:
675 1325 989 1379 admiranda
1045 1333 1128 1381 est
1168 1325 1436 1380 districtio
1488 1341 1651 1395 quam
1706 1336 1896 1381 contra
1926 1342 2020 1383 eos

447 1414 540 1483 qui
564 1414 727 1483 impie
776 1415 832 1468 in
860 1415 1199 1485 dogmatibus
1225 1424 1391 1485 agunt
1437 1424 1636 1470 servat.
1679 1415 1870 1472 Sinon
1900 1434 2020 1473 cre-

443 1504 585 1557 verit
610 1504 840 1569 macula,
869 1505 1118 1560 videlicet
1160 1505 1430 1575 impietas,
1462 1514 1517 1560 et
1560 1506 1784 1576 capillus
1816 1507 1899 1561 sui
1927 1523 2019 1562 co-

441 1593 574 1650 loris
602 1605 702 1661 est,
732 1596 784 1651 id
813 1606 911 1659 est,
952 1613 1055 1652 nec
1102 1598 1328 1669 capillus
1381 1598 1553 1653 ﬂavus
1584 1600 1636 1653 iu
1667 1614 1729 1653 ea
1759 1607 1862 1665 est,
1892 1614 2019 1653 cum

441 1699 549 1740 non
576 1686 746 1757 possit
780 1688 1037 1755 cogitatio
1082 1697 1305 1758 propter
1355 1690 1693 1759 negationem
1740 1689 2015 1759 cognosci,

2118 518 2333 559 scurum
2359 505 2594 562 alborem
2620 515 2675 562 et
2700 507 2971 566 lucentem
2989 511 3352 584 intelligamus
3374 516 3481 572 dici
3506 537 3522 585 ;
3552 519 3699 589 igno-

2119 596 2353 649 rantiam
2382 604 2560 651 autem
2598 613 2704 652 non
2735 600 2977 655 omnium
3026 617 3149 672 qua:
3179 603 3333 671 dicit,
3361 621 3465 661 nec
3512 622 3697 666 eorum

2118 700 2238 754 qua:
2276 688 2582 743 communia
2634 704 2757 744 cum
2788 690 2905 762 lege
2941 690 3197 759 naturali,
3235 695 3322 749 vel
3372 699 3697 768 evangelicis

2117 777 2401 846 praeceptis
2428 785 2554 832 sunt
2584 780 2844 849 possidet.
2884 781 3069 851 Neque
3104 783 3250 837 enim
3283 784 3565 856 ignorare,
3588 788 3696 845 Non

2119 866 2355 930 occidas,
2387 882 2496 921 non
2523 869 2906 937 mmchaberis,
2938 888 3046 927 non
3071 872 3278 929 furtum
3300 872 3499 945 facies,
3548 879 3697 935 cuili-

2118 956 2211 1011 bet
2238 956 2557 1027 ignoscitur,
2590 960 2683 1014 sed
2737 962 3095 1030 quorumdam
3150 965 3541 1034 partitialinm,
3576 986 3696 1039 par-

2121 1062 2417 1119 vorumque
2454 1052 2829 1106 mandatorum
2878 1053 3209 1124 ignorantia,
3261 1056 3434 1112 veluti
3487 1059 3696 1130 quando

2123 1148 2338 1208 oportet
2373 1142 2619 1195 mundari
2672 1152 3090 1211 menstruatam,
3122 1148 3339 1216 quando
3385 1148 3577 1206 oll‘erri
3604 1169 3696 1222 pro

2118 1229 2363 1299 pariente
2393 1231 2710 1297 masculum,
2743 1234 2959 1302 quando
2984 1235 3148 1289 etiam
3176 1253 3274 1306 pro
3304 1253 3370 1293 ea
3396 1253 3526 1308 quae
3550 1238 3696 1295 femi-

2120 1337 2247 1375 nam
2276 1323 2525 1392 peperit;
2554 1331 2778 1394 propter
2805 1326 2949 1393 quod
2976 1340 3098 1380 eam
3124 1328 3525 1385 subobscurum
3551 1331 3693 1387 albo-

2119 1426 2256 1476 rem,
2297 1420 2484 1482 utpote
2517 1427 2715 1482 parvas
2756 1413 3041 1471 cicatrices
3091 1419 3453 1487 partitialium
3505 1438 3689 1492 pratce

2117 1514 2335 1573 ptorum
2368 1504 2731 1575 ignorantiam
2768 1507 3057 1561 habentem
3086 1510 3400 1579 appellavit.
3436 1512 3543 1579 Qui
3578 1528 3697 1584 ergo

2120 1595 2247 1649 talis
2284 1604 2390 1660 est,
2422 1611 2645 1651 necesse
2691 1611 2797 1651 non
2841 1597 3009 1653 habet
3037 1601 3309 1668 mundari,
3351 1618 3534 1673 neque
3560 1606 3694 1660 enim

2120 1683 3030 1763 adjustilicationem'Judworum,
3063 1691 3157 1744 sed
3206 1701 3264 1746 ut
3315 1706 3691 1764 aggravaretur

442 1786 624 1834 utrum
676 1790 867 1850 sponte
894 1790 990 1837 aut
1045 1784 1243 1837 invitus
1274 1784 1437 1853 impie
1479 1785 1671 1855 egerit,
1707 1791 1833 1839 tunc
1861 1785 2009 1855 jubet

2119 1790 2309 1830 eorum
2357 1775 2547 1847 jugum
2602 1779 2800 1833 tradita
2850 1788 2995 1835 sunt.
3051 1781 3281 1852 Propter
3303 1786 3452 1855 quod
3478 1795 3538 1840 et
3568 1786 3695 1841 Deus

441 1868 560 1922 radi
610 1870 882 1924 hominem
933 1873 1136 1942 absque
1185 1873 1303 1928 loco
1342 1874 1603 1940 maculae;
1660 1883 1846 1945 aperte
1884 1892 2015 1948 ergo

439 1959 545 2014 alia
583 1961 696 2015 radi
728 1964 984 2032 prmccpit
1029 1965 1191 2019 verba
1218 1973 1274 2020 et
1317 1967 1595 2036 castigari,
1644 1967 1689 2022 si
1736 1968 1919 2024 forsan
1945 1984 2014 2024 ex

439 2047 521 2102 eis
554 2050 936 2118 comprehendi
986 2052 1157 2121 possit
1210 2060 1394 2107 utrum
1442 2069 1537 2123 per
1582 2055 2009 2125 subreptionem,

439 2136 579 2192 sicut
621 2139 840 2195 evenire
878 2139 1193 2211 frequenter
1220 2142 1374 2209 solet,
1404 2159 1472 2197 an
1501 2144 1764 2200 malevole
1813 2146 1880 2201 de
1904 2147 2015 2201 Deo

438 2226 601 2297 impia
630 2230 700 2284 sit
726 2229 955 2286 locutus.
993 2232 1198 2287 Vulnus
1219 2242 1402 2289 autem
1435 2234 1717 2302 antiquum
1742 2250 1850 2290 non
1874 2251 2016 2305 pra:-

439 2317 586 2384 ecpit
628 2318 766 2383 radi,
792 2320 919 2388 quia
941 2319 1163 2375 verbum
1191 2321 1244 2375 in
1278 2337 1385 2391 quo
1415 2322 1766 2391 delinquitur,
1796 2324 2014 2392 quando

440 2406 607 2461 semel
632 2409 725 2477 qui
776 2396 1023 2477 peccavit
1060 2412 1359 2481 negaverit,
1410 2411 1698 2481 dijudicari
1746 2414 1862 2485 jam
1899 2430 2009 2469 non

441 2503 672 2563 oportet.
705 2496 836 2563 Quis
874 2499 1020 2554 enim
1064 2515 1217 2556 reum
1255 2501 1461 2572 judicet
1491 2503 1700 2572 peccati
1730 2520 1876 2570 eum,
1914 2505 2012 2574 qui

441 2585 588 2652 quod
629 2586 910 2643 confessus
963 2598 1049 2644 est
1074 2588 1278 2660 lingua,
1312 2592 1590 2648 voluntate
1638 2610 1697 2650 se
1722 2594 2012 2664 protulisse

437 2674 633 2741 negat?
668 2675 893 2742 Quando
922 2687 1104 2734 autem
1156 2680 1222 2736 de
1249 2697 1313 2737 eo
1347 2682 1427 2738 sic
1448 2683 1702 2752 judicans
1729 2702 1837 2742 non
1863 2703 2013 2742 com-

435 2764 784 2832 prehenderit
809 2771 1048 2826 crevisse
1083 2773 1373 2840 maculam,
1432 2792 1531 2831 nec
1558 2778 1837 2847 dilatatam
1862 2782 1915 2836 in
1941 2795 2009 2836 eo

434 2849 633 2907 viderit
677 2854 1027 2926 impietatem,
1063 2862 1316 2930 quoniam
1350 2863 1734 2936 blasphemans
1784 2872 2010 2926 omnino

435 2939 626 3010 polluit
668 2944 859 3000 stolam
889 2948 1250 3018 baptismatis,
1302 2962 1449 3008 recte
1484 2971 1606 3011 eum
1630 2960 1887 3029 praecepit
1912 2976 2010 3030 per

433 3032 805 3101 paenitentiam
844 3036 1025 3093 lavare
1076 3042 1420 3110 vestimenta,
1471 3054 1527 3100 et
1585 3056 1713 3102 tunc
1773 3051 2008 3107 mundus

2116 1877 2214 1932 per
2228 1862 2553 1931 Prophetam
2581 1865 2834 1922 dicebat:
2863 1866 2994 1922 Dedi
3013 1871 3099 1938 eis
3125 1882 3388 1942 praecepta
3416 1891 3525 1928 non
3550 1875 3692 1940 bona,

2115 1962 2163 2007 et
2185 1953 2398 2024 judicia
2420 1956 2476 2009 in
2502 1955 2689 2026 quibus
2718 1974 2825 2012 non
2850 1958 3017 2014 vireat
3050 1958 3267 2031 (Ezech.
3296 1961 3419 2033 xx).

2718 2070 2946 2128 CAPUT
2981 2073 3072 2128 IV.

2292 2137 2368 2192 De
2399 2140 2528 2204 viro,
2557 2140 2623 2192 de
2656 2141 2807 2209 cujus
2838 2143 3006 2212 capite
3035 2144 3216 2215 capilli
3258 2147 3530 2218 deﬂuunt.

2187 2225 2368 2297 (ltum)
2417 2227 2510 2282 Vir
2531 2229 2596 2283 de
2625 2230 2779 2300 cujus
2810 2233 2980 2302 capite
3017 2232 3196 2304 capilli
3222 2238 3399 2305 [luunt
3430 2240 3611 2295 calvus
3636 2256 3692 2294 ac

2113 2316 2343 2370 mundus
2373 2326 2468 2384 est,
2501 2326 2549 2370 et
2579 2319 2627 2372 si
2657 2336 2688 2371 α
2718 2319 2889 2389 fronte
2919 2321 3199 2377 ceciderint
3232 2325 3348 2394 pili,
3378 2327 3689 2383 recalraster

2113 2413 2162 2457 et
2188 2407 2415 2460 mundus
2440 2417 2514 2461 est
2543 2422 2561 2461 .'
2593 2409 2639 2462 si
2667 2420 2842 2463 autem
2882 2412 2938 2465 in
2968 2412 3196 2480 calvitio,
3220 2417 3328 2470 sive
3350 2417 3410 2472 in
3434 2418 3691 2474 recalvitio

2113 2494 2264 2550 albus
2295 2497 2375 2550 vel
2411 2498 2562 2567 rufus
2587 2499 2733 2554 color
2760 2500 2919 2570 fuerit
2948 2514 3180 2570 exortus,
3222 2516 3269 2561 et
3301 2509 3404 2563 hoc
3454 2513 3690 2566 sacerdos

2113 2585 2319 2653 viderit,
2348 2588 2638 2658 inquinabit
2669 2607 2789 2644 eum
2826 2593 2971 2646 haud
3012 2594 3168 2650 dubie
3205 2597 3391 2668 leprtr,
3435 2618 3556 2671 quae
3583 2613 3691 2657 orta

2112 2686 2187 2731 est
2214 2677 2268 2731 in
2297 2678 2529 2733 calvitio.
2564 2681 3040 2740 Retniniscendum
3085 2696 3171 2743 est
3196 2691 3325 2759 quia
3348 2694 3578 2761 capillos
3600 2710 3689 2764 pro

2112 2770 2531 2841 cogitationibus
2576 2772 2955 2831 intelleximus.
2987 2776 3096 2850 (Ex
3128 2778 3447 2853 Hesychia.)
3485 2784 3691 2840 Ornare

2111 2863 2309 2932 quippe
2337 2876 2519 2933 caput,
2554 2880 2618 2920 ac
2646 2875 2828 2937 tegere
2851 2872 3134 2925 constituti
3162 2881 3311 2939 sunt,
3362 2876 3518 2932 sicut
3544 2879 3697 2949 cogis

2113 2954 2346 3009 tationes
2369 2964 2630 3022 mentem,
2660 2971 2767 3011 non
2812 2968 2994 3017 autem
3039 2961 3378 3019 iuordinatas
3414 2968 3689 3037 cogitatio-

2112 3057 2210 3097 nes
2240 3043 2570 3113 deducamus
2611 3047 2678 3101 ad
2705 3047 2964 3115 medium,
3008 3051 3137 3120 quia
3164 3060 3221 3106 et
3251 3054 3581 3123 capillorum
3614 3058 3691 3111 in-

435 3122 560 3185 erit,
586 3122 713 3191 quia
746 3127 923 3180 omnis
952 3128 1202 3199 impietas
1225 3148 1323 3202 per
1350 3136 1604 3191 mundam
1627 3140 2002 3206 paenitentiam
2032 3135 2076 3198 C
2107 3137 2431 3207 compositio
2479 3138 2782 3195 foeditatem
2827 3156 2926 3211 pro
2959 3154 3158 3200 ornatu
3203 3122 3431 3216 praebet,
3475 3150 3690 3221 insuper

435 3212 748 3266 mandatur.
799 3213 1178 3274 Verumtamen
1212 3222 1302 3277 hic
1348 3224 1395 3278 si
1422 3226 1683 3293 praedicto
1718 3229 2009 3286 mundatus

434 3301 615 3368 modo,
642 3302 808 3374 impia
837 3322 1024 3363 rursus
1050 3310 1262 3367 locutus
1287 3312 1473 3380 fuerit,
1506 3330 1614 3372 non
1643 3318 1895 3388 inspiciet
1914 3335 2007 3375 sa-

435 3393 630 3448 cerdos
676 3394 743 3449 de
788 3395 897 3465 pilo
942 3398 1101 3466 ﬂavo,
1153 3417 1262 3458 non
1313 3406 1596 3475 quaeritur,
1651 3409 1849 3479 inquit,
1899 3427 2009 3482 quo

435 3482 618 3538 animo
644 3483 807 3554 impia
838 3486 1049 3545 locutus
1076 3490 1167 3557 sit,
1218 3494 1314 3549 sed
1348 3495 1474 3565 quia
1534 3497 1587 3552 in
1618 3514 1682 3554 ea
1710 3501 1775 3556 de
1801 3504 2002 3571 quibus

432 3573 689 3640 paenituit
717 3577 925 3645 recidit,
953 3580 1285 3639 immundum
1309 3601 1433 3642 eum
1464 3597 1611 3645 recte
1631 3605 1753 3647 esse
1776 3592 2004 3663 judicat,

428 3663 475 3716 si
511 3679 617 3720 non
646 3666 871 3736 capillus
900 3670 1057 3742 niger
1083 3671 1269 3740 fuerit,
1289 3676 1341 3731 id
1369 3680 1537 3743 est,si
1566 3696 1675 3736 non
1706 3681 1894 3753 lugens
1914 3702 2007 3757 ap-

433 3755 676 3822 paruerit
729 3758 1097 3830 impietatem;
1135 3764 1326 3837 lugens
1367 3785 1498 3826 vero
1543 3789 1652 3828 non
1699 3774 1871 3830 solum
1909 3755 2006 3830 ha-

434 3844 569 3911 bitu,
594 3845 691 3903 sed
721 3856 778 3903 et
804 3851 986 3907 animo
1013 3865 1070 3909 et
1113 3858 1552 3927 cogitationibus,
1605 3863 1818 3935 nigrum
1851 3881 2007 3920 nam-

433 3951 539 4006 que
561 3954 782 3995 manere
820 3940 1116 4013 lugentium
1141 3956 1225 4002 est
1265 3952 1564 4020 proprium.
1614 3951 1877 4019 Quoniam
1904 3971 2004 4011 an-

429 4034 541 4081 tem
570 4028 882 4083 interiorem
912 4033 1185 4090 hominem
1214 4047 1427 4107 oportet
1469 4039 1654 4110 lugere
1686 4059 1785 4112 pro
1811 4060 2006 4114 pecca-

426 4116 498 4171 tis
523 4133 686 4187 quem
715 4123 1069 4191 cogitationcs
1105 4130 1424 4200 contingunt
1455 4131 1818 4205 [contegunt],
1849 4148 2002 4194 recte

427 4206 547 4276 ejus
570 4208 943 4276 paenitentiam
964 4228 1063 4282 per
1080 4215 1246 4284 pilum
1276 4219 1485 4289 nigrum
1517 4222 1876 4291 signiﬁcavit;
1909 4228 2004 4280 sed

431 4296 763 4352 sullicienter
795 4298 861 4355 de
888 4301 973 4356 bis
998 4317 1118 4370 qua:
1141 4303 1197 4358 in
1224 4302 1336 4359 Deo
1369 4309 1781 4363 committuntur
1812 4312 2003 4381 impie-

431 4389 657 4457 tatibus,
685 4399 794 4446 tam
814 4408 883 4448 ex
907 4393 1182 4450 voltmtate
1215 4410 1378 4465 quam
1425 4412 1493 4454 ex
1523 4400 1828 4470 ignorantia
1856 4403 2004 4459 locu-

2110 3227 2567 3296 quemadmodum
2625 3231 2944 3300 eapillorum
3001 3235 3222 3304 quidam
3280 3236 3565 3307 decidunt,
3602 3241 3689 3297 alii

2109 3325 2291 3371 autem
2322 3328 2685 3381 renascuntur
2720 3323 2977 3394 nulloque
3008 3333 3251 3397 tempore
3271 3332 3426 3386 nasci
3453 3342 3690 3400 cessant,

2109 3410 2191 3466 sic
2223 3419 2277 3465 ct
2314 3411 2402 3467 his
2455 3427 2578 3482 quae
2604 3422 2733 3469 sunt
2785 3416 2839 3470 in
2879 3417 3038 3473 nobis
3085 3421 3509 3490 cogitationibus
3551 3427 3689 3480 deci-

2109 3500 2382 3564 dentibus,
2414 3502 2533 3557 alia:
2560 3513 2937 3560 renascuntur.
2975 3507 3121 3579 Ergo
3148 3509 3236 3565 hic
3271 3511 3491 3566 calvum
3514 3515 3689 3585 appel-

2108 3590 2185 3646 lat
2210 3593 2511 3663 simplicem
2562 3596 2857 3663 hominem,
2885 3615 2995 3654 non
3045 3614 3170 3657 eum
3196 3602 3289 3671 qui
3316 3605 3541 3659 omnino
3568 3606 3690 3659 insi-

2107 3682 2264 3752 piens
2309 3692 2393 3739 est
2439 3693 2536 3739 aut
2592 3687 2923 3744 irrationalis
2960 3706 2973 3742 :
3029 3691 3154 3760 quis
3199 3693 3348 3747 enim
3394 3703 3483 3749 est
3524 3695 3690 3750 homo

2107 3773 2201 3841 qui
2232 3789 2340 3828 non
2396 3775 2641 3843 capillos,
2698 3776 2822 3832 licet
2876 3794 3100 3847 paucos,
3136 3780 3193 3835 in
3244 3782 3424 3851 capite
3455 3784 3689 3839 habeat?

2106 3863 2263 3920 Hunc
2283 3881 2413 3936 ergo
2436 3867 2697 3924 describit
2717 3872 2809 3939 qui
2833 3872 3192 3941 cogitationes
3214 3887 3421 3943 paucas
3440 3891 3543 3945 per
3564 3879 3690 3930 sim-

2104 3954 2399 4025 plicitatem
2447 3958 2608 4028 gerit,
2664 3973 2895 4029 eumque
2925 3962 3184 4017 mundum
3222 3972 3372 4020 recte
3396 3981 3522 4021 esse
3552 3982 3687 4036 prae-

2106 4044 2249 4112 cepit
2277 4063 2290 4099 :
2321 4048 2777 4114 quemadmodum
2814 4051 2958 4105 cnim
3006 4054 3267 4108 mundum
3297 4046 3539 4110 insumat
3564 4072 3688 4111 eum

2105 4134 2199 4201 qui
2226 4148 2292 4187 ex
2326 4142 2442 4189 toto
2493 4136 2722 4206 simplex
2750 4145 2856 4201 est,
2907 4139 2986 4194 sic
3013 4148 3069 4195 et
3101 4140 3253 4196 illum
3292 4143 3386 4211 qui
3433 4158 3504 4200 ex
3531 4155 3693 4215 parte

2106 4230 2211 4276 est.
2246 4223 2481 4278 Maxime
2521 4234 2702 4280 autem
2750 4227 2893 4285 hunc
2943 4230 3035 4298 qui
3065 4246 3133 4286 ex
3184 4232 3536 4303 simplicitate
3582 4244 3685 4299 est,

2105 4326 2233 4366 nam
2285 4313 2388 4367 hoc
2424 4314 2827 4386 intelligendum
2885 4329 2970 4374 est
3012 4321 3068 4376 in
3098 4323 3306 4391 capillis
3362 4323 3689 4392 liuentibus,

2105 4402 2211 4457 hoc
2242 4410 2330 4458 est
2373 4407 2793 4471 rarescentibus,
2850 4408 2905 4463 in
2952 4409 3151 4477 fronte,
3209 4428 3372 4482 quem
3401 4424 3457 4469 et
3504 4416 3688 4471 calva-

431 4491 543 4548 tus,
595 4484 664 4539 ad
701 4485 805 4540 alia
848 4486 1073 4543 vulnera
1110 4488 1472 4546 moderatiora
1521 4506 1832 4550 sermonem
1872 4512 1999 4552 ver-
2026 4475 2080 4535 Ῐ)
2110 4500 2285 4547 strum
2337 4495 2644 4563 appellavit.
2683 4496 2784 4552 llic
2839 4508 3020 4555 autem
3056 4502 3240 4570 priore
3293 4503 3536 4560 deterior
3584 4515 3687 4574 est,

428 4575 517 4629 ιὶι.

511 4664 600 4718 Vir
635 4676 684 4719 et
724 4667 932 4736 mulier,
982 4671 1039 4726 in
1083 4672 1237 4743 cujus
1285 4683 1402 4729 cute
1435 4675 1635 4730 candor
1677 4680 2000 4747 apparuerit,

428 4754 715 4809 intuebitur
762 4773 848 4812 eos
891 4762 1133 4818 sacerdos
1153 4777 1172 4815 :
1199 4764 1248 4817 si
1279 4764 1672 4835 deprehenderit
1720 4767 2004 4823 subobscu-

431 4863 547 4899 ram
572 4847 802 4903 alborem
845 4850 1017 4908 lucere
1044 4855 1100 4909 in
1126 4866 1259 4919 cute,
1330 4859 1463 4912 sciat
1493 4876 1596 4912 non
1641 4876 1750 4914 esse
1777 4860 1997 4931 lepram,

427 4940 518 4992 sed
545 4942 808 4995 maculam
848 4942 1038 4999 coloris
1077 4949 1307 5013 candidi,
1341 4960 1389 5003 et
1435 4951 1695 5004 hominem
1720 4953 1997 5009 mundum.

429 5028 541 5098 (Ea:
582 5028 888 5104 Hesychia.)
942 5033 1078 5089 Cum
1122 5040 1358 5094 maxima
1382 5041 1722 5096 districtione
1754 5044 2003 5111 superius

432 5117 490 5172 in
518 5118 717 5174 divinis
751 5120 1108 5191 dogmatibus,
1162 5134 1215 5180 et
1242 5143 1428 5184 eorum
1465 5130 2002 5200 prmvaricationibus

428 5224 562 5266 usus
587 5208 792 5274 fuisset,
825 5228 970 5269 nunc
993 5216 1118 5284 quia
1145 5216 1210 5271 de
1237 5218 1341 5273 illis
1366 5219 1508 5289 loqui
1535 5222 1818 5291 supplevit,
1851 5233 2000 5279 recte

431 5314 544 5354 sua:
590 5300 963 5356 austeritatem
1007 5303 1254 5372 deposuit
1296 5307 1668 5362 districtionis.
1702 5310 1768 5363 Et
1800 5310 1867 5364 de
1909 5311 1996 5367 bis

431 5404 553 5458 qua:
599 5399 726 5444 sunt
776 5392 1071 5447 secundum
1124 5393 1295 5463 legem
1344 5394 1624 5452 Judaicam
1651 5398 2013 5477 dogmatibus

436 5478 696 5547 loquitur,
724 5492 780 5537 et
822 5496 944 5552 qua:
991 5483 1047 5537 in
1081 5499 1145 5540 ea
1170 5493 1297 5539 sunt
1340 5486 1545 5557 culpas,
1603 5489 1996 5545 subobscuram

433 5568 673 5624 alborem
720 5579 775 5625 et
831 5572 1098 5628 lucentem
1157 5590 1278 5630 esse
1329 5577 1486 5631 dixit.
1533 5578 1997 5645 Quemadmodum

435 5674 565 5730 ergo
610 5663 917 5723 cicatricem
966 5664 1145 5724 albam
1180 5683 1302 5727 esse
1351 5669 1583 5727 diximus
1611 5674 1999 5743 transgressio-

2006 4640 2009 4641 ν
2107 4597 2234 4638 nam
2266 4586 2460 4641 melius
2512 4588 2733 4656 quidem
2762 4597 2846 4644 est
2870 4590 3102 4647 virtutes
3136 4592 3490 4661 abscondere,
3524 4597 3575 4652 si
3608 4606 3690 4652 ta-

2106 4690 2229 4729 men
2261 4676 2455 4745 aliquis
2475 4678 2699 4747 gloriam
2723 4693 2908 4733 earum
2942 4682 3154 4750 prodat,
3181 4682 3478 4740 tolerabilis
3496 4688 3688 4755 passio

2105 4774 2191 4823 est
2217 4776 2273 4822 et
2299 4768 2476 4823 vicina
2506 4771 2697 4837 veniae,
2721 4778 2945 4841 propter
2973 4774 3117 4842 quod
3138 4775 3246 4829 erit
3258 4775 3529 4831 mundus:
3554 4780 3691 4847 quia

2105 4859 2249 4915 enim
2281 4860 2577 4914 secundum
2615 4859 2808 4916 faciem
2857 4862 3039 4918 divina
3071 4864 3351 4933 Scriptura
3382 4867 3544 4935 prodi
3574 4869 3687 4939 vir-

2106 4958 2250 5006 tutes
2283 4960 2340 5005 et
2373 4966 2558 5006 coram
2620 4953 2951 5019 hominibus,
2987 4969 3088 5023 per
3135 4970 3231 5010 eas
3264 4956 3399 5011 dicit
3443 4960 3681 5015 ornari:

2102 5040 2336 5096 Attende
2393 5040 2619 5095 Paulum
2666 5042 2934 5097 dicentem
2963 5060 2978 5097 :
3014 5042 3097 5098 Ea
3118 5061 3236 5115 quae
3280 5048 3573 5101 secundum
3600 5050 3689 5119 [ιι-ι

2101 5132 2232 5185 ciem
2265 5139 2387 5186 sunt
2414 5133 2582 5187 videte
2609 5146 2628 5184 :
2658 5134 2705 5188 si
2736 5135 2853 5205 quis
2889 5135 3094 5189 videtur
3119 5135 3220 5189 sibi
3244 5135 3443 5192 Christi
3464 5156 3521 5194 se
3544 5156 3683 5208 esse,

2102 5221 2198 5275 hoc
2231 5224 2415 5293 cogitet
2452 5225 2643 5279 iterum
2672 5225 2815 5295 apud
2846 5228 3196 5297 semetipsum,
3238 5228 3367 5297 quia
3410 5232 3544 5284 sicut
3570 5233 3687 5303 ipse

2102 5311 2294 5368 Christi
2322 5325 2418 5378 est,
2444 5317 2521 5369 ita
2547 5324 2596 5370 et
2626 5332 2719 5369 uos
2747 5315 2833 5386 (ΙΙ
2859 5316 2983 5371 Cor.
3011 5316 3087 5388 κ).
3114 5317 3228 5373 Hoc
3254 5328 3460 5386 autem,
3487 5323 3532 5377 si
3555 5323 3685 5378 nul-

2102 5402 2214 5457 lum
2242 5411 2524 5473 peccatum
2575 5420 2642 5460 ex
2681 5405 3028 5475 simplicitate
3064 5407 3325 5478 simplicis
3369 5412 3688 5467 committa-

2104 5498 2213 5557 tur,
2235 5492 2282 5547 si
2313 5500 2490 5547 autem
2522 5492 2664 5548 facta
2692 5493 2859 5549 fuerit
2895 5495 2947 5550 in
2979 5495 3216 5551 calvaria
3243 5497 3362 5565 ejus
3387 5509 3482 5554 aut
3504 5500 3561 5555 in
3590 5516 3687 5556 re.

2102 5581 2322 5637 calvitio
2344 5582 2557 5638 macula
2581 5584 2701 5639 alba
2720 5592 2813 5640 aut
2844 5584 2984 5653 rufa,
3009 5585 3157 5657 lepra
3183 5596 3290 5643 est.
3306 5587 3525 5655 Quare?
3548 5590 3684 5660 quia

2103 5687 2263 5730 nemo
2289 5674 2368 5730 sic
2392 5682 2475 5736 est
2505 5675 2729 5747 simplex
2780 5686 2843 5733 ut
2889 5678 3100 5734 nesciat
3154 5680 3282 5750 quia
3335 5696 3442 5737 non
3481 5682 3683 5738 debeat
