3892 6344
177 284 270 343 385

1041 290 1547 351 EXPOSITIONES
1584 290 1651 346 ΙΝ
1690 291 2091 352 LEVlTiCUM.
2131 328 2202 341 -—-
2238 299 2365 357 LIB.
2406 303 2501 363 IV.

176 414 378 455 manum
420 398 474 454 in
515 399 691 471 ignem
721 400 957 468 mittere,
1009 418 1185 473 neque
1214 404 1266 457 in
1296 404 1579 474 przecipitii
1607 403 1726 458 alti-
1753 405 1802 467 Α
1828 403 2054 472 habitat,
2086 417 2193 464 tam
2215 419 2275 465 ut
2301 412 2663 472 confundatur
2686 429 2852 486 quam
2896 425 2961 473 ut
3009 418 3189 477 nullus
3233 420 3409 480 socie—

174 490 345 544 tudine
369 489 720 560 semetipsum
750 493 901 557 dare,
927 508 1104 563 neque
1132 496 1279 548 abuti
1310 496 1490 565 gladio
1517 497 1569 551 in
1596 496 1730 552 locis

173 578 408 633 vitalibus
434 595 448 642 ;
481 579 527 632 si
555 590 737 635 autem
761 581 877 636 lucc
905 583 1010 637 scit
1060 585 1331 654 quomodo
1366 601 1471 640 non
1500 586 1730 656 amplius

173 670 305 727 norit
325 672 464 741 quod
490 672 739 728 occidere
767 676 967 729 malum
997 676 1089 740 sit,
1118 677 1259 744 quod
1289 678 1577 733 detrahere
1606 697 1729 751 pes—

171 763 370 829 simum,
430 767 578 835 quod
626 768 908 825 idolothita
963 773 1250 828 comedere
1292 775 1535 844 impium,
1565 782 1727 845 atque

170 858 430 914 mulierem
485 861 716 917 alienam
770 866 1153 935 concupiscere
1209 868 1281 922 sit
1334 869 1623 938 iniquum?
1665 868 1725 924 Si

167 965 283 1022 ergo
334 964 457 1005 eum
515 954 768 1008 sacerdos
802 957 1070 1011 maculam
1112 958 1397 1012 habentem
1422 959 1600 1014 albam
1630 969 1726 1015 aut

166 1039 325 1093 rufam
351 1040 404 1095 in
438 1040 679 1117 calvitio,
714 1054 807 1098 aut
860 1046 913 1099 in
962 1047 1239 1103 recalvitio
1289 1048 1423 1117 ejus,
1458 1050 1511 1105 id
1535 1059 1637 1115 est,
1668 1052 1724 1106 in

165 1145 222 1185 ea
253 1145 366 1200 quae
400 1140 485 1186 est
514 1115 589 1187 ex.
613 1142 725 1190 toto
756 1136 842 1190 vel
868 1152 933 1191 ex
968 1147 1125 1207 parte
1152 1115 1519 1211 simplicitate,
1546 1156 1717 1196 evan-

165 1221 373 1291 gelicam
399 1223 488 1277 vel
522 1223 749 1294 legalem
791 1241 914 1280 eum
948 1243 1193 1282 normam
1219 1237 1539 1298 peccantem
1589 1247 1723 1301 prae-

161 1311 447 1367 varieatum
474 1312 642 1369 fuisse
690 1318 914 1385 reperit,
947 1321 1352 1387 condemnabit,
1384 1324 1499 1377 sive
1536 1331 1724 1378 conta-

159 1400 373 1455 minabit
416 1417 559 1458 eum.
610 1405 833 1473 Quare?
861 1410 987 1478 quia
1036 1411 1180 1465 haud
1233 1412 1396 1467 dubie
1429 1413 1579 1481 lepra
1603 1421 1725 1466 orta

158 1500 234 1547 est
256 1493 308 1547 in
335 1494 572 1562 calvitio,
600 1498 706 1563 vel,
739 1501 880 1555 sicut
909 1501 1284 1574 Septuaginta,
1310 1506 1435 1574 quia
1466 1505 1520 1558 in
1549 1505 1728 1573 capite

155 1580 261 1650 ejus
282 1584 491 1640 macula
522 1587 638 1657 ejus
673 1589 771 1653 ait,
822 1590 875 1645 id
904 1601 1009 1657 cst,
1056 1595 1184 1661 quia
1237 1594 1291 1647 in
1317 1594 1511 1647 validis
1548 1603 1604 1648 et
1634 1610 1727 1650 ne-

1831 498 1956 553 tatis
1993 498 2113 570 ejus
2169 505 2419 576 contagio
2474 516 2757 562 noceatur.
2822 508 2976 565 Unde
3013 511 3273 568 Dominus
3307 513 3408 573 Pe-

1831 596 1915 641 tro
1971 589 2038 644 de
2076 606 2141 644 eo
2201 595 2345 662 quod
2394 607 2737 665 peccaverat,
2779 606 2836 653 et
2882 599 3140 656 Ecclesiae
3175 611 3237 656 ut
3277 618 3409 660 con-

1827 684 2134 733 verteretur
2155 690 2317 751 atque
2331 684 3316 758 emendareturdetractabatohedire,
3335 694 3406 749 sit

1826 768 1941 832 tibi,
1958 769 2148 839 inquit,
2168 773 2303 826 sicut
2326 774 2563 830 ethnicus
2589 788 2637 830 et
2652 777 2961 847 publicanus
2980 779 3198 852 (Matth.
3222 782 3400 857 xvm).

1826 858 2267 917 Habitabitextra
2282 874 2459 919 castra
2488 884 2501 920 :
2528 866 2662 937 legis
2681 870 2880 940 quippe
2902 871 3155 926 mandata
3177 886 3405 945 evange-

1825 952 1945 1008 licis
1958 954 2121 1009 nimis
2132 963 2257 1009 sunt
2276 959 2566 1013 secundum
2583 961 2832 1029 spiritum
2848 964 3220 1019 consonantia.
3248 966 3402 1022 Unde

1822 1040 2059 1098 Joannes
2118 1060 2378 1115 separans
2428 1049 2498 1103 ab
2549 1050 2866 1122 intelligibili
2927 1057 3278 1114 tabernaculo
3319 1059 3403 1114 in-

1822 1133 2155 1204 telligibilem
2193 1135 2465 1206 leprosum
2490 1138 2545 1192 in
2595 1142 2860 1199 catholica
2894 1145 3134 1215 Epistola
3160 1148 3350 1203 scribit
3379 1165 3394 1202 :

1822 1221 2130 1296 Quicunque
2156 1230 2292 1281 venit
2311 1228 2381 1282 ad
2403 1245 2511 1295 vos,
2540 1231 2742 1285 ethunc
2762 1234 3053 1291 doctrinam
3091 1255 3196 1293 non
3218 1240 3398 1308 dfert,

1821 1330 1925 1369 non
1969 1318 2231 1387 recipiais
2272 1335 2391 1373 eum
2445 1320 2503 1373 in
2553 1320 2797 1388 domum,
2843 1333 2893 1377 et
2922 1341 3015 1378 ave
3048 1328 3097 1381 ei
3146 1344 3210 1381 ne
3248 1329 3399 1383 dixe-

1823 1405 1940 1457 ritis
1979 1404 2063 1476 (II
2090 1405 2387 1479 101111.10).
2446 1408 2513 1463 Ει
2550 1416 2610 1463 ιιι
2654 1411 2770 1467 haec
2806 1414 2990 1468 omnia
3035 1414 3245 1473 facilius
3286 1433 3402 1473 me—

1823 1494 1997 1548 moria
2052 1498 2435 1566 comprehendi
2484 1501 2725 1569 possint,
2789 1504 3030 1561 breviter
3075 1520 3140 1561 ea
3190 1509 3402 1577 recapi-

1824 1583 2043 1639 tulanda
2087 1600 2207 1641 esse
2252 1602 2533 1644 censemus
2560 1630 2575 1655 ,
2627 1592 2949 1660 quibusdam
3002 1603 3212 1650 tantum
3247 1597 3402 1663 locis,

154 1673 400 1727 eessariis
426 1677 692 1743 peccavit,
734 1679 787 1733 in
828 1680 1027 1749 quibus
1056 1697 1217 1736 nemo
1245 1698 1478 1752 peccans
1508 1686 1721 1740 veniam

1816 1674 1972 1744 juxta
2010 1678 2231 1745 quodin
2264 1680 2386 1736 aliis
2420 1692 2730 1737 sanctorum
2772 1685 3188 1753 praedicatorum
3243 1689 3404 1745 dictis

151 1769 405 1817 meretur.
439 1762 717 1821 Naturalis
761 1768 908 1822 enim
968 1769 1055 1823 lex
1091 1771 1156 1825 ad
1206 1788 1368 1841 quam
1415 1777 1720 1831 necessaria

1822 1765 2241 1836 reperiebamus,
2276 1785 2437 1825 sensu
2466 1774 2710 1838 mutatis,
2734 1774 2803 1827 ad
2842 1774 2984 1830 idem
3015 1785 3194 1832 tamen
3221 1793 3405 1833 sacra-

147 1848 273 1921 legis
303 1854 557 1920 tendunt,
592 1866 651 1911 et
678 1858 846 1913 multo
893 1862 1066 1932 magis
1091 1864 1397 1933 evangelica
1426 1878 1716 1938 prtecepta,

144 1954 247 2017 nec
285 1941 358 1996 ab
393 1945 679 2001 animabus
724 1948 939 2017 quidem
969 1961 1095 2006 sunt
1146 1952 1315 2008 aliena
1358 1954 1712 2024 simplicibus.

143 2028 450 2100 Sequitur:
501 2033 807 2109 Quicunque
853 2056 974 2111 ergo
1032 2042 1326 2098 maculatus
1381 2046 1541 2115 fuerit
1571 2047 1717 2119 lepra

140 2130 187 2174 et
214 2134 494 2191 separatus
527 2127 599 2179 ad
628 2128 901 2183 arbitrium
953 2133 1261 2197 sacerdotis,
1311 2136 1517 2191 habebit
1560 2140 1716 2193 vesti-

143 2218 314 2265 menta
357 2212 584 2280 dissuta,
637 2228 793 2285 caput
847 2220 1069 2288 nudum,
1102 2239 1160 2277 os
1204 2235 1339 2280 veste
1390 2238 1709 2299 contectum,

145 2300 572 2367 contaminatum,
628 2320 691 2357 ac
733 2308 1005 2363 sordidum
1055 2328 1110 2365 se
1137 2311 1382 2369 clamabit
1412 2320 1552 2372 omni
1584 2329 1715 2374 tem-

145 2403 259 2455 pore
285 2405 389 2459 quo
419 2390 654 2463 leprosus
701 2407 799 2464 est,
829 2408 876 2454 et
924 2402 1229 2459 immundus
1278 2406 1421 2461 solus
1458 2409 1712 2468 habitabit

147 2484 283 2530 extra
311 2489 508 2535 castra.
544 2481 653 2553 (Ex
674 2485 982 2562 Hesychia.)
1020 2491 1097 2546 Ea
1145 2507 1266 2564 qum
1313 2497 1382 2551 ad
1409 2497 1603 2554 faciem
1628 2510 1715 2557 est

149 2567 517 2640 interpretatio
544 2575 737 2633 littera:
767 2582 989 2638 omnino
1018 2584 1204 2641 multis
1252 2587 1465 2644 videtur
1489 2605 1609 2647 esse
1639 2594 1714 2649 ri-

149 2658 329 2729 dicula,
360 2667 488 2735 quid
540 2671 684 2724 enim
710 2675 929 2741 prodest
977 2679 1293 2736 vestimenta
1323 2682 1589 2752 dissuere,
1619 2696 1712 2743 aut

148 2763 294 2821 caput
348 2756 556 2815 habere
610 2762 893 2830 nudatum,
949 2783 1011 2824 os
1064 2776 1413 2829 contectum?
1464 2777 1575 2833 Nec
1623 2780 1712 2835 ille

148 2843 276 2896 enim
304 2846 393 2914 qui
436 2863 674 2921 corpore
726 2854 970 2925 leprosus
1012 2861 1230 2917 odorem
1283 2866 1454 2935 spirat
1481 2870 1707 2937 puteris,

147 2937 201 2982 ut
226 2943 362 2989 recte
380 2951 442 2991 os
479 2954 642 2994 suum
676 2943 837 3012 hujus
872 2948 951 3001 rei
981 2951 1192 3018 operiat
1228 2955 1422 3022 gratia,
1465 2958 1558 3011 sed
1584 2960 1711 3028 quia

147 3015 394 3087 leprosum
444 3026 729 3098 legislalor
787 3015 1051 3092 intellexit
1102 3055 1226 3095 eum
1265 3044 1356 3113 qui
1413 3015 1704 3103 secundum

147 3118 380 3181 praedicta
440 3134 667 3191 peccata
722 3126 1031 3187 immundus
1084 3142 1185 3201 est,
1240 3140 1547 3194 necessario
1591 3141 1707 3209 ejus

148 3204 344 3267 dissolvi
374 3215 699 3272 vestimenta
752 3223 1029 3292 praecepit,
1081 3235 1141 3280 ut
1178 3242 1275 3297 per
1311 3230 1413 3285 hoc
1451 3233 1705 3304 cognosci

145 3298 299 3362 possit
320 3303 441 3371 quia
475 3305 774 3365 dissolutas
805 3311 1001 3368 habeat
1032 3316 1285 3385 virtutes,
1345 3298 1705 3392 atque'vires

147 3386 341 3455 animae,
377 3409 494 3462 quae
526 3412 646 3450 eam
675 3400 743 3453 ab
787 3412 921 3457 testu
957 3413 1120 3476 atque
1160 3409 1277 3478 gelu
1306 3386 1513 3480 peccati
1553 3411 1728 3483 pote?

146 3485 257 3530 rant
301 3486 589 3541 custodire.
626 3488 836 3547 llabere
882 3504 1058 3550 autem
1095 3514 1219 3553 eum
1247 3510 1301 3555 et
1348 3514 1508 3573 caput
1534 3508 1703 3562 nuda-

146 3570 252 3619 tum
278 3577 543 3646 przccepit,
576 3585 635 3631 ut
664 3589 790 3648 pote
818 3583 1007 3640 salutis
1035 3587 1242 3657 galeam
1272 3606 1380 3645 non
1410 3570 1702 3651 habentem

143 3668 288 3721 quam
303 3659 496 3720 Paulus
519 3666 665 3722 inter
693 3669 1048 3744 intelligibilia
1075 3692 1224 3732 arma
1249 3682 1388 3734 sumi
1413 3687 1699 3755 prmcepit:

143 3759 195 3800 os
212 3749 362 3806 etiam
388 3770 495 3809 non
526 3756 725 3812 frustra
746 3763 946 3831 operiri
975 3749 1453 3840 praecepit(pres.
1475 3772 1572 3845 vi).
1590 3749 1702 3831 Sed

144 3837 245 3904 quia
272 3856 396 3897 cum
437 3847 570 3900 mali
608 3849 791 3906 odoris
816 3865 1099 3922 peccatum
1143 3860 1213 3912 sit
1239 3869 1292 3915 et
1318 3877 1534 3918 omnem
1578 3881 1702 3935 pra-

145 3942 241 3987 vam
271 3936 493 3989 emittat
518 3939 939 4008 exhalationem,
971 3948 1140 4002 multo
1166 3951 1340 4019 magis
1371 3959 1550 4007 tamen
1579 3969 1701 4011 eam

146 4033 240 4087 quae
258 4038 360 4092 per
386 4023 630 4097 linguam
653 4039 737 4084 est
759 4034 1019 4101 possidet,
1037 4036 1193 4090 simul
1222 4038 1384 4093 etiam
1400 4051 1453 4096 et
1474 4057 1504 4095 a
1522 4043 1706 4100 docto-

146 4109 222 4165 ιιιιί
242 4113 504 4185 dignitate
536 4118 680 4174 hunc
715 4123 808 4190 qui
837 4122 957 4179 talis
998 4135 1081 4181 est
1122 4128 1390 4198 prohibet,
1436 4136 1704 4201 quomodo

147 4201 265 4258 enim
301 4206 472 4276 culpa}
500 4222 687 4264 casum
712 4224 982 4280 coerceat,
1011 4219 1102 4287 qui
1134 4226 1217 4274 est
1240 4220 1353 4290 ipse
1382 4223 1697 4294 culpabilis;

147 4296 387 4358 quomodo
414 4299 508 4369 qui
533 4299 762 4368 furatur,
785 4307 1061 4377 praecipiat
1084 4324 1189 4363 non
1220 4309 1388 4366 furari
1410 4313 1434 4368 ἲ
1455 4314 1546 4384 qui
1570 4331 1701 4371 mm-
1726 4373 1731 4377 ,

148 4378 538 4455 chatur,jubcat
565 4405 671 4444 non
697 4395 1001 4450 mazchari?
1027 4397 1174 4453 Unde
1190 4402 1424 4458 etDavid
1438 4378 1656 4461 dicebat
1678 4426 1692 4462 :

1817 1867 2057 1913 mentum
2094 1876 2193 1931 per
2216 1864 2396 1917 omnia
2441 1865 2877 1934 respicientibus.
2930 1868 3105 1939 Lepra
3150 1870 3401 1926 doctrina

1815 1956 1900 2002 est
1938 1948 2094 2005 falsa.
2150 1952 2385 2009 Proinde
2430 1955 2627 2026 leprosi
2673 1973 2780 2013 non
2812 1960 3048 2016 absurde
3088 1961 3401 2031 intelligun-

1817 2046 1905 2093 tur
1925 2040 2183 2108 haeretici,
2213 2045 2305 2114 qui
2331 2047 2592 2102 unitatem
2618 2064 2759 2104 vera:
2796 2050 2920 2106 ﬁdei
2958 2067 3065 2107 non
3114 2054 3395 2119 habentes,

1814 2135 1995 2189 varias
2026 2136 2299 2194 doctrinas
2345 2140 2669 2210 proﬁtentur
2694 2146 2918 2212 erroris,
2959 2162 3192 2217 veraque
3248 2148 3402 2205 falsis

1814 2225 2134 2292 admiscent,
2149 2227 2288 2283 sicut
2308 2239 2364 2285 et
2386 2232 2534 2301 lepra
2550 2234 2695 2289 veris
2722 2233 2978 2306 falsisque
3006 2238 3139 2295 locis
3163 2240 3398 2296 humana

1812 2328 2042 2384 corpora
2091 2319 2351 2375 variando
2375 2325 2755 2380 commaculat.
2800 2327 2970 2398 llnjus
3002 2331 3211 2387 scilicet
3235 2334 3400 2403 lepra:

1812 2404 2118 2462 invenimus
2170 2408 2534 2481 lcgislatorem
2569 2429 2665 2469 sex
2694 2417 2901 2486 species
2945 2419 3000 2473 in
3052 2420 3269 2477 homine
3297 2437 3399 2492 po-

1812 2497 1984 2553 suisse
2013 2516 2026 2552 :
2069 2500 2243 2569 prima
2290 2505 2482 2574 capitis
2516 2516 2569 2561 et
2599 2508 2797 2574 barbre,
2826 2513 3063 2568 secunda
3114 2516 3320 2571 calvitii
3340 2525 3397 2573 et

1812 2590 2198 2657 recalvitionis,
2228 2596 2387 2649 tertia
2408 2597 2589 2653 carnis
2609 2606 2663 2653 et
2691 2601 2853 2667 cutis,
2878 2612 3070 2672 quarta
3094 2606 3237 2661 cutis
3264 2622 3392 2662 cor-

1809 2680 1977 2749 poris,
2020 2683 2369 2739 etcicatricis
2407 2687 2541 2742 alba:
2567 2704 2690 2743 cum
2733 2693 2950 2759 rubore,
2987 2696 3172 2764 quinta
3194 2698 3395 2753 ulceris

1809 2778 1865 2825 et
1898 2771 2186 2839 cicatricis,
2218 2784 2372 2831 sexta
2401 2778 2647 2833 ustionis.
2688 2780 2746 2835 In
2769 2784 2944 2851 capite
2968 2784 3171 2853 lepram
3193 2796 3395 2855 portat,

1811 2861 1903 2931 qui
1944 2861 1997 2916 in
2024 2864 2301 2920 divinitate
2332 2865 2529 2933 Patris,
2567 2869 2653 2921 vel
2694 2869 2745 2922 in
2771 2871 2888 2938 ipso
2919 2872 3116 2941 capite,
3145 2877 3286 2942 quod
3311 2884 3397 2931 est

1810 2952 2093 3019 Christus,
2127 2964 2313 3024 peccat
2356 2974 2369 3011 :
2419 2956 2589 3024 Caput
2638 2960 2775 3012 enim
2822 2962 2923 3015 viri
2966 2961 3205 3018 Christus
3242 2975 3318 3019 est
3340 2966 3395 3037 (Ι

1812 3040 1934 3096 Cor.
1970 3044 2070 3115 XI).
2100 3035 2257 3100 Hanc
2281 3045 2485 3115 lcpram
2512 3046 2679 3102 Judzei
2703 3049 2998 3114 habent,et
3016 3035 3390 3120 Valentiniani,

1733 3111 1778 3173 C
1811 3111 2192 3199 Marcionistm,
2225 3111 2471 3200 Fabiani,
2512 3135 2812 3203 Manichzei,
2839 3111 3046 3205 Ariani,
3077 3111 3391 3210 Sabelliani,

1808 3220 2197 3288 Maccdoniani,
2228 3224 2815 3297 Anthropomorphitze,
2845 3230 3185 3299 Priscilliani,
3215 3235 3395 3292 Dona-

1804 3311 1963 3377 liSL'JlT,
1993 3312 2320 3382 Nestoriani,
2376 3317 2716 3388 Eutychiani,
2760 3322 2961 3392 quique
2983 3340 3172 3381 omnes
3199 3326 3253 3380 in
3279 3327 3395 3383 cal-

1805 3404 1952 3457 varia
1977 3405 2178 3475 lepram
2205 3420 2421 3477 gerunt,
2444 3410 2534 3478 qui
2563 3411 2629 3464 de
2648 3398 2906 3481 apostolis
2935 3424 2991 3469 et
3011 3418 3211 3472 sanctis
3230 3417 3394 3474 Chri-

1800 3488 1870 3549 Sti
1894 3510 2147 3565 perverse
2162 3498 2365 3569 aliquid
2400 3502 2658 3567 sentiunt,
2690 3511 2852 3574 atque
2878 3521 2972 3560 eos
3001 3507 3193 3563 falsum
3221 3512 3395 3580 quod-

1801 3583 1934 3639 libet
1955 3587 2280 3654 prtedieasse
2306 3590 2623 3660 conﬁngunt
2655 3610 2667 3645 :
2699 3594 2838 3647 sicut
2867 3596 3011 3649 enim
3039 3597 3205 3652 barba
3226 3615 3389 3655 orna-

1803 3684 2043 3729 mentum
2071 3684 2156 3731 est
2184 3679 2311 3743 viri,
2336 3680 2413 3733 ita
2438 3680 2639 3736 Christi
2670 3685 2898 3750 apostoli
2937 3694 2995 3738 et
3018 3686 3390 3752 doctores,or-

1802 3775 2116 3822 namentum
2134 3770 2475 3838 estcorporis
2490 3770 2712 3826 Christi.
2745 3771 2802 3826 ln
2822 3787 3051 3843 corpore
3071 3775 3275 3844 lepram
3298 3779 3391 3833 ha-

1800 3854 1954 3920 bent,
2004 3856 2097 3925 qui
2124 3856 2382 3913 Ecelesize
2404 3858 2711 3924 detrahunt,
2768 3861 2906 3917 sicut
2957 3862 3387 3934 Carpocratiani,

1803 3948 1896 4015 qui
1919 3956 2116 4017 negant
2141 3949 2323 4004 carnis
2354 3952 2844 4018 resurrectionem;
2897 3956 3039 4010 sicut
3081 3954 3387 4026 Novatiani,

1809 4037 1900 4104 qui
1951 4038 2168 4107 nuptias
2205 4039 2486 4107 damnant,
2523 4050 2579 4097 et
2622 4046 2969 4113 peccantibus
3009 4050 3388 4118 paenitentiam

1804 4137 2035 4198 negant;
2070 4130 2209 4186 sicut
2231 4131 2499 4201 Eraclitm,
2542 4136 2633 4204 qui
2682 4135 2825 4191 inter
2866 4138 3001 4194 alios
3026 4155 3260 4207 errores,
3298 4157 3390 4198 re-

1803 4232 1964 4287 gnum
1994 4219 2253 4275 malorum
2284 4224 2536 4292 parvulos
2571 4224 2768 4280 habere
2808 4231 2914 4282 non
2950 4231 3216 4297 credunt;
3242 4232 3386 4289 sicut

1799 4306 1989 4362 Ariani
2015 4322 2042 4350 ιι
2073 4310 2165 4379 qui
2188 4320 2371 4367 vetant
2395 4330 2492 4384 pro
2521 4313 2786 4371 defunctis
2805 4317 3000 4373 offerre
3029 4320 3378 4376 sacrificium.

1799 4397 1857 4453 In
1883 4417 2050 4457 carne
2078 4413 2133 4459 et
2157 4414 2280 4459 cute
2306 4414 2498 4475 gerunt
2541 4406 2767 4478 lepram,
2792 4410 2884 4478 qui
2912 4410 3151 4463 carnalia
3169 4411 3253 4464 vel
3286 4426 3385 4466 ex-

149 4465 390 4533 Peccatori
412 4490 593 4535 autem
637 4483 771 4538 dixit
809 4485 966 4553 Deus,
999 4486 1176 4553 Quare
1205 4501 1262 4545 tu
1291 4510 1508 4549 enarras
1530 4497 1695 4567 justi-
1718 4474 1772 4533 Ῑ)
1800 4493 2001 4549 teriora
2022 4496 2251 4550 suadere
2282 4505 2569 4562 conantur,
2592 4504 2651 4551 ut
2673 4496 3056 4563 Corintiniani,
3078 4499 3167 4567 qui
3200 4514 3382 4555 resur-

150 4562 229 4619 fias
283 4587 438 4640 meas,
498 4581 548 4629 et
582 4577 804 4632 assumis
864 4587 1227 4637 testamentum
1282 4602 1452 4640 meum
1497 4604 1590 4657 per
1635 4607 1692 4645 os

150 4661 268 4711 tuum
290 4674 308 4712 :
334 4672 388 4716 tu
417 4682 536 4719 vero
590 4666 747 4721 odisti
801 4669 1155 4741 disciplinam,
1208 4685 1255 4729 et
1280 4678 1549 4747 projecisti
1576 4697 1692 4735 ser-

150 4757 294 4839 tuones
320 4769 455 4808 meos
481 4764 607 4825 post
636 4766 684 4810 te
712 4755 881 4829 (Psal.
916 4762 1086 4834 XLIX).
1124 4763 1186 4817 Et
1214 4766 1429 4835 quidem
1458 4784 1690 4839 semper,

151 4828 234 4888 hoc
258 4848 349 4907 est,
380 4852 433 4897 et
459 4845 612 4899 omni
662 4854 905 4918 tempore
952 4828 1060 4922 quo
1104 4828 1350 4925 leprosus
1375 4866 1476 4921 est,
1509 4859 1560 4913 id
1576 4828 1690 4927 .est,

150 4927 363 4986 omnibus
385 4933 577 4990 diebus
608 4936 806 5004 quibus
860 4938 916 4992 in
967 4956 1032 4995 eo
1079 4942 1243 5013 fuerit
1286 4946 1516 5001 macula.
1551 4946 1691 5014 Quid

151 5023 254 5082 ergo
298 5034 389 5088 per
416 5024 532 5080 haec
566 5025 888 5096 signiﬁcat?
925 5031 1051 5098 quia
1082 5034 1183 5088 etsi
1233 5037 1399 5091 semel
1426 5053 1688 5108 peccave-

152 5101 222 5170 l'il,
248 5111 585 5172 etiamsinon
609 5119 880 5175 addiderit
906 5123 974 5177 ad
999 5128 1350 5193 peccandum,
1379 5131 1690 5190 immundus

151 5198 299 5253 tamen
327 5218 490 5276 usque
518 5210 649 5264 dum
677 5213 942 5282 poeniteat
972 5215 1188 5283 dicitur,
1218 5220 1343 5287 quia
1372 5222 1487 5277 sine
1516 5228 1692 5293 poeni-

153 5288 285 5343 tentia
314 5292 454 5364 lepra
484 5301 698 5370 peccati
727 5303 964 5371 pmnitus
986 5321 1093 5361 non
1124 5308 1432 5375 mandatur,
1464 5288 1691 5385 ideoque

152 5377 325 5433 macula
356 5383 710 5466 iutelligibilis
754 5391 913 5461 leprae
938 5393 994 5448 in
1038 5395 1154 5465 ipso
1185 5406 1387 5455 manet.
1415 5377 1686 5461 Pneterea

151 5472 284 5549 verus
309 5472 567 5547 leprosus,
602 5480 654 5536 id
698 5491 805 5550 est,
831 5495 1085 5555 peccator
1133 5489 1283 5545 solus
1312 5507 1375 5547 ac
1404 5505 1689 5564 separatus

207 5603 580 5703 :Ec‘ergat‘in
630 5632 730 5675 ms.
763 5650 781 5686 ί
825 5620 881 5676 in
920 5621 1183 5694 impresso
1214 5634 1393 5683 autem
1421 5627 1648 5703 -lsidoro
1676 5673 1691 5701 ,
1734 5632 1966 5691 Eritiani
1986 5649 2007 5700 ;

155 5664 237 5729 fuit
256 5664 479 5741 ιωέεξξζ

1794 4584 2091 4639 rectionem
2141 4585 2376 4641 futuram
2423 4588 2478 4640 in
2523 4588 2705 4642 carnis
2735 4588 3007 4657 voluptate
3043 4590 3378 4660 existimant,

1792 4676 1878 4730 vel
1895 4678 2037 4732 sicut
2061 4677 2249 4732 Ariani
2276 4678 2366 4748 qui
2388 4678 2575 4734 dicunt
2601 4680 2654 4733 in
2682 4679 2785 4734 ﬁde
2809 4682 3169 4747 manentibus,
3187 4698 3377 4752 quam-

1792 4766 1877 4821 vis
1907 4767 2199 4821 carnaliter
2224 4768 2429 4832 vivant,
2462 4784 2570 4822 non
2607 4783 2767 4837 posse
2803 4772 3102 4839 computari
3131 4784 3373 4843 peccata.

1793 4854 1853 4910 In
1883 4856 2139 4912 cicatrice
2163 4858 2337 4912 sanati
2374 4858 2573 4913 ulceris
2610 4858 2812 4928 lepram
2864 4870 3065 4930 portat,
3101 4865 3193 4933 qui
3248 4875 3374 4935 post

1794 4947 2158 5018 cognitionem
2209 4956 2265 5003 et
2304 4949 2626 5004 medicinam
2666 4948 2760 5005 Dei
2794 4960 2848 5006 et
2877 4953 3370 5010 manifestationem

1792 5040 1915 5096 ﬁdei
1943 5057 2106 5112 quam
2130 5042 2182 5096 in
2205 5041 2423 5097 Christo
2452 5044 2710 5113 suscepit,
2737 5060 2950 5100 rursum
2982 5046 3034 5100 in
3080 5046 3196 5116 ipsa
3227 5048 3371 5102 cica-

1791 5132 1931 5189 trice
1979 5133 2216 5189 ostendit
2253 5132 2470 5202 aliquod
2514 5133 2772 5189 indicium
2807 5136 3008 5190 erroris
3043 5136 3239 5205 prioris
3276 5145 3369 5190 aut

1790 5218 2075 5291 perﬁdiam
2096 5223 2364 5293 dogmatis
2386 5224 2603 5279 veteris.
2662 5225 2720 5279 In
2744 5240 2908 5282 carne
2945 5227 3064 5280 viva
3094 5234 3268 5297 gestat
3292 5224 3370 5277 le-

1791 5327 1968 5382 pram,
1999 5311 2091 5380 qui
2133 5313 2200 5366 de
2254 5312 2453 5378 anima,
2500 5330 2619 5383 qum
2644 5316 2756 5370 vita
2790 5324 2874 5372 est
2918 5316 3117 5375 carius,
3149 5310 3369 5380 aliquod

1794 5404 1989 5460 falsum
2017 5404 2313 5471 existimat,
2364 5406 2504 5461 sicut
2531 5407 2877 5473 Luciferiani,
2915 5408 3006 5476 qui
3033 5405 3218 5459 dicunt
3249 5402 3370 5455 ani-

1795 5512 1941 5553 mam
1978 5480 2044 5554 de
2079 5498 2260 5556 carnis
2284 5501 2593 5557 substantia
2636 5508 3016 5570 propagatam;
3067 5492 3363 5549 sicutAra-

2069 5634 2164 5691 sed
2220 5634 2501 5707 legendum
2539 5641 2670 5706 puto
2713 5629 2947 5697 Aeriani,
2989 5644 3213 5699 quorum
3246 5629 3361 5687 haec
