3892 6344
436 237 538 309 sat
1075 223 1137 278 Β.
1178 208 1436 291 nsum
1726 203 2033 289 sums.

2136 200 2395 265 omnm
2430 196 2729 271 arcana.
2756 193 2938 265 PARS
2973 193 3014 248 ι.

439 299 636 420 illi?“
665 352 811 419 5W0
838 334 1313 417 ,θιρῖῖεεκςκῖλρὶια
1384 331 1559 413 Lam
1586 335 1764 420 sum")
1801 323 1856 395 in
1880 318 2033 385 sua.

2136 315 2176 375 to.
2203 328 2333 384 ergo
2376 312 2435 369 in
2463 306 3043 420 cumanasolwss
3064 299 3682 420 demifgmnho

439 417 675 519 tegmine
688 417 913 515 peccata
936 441 1061 509 sunt
1087 445 1207 503 qua:
1234 442 1332 499 per
1344 437 1541 519 corpus
1561 417 1964 519 committuntur
1986 426 2000 464 :

436 507 747 601 incorpore
770 507 971 583 etenim
1009 521 1188 583 anima
1230 512 1500 583 subsistit,
1523 507 1687 601 veluti
1716 513 1922 565 stamen
1949 507 2011 565 in,

440 599 800 691 subtegmine.
846 602 1018 685 'Pellis
1038 624 1164 663 vero
1188 608 1297 667 vita
1318 612 1401 660 est
1422 599 1679 687 exterior,
1709 604 1763 650 et
1785 605 2007 691 conver-

441 681 887 769 satio-whominum
916 699 1177 764 carnalis;
1212 695 1350 750 unde
1380 682 1504 764 pust
1533 681 1806 773 peccatum

443 782 500 858 et
519 800 674 856 uxori
703 797 841 851 illius
868 792 1075 847 tunicas
1113 787 1358 858 pelliceas
1388 769 1642 837 Dominus
1662 776 1855 845 iecisse
1879 769 2009 824 dici-

442 874 573 946 tur.’
608 888 782 957 Lepra
813 866 989 936 autem
1021 870 1087 933 in
1110 862 1264 949 pelle,
1295 873 1489 929 malum
1520 862 1821 937 exemplum
1850 860 2017 951 estin

444 955 852 1039 conversatione
881 970 1038 1040 hujus
1054 964 1173 1022 vita:
1190 982 1285 1039 per
1309 960 1449 1035 quod
1473 956 1666 1012 indocti
1697 955 1750 1009 in
1770 965 2012 1023 errorem

444 1054 791 1128 inducuntur.
835 1062 941 1136 (Ea:
989 1048 1289 1127 Hesychia.)
1352 1050 1484 1117 Quia
1520 1061 1647 1118 ergo
1690 1043 2014 1136 etde-eve-

446 1150 797 1219 niEutibIts'ih
814 1133 1041 1208 virtutes
1065 1145 1284 1201 maculis
1312 1141 1586 1211 lcgislator
1612 1133 2013 1215 puriﬁcationes

447 1251 725 1329 prmcepit,
769 1244 879 1321 jam
908 1242 1155 1317 perquze
1192 1237 1461 1308 leprosum
1508 1229 2011 1329 nui-ridet_.a.gnosce.

446 1313 722 1400 iioc‘eriim
745 1313 1028 1390 intendens
1050 1324 1290 1383 invenies
1312 1316 1753 1393 quia'legislatori
1778 1314 1844 1369 de
1866 1313 2015 1383 lepra

446 1432 538 1491 illa
564 1442 707 1486 curae
737 1425 835 1480 fuit
853 1436 970 1495 qua:
999 1430 1064 1476 ex
1094 1415 1301 1473 delictis
1327 1414 1380 1467 in
1408 1406 1689 1465 animabus
1710 1400 1910 1461 nostris
1938 1400 2017 1455 in-

445 1521 667 1596 ﬂigitur.

1055 1593 1282 1654 CAPUT
1318 1591 1405 1649 Ἣ.

2110 404 2328 470 derunt,
2371 403 2465 461 sed
2510 411 2585 483 et,
2609 394 2803 477 pagani
2838 397 3197 473 ascendentes
3221 394 3567 471 βψξιινὶιάιῖιπ
3598 410 3687 464 09h

2109 492 2351 571 piebant,
2394 482 2787 567 nuntiantibus
2829 487 2935 542 hoc
2961 485 3241 559 discipulis
3276 483 3416 551 dixit
3467 501 3482 538 :
3536 482 3685 561 Venit

2110 580 2241 643 hora
2314 576 2370 634 ut
2424 579 2747 652 gloriﬁcatur
2801 574 2975 649 Filius
3031 573 3255 651 hominis
3286 572 3501 649 ‘(Joam
3563 574 3689 649 xu),

2112 669 2327 742 quando
2358 670 2492 741 vidit
2518 668 2659 739 quod
2682 674 3047 745 prazparatum
3082 674 3231 743 esset
3269 665 3681 738 humanwnrge-

2115 774 2217 813 nus
2248 758 2317 814 ad
2362 757 2736 813 liberationem
2791 753 3261 829 salutemqueﬂper
3295 769 3543 825 crucem,

2113 849 2254 927 enim
2285 857 2340 905 et
2384 849 2609 925 gloriam
2639 838 2801 903 suam
2820 846 3126 927 appellavit,
3176 834 3301 913 tunc
3332 846 3470 921 quid
3500 862 3683 920 ευδεετ

2114 924 2230 1012 pit?
2252 928 2512 1013 Videlicet
2534 939 2667 993 duos
2690 952 2940 1019 passeres
2961 924 3130 1015 vivos,
3148 951 3288 1017 quos
3313 936 3463 1009 vesci
3482 934 3683 1005 licitum

2118 1036 2219 1083 est.
2248 1024 2448 1082 Habuit
2497 1027 2639 1082 enim
2664 1024 2781 1081 lucc
2808 1025 3455 1105 Christus,.divinitatem
3486 1026 3682 1087 scilicet

2118 1129 2174 1176 et
2194 1119 2611 1199 humanitatem,
2635 1119 2760 1195 quia
2786 1116 2983 1172 munda
3022 1114 3224 1199 iChristi
3252 1118 3419 1187 etiam
3444 1116 3684 1187 humani:

2120 1220 2204 1289 tas
2242 1219 2297 1266 et
2326 1198 2513 1265 vivens
2551 1194 2651 1289 est.
2685 1192 2880 1289 Munda
2914 1192 3151 1287 quidem,
3174 1214 3684 1289 ⁸ιιιοψῄιιιίιξξιιιιο-

2118 1284 2602 1375 ῥι·ἰιιιιι’ρεεεειιυῂι
2624 1284 2627 1289 ’
2647 1317 2753 1357 non
2786 1284 3017 1367 habuit;
3068 1284 3193 1371 viva
3246 1307 3457 1377 autem,
3489 1307 3553 1355 ut
3576 1315 3683 1371 qua:

2122 1396 2300 1468 genita
2328 1411 2438 1449 nou
2481 1403 2565 1450 est
2591 1410 2657 1449 ex
2681 1393 2785 1448 viri
2810 1392 3148 1457 immunditia
3171 1408 3187 1459 ;
3235 1399 3289 1448 et
3315 1390 3437 1446 ideo
3462 1407 3572 1446 non
3596 1390 3686 1447 fuit

2123 1485 2487 1542 maledictioni
2501 1483 2691 1540 mortis
2709 1483 2963 1541 obnoxia.
2987 1480 3192 1549 Sumet,
3210 1482 3410 1553 inquit,
3430 1493 3479 1535 et
3499 1481 3683 1552 lignum

2124 1577 2414 1643 cedriuum,
2471 1577 2527 1632 id
2571 1585 2677 1644 εει,
2710 1591 2926 1631 crucem
2973 1593 2987 1629 :
3023 1575 3187 1630 cedro
3233 1572 3586 1633 autemritbo
3616 1573 3682 1629 si-

447 1696 904 1777 Dezoblationibus
928 1688 1317 1777 oﬂ'erendis'pro
1339 1678 1728 1764 emundatione,
1754 1684 1800 1731 et
1824 1689 2020 1746 purga—
2047 1670 2095 1731 B
2122 1669 2427 1742 gnificatur,
2460 1670 2587 1741 quia
2639 1668 2836 1725 cedrus
2859 1669 2915 1724 in
2940 1667 3099 1738 lignis
3133 1667 3289 1722 fortis
3327 1675 3434 1722 est.
3462 1665 3598 1725 Nam
3635 1673 3684 1722 ct

1046 1761 1184 1813 tione
1212 1758 1419 1825 leprosi.

520 1880 671 1954 (CAP.
700 1875 836 1945 xw.)
864 1870 1190 1937 Locutusque
1218 1874 1292 1919 est
1317 1859 1571 1954 Dominus
1601 1855 1676 1954 ad.
1700 1854 1915 1954 Moysen
1947 1850 2024 1905 di-

449 1948 569 2028 cens
597 1984 615 2022 :
646 1964 748 2022 Hic
783 1976 855 2020 est
888 1965 1020 2017 ritus
1059 1956 1249 2029 leprosi
1276 1953 1482 2027 quando
1516 1948 1849 2005 mandandus
1895 1953 1969 1999 est
2000 1958 2020 1998 :

450 2060 755 2119 Adducetur
779 2055 847 2109 ad
872 2051 1213 2112 sacerdotem,
1242 2047 1329 2117 qui
1360 2057 1594 2115 egressus
1621 2055 1648 2094 e
1672 2037 1880 2102 castris,
1904 2047 2022 2089 cum

451 2147 708 2205 invenerit
740 2145 935 2216 lepram
965 2154 1074 2195 esse
1094 2136 1421 2200 mandatam,
1448 2128 1709 2204 pra’cipiet
1736 2128 1781 2182 ei
1802 2125 1890 2198 qui
1926 2139 2025 2195 pu-

451 2240 696 2309 riﬁcatur
722 2246 775 2290 ut
809 2234 993 2303 offerat
1021 2245 1115 2300 pro
1152 2243 1207 2281 se
1230 2226 1362 2279 duos
1405 2236 1637 2294 passeres
1686 2218 1849 2281 vivos,
1895 2228 2024 2285 quos

451 2306 585 2386 uesci
607 2328 806 2382 licitum
837 2332 931 2387 est,
957 2330 1004 2375 et
1030 2320 1226 2389 lignum
1256 2314 1542 2377 cedrinum,
1590 2306 2025 2376 vermiculumque

453 2426 501 2475 et
530 2418 828 2487 hyssopum.
880 2410 946 2463 Et
978 2422 1138 2461 unum
1169 2422 1196 2458 e
1220 2401 1515 2475 passeribus
1538 2395 1799 2452 immolari
1824 2392 2026 2487 julrebit

451 2507 511 2562 in
532 2482 652 2560 vase
662 2482 812 2572 fictili
833 2513 988 2567 super
1012 2511 1176 2565 aquas
1189 2495 1407 2547 viventes
1430 2504 1448 2541 :
1473 2487 1636 2541 alium
1654 2492 1824 2539 autem
1852 2482 2025 2536 rivum

455 2612 575 2651 cum
601 2593 741 2664 ligno
770 2589 1001 2652 cedrino,
1026 2596 1071 2640 et
1103 2599 1274 2648 cocco,
1308 2590 1355 2636 et
1378 2581 1594 2650 hyssopo
1624 2574 1791 2645 tinget
1816 2574 1871 2627 in
1897 2588 2024 2627 san-

454 2686 611 2759 guine
634 2663 858 2754 passeris
888 2674 1165 2738 immolati,
1194 2688 1295 2743 quo
1321 2677 1552 2740 aspergat
1584 2665 1733 2759 illum
1760 2663 1848 2734 qui
1872 2677 2025 2716 mun-

455 2755 662 2831 dandus
677 2782 773 2837 est,
804 2769 1007 2840 septies,
1028 2774 1081 2819 ut
1090 2766 1215 2836 jure
1234 2770 1505 2833 purgetur,
1527 2766 1574 2812 et
1598 2755 1819 2810 dimittet
1850 2766 2027 2823 passe-

455 2883 565 2922 rem
584 2865 775 2929 vivum,
796 2868 863 2914 ut
892 2860 948 2912 in
974 2871 1156 2928 agrum
1180 2852 1364 2907 avolet.
1418 2848 1652 2919 Cumque
1675 2845 1856 2899 larerit
1876 2844 2029 2897 homo

455 2956 754 3012 uestimenta
785 2964 905 3014 sua,
930 2946 1075 3000 radct
1105 2958 1278 2997 omnes
1305 2939 1437 3011 pilos
1464 2935 1721 3007 corporis,
1753 2942 1800 2987 et
1828 2929 2028 2986 lavabi-

2122 1778 2250 1818 arca
2272 1763 2338 1817 de
2361 1762 2522 1833 lignis
2544 1762 2781 1818 cedrinis
2805 1760 2947 1815 facta
2971 1758 3139 1816 fuisse
3159 1759 3446 1824 asseritur,
3470 1758 3595 1828 quia
3625 1756 3683 1810 li-

2120 1871 2349 1928 gnorum
2377 1853 2788 1925 imputribilium
2819 1853 2875 1908 in
2903 1851 3308 1909 constructione
3336 1849 3459 1919 ejus
3491 1849 3682 1919 Moyses

2122 1943 2453 1999 mentionem
2504 1941 2650 1999 fecit.
2707 1941 2887 1998 Sumet
2914 1950 2963 1996 et
3009 1937 3367 2003 eermiculum,
3399 1938 3548 2008 quod
3569 1938 3684 2007 Sep-

2124 2036 2368 2108 tuaginta
2411 2036 2578 2089 edunt
2622 2035 2889 2089 coccinum
2942 2043 3159 2099 tortum,
3199 2030 3458 2088 videlicet
3486 2032 3680 2101 passio-

2123 2139 2249 2179 nem
2299 2141 2313 2179 :
2361 2124 2559 2179 dicitur
2607 2123 2749 2179 enim
2782 2130 3003 2194 propter
3039 2124 3330 2177 tiucturam
3376 2122 3682 2193 sanguinein

2123 2216 2436 2282 coccinum;
2466 2215 2607 2271 unde
2627 2213 2963 2285 chlamydem
2995 2212 3301 2269 coccineam
3329 2228 3455 2268 cum
3481 2212 3684 2267 ducere-

2124 2314 2215 2361 tur
2256 2306 2322 2362 ad
2361 2304 2687 2376 passionem,
2717 2319 2840 2359 eum
2889 2303 3087 2358 milites
3126 2304 3442 2358 induerunt.
3476 2302 3684 2357 Tortum

2126 2410 2307 2457 autem
2337 2416 2456 2456 esse
2495 2416 2666 2472 quare
2704 2398 2990 2456 dixerunt?
3019 2396 3246 2470 Propter
3284 2396 3685 2467 passibilitatem

2127 2493 2717 2566 impassibilitatemque
2771 2506 3091 2555 connexam,
3157 2498 3382 2561 propter
3447 2488 3593 2558 quod
3640 2486 3685 2538 in

2126 2599 2254 2642 eum
2286 2584 2467 2655 passio
2488 2583 2783 2638 secundum
2812 2582 3099 2652 quemdam
3125 2588 3210 2635 est
3229 2580 3484 2645 modum;
3516 2580 3689 2649 bysao-

2129 2690 2255 2746 pum
2281 2681 2460 2727 autem
2505 2672 2631 2728 boni
2665 2672 2847 2728 odoris
2874 2671 3047 2744 gratia
3083 2670 3309 2741 spiritus
3359 2669 3687 2739 cooperatris

2130 2761 2527 2817 emundationis
2551 2770 2751 2817 nostra:
2775 2769 2877 2817 est.
2910 2759 3063 2817 Unde
3085 2759 3292 2817 David:
3320 2761 3580 2831 Asperges
3603 2774 3688 2826 me,

2133 2852 2326 2923 inquit,
2358 2853 2580 2924 hyssopo
2614 2862 2663 2905 et
2691 2851 2985 2909 mundabor
3015 2850 3188 2923 (l’sal.
3217 2851 3295 2923 1.).

2206 2943 2283 2998 De
2309 2942 2618 3014 passeribus
2663 2955 2792 3012 ergo
2821 2957 2955 3012 quos
2983 2941 3217 2998 diximus
3246 2957 3367 2998 esse
3409 2940 3689 3005 Christum,

461 3010 550 3099 tur
596 3058 755 3112 aqua,
779 3010 1187 3110 puri/iratusque
1221 3010 1541 3100 ingredietur
1575 3032 1769 3086 castra,
1796 3023 1869 3075 ita
1897 3019 2034 3072 dun—
2059 3010 2104 3073 C
2136 3034 2281 3095 hunc
2304 3010 2562 3104 bmccpit
2602 3010 2866 3089 immbmli
2909 3032 2994 3088 vel
3021 3033 3217 3099 occidi,
3248 3034 3304 3089 id
3328 3041 3435 3099 est,
3484 3035 3540 3092 id
3569 3030 3691 3104 quod

461 3142 608 3187 taxat
653 3139 707 3184 ut
754 3135 962 3181 maneat
998 3136 1146 3178 extra
1203 3115 1595 3173 tabernaculum
1644 3128 1798 3167 suum
1842 3119 2034 3179 septem

462 3221 667 3276 diebus.
723 3218 794 3272 Et
837 3217 921 3269 die
966 3214 1184 3284 septima
1227 3208 1382 3262 radat
1429 3204 1643 3275 capillos
1672 3201 1877 3272 capitis,
1918 3200 2038 3253 bar-

463 3310 756 3379 bamque‘et
804 3302 1102 3374 supercilia,
1161 3315 1222 3351 ac
1249 3298 1405 3351 totius
1426 3295 1657 3364 corporis
1698 3292 1851 3363 pilos,
1889 3298 1937 3344 et
1960 3289 2037 3343 lo—

463 3399 532 3453 tis
556 3410 766 3450 rursum
812 3390 1032 3446 vestibus
1082 3398 1127 3442 et
1168 3400 1400 3455 corpore,
1434 3392 1538 3437 etc.
1596 3381 1704 3453 (Ea:
1730 3379 2036 3451 Hesychia.)

466 3485 607 3555 Quia
632 3498 738 3539 nou
769 3495 868 3536 nos
888 3487 1100 3549 Oportet
1120 3475 1375 3531 arbitrari
1408 3473 1741 3543 negligenter
1763 3470 2039 3540 quippiam

463 3576 832 3649 legislatorem
860 3572 1060 3636 dicere,
1091 3568 1217 3622 illud
1250 3574 1301 3622 te
1334 3572 1545 3635 oportet
1572 3573 1761 3618 notare
1788 3577 1899 3631 prae
1924 3576 2041 3616 om-

469 3670 648 3734 nibus,
686 3666 810 3737 quia
834 3679 978 3718 nunc
1030 3661 1245 3732 quando
1282 3659 1347 3715 de
1383 3656 1814 3713 inundationibus
1843 3653 2038 3718 sancit,

466 3763 584 3818 solo
618 3759 803 3830 Moysi,
857 3772 965 3811 non
995 3756 1156 3810 etiam
1184 3753 1389 3819 Aaron,
1448 3753 1589 3806 sicut
1623 3750 1893 3820 superius,
1917 3746 2042 3800 allo-

468 3852 692 3924 quitur;
720 3848 848 3919 quia
874 3847 1086 3915 Moyses
1109 3844 1377 3915 prmcipue
1417 3842 1702 3912 imaginem
1729 3836 1931 3893 Christi
1959 3851 2043 3892 se-

470 3943 704 4000 cundum
740 3937 935 3993 multos
965 3936 1055 4005 qui
1102 3935 1231 3989 dicti
1265 3941 1391 3987 sunt
1418 3932 1556 4002 gerit
1589 3931 1791 3993 modos,
1821 3928 1919 3984 soli
1947 3944 2043 3983 au-

473 4042 581 4087 tem
627 4026 842 4085 Christo
867 4025 1166 4081 communis
1218 4023 1380 4092 lepra:
1427 4022 1685 4090 competit
1709 4020 2042 4085 emundatio,

475 4132 696 4194 propter
730 4117 875 4187 quod
921 4129 1021 4169 nec
1065 4115 1131 4169 de
1170 4114 1316 4181 lepra
1344 4113 1505 4168 unius
1549 4112 1693 4166 modi
1749 4127 1868 4181 qua:
1900 4110 2045 4165 litin

477 4210 720 4273 vulnere,
766 4204 918 4261 verbi
938 4203 1131 4273 gratia,
1183 4209 1276 4255 aut
1320 4202 1616 4266 inustione,
1658 4210 1751 4254 aut
1788 4201 1942 4255 aliter
1968 4200 2047 4256 lo«-

477 4300 691 4372 quitur;
737 4296 836 4352 sed
882 4293 960 4349 ait
1010 4310 1024 4347 :
1082 4289 1183 4345 Hic
1233 4299 1309 4344 est
1366 4291 1498 4344 ritus
1556 4290 1764 4361 leprosi.
1796 4290 1899 4346 Per
1946 4292 2049 4348 hoc

480 4403 693 4447 omnem
736 4386 972 4457 speciem
1024 4384 1187 4453 lepra:
1227 4381 1511 4452 complecti
1558 4381 1766 4448 volens,
1812 4380 1937 4452 quia
1992 4393 2049 4438 et

475 4480 725 4537 Christus
748 4490 909 4532 omne
935 4488 1107 4544 genus
1137 4480 1481 4542 peccatorum
1496 4471 1809 4539 mandavit;
1836 4488 1965 4544 ergo
1993 4482 2049 4529 et

482 4568 646 4624 nimis
668 4552 941 4621 simillium
969 4572 1055 4619 est
1096 4562 1354 4634 mysterio
1378 4559 1494 4630 ejus
1516 4576 1756 4632 prmseus
1784 4565 2013 4620 materia
2030 4606 2046 4633 ,

481 4659 625 4730 quod
658 4671 725 4711 ex
758 4670 824 4711 eo
849 4655 1133 4721 discimus,
1171 4654 1298 4723 quia
1335 4653 1604 4724 leprosum
1629 4670 1735 4710 non
1761 4655 1850 4733 ire,
1865 4656 1933 4710 ad
1961 4671 2049 4711 sa-

482 4750 777 4813 cerdotem,
823 4746 920 4803 sed
972 4747 1041 4801 ad
1089 4762 1214 4803 eum
1261 4747 1342 4802 ire
1384 4748 1717 4802 sacerdotem
1771 4749 2045 4819 praecepit,

483 4838 673 4907 sicque
696 4836 888 4890 adduci
933 4851 1059 4891 eum
1089 4837 1183 4905 qui
1208 4837 1545 4892 mandandos
1569 4846 1673 4903 est,
1704 4839 2055 4906 quemadmo-

486 4929 615 4983 dum
644 4935 699 4982 et
720 4925 967 4982 Christus
993 4928 1061 4982 ad
1081 4944 1180 4984 nos
1206 4929 1367 4993 venit,
1392 4935 1447 4983 et
1476 4943 1572 4983 eos
1595 4929 1685 4996 qui
1707 4930 1774 4983 ab
1801 4942 1868 4984 eo
1892 4945 2053 4983 mun-

484 5017 603 5074 dari
653 5025 812 5086 atque
870 5015 1018 5070 ablui
1073 5018 1441 5072 necessarium
1487 5016 1778 5082 habebant,
1818 5024 1873 5071 et
1897 5024 2055 5071 extra

486 5114 669 5161 castra
692 5105 755 5158 ad
781 5104 1094 5159 intuendum
1128 5118 1250 5158 eum
1274 5106 1366 5173 qui
1393 5107 1733 5162 mundandus
1760 5115 1880 5162 erat
1902 5122 2057 5179 egre-

488 5198 543 5252 di
580 5197 921 5252 saccrdotem
974 5194 1250 5263 pra-cepit,
1287 5196 1430 5251 sicut
1474 5211 1575 5252 nos
1602 5195 1850 5253 Christus
1899 5205 2055 5254 extra

490 5297 668 5344 castra
694 5302 792 5358 per
821 5285 1128 5356 passionem
1165 5285 1364 5349 crucis,
1385 5286 1909 5358 dispensationisque
1934 5304 2055 5358 qua:

492 5386 620 5432 tunc
646 5386 865 5449 peracta
894 5387 984 5433 est
1007 5378 1267 5433 visitavit.
1290 5378 1407 5435 Non
1434 5379 1586 5447 prius
1609 5390 1785 5435 autem
1808 5383 1910 5438 hoc
1947 5383 2056 5453 egit

490 5483 651 5535 quam
688 5471 916 5536 videret,
946 5470 1071 5540 quia
1115 5468 1324 5524 macula
1364 5467 1527 5538 lepra:
1561 5469 1628 5522 ab
1654 5484 1720 5523 co
1748 5481 2051 5538 sanarctur,

488 5555 543 5610 id
568 5568 671 5628 est,
695 5571 983 5632 antequam
1025 5574 1126 5618 nos
1147 5558 1383 5618 caruisse
1402 5558 1627 5616 vidisset
1645 5574 1848 5616 errore.
1875 5561 2057 5630 Quan-

2073 4347 2125 4410 D

2137 3131 2255 3177 erat
2278 3120 2529 3191 passibile
2557 3129 2614 3175 et
2656 3119 2799 3191 quod
2826 3129 3039 3190 poterat
3082 3122 3280 3187 occidi,
3320 3130 3378 3177 et
3396 3122 3576 3179 occidi
3603 3137 3618 3176 :
3646 3122 3693 3177 in

2137 3226 2265 3267 vase
2296 3211 2447 3265 ﬁctili
2486 3226 2649 3280 super
2672 3226 2840 3283 aquas
2864 3211 3127 3278 viventes,
3171 3212 3224 3268 in
3254 3214 3414 3269 nobis
3450 3214 3616 3278 enim,
3649 3209 3695 3266 id

2139 3311 2241 3369 est,
2266 3316 2365 3371 pro
2398 3301 2575 3356 nobis.
2616 3300 2894 3372 Siquidem
2944 3318 3131 3359 sumus
3172 3319 3268 3359 vas
3306 3303 3475 3359 ﬁctile
3503 3305 3569 3359 de
3598 3302 3695 3361 luto

2138 3392 2388 3448 videlicet
2410 3390 2555 3458 facti,
2587 3392 2894 3464 unigenitus
2921 3394 3218 3450 secundum
3262 3409 3483 3450 carnem
3521 3394 3698 3453 occidi-

2142 3492 2230 3537 tur
2263 3498 2427 3554 super
2472 3497 2642 3552 aquas
2668 3483 2836 3549 vivas,
2881 3483 2935 3539 id
2963 3492 3066 3552 cst,
3116 3484 3461 3553 baptismatis
3504 3502 3521 3539 :
3569 3499 3700 3545 mors

2142 3570 2258 3641 ejus
2288 3575 2484 3644 quippe
2508 3583 2750 3629 nostrum
2782 3576 2974 3646 figurat
2998 3576 3284 3646 baptisma,
3310 3576 3452 3647 quod
3480 3576 3701 3632 ostendit

2142 3663 2341 3719 Paulus
2390 3664 2576 3719 dicens
2610 3682 2623 3718 :
2658 3663 2964 3736 Quicunque
3007 3666 3063 3719 in
3104 3665 3311 3721 Christo
3341 3666 3595 3738 baptismi
3624 3681 3701 3720 su-

2144 3770 2281 3818 mus,
2323 3755 2378 3808 in
2432 3766 2596 3810 morte
2647 3757 2761 3826 ejus
2798 3758 3051 3829 baptismi
3087 3775 3268 3813 sumus
3308 3757 3483 3830 (Rom.
3526 3758 3618 3829 τι).
3651 3756 3701 3810 lu

2147 3846 2251 3901 hoc
2275 3847 2417 3901 enim
2442 3847 2629 3902 vivens
2653 3862 2857 3920 passer,
2889 3856 2943 3902 et
2963 3847 3168 3917 lignum
3194 3848 3502 3915 cedrinum,
3530 3858 3584 3903 ει
3600 3862 3703 3902 coc-

2146 3934 2327 3989 cinum
2373 3943 2597 4002 tortum,
2653 3945 2707 3990 ct
2754 3936 3018 4007 hyssopus
3064 3936 3333 4005 tingitur:
3367 3936 3553 3991 omnia
3581 3935 3704 3991 enim

2147 4025 2265 4079 hmc
2297 4024 2826 4095 comprehenduntur
2866 4025 2920 4079 in
2950 4025 3149 4080 virtute
3176 4025 3543 4096 baptismatis,
3583 4022 3707 4095 quod

2149 4115 2381 4169 diximus
2413 4112 2706 4171 Dominica:
2730 4132 2851 4171 esse
2890 4115 3156 4186 passionis
3180 4115 3409 4187 ﬁguram
3445 4116 3705 4189 signiﬁca—

2155 4206 2483 4276 tionemque,
2513 4208 2605 4263 sed
2629 4208 2817 4264 vivens
2840 4223 3027 4279 passer
3055 4224 3216 4279 quem
3247 4209 3300 4263 in
3329 4208 3602 4281 Unigcniti
3628 4222 3709 4265 nc-

2153 4297 2389 4352 ccssario
2434 4298 2768 4352 divinitatem
2797 4298 3115 4369 accipimus,
3161 4300 3215 4355 in
3249 4302 3516 4372 sanguine
3562 4300 3706 4357 etiam

2138 4389 2241 4465 hic
2269 4376 2435 4443 occisi
2459 4389 2715 4459 passeris,
2739 4396 2793 4443 et
2815 4405 2954 4459 aqua
2983 4390 3228 4461 tingitur,
3258 4391 3312 4447 id
3340 4400 3446 4456 est,
3471 4391 3529 4447 in
3556 4390 3678 4462 grati
3690 4402 3710 4443 ι

2153 4478 2510 4547 baptismatis,
2555 4478 2679 4548 quia
2710 4494 2815 4533 non
2840 4474 2895 4531 in
2929 4479 3163 4535 hominis
3186 4480 3455 4548 passione,
3496 4480 3594 4536 sed
3631 4476 3712 4532 Dei

2153 4579 2208 4625 et
2234 4569 2469 4624 hominis
2489 4568 2843 4638 baptizamur.
2870 4567 3073 4623 Deinde
3092 4580 3215 4637 post
3232 4570 3369 4635 lucc,
3397 4569 3588 4625 vivens
3606 4581 3713 4639 pas-

2153 4670 2244 4715 ser
2270 4659 2322 4712 in
2347 4673 2535 4730 agrum
2568 4664 2627 4712 ut
2665 4656 2841 4712 avolet
2867 4655 3188 4724 dimittitur;
3215 4672 3347 4728 ergo
3377 4656 3714 4727 impassibilis

2154 4751 2410 4806 divinitas
2456 4759 2512 4804 et
2545 4748 2939 4818 inseparabilis
2964 4756 3082 4803 erat
3119 4764 3151 4802 a
3176 4816 3177 4821 η
3199 4762 3383 4827 carne,
3420 4764 3547 4823 qua:
3574 4761 3713 4818 passa

2152 4848 2255 4903 est,
2284 4839 2428 4893 unde
2455 4845 2511 4891 ct
2542 4838 2860 4905 scparabilis
2898 4838 2951 4892 in
2980 4839 3241 4910 sanguine
3278 4838 3638 4910 baptizatnur,
3666 4844 3716 4889 ut

2156 4924 2503 4998 impassibilis
2544 4927 2665 4981 viva
2716 4929 2768 4983 in
2805 4945 2994 4999 agrum
3039 4930 3236 4985 avolet.
3267 4928 3350 4985 Ad
3384 4930 3715 4985 altitudinem

2157 5018 2409 5073 videlicet
2429 5019 2896 5089 contemplationis
2925 5022 3210 5088 emittitur,
3235 5037 3341 5095 quo
3369 5022 3520 5079 illum
3551 5020 3717 5079 dimit-

2159 5116 2326 5174 tente,
2357 5119 2542 5165 nostro
2587 5110 2839 5166 videlicet
2896 5110 3188 5180 intellectu,
3242 5113 3345 5168 sub
3392 5113 3556 5183 hujus
3587 5112 3721 5170 enim

2160 5197 2612 5269 contemplatione
2640 5207 2871 5266 tenetur,
2905 5201 3239 5257 solummodo
3283 5211 3477 5273 sponte
3500 5188 3722 5259 detenta

2161 5305 2330 5346 cnma
2358 5290 2505 5346 nullo
2525 5290 2630 5345 alio
2657 5290 2887 5346 detineri
2915 5291 3103 5361 possit.
3134 5292 3357 5362 Insuper
3383 5294 3432 5348 is
3459 5292 3551 5363 qui
3572 5305 3720 5346 mun-

2118 5402 2121 5403 '
2162 5382 2317 5437 datus
2358 5389 2442 5437 est
2470 5380 2795 5435 vestimenta
2843 5381 3005 5449 lavat,
3037 5382 3289 5439 videlicet
3334 5385 3574 5438 actiones
3603 5374 3723 5435 etsi

2160 5487 2295 5543 quas
2318 5474 2547 5527 virtutes
2573 5471 2779 5540 habuit,
2811 5473 2938 5544 quia
2962 5481 3015 5529 et
3043 5473 3141 5529 has
3167 5484 3393 5547 peccato
3417 5473 3624 5544 polluit.
3662 5548 3667 5553 δ

2211 5563 2401 5637 _Lavat
2455 5571 2635 5621 autem
2681 5563 3000 5635 poenitentia
3034 5572 3090 5620 ct
3133 5565 3272 5621 radit
3311 5564 3504 5636 pilum,
3544 5561 3597 5617 id
3626 5562 3721 5625 est,

3576 193 3689 253 3a

3836 1006 3853 1467 ἓ
