3936 6350
150 304 242 366 393

1038 291 1542 352 EXPOSITIONES
1577 292 1646 350 IN
1685 290 2084 352 LEVITICUM.
2119 321 2192 336 -—
2221 291 2354 350 LIB.
2390 291 2482 350 IV.

3271 293 3376 349 594

155 435 346 484 omnem
364 416 743 489 cogitationem
769 415 1006 486 deponit,
1045 415 1172 484 quia
1201 429 1390 496 omnes
1423 428 1518 469 eas
1540 413 1702 469 babe-
1727 420 1780 480 Α
1804 427 2022 483 cumque
2047 410 2290 465 sacerdos
2315 408 2605 480 puriﬁcans
2657 406 2919 463 hominem
2958 408 3197 463 statuerit
3240 426 3378 478 eum,

157 525 238 579 bat
280 513 601 576 immundus;
660 519 714 564 et
782 509 994 565 lavatus
1046 523 1184 578 aqua
1225 507 1562 579 paenitentiae
1613 513 1706 561 aut

160 605 486 682 baptismatis,
517 611 646 657 tunc
673 601 981 657 necessarie
1007 600 1377 666 mandabitur,
1411 614 1539 653 nam
1575 605 1634 654 et
1659 597 1704 653 si

159 703 390 761 mundum
421 713 545 754 eum
589 697 838 767 superius
879 695 1208 759 nominavit,
1248 693 1325 748 ait
1351 694 1497 748 enim
1530 710 1543 746 :
1573 689 1706 746 Cum

159 799 279 851 risus
312 791 467 861 fuerit
505 804 614 842 esse
664 787 974 852 mundatus,
1025 785 1202 854 efferet
1257 784 1389 838 duos
1447 798 1704 854 passeres,

158 885 240 942 sed
270 895 383 937 eum
416 879 509 948 qui
535 884 694 948 aptus
741 885 862 932 erat
905 877 973 932 ad
1017 875 1424 931 mundationem
1467 873 1702 929 dicebat.

159 974 276 1028 Nam
296 969 560 1041 quomodo
586 968 631 1022 is
654 967 746 1037 qui
764 966 880 1036 jam
913 966 1147 1021 mundus
1170 971 1256 1020 est
1281 965 1457 1020 adhuc
1486 977 1708 1019 necesse

157 1065 299 1120 habet
341 1058 623 1114 mandari?
664 1059 816 1112 Tunc
848 1066 901 1111 et
927 1057 984 1111 in
1037 1063 1217 1112 castra
1267 1054 1602 1126 ingredietur
1647 1059 1710 1107 ut

157 1151 414 1212 oonventui
452 1159 639 1206 nostro
669 1149 906 1214 intersit,
940 1157 1104 1219 atque
1131 1146 1552 1219 intelligibilium
1577 1160 1710 1201 con-

157 1251 397 1299 tractuum
424 1240 628 1304 socius,
661 1246 716 1293 et
749 1237 970 1293 alterius
1012 1236 1404 1292 commistionis
1434 1251 1554 1306 qua:
1584 1249 1709 1290 cum

154 1332 372 1388 ﬁdelibus
419 1331 671 1395 habetur,
716 1329 1030 1398 acquiratur
1081 1327 1312 1393 fructus,
1356 1343 1388 1381 a
1434 1343 1540 1397 qua
1583 1326 1709 1396 quia

155 1423 524 1494 prohibeantur
563 1420 620 1475 hi
641 1419 736 1490 qui
766 1420 996 1474 necdum
1036 1419 1280 1473 mundati
1309 1426 1436 1472 sunt
1459 1427 1711 1488 peccato-

150 1532 244 1581 res,
288 1515 410 1570 audi
439 1514 756 1583 Apostolum
797 1512 1065 1568 dicentem
1092 1529 1105 1565 :
1145 1511 1205 1566 Si
1233 1511 1277 1566 is
1305 1513 1395 1582 qui
1423 1510 1588 1580 frater
1617 1528 1712 1566 ηο-

151 1609 375 1668 minatur,
429 1613 521 1657 aut
550 1603 760 1656 adulter
783 1610 881 1667 est,
918 1611 1009 1655 aut
1061 1594 1272 1660 avarus,
1299 1609 1390 1653 aut
1425 1599 1706 1667 detractor,

147 1707 227 1749 aut
268 1695 522 1760 ebriosus,
557 1703 648 1747 aut
679 1709 866 1763 rapax,
897 1709 1017 1746 cum
1044 1691 1352 1762 hujusmodi
1403 1708 1496 1746 nec
1539 1692 1710 1745 cibum

1803 515 1853 560 et
1873 507 1985 560 [nec
2005 506 2182 560 omnia
2204 520 2384 559 coram
2405 503 2632 558 Domino
2653 503 2711 558 in
2737 504 2871 556 ostio
2895 501 3222 558 tabernaculi
3249 503 3386 558 testi-

1801 596 1984 662 monii,
2006 594 2151 649 tollet
2173 611 2366 664 agnum
2382 602 2431 648 et
2457 594 2638 664 offeret
2658 591 2812 646 illum
2829 609 2924 663 pro
2949 592 3162 660 delicto,
3185 592 3385 666 oleique

1803 687 2112 740 sextarium.
2139 684 2211 738 Et
2242 684 2430 739 oblatis
2460 693 2580 740 ante
2599 683 2886 739 Dominum
2911 685 3176 752 omnibus,
3199 686 3387 740 immo-

1805 775 1932 830 labit
1963 791 2180 846 agnum,
2203 773 2294 828 ubi
2314 774 2582 829 immolari
2611 775 2740 830 solet
2763 777 2935 832 hostia
2962 795 3058 848 pro
3079 787 3314 850 peccato,
3335 786 3385 835 et

1805 867 2195 934 holocaustum,
2243 867 2300 922 id
2325 877 2424 934 est,
2469 869 2526 922 in
2569 870 2684 923 loco
2727 882 2930 926 sancto.
2957 869 3106 926 Sicut
3131 875 3269 926 enim
3289 886 3388 943 pro

1805 970 2039 1030 peccato,
2087 961 2165 1014 ita
2207 968 2256 1014 et
2300 977 2395 1030 pro
2447 958 2634 1015 delicto
2688 961 2758 1015 ad
2803 962 3125 1016 sacerdotem.
3168 962 3390 1034 pertinet

1805 1053 1998 1122 hostia,
2041 1051 2238 1108 Sancta
2271 1061 2574 1108 sanctorum
2615 1066 2712 1122 est,
2745 1073 3118 1128 assumensque
3141 1057 3389 1112 sacerdos

1806 1143 1871 1197 de
1907 1145 2160 1214 sanguine
2181 1145 2365 1199 hostia:
2390 1162 2507 1216 qua:
2535 1145 2809 1201 immolata
2829 1157 2904 1203 est
2933 1165 3026 1219 pro
3053 1148 3266 1214 delicto,
3297 1166 3392 1219 po-

1808 1243 1892 1286 net
1916 1250 2073 1304 super
2091 1242 2380 1289 extremum
2407 1235 2664 1290 auricqu
2685 1236 2885 1291 dextra:
2908 1237 3024 1308 ejus
3047 1237 3138 1308 qui
3165 1237 3394 1292 munda-

1809 1337 1918 1394 tur,
1946 1337 1992 1382 et
2029 1344 2188 1397 super
2226 1327 2441 1398 pollices
2485 1345 2673 1382 manus
2702 1329 2902 1383 dextra:
2941 1339 2990 1384 et
3021 1329 3200 1401 pedis;
3247 1339 3295 1384 et
3329 1329 3394 1384 de

1811 1417 1916 1472 olet
1957 1422 2186 1473 sextario
2215 1422 2381 1473 mittet
2406 1419 2461 1473 in
2492 1435 2707 1475 manum
2754 1437 2907 1476 suam
2949 1422 3239 1489 sinistram,
3291 1422 3395 1477 tin-

1810 1519 1994 1581 getque
2029 1512 2253 1582 digitum
2291 1512 2536 1566 dextrum
2571 1513 2627 1567 in
2675 1530 2756 1579 eo,
2813 1523 2862 1568 et
2920 1524 3156 1586 asperget
3207 1517 3395 1586 septies

1812 1613 1997 1657 contra
2031 1603 2332 1658 Dominum.
2379 1603 2534 1670 Quod
2563 1614 2739 1660 autem
2769 1605 3027 1677 reliquum
3069 1617 3149 1661 est
3193 1607 3312 1674 olei,
3339 1607 3400 1662 in

1812 1695 1941 1749 lteva
1973 1711 2136 1748 manu
2164 1695 2348 1764 fundet
2387 1713 2545 1767 super
2570 1706 2860 1752 extremum
2897 1697 3154 1752 auricula:
3197 1699 3398 1755 dextrae

147 1802 330 1840 sumere
362 1785 416 1856 (Ι
449 1783 573 1839 Cor.
605 1783 681 1855 v).
726 1785 1109 1839 Verumtamen
1147 1791 1354 1850 septem
1402 1783 1520 1838 dies
1557 1790 1710 1836 extra
1737 1781 1786 1842 B
1812 1785 1924 1856 ejus
1951 1786 2040 1856 qui
2064 1785 2371 1849 mandatur,
2412 1794 2464 1838 et
2494 1802 2652 1856 super
2677 1787 2889 1856 pollices
2918 1804 3106 1841 manus
3143 1804 3206 1841 ac
3251 1789 3400 1858 pedis

147 1874 532 1931 tabernaculum
585 1889 741 1929 suum
775 1883 973 1939 manet,
1022 1875 1199 1930 adhuc
1223 1879 1534 1928 sanctorum
1564 1889 1710 1929 com-

147 1966 374 2022 munione
397 1973 630 2036 propter
653 1965 994 2020 subtiliorem
1021 1965 1347 2034 custodiam,
1377 1975 1432 2020 et
1451 1967 1710 2038 paulatim

145 2059 204 2111 ad
255 2058 476 2116 meliora
534 2065 850 2127 provectum
921 2066 1220 2128 separatus.
1273 2057 1709 2112 Tabernaculum

145 2149 270 2204 enim
307 2149 738 2220 uniuscujusque
766 2157 1011 2206 nostrum
1063 2151 1449 2222 mysteriorum
1497 2152 1712 2221 adeptio

143 2249 230 2304 est,
261 2241 664 2296 tabernaculum
701 2257 733 2295 a
759 2240 880 2313 gelu
911 2249 1099 2312 tegens
1136 2257 1236 2296 nos
1272 2251 1327 2296 et
1355 2243 1423 2298 ab
1446 2252 1604 2309 aestu,
1631 2250 1711 2298 ta-

141 2333 474 2388 bernaculum
499 2333 555 2388 in
587 2348 694 2404 quo
723 2343 907 2389 cmuat
933 2349 1054 2388 cum
1084 2335 1212 2400 Deo,
1237 2333 1377 2388 sicut
1411 2349 1534 2388 cum
1558 2341 1714 2404 patre

139 2422 242 2489 ﬁlii,
273 2433 364 2478 aut
387 2439 519 2479 cum
549 2439 748 2494 sponso
773 2440 992 2496 sponsa,
1026 2425 1112 2479 vel
1141 2426 1186 2480 si
1215 2425 1419 2494 aliquid
1449 2425 1594 2479 aliud
1631 2426 1712 2480 di-

139 2512 266 2566 citur
293 2514 442 2582 quod
488 2514 659 2587 magis
694 2515 763 2570 ad
800 2514 1202 2583 proximitatem
1229 2515 1568 2586 cognationis
1590 2529 1712 2586 per-

137 2601 296 2657 tinet:
327 2604 394 2657 Et
422 2605 510 2658 die
546 2605 765 2675 septima
799 2605 950 2660 rudes
981 2605 1200 2676 capillos
1229 2607 1436 2675 capitis,
1469 2605 1711 2659 barbam-

132 2707 226 2759 que
276 2701 323 2747 et
355 2693 656 2763 supercilia,
687 2711 749 2746 ac
781 2694 941 2747 totius
997 2694 1230 2764 corporis
1275 2693 1431 2764 pilos.
1480 2693 1587 2749 Sed
1622 2694 1712 2749 hic

132 2797 233 2837 non
269 2783 447 2838 solum
478 2793 653 2855 caput,
697 2784 791 2838 sed
831 2792 886 2838 et
913 2785 1164 2850 barbam,
1208 2792 1265 2838 et
1311 2785 1624 2854 supercilia,
1659 2793 1714 2839 et

131 2890 336 2931 omnem
383 2875 714 2946 simpliciter
754 2873 923 2945 pilum
974 2875 1067 2944 qui
1095 2875 1150 2928 in
1177 2875 1325 2930 omni
1351 2889 1580 2944 corpore
1606 2882 1708 2940 est,

132 2981 191 3018 ac
218 2982 312 3036 per
355 2967 470 3022 hoc
515 2974 569 3021 et
616 2965 957 3021 occultarum
996 2965 1231 3035 partium
1267 2965 1384 3020 radi
1434 2967 1710 3036 praecepit.

131 3055 329 3110 Nullam
349 3073 490 3127 ergo
511 3057 562 3111 ei
584 3057 969 3128 cogitationem
997 3067 1237 3112 veterem
1260 3071 1543 3112 remanere
1565 3057 1708 3110 vult:

1811 1874 1983 1928 dextri
1996 1891 2015 1938 ;
2044 1884 2093 1928 et
2131 1891 2290 1944 super
2314 1875 2626 1945 sanguinem
2657 1877 2749 1947 qui
2771 1876 2924 1946 {usus
2951 1886 3028 1932 est
3055 1894 3149 1947 pro
3184 1876 3398 1946 delicto,

1811 1975 1860 2020 et
1881 1982 2038 2036 super
2059 1975 2214 2037 caput
2232 1966 2381 2036 ejus;
2412 1967 2715 2039 rogabitque
2734 1984 2829 2038 pro
2857 1985 2917 2022 eo
2946 1985 3126 2023 coram
3148 1969 3398 2038 Domino,

1812 2064 1862 2109 et
1903 2055 2059 2124 faciet
2088 2055 2411 2124 sacriﬁcium
2434 2072 2530 2126 pro
2567 2065 2812 2126 peccato,
2844 2067 2966 2113 tunc
2992 2059 3283 2114 immolabit
3305 2061 3402 2115 lto-

1813 2142 2126 2209 locaustum,
2173 2153 2220 2198 el
2257 2154 2409 2216 ponet
2444 2145 2576 2198 illud
2617 2147 2674 2200 in
2725 2147 2885 2201 altari
2931 2165 3050 2202 cum
3103 2149 3399 2206 libamenlis

1813 2237 1942 2302 suis,
1958 2246 2006 2290 et
2016 2237 2169 2290 homo
2184 2239 2281 2292 rite
2295 2238 2652 2296 mundabitur.
2669 2237 3090 2311 (ExHesgchio.)
3104 2241 3400 2312 Postquam

1813 2327 1958 2381 enim
1981 2327 2157 2397 prima
2183 2328 2271 2383 die
2302 2345 2408 2399 qua
2428 2331 2715 2401 .egreditur
2735 2335 2991 2387 sacerdos
3010 2339 3166 2387 extra
3195 2342 3398 2400 castra,

1814 2415 2085 2472 immolari
2122 2419 2191 2474 ad
2233 2421 2674 2477 cmundationem
2715 2421 2910 2492 leprosi
2943 2423 3222 2494 praecepit,
3271 2441 3402 2482 ecce

1814 2521 2005 2562 rursus
2055 2525 2201 2564 nunc
2227 2519 2420 2566 octava
2452 2512 2539 2566 die
2589 2511 2694 2566 alia
2724 2528 2822 2583 pro
2864 2527 2930 2568 eo
2964 2513 3236 2569 sacriﬁcia
3283 2515 3402 2570 ﬁeri

1808 2595 2087 2666 iubentur.
2144 2599 2348 2655 Octava
2391 2601 2535 2656 enim
2584 2602 2698 2657 dies
2738 2602 2985 2658 eamdem
3024 2618 3187 2673 quam
3225 2604 3402 2674 prima

1815 2689 1924 2742 vim
1948 2691 2105 2760 gerit,
2141 2691 2268 2760 quia
2314 2707 2477 2748 omne
2501 2707 2740 2762 praesens
2782 2701 2996 2764 tempus
3024 2693 3077 2747 in
3107 2694 3404 2750 hebdoma-

1816 2778 1974 2834 dibus
2023 2781 2331 2836 conciditur
2369 2791 2493 2854 post
2541 2799 2676 2853 quas
2725 2793 2918 2839 octava
2963 2794 3068 2850 est,
3097 2800 3308 2854 aequam
3345 2794 3405 2840 ut

1817 2868 2051 2924 diximus
2091 2871 2348 2926 virtutem
2377 2873 2565 2941 primae
2607 2888 2823 2942 gerens,
2857 2874 2943 2929 vel
2983 2876 3205 2931 omnino
3226 2876 3399 2945 ipsam

1816 2976 2104 3016 renovans.
2136 2963 2233 3018 Est
2258 2972 2441 3019 autem
2486 2966 2602 3020 haec
2631 2967 2686 3021 in
2715 2982 2821 3036 qua
2853 2966 3103 3024 Salvator
3131 2971 3398 3036 surrexit;

1816 3052 1871 3107 in
1897 3069 2003 3123 qua
2029 3056 2083 3108 in
2103 3063 2282 3110 castra
2304 3056 2689 3126 ingrediemur.
2713 3057 2843 3113 Post
2863 3059 2978 3114 dies
2999 3061 3144 3114 enim
3168 3070 3399 3131 septem,

131 3163 226 3200 non
265 3148 444 3202 solum
497 3147 617 3202 illas
643 3163 763 3216 quae
789 3154 1042 3201 ornatum
1083 3146 1290 3201 homini
1320 3153 1504 3216 utpote
1541 3146 1710 3200 ratio-
1737 3129 1783 3192 C
1814 3163 1937 3201 eum
1959 3148 2052 3217 qui
2085 3150 2376 3204 mundatus
2397 3159 2482 3204 est
2504 3149 2769 3220 leprosus,
2801 3152 2888 3206 die
2926 3152 3180 3207 videlicet
3204 3129 3402 3209 octava

131 3239 249 3303 nali,
280 3250 334 3294 et
379 3238 560 3293 multa
587 3239 654 3294 de
684 3239 914 3294 diversis
939 3238 1268 3308 disceptanti
1289 3239 1557 3307 priebent,
1587 3237 1712 3293 illas

129 3331 262 3383 enim
288 3347 386 3400 per
434 3338 628 3400 caput,
663 3341 887 3400 propter
917 3338 1169 3387 ornatum
1213 3338 1268 3385 et
1309 3329 1711 3384 multitudinem

128 3419 420 3490 signiﬁcat;
476 3422 570 3476 sed
605 3437 708 3476 nec
734 3423 834 3476 has
877 3436 998 3490 quae
1026 3421 1302 3476 hominem
1338 3419 1712 3489 contemplati-

128 3523 243 3562 vum
265 3513 640 3576 constituunt,
665 3511 732 3564 de
754 3509 1075 3566 sublimibus
1096 3519 1151 3565 et
1173 3510 1533 3565 divinioribus
1549 3511 1712 3564 rebus

130 3603 450 3672 cogitantem
475 3643 490 3668 ,
525 3603 628 3656 hoc
651 3602 798 3655 enim
827 3601 1132 3671 superciliis
1151 3602 1486 3670 designatur,
1515 3617 1634 3670 qua:
1655 3602 1710 3654 in

128 3694 404 3749 altioribus
447 3702 580 3748 sunt
615 3694 717 3747 sita
753 3701 808 3747 et
853 3693 998 3747 circa
1029 3692 1574 3760 contemplativorum
1601 3707 1714 3744 ma-

128 3786 297 3839 nentia
341 3800 610 3840 sensuum
639 3799 862 3852 organa,
887 3785 982 3838 sed
1003 3800 1104 3839 nec
1132 3783 1251 3838 illas
1272 3798 1392 3853 quae
1426 3783 1714 3838 discretio-

127 3875 231 3930 nale
283 3877 666 3938 continentes,
706 3890 802 3942 per
847 3876 1074 3928 barbam
1120 3883 1266 3928 recte
1295 3874 1709 3944 signiﬁcantur:

128 3967 234 4033 quia
279 3961 526 4021 barbam
557 3963 789 4018 maxime
819 3965 961 4018 inter
990 3963 1147 4018 virile
1175 3978 1343 4033 genus
1370 3973 1424 4017 et
1451 3965 1715 4020 muliebre

125 4061 340 4114 dividat.
367 4058 507 4112 Haec
536 4065 739 4123 autem,
775 4072 883 4111 non
913 4059 1182 4126 quomodo
1207 4069 1396 4110 carere
1419 4070 1544 4111 eum
1571 4056 1710 4127 cogi-

128 4151 323 4206 talione
350 4148 587 4219 cupiens
609 4148 891 4218 praecepit,
921 4147 1018 4202 sed
1039 4163 1240 4202 novum
1269 4154 1466 4214 totum,
1487 4154 1543 4201 et
1562 4146 1716 4216 quasi

126 4245 272 4299 modo
304 4244 565 4314 genitum
610 4241 730 4296 ﬁeri
779 4240 988 4306 volens,
1027 4247 1082 4295 et
1134 4239 1438 4308 exspoliare
1475 4248 1713 4293 veterem

127 4334 424 4398 hominem,
464 4341 527 4386 ut
573 4332 752 4402 capiat
777 4346 976 4386 novum
1013 4347 1029 4384 :
1059 4331 1328 4401 quomodo
1363 4331 1509 4386 enim
1539 4330 1590 4385 ei
1620 4331 1712 4400 qui

128 4426 405 4494 antiquum
439 4423 578 4478 rasit
623 4422 815 4490 pilum,
849 4421 988 4476 alius
1016 4437 1188 4477 novus
1217 4434 1271 4476 et
1298 4436 1490 4476 recens
1531 4422 1713 4476 nasci-

126 4521 230 4580 tur,
273 4515 355 4570 sic
392 4523 452 4569 et
508 4513 636 4568 huic
675 4513 949 4568 veteribus
1003 4512 1210 4568 carenti
1265 4512 1704 4583 cogitationibus,

123 4603 236 4658 alia:
258 4621 416 4660 novae
440 4604 513 4658 ad
534 4603 757 4658 meliora
783 4603 1066 4673 pullulant.
1097 4603 1304 4658 Lavare
1329 4605 1495 4658 etiam
1518 4621 1708 4660 rursus

125 4697 444 4752 vestimenta
477 4711 598 4762 sua,
628 4697 683 4750 id
730 4705 834 4762 est,
867 4697 1109 4752 actiones
1135 4698 1364 4751 mundas
1393 4695 1624 4765 eilicere,
1654 4707 1710 4754 et

124 4783 314 4842 lavabit
366 4788 577 4842 iterum
621 4802 816 4856 corpus
876 4803 1037 4857 aqua,
1088 4789 1325 4842 secundo
1360 4789 1544 4858 utique
1574 4789 1708 4844 illud

125 4874 321 4944 lavant,
373 4877 542 4933 nobis
581 4886 764 4931 autem
790 4891 898 4932 non
924 4884 1009 4932 est
1055 4878 1352 4933 secundum
1391 4879 1657 4948 baptisma
1689 4900 1701 4935 :

126 4963 262 5024 Unus
319 4971 468 5024 enim
528 4969 804 5034 Dominus,
875 4985 982 5023 una
1032 4970 1182 5037 ﬁdes,
1235 4988 1398 5025 unum
1453 4971 1710 5043 baptisma

123 5056 334 5127 (Ephes.
385 5063 492 5132 ιν).
540 5060 610 5114 Et
648 5059 919 5130 quomodo
977 5061 1212 5114 secundo
1256 5061 1554 5128 lavabitur,
1605 5064 1712 5119 nisi

121 5150 362 5209 absolute
407 5169 515 5223 per
547 5153 854 5224 lacrymas?
903 5150 1016 5206 Hoc
1059 5152 1204 5206 enim
1253 5166 1360 5206 non
1392 5155 1559 5209 semel
1610 5170 1713 5211 nec

123 5238 218 5307 bis,
262 5247 360 5298 sed
426 5245 595 5299 tertio
641 5252 696 5299 et
735 5243 1052 5314 frequenter
1084 5243 1210 5298 licet
1246 5244 1452 5314 peragi,
1501 5246 1628 5314 quia
1654 5256 1711 5304 et

121 5332 283 5392 David
311 5338 542 5394 dicebat
569 5355 582 5390 :
619 5335 788 5391 Facta
813 5345 934 5391 sunt
965 5336 1091 5390 milii
1121 5335 1369 5406 lacryma:
1399 5353 1527 5391 mete
1548 5355 1708 5408 panes

119 5423 201 5479 die
219 5443 279 5480 ac
305 5439 487 5483 nocte.
536 5427 794 5498 Sequitur
831 5446 846 5482 :

187 5519 436 5576 Assumet
460 5521 596 5576 duos
639 5539 800 5593 agnos
828 5520 1215 5589 immaculatos,
1241 5530 1290 5577 et
1319 5539 1463 5578 ovem
1490 5524 1712 5578 annicu-

119 5608 220 5666 lam
245 5615 449 5686 absque
479 5613 710 5680 macula,
741 5624 790 5668 et
819 5624 922 5669 tres
949 5614 1177 5669 decimas
1202 5614 1390 5670 simin
1415 5616 1471 5670 in
1499 5616 1711 5684 sacri/i-

119 5706 216 5774 cio,
237 5725 356 5779 qua!
385 5725 672 5779 conspersa
700 5709 766 5762 sit
796 5707 928 5766 oleo.
953 5717 1001 5761 et
1023 5709 1239 5762 seorsim
1265 5708 1365 5763 olei
1385 5710 1706 5774 sextarium;

531 5801 805 5864 Paruum.
853 5800 1072 5864 CVIII.

1812 3239 1866 3292 in
1891 3239 2086 3294 castris
2108 3240 2318 3311 ingredi
2340 3242 2618 3311 praecepit,
2646 3243 2738 3297 sed
2755 3251 2937 3298 castra
2958 3242 3174 3312 qualia?
3203 3243 3398 3312 Utique

1811 3330 1903 3384 illa
1931 3346 2052 3401 qua:
2079 3329 2248 3387 Jacob
2272 3333 2588 3402 patriarcha
2622 3335 2776 3400 vidit,
2807 3337 3024 3404 quando
3051 3335 3258 3407 angelis
3291 3337 3397 3391 sibi

1810 3422 2221 3478 occurrentibus
2265 3423 2444 3478 locum
2487 3433 2662 3478 castra
2691 3425 2790 3478 Dei
2820 3425 3132 3495 appellavit.
3169 3424 3252 3480 Ad
3276 3425 3400 3480 haec

1812 3513 2102 3567 mundatus
2132 3517 2379 3583 leprosus
2408 3523 2594 3584 utpote
2621 3515 2752 3569 olim
2791 3514 3124 3587 justiﬁcatus
3157 3523 3402 3594 tempore

1812 3603 2228 3658 resurrectionis
2283 3604 2452 3669 venit,
2502 3605 2558 3660 in
2632 3605 2786 3675 cujus
2840 3605 3087 3676 ﬁguram,
3151 3616 3400 3662 octavam

1814 3691 1980 3756 diem,
2020 3693 2161 3746 sicut
2189 3691 2446 3756 diximus,
2499 3691 2778 3761 legislator
2807 3695 3035 3761 accepit.
3066 3693 3196 3759 Quae
3222 3703 3404 3748 autem

1814 3782 1868 3836 in
1895 3782 2086 3837 eadem
2129 3789 2322 3837 octava
2371 3781 2458 3835 die
2497 3782 2583 3852 agi
2608 3791 2879 3852 praecepta
2924 3791 3072 3850 sunt,
3111 3785 3402 3855 imaginem

1814 3871 1930 3940 ejus
1955 3871 2050 3941 qui
2073 3871 2498 3926 secundum-nos
2541 3881 2625 3926 est
2665 3873 2913 3942 mysterii
2951 3881 3166 3943 gerunt.
3194 3873 3405 3930 Prince-

1814 3965 1895 4033 pit
1918 3965 2184 4033 siquidem
2213 3966 2348 4020 duos
2379 3981 2550 4035 agnos
2595 3966 2971 4023 immaculatos
2998 3969 3284 4025 anniculos
3310 3986 3402 4026 su-

1818 4053 1914 4118 ini,
1963 4061 2018 4108 et
2060 4068 2215 4108 ovem
2244 4054 2550 4110 anniculam
2574 4055 2978 4113 immaculatum
3011 4075 3174 4114 unam
3213 4080 3225 4115 :
3267 4077 3403 4131 quo-

1816 4158 1938 4196 rum
1966 4143 2183 4212 quidem
2230 4159 2398 4198 unum
2424 4160 2522 4215 pro
2541 4154 2789 4215 peccato,
2817 4147 2983 4202 alium
3004 4156 3186 4205 autem
3209 4150 3264 4205 in
3292 4151 3394 4207 ho-

1815 4234 2116 4290 locaustum
2145 4236 2402 4305 praecepit
2427 4236 2716 4304 immolari,
2763 4238 2946 4293 omnia
2975 4248 3155 4296 autem
3194 4242 3309 4298 ιιωο
3339 4243 3401 4296 ﬁ-

1815 4339 2003 4394 guram
2025 4332 2221 4394 gerunt
2241 4325 2494 4382 sacriﬁcii
2527 4326 2844 4384 Salvatoris.
2869 4328 2991 4400 Ipse
3010 4332 3153 4385 enim
3178 4340 3402 4401 propter

1815 4426 2038 4487 peccata
2085 4425 2296 4484 nostra,
2323 4427 2378 4474 et
2405 4419 2602 4476 delicta
2629 4421 2683 4475 in
2726 4421 2983 4488 hostiam,
3023 4424 3139 4493 ipse
3163 4425 3216 4478 in
3248 4426 3401 4482 holo-

1817 4518 2066 4564 caustum
2104 4508 2224 4565 fuit.
2257 4511 2339 4565 Ex
2375 4519 2606 4582 utroque
2658 4521 2841 4566 autem
2880 4527 3079 4583 genere
3107 4524 3399 4584 propterea

1816 4600 2144 4655 sacriﬁcium
2197 4598 2381 4655 oﬁ'erri
2427 4604 2708 4670 praecepit,
2767 4608 2827 4654 ut
2879 4603 3192 4659 ostenderet
3271 4607 3398 4676 quia

1815 4691 2066 4747 Christus
2099 4705 2200 4760 pro
2241 4691 2400 4746 nobis
2446 4692 2680 4757 occisus,
2710 4691 2871 4746 simul
2909 4695 3208 4750 masculum
3243 4696 3400 4753 femi-

1815 4799 2051 4854 namque
2080 4784 2311 4838 salvavit
2343 4801 2356 4837 :
2389 4799 2497 4838 non
2545 4783 2750 4839 frustra
2776 4792 2957 4840 autem
2999 4789 3310 4845 anniculum
3339 4791 3396 4845 in

1815 4885 2049 4946 utroque
2075 4875 2356 4948 praecepit,
2380 4875 2478 4930 sed
2500 4874 2803 4946 perfectum
2825 4890 2924 4947 per
2943 4879 3047 4935 hoc
3068 4881 3396 4938 sacriﬁcium

1813 4970 2065 5042 ﬁguravit
2111 4988 2124 5024 :
2179 4969 2421 5040 perfecta
2468 4969 2615 5024 enim
2651 4969 2707 5024 in
2752 4971 3025 5040 praedictis
3071 4974 3396 5031 animalibus

1815 5075 1941 5117 sunt
1985 5061 2236 5117 annicula
2261 5060 2534 5126 animalia,
2569 5061 2646 5116 ita
2680 5070 2740 5116 ut
2781 5064 2849 5119 ad
2887 5064 3028 5121 ﬁlios
3055 5068 3394 5136 generandos

1815 5157 1924 5211 sint
1951 5156 2163 5222 idonea,
2197 5155 2292 5210 sed
2327 5155 2453 5224 quia
2481 5170 2604 5210 eum
2645 5155 2738 5226 qui
2768 5158 3082 5224 mundatur,
3116 5175 3280 5229 super
3300 5173 3391 5212 sa-

1813 5244 2078 5300 criﬁcium
2123 5243 2420 5313 Unigeniti,
2467 5244 2629 5298 etiam
2685 5243 2846 5300 ﬁdem
2900 5248 3066 5302 totius
3114 5244 3393 5300 Trinitatis

1815 5337 2017 5407 signari
2046 5342 2280 5406 oportet,
2324 5344 2438 5390 tres
2473 5337 2713 5392 decimas
2742 5338 2954 5404 similae,
2992 5338 3045 5392 id
3075 5347 3178 5402 est,
3215 5335 3393 5390 Trini-

1813 5436 1980 5483 tatem
1999 5426 2199 5492 Patris,
2227 5435 2281 5481 et
2295 5425 2438 5493 Filii,
2464 5435 2520 5483 et
2539 5427 2774 5498 Spiritus
2794 5427 2990 5493 sancti,
3024 5425 3310 5480 habentem
3332 5423 3389 5480 in

1811 5534 2134 5590 unaquaque
2169 5533 2400 5588 persona
2430 5518 2817 5589 perfectionem
2849 5536 2863 5573 :
2894 5515 3167 5587 perfectus
3190 5513 3394 5586 quippe

1811 5622 1896 5668 est
1940 5612 2196 5668 denarius
2241 5629 2521 5678 numerus,
2569 5621 2792 5683 propter
2833 5609 2975 5678 quod
3024 5616 3078 5660 et
3131 5607 3392 5666 Dominus

1811 5705 2028 5762 dicebat
2063 5725 2076 5762 :
2112 5705 2291 5761 Simile
2325 5716 2400 5762 est
2440 5723 2653 5777 regnum
2719 5701 2968 5756 caelorum
3015 5698 3224 5755 mulieri
3271 5718 3390 5773 quae

2882 5793 2954 5855 13
