3892 6344
472 424 583 495 ωδ

1113 411 1473 487 ansam
1504 406 1733 471 usum
1766 405 2085 475 tuemur.
2125 344 2443 485 uocum.
2479 397 2766 463 onstum
2796 394 2978 455 rans
3004 395 3052 452 ι.
3154 460 3159 469 λ

3624 392 3724 461 5“
3776 409 3784 433 ι

479 537 737 608 accipiens
785 533 1097 603 fermentum
1137 526 1407 583 abscondit
1444 526 1499 580 in
1531 524 1720 596 {arium
1762 528 1879 574 sata
1924 518 2049 583 tria,
2079 519 2129 591 Α
2157 514 2393 587 aspergit
2434 511 2635 581 septies
2683 505 3225 570 conti-abominata,
3262 502 3547 575 praesumit
3585 504 3725 567 enim

481 606 643 698 usque
692 625 819 679 dum
873 621 1368 691 perfermentaretur
1424 625 1589 670 totum
1664 610 1856 682 (Math.
1908 606 2049 678 1m).

484 720 635 775 Sinni
688 725 868 773 autem
911 717 1026 769 lucc
1053 726 1344 783 conspersa
1387 711 1506 766 oleo
1542 705 1947 774 insacritlcium
1973 702 2059 774 ju-

484 810 592 874 bet,
641 809 964 865 sacriﬁcium
994 814 1171 860 autem
1204 804 1334 860 dicit
1364 800 1661 872 Unigeniti,
1687 797 1829 868 quod
1853 797 1906 851 in
1938 794 2057 850 oleo

484 912 835 972 conspersum
881 908 982 964 est,
1032 896 1156 966 quia
1204 896 1274 948 ob
1339 891 1768 962 compassioncm
1813 893 2057 941 nostram

487 1004 695 1067 gestum
729 1002 831 1050 est.
876 992 983 1048 Sed
1007 991 1279 1063 quomodo
1309 988 1539 1045 dicimus
1563 985 1617 1038 in
1645 998 1710 1038 eo
1734 990 1845 1036 tres
1870 978 2058 1033 oﬁ‘erri

487 1086 676 1143 siinilm
703 1085 972 1139 decimas?
1001 1084 1109 1138 Aut
1156 1081 1284 1152 quia
1331 1078 1432 1133 etsi
1475 1073 1749 1147 Unigeniti
1778 1070 2055 1141 passione,

488 1188 669 1232 tamen
709 1175 873 1229 totius
903 1171 1199 1235 Trinitatis,
1247 1170 1350 1225 hoc
1384 1166 1525 1236 quod
1557 1180 1624 1219 ex
1663 1163 1757 1216 illo
1786 1159 2058 1217 sacriﬁcio

488 1276 666 1323 actum
694 1273 777 1319 est
805 1262 1114 1334 mysterium
1144 1256 1264 1315 fuit.
1321 1258 1379 1312 lu
1430 1256 1648 1310 nomine
1679 1254 1820 1306 enim
1856 1250 2057 1316 Patris,

489 1369 652 1431 atque
674 1357 840 1429 ipsius
860 1355 1122 1427 unigeniti
1146 1350 1293 1417 Filii,
1323 1360 1381 1405 et
1402 1348 1575 1405 sancti
1606 1346 1864 1416 Spiritus,
1895 1343 2059 1398 etiam

488 1451 752 1520 baptisma
798 1446 994 1517 agitur,
1044 1445 1101 1499 in
1145 1457 1252 1513 quo
1300 1442 1355 1496 in
1384 1448 1560 1496 morte
1586 1437 1786 1493 Christi
1817 1433 2064 1504 baptista-

486 1557 625 1607 mur,
655 1549 709 1595 et
727 1548 897 1594 totum
930 1539 1104 1607 ipsum
1131 1535 1449 1605 mysterium
1476 1533 1531 1586 in
1571 1545 1636 1585 eo
1665 1525 2055 1583 sanctiﬁcatur.

486 1633 749 1703 Praecepit
773 1640 949 1687 autem
977 1639 1031 1685 et
1052 1628 1345 1684 sextarium
1366 1625 1471 1680 olei
1500 1624 1659 1687 sumi,
1693 1621 1819 1691 quia
1845 1618 1950 1674 ﬁde
1975 1617 2063 1670 in-

490 1723 747 1796 telligitur
789 1731 845 1777 et
888 1720 1066 1792 agitur
1117 1717 1538 1784 unumquodque
1566 1728 1755 1767 eorum
1780 1724 1901 1778 quae
1924 1722 2063 1778 prte-

489 1814 634 1871 dicta
682 1819 830 1877 sunt,
879 1826 999 1879 qua:
1030 1807 1177 1876 juste
1230 1805 1502 1860 sextarius
1537 1803 1871 1864 nominatur,
1934 1798 2061 1867 quia

2158 607 2283 662 talis
2305 604 2558 660 sacerdos
2581 601 2724 671 apud
2748 599 2943 664 Deum,
2979 597 3199 669 quando
3228 596 3493 657 mundare
3519 607 3617 651 eos
3639 595 3724 667 qui

2157 694 2535 751 necessitatem
2563 691 2864 761 patiuntur,
2905 695 2962 743 et
2980 686 3254 747 dimittere
3278 685 3727 754 eispeccatapo-g

2158 785 2341 849 tuerit,
2369 789 2592 855 propter
2618 780 2762 850 quod
2801 778 3005 851 septies
3026 777 3286 848 aspergit,
3315 776 3446 844 quia
3474 789 3725 843 numerus

2159 876 2261 930 iste
2285 871 2618 929 remissionis
2642 879 2985 945 peccatorum
3024 883 3147 931 esse
3174 868 3585 941 demonstratae
3629 877 3723 927 est,

2160 966 2268 1024 Sed
2293 975 2577 1039 postquam
2604 963 2742 1019 fudit
2766 975 2931 1031 super
2975 969 3221 1027 extrema
3248 960 3571 1023 destruit-um
3595 957 3725 1020 auri-

2161 1059 2428 1123 cularum,
2474 1064 2531 1117 et
2569 1062 2734 1126 super
2778 1055 2998 1125 pellices
3037 1066 3231 1109 manus
3260 1049 3505 1121 acpedis
3540 1048 3727 1116 dextri.

2162 1148 2456 1205 secundum
2483 1146 2625 1217 quod
2653 1161 2815 1216 supra
2854 1144 3112 1209 diximus,
3138 1142 3404 1213 reliquum
3427 1140 3540 1197 olei
3564 1140 3624 1197 in
3651 1155 3728 1198 ca-

2161 1241 2272 1311 pite
2295 1237 2471 1293 fundit
2494 1237 2610 1305 ejus
2651 1236 2743 1306 qui
2771 1244 2995 1291 vocatus
3020 1242 3104 1289 est
3141 1241 3200 1288 ut
3228 1232 3609 1293 mandaretur.
3638 1228 3729 1289 Pet

2162 1340 2322 1403 caput
2396 1328 2883 1397 sanctiﬁcationem
2950 1327 3097 1389 omni
3162 1332 3433 1397 praestans
3502 1321 3729 1392 corpori,

2164 1424 2535 1495 christumque
2592 1418 2807 1475 Domini
2853 1433 2975 1472 eum
3017 1419 3112 1488 qui
3167 1416 3464 1483 mundatus
3519 1423 3605 1473 est
3645 1427 3730 1485 pa

2164 1519 2307 1573 hanc
2345 1518 2656 1570 unctionem
2675 1512 2933 1569 eliiciens.
2967 1510 3140 1577 Tunc,
3172 1510 3368 1581 inquit,
3398 1524 3503 1579 pro
3520 1515 3729 1577 peccato

2166 1607 2494 1665 sacriﬁcium
2541 1605 2787 1669 oli‘ertur,
2847 1603 3077 1673 qualiter
3125 1608 3304 1657 autem
3356 1601 3461 1655 hoc
3490 1599 3608 1664 ﬁat,
3638 1614 3730 1653 non

2166 1702 2315 1768 dicit,
2342 1716 2409 1756 ex
2436 1701 2520 1755 his
2565 1699 2709 1755 enim
2752 1713 2873 1768 quae
2899 1697 2967 1753 de
3018 1696 3229 1752 delictis
3270 1695 3417 1749 dicta
3447 1701 3600 1757 sunt,
3627 1707 3732 1763 pos.

2169 1802 2293 1849 sunt
2319 1792 2483 1846 etiam
2514 1805 2579 1845 ea
2613 1804 2733 1859 quae
2771 1802 2873 1858 pro
2915 1795 3141 1857 peccato
3166 1793 3292 1841 sunt
3318 1783 3545 1853 conjici,
3574 1785 3730 1839 vicina

488 1903 937 1977 quemadmodum
967 1875 1235 1956 scutarius
1285 1911 1537 1952 mensura
1567 1902 1673 1960 est,
1703 1892 1789 1947 vel
1818 1892 1864 1946 si
1907 1899 2062 1961 coty—
2095 1876 2143 1936 B
2170 1883 2314 1937 enim
2342 1888 2468 1936 sunt
2510 1889 2565 1935 et
2589 1879 2919 1943 communia,
2954 1885 3139 1947 utpote
3164 1877 3219 1930 in
3253 1875 3535 1931 communi
3578 1883 3732 1930 mate-

490 2006 621 2059 tam,
655 1993 946 2050 secundum
974 1989 1323 2061 Septuaginta
1351 1988 1615 2051 dicamus,
1653 1984 1794 2037 idem
1843 1994 1867 2021 α
1916 1994 2067 2034 men-

493 2099 619 2139 sura
676 2081 1093 2151 uniuscujusque
1130 2078 1310 2132 minus
1339 2083 1391 2129 et
1432 2074 1555 2144 plus
1595 2088 1701 2127 non
1758 2069 1921 2140 capit.
1966 2066 2067 2123 Se-

491 2178 714 2245 quitur:
740 2171 893 2240 Quod
929 2171 1069 2226 enim
1094 2169 1211 2241 plus
1243 2177 1317 2223 est
1345 2164 1654 2237 e/I‘unditur.
1681 2162 1853 2217 Minus
1885 2169 2067 2215 autem

495 2274 782 2337 propterea
818 2280 925 2319 non
952 2261 1201 2333 suscipit,
1230 2256 1355 2329 quia
1386 2260 1487 2311 hoc
1513 2254 1656 2326 quod
1685 2253 1949 2308 minuitur
1974 2264 2070 2306 ne-

496 2371 768 2427 quaquam
788 2356 903 2425 jam
941 2352 1210 2408 sextarius
1237 2349 1321 2405 vel
1350 2348 1525 2418 cotyla
1552 2346 1753 2417 poterit
1789 2340 2066 2413 appellari,

496 2449 577 2502 sic
615 2456 672 2502 et
698 2446 831 2500 ﬁdes
857 2445 925 2498 ad
956 2443 1251 2499 mensionis
1300 2447 1502 2495 nostrae
1532 2450 1841 2492 mensuram
1888 2434 2067 2498 datur,

497 2552 617 2606 qua:
657 2552 766 2592 non
790 2537 931 2605 cepit
956 2534 1184 2603 amplius
1223 2541 1318 2586 aut
1354 2531 1535 2584 minus
1571 2542 1734 2598 quam
1781 2524 2072 2591 unicuique

503 2645 532 2682 a
561 2628 671 2684 Deo
703 2635 789 2685 est
810 2625 1091 2697 dispertita
1123 2622 1379 2695 cognitio.
1413 2620 1564 2686 Quod
1605 2631 1736 2688 ergo
1760 2616 1939 2669 minus
1966 2620 2071 2677 est,

504 2728 599 2775 aut
654 2717 903 2788 amplius.
960 2715 1026 2775 ad
1077 2714 1449 2769 inﬁdelitatem
1507 2710 1700 2763 tendit.
1779 2705 1874 2761 llis
1945 2718 2073 2774 ergo

504 2813 761 2883 acceptis,
785 2811 854 2865 ad
873 2809 1071 2863 ostium
1099 2803 1433 2861 tabernaculi
1461 2798 1773 2863 testimonii,
1790 2795 1853 2850 ad
1873 2796 2076 2864 ingres-

501 2913 615 2956 tum
642 2898 892 2955 videlicet
914 2896 1153 2953 scientiae
1185 2895 1279 2948 Dei
1304 2893 1397 2962 qui
1427 2889 1717 2945 mundatus
1746 2895 1829 2941 est
1851 2883 2075 2938 adduci-

500 3004 588 3049 tur
631 3011 645 3046 :
697 2991 955 3047 Sacerdos
996 2998 1167 3041 autem
1193 2999 1402 3039 sumens
1439 2995 1633 3051 agnum
1656 2993 1819 3031 unum
1845 2991 1939 3045 pro
1986 2973 2078 3026 dc-

500 3084 623 3136 licto
645 3080 904 3135 immolat.
930 3075 1093 3146 Atqui
1141 3074 1188 3129 si
1236 3075 1304 3128 de
1344 3068 1612 3140 corporali
1640 3065 1894 3136 passione
1932 3070 2078 3117 esset

504 3175 621 3228 haec
668 3169 899 3233 sanctio,
954 3167 1096 3221 sicut
1136 3161 1458 3234 quibusdam
1509 3159 1744 3221 videtur,
1796 3152 1925 3224 quid
1960 3160 2080 3206 erat

502 3276 729 3318 necesse
775 3230 973 3330 agnum
1028 3271 1129 3327 pro
1154 3230 1399 3324 peccato
1445 3247 1750 3305 immolari?
1796 3244 1903 3300 Sed
1950 3244 2078 3312 quia
2106 3230 2151 3293 C

504 3354 792 3409 adumbrat
820 3357 1041 3420 propter
1067 3345 1437 3401 inﬁrmitatem
1463 3340 1772 3395 indecorum
1795 3335 2079 3407 mysteria,

507 3452 670 3513 atque
695 3440 994 3511 spiritalcm
1018 3436 1345 3492 intellectum
1378 3430 1663 3487 abscondit
1682 3430 1739 3483 in
1763 3427 1963 3490 littera,
1997 3425 2080 3480 sic

507 3537 672 3591 etiam
702 3534 795 3589 dat
822 3531 1100 3604 quasdam.
1114 3527 1426 3583 occasiones
1459 3520 1953 3591 contemplationis,
1982 3531 2083 3586 per

506 3631 746 3685 litteram
772 3637 827 3684 et
867 3627 1031 3681 verba
1060 3639 1179 3694 quae
1205 3622 1507 3691 signiﬁcent
1566 3616 1897 3673 intellectum
1928 3614 2085 3684 spiri-

508 3730 615 3774 tus.
651 3719 806 3775 Unde
855 3725 911 3772 et
938 3730 1084 3775 nunc
1126 3728 1247 3768 cum
1285 3725 1485 3781 agnum
1528 3721 1697 3763 unum
1733 3716 1835 3775 pro
1858 3711 2085 3773 peccato

506 3810 853 3882 pragcepisset
897 3804 1187 3869 immolari,
1242 3803 1455 3872 qualem
1480 3814 1591 3853 non
1616 3798 1764 3858 dicit,
1800 3794 1927 3863 quia
1968 3794 2086 3860 ipse

508 3881 591 3958 est
614 3902 804 3972 procul
830 3899 1013 3963 dubio,
1066 3910 1227 3965 quem
1254 3910 1354 3964 pro
1390 3892 1589 3948 delicto
1631 3886 1776 3941 illius
1816 3881 2085 3939 immolari

505 3993 690 4063 jussit,
725 3992 879 4060 cujus
923 4001 1082 4043 aures
1130 4002 1162 4041 a
1207 3985 1355 4054 lepra
1408 3980 1805 4036 detinebantur.
1857 3975 2089 4045 Propter

510 4081 642 4151 quid
668 4094 799 4150 ergo
827 4078 907 4133 sic
929 4075 1094 4131 facit?
1119 4074 1225 4129 nisi
1253 4071 1391 4127 forte
1420 4079 1482 4124 ut
1503 4069 1748 4123 auditum
1782 4063 2009 4127 muniat,
2033 4068 2090 4116 et

513 4180 735 4227 cautum
759 4168 973 4230 reddat,
998 4166 1125 4233 quia
1146 4165 1262 4233 ipse
1299 4179 1331 4217 a
1355 4165 1591 4219 dracone
1618 4160 1871 4215 seductus
1897 4170 2091 4226 pecca-

516 4271 634 4318 tum
664 4256 1002 4314 introduxit:
1026 4270 1124 4325 per
1162 4268 1381 4309 nianum
1406 4261 1588 4307 autem
1620 4252 1860 4305 actiones
1882 4248 2092 4319 signiti-

515 4360 622 4418 cat,
649 4365 748 4423 per
789 4347 981 4419 pedem
1026 4358 1157 4401 vero
1200 4358 1388 4398 omnes
1411 4348 1624 4396 nostros
1660 4347 1839 4394 motus
1877 4348 1935 4393 et
1976 4337 2092 4393 vias

517 4438 973 4514 comprehendere
999 4443 1054 4492 et
1075 4434 1373 4505 praevenire
1417 4430 1608 4497 voluit,
1632 4431 1718 4486 his
1742 4430 1889 4484 enim
1909 4436 2093 4484 custo-

518 4537 662 4601 ditis,
693 4547 793 4604 per
824 4530 1144 4603 sanguinem
1164 4523 1517 4596 intelligibilis
1534 4523 1677 4592 agni,
1701 4529 1756 4576 et
1784 4519 1947 4575 ﬁdem
1971 4535 2091 4589 quas

521 4626 577 4681 in
604 4639 726 4679 eum
755 4630 858 4686 est,
902 4635 1023 4690 quae
1068 4617 1227 4673 nobis
1252 4630 1352 4685 per
1401 4611 1833 4668 misericordiam
1856 4619 1913 4665 et
1940 4624 2092 4664 com-

520 4716 824 4786 passionem
850 4711 965 4781 ejus
992 4711 1188 4765 donata
1212 4714 1315 4771 est,
1337 4703 1694 4776 intelligibilis
1716 4702 1863 4770 lepra
1894 4713 2097 4768 nequa-

522 4819 685 4874 quam
733 4802 935 4873 poterit
972 4800 1245 4855 hominem
1298 4804 1610 4865 penetrem,
1683 4805 1996 4861 quanquam
2042 4796 2098 4845 et

524 4895 700 4951 oleum
728 4891 948 4948 sextarii
968 4903 1064 4945 seu
1091 4889 1281 4959 cotyla:
1306 4902 1468 4956 quam
1505 4900 1627 4941 esse
1648 4886 1811 4941 ﬁdem
1838 4887 2095 4951 diximus,

523 4989 580 5044 in
600 5000 763 5041 manu
783 4983 997 5040 mittere
1025 4981 1362 5037 sacerdotem
1381 4978 1516 5043 vult,
1538 4989 1600 5033 ut
1619 4978 1917 5033 sacerdotis
1940 4978 2098 5042 ﬁdes,

523 5093 621 5149 per
641 5092 802 5147 quam
822 5082 879 5130 et
907 5088 1005 5129 nos
1026 5070 1377 5143 producimur
1403 5071 1458 5125 in
1478 5069 1736 5139 operibus
1761 5068 2096 5131 ostendatur,

528 5184 628 5225 nec
680 5166 824 5222 enim
871 5164 1028 5219 aliter
1063 5162 1174 5217 vim
1201 5175 1358 5216 suam
1404 5160 1599 5224 exerit,
1640 5158 1744 5213 nisi
1794 5172 1958 5211 manu
2009 5171 2101 5212 as-

527 5267 743 5329 sumpta
769 5256 955 5321 fuerit,
984 5253 1039 5310 id
1065 5258 1149 5309 est
1186 5252 1399 5308 actione
1421 5249 1763 5316 conﬁrmata,
1795 5257 1851 5305 et
1892 5248 2104 5319 signata

530 5352 804 5424 operibus.
846 5348 1009 5405 Mittit
1040 5353 1223 5403 autem
1261 5343 1439 5400 oleum
1466 5343 1523 5398 in
1567 5343 1787 5399 sinistra
1816 5358 2001 5407 manu,
2050 5347 2106 5396 et

531 5444 751 5518 intingit
782 5440 1008 5513 digitum
1050 5438 1300 5494 dextrum
1330 5435 1384 5489 in
1408 5434 1550 5499 oleo,
1589 5435 1732 5489 sicut
1758 5433 1957 5488 Paulus
1985 5434 2064 5487 ait
2089 5450 2102 5485 :

536 5533 640 5591 Per
666 5551 817 5590 arma
839 5531 1061 5604 justitiae
1104 5547 1138 5584 a
1162 5527 1362 5583 dextris
1403 5535 1450 5579 et
1481 5526 1709 5581 sinistris
1734 5533 2105 5591 conversatus,

533 5644 624 5697 per
645 5626 868 5698 gloriam
891 5632 942 5677 et
958 5620 1361 5693 ignobilitatem,
1378 5634 1471 5687 per
1506 5616 1782 5685 infamiam
1822 5627 1871 5672 et
1917 5619 2109 5672 bonam

536 5718 733 5787 famam
774 5715 859 5787 (ΙΙ
890 5712 1016 5770 Cor.
1047 5712 1146 5787 γι),
1180 5719 1237 5768 et
1271 5725 1392 5782 qua:
1436 5710 1522 5765 his
1547 5709 1742 5765 similia
1776 5719 1923 5766 sunt.
1955 5710 2109 5766 Tunc

612 5843 637 5871 α
669 5831 733 5885 Id
759 5839 850 5890 est.
886 5829 944 5883 lu
971 5829 1237 5897 impresso
1258 5835 1375 5881 erat
1397 5825 1597 5881 eadem.

2170 1973 2269 2027 ria.
2324 1971 2453 2027 Post
2482 1971 2587 2025 hoc
2639 1969 2881 2024 immolat
2910 1968 3313 2032 holocaustum,
3345 1975 3404 2029 et
3427 1967 3589 2036 ponit
3621 1966 3731 2022 illud

2169 2067 2225 2121 in
2271 2066 2427 2120 altari
2454 2082 2470 2131 ;
2511 2080 2640 2134 ergo
2668 2064 2819 2135 prius
2846 2077 2946 2121 nos
2990 2061 3192 2117 Christi
3236 2060 3575 2117 sacriﬁcium
3602 2074 3631 2113 a
3657 2060 3732 2113 de-

2168 2158 2312 2214 lictis
2339 2167 2394 2212 et
2442 2155 2682 2226 peccatis
2728 2160 2976 2219 munaat,
3003 2161 3059 2206 et
3086 2162 3216 2207 tunc
3254 2162 3509 2207 nostrum
3539 2149 3735 2205 conﬁci-

2170 2262 2262 2307 tur
2300 2250 2695 2305 holocaustum.
2751 2246 2978 2315 Quando
3015 2247 3161 2301 enim
3190 2244 3521 2315 intelligibili
3558 2258 3734 2298 emus.

2171 2343 2388 2398 datione
2434 2340 2683 2410 spiritus,
2728 2346 2901 2393 totum
2932 2346 3177 2392 nostrum
3202 2348 3399 2406 corpus
3433 2344 3489 2390 et
3521 2336 3735 2389 animam

2173 2432 2596 2494 sanctiﬁcantes,
2650 2428 2922 2500 spiritales
2967 2427 3094 2485 facti
3124 2425 3406 2487 fuerimus,
3447 2434 3578 2480 tunc
3610 2424 3737 2494 digni

2173 2524 2240 2578 ad
2269 2522 2643 2578 ascensionem
2674 2519 2863 2574 altaris
2888 2517 3175 2583 emcimur,
3207 2526 3336 2572 tunc
3380 2516 3737 2586 plenissimam

2174 2614 2471 2684 accipimus
2516 2612 2953 2679 inundationem,
2993 2618 3279 2681 postquam
3313 2609 3433 2681 jam
3478 2608 3641 2663 aliain
3664 2622 3743 2662 ne-

2174 2710 2470 2767 cessariam
2494 2722 2604 2762 non
2635 2709 2916 2764 habemus.

2785 2795 3013 2852 CAPUT
3053 2792 3170 2850 Vl].

2178 2891 2321 2957 Quid
2358 2891 2545 2960 offerre
2590 2888 2770 2942 debeat
2822 2902 3023 2958 pauper
3071 2901 3166 2957 pro
3211 2886 3585 2939 cmundatione
3642 2900 3742 2939 sua.

2250 2979 2429 3052 (1311).)
2459 2980 2611 3045 Quod
2634 2980 2678 3032 si
2700 2992 2900 3048 pauper
2925 2986 3025 3041 est,
3052 2985 3103 3029 et
3126 2992 3230 3030 non
3257 2984 3421 3047 potest
3438 2992 3628 3029 manus
3648 2976 3745 3044 ejus

2178 3074 2407 3127 invenire
2425 3090 2540 3143 quae
2566 3072 2706 3125 dicta
2745 3077 2888 3135 sunt,
2932 3077 3097 3123 sumet
3123 3084 3317 3138 agnum
3345 3084 3441 3139 pro
3462 3067 3655 3121 delicto
3689 3064 3745 3119 ad

2183 3161 2521 3227 oblationem,
2570 3173 2623 3215 ut
2652 3169 2793 3233 roget
2846 3174 2939 3231 pro
2977 3174 3037 3212 eo
3084 3159 3349 3222 sacerdos,
3406 3158 3748 3226 decimamque

2183 3260 2384 3323 partem
2417 3254 2607 3305 similte
2646 3268 2943 3322 conspersa:
2980 3251 3094 3307 oleo
3125 3252 3181 3304 in
3206 3249 3556 3319 sacriﬁcium,
3586 3258 3635 3303 et
3671 3245 3753 3302 olei

2184 3344 2495 3409 sextarium,
2517 3342 2749 3412 duosque
2764 3352 2993 3397 turtures
3016 3344 3122 3396 sive
3139 3342 3272 3394 duos
3291 3338 3461 3411 pullos
3483 3338 3751 3392 column:

2185 3448 2408 3505 quorum
2434 3435 2503 3487 sit
2526 3449 2662 3486 unus
2688 3449 2782 3501 pro
2801 3440 3037 3502 peccato,
3062 3439 3110 3484 et
3144 3430 3278 3484 alter
3298 3431 3353 3481 in
3378 3428 3749 3480 holocaustum.

2188 3526 2486 3596 Oﬁ‘eretque
2514 3542 2574 3579 ea
2612 3525 2696 3579 die
2737 3535 2917 3579 octavo
2957 3523 3343 3595 puriﬁcationis
3373 3537 3483 3575 sutr
3509 3515 3754 3573 sacerdoti

2188 3617 2256 3671 ad
2283 3619 2471 3672 ostium
2513 3616 2839 3671 tabernaculi
2864 3616 3147 3670 testimonii
3181 3631 3359 3668 coram
3386 3613 3613 3667 Domino
3630 3630 3650 3677 ;
3680 3609 3756 3681 qui

2187 3711 2473 3781 suscipiens
2497 3726 2691 3781 agnum
2714 3726 2808 3778 pro
2837 3708 3026 3762 delicto
3050 3717 3097 3761 et
3120 3708 3410 3761 sextarium
3429 3703 3547 3767 olei,
3579 3702 3759 3757 levabit

2187 3799 2367 3863 simul,
2410 3798 2781 3868 immolatoque
2831 3814 2986 3868 agno,
3034 3797 3098 3850 de
3143 3797 3401 3866 sanguine
3454 3794 3569 3864 ejus
3620 3794 3760 3862 ponet

2190 3906 2347 3960 super
2383 3898 2670 3942 extremum
2720 3887 2975 3941 auricula:
3004 3887 3203 3941 dextra:
3224 3886 3363 3955 ejus,
3386 3884 3478 3954 qui
3522 3882 3763 3937 emunda-

2192 3989 2298 4046 tur,
2325 3988 2374 4034 et
2394 3995 2552 4049 super
2572 3977 2785 4049 pollices
2814 3994 3003 4032 manus
3041 3978 3156 4045 eius
3186 3993 3249 4030 ac
3276 3975 3423 4045 pedis
3449 3973 3644 4037 dextri,
3672 3970 3761 4025 olei

2192 4086 2312 4125 vero
2365 4080 2567 4140 partem
2605 4069 2760 4122 mittit
2802 4069 2858 4122 in
2910 4083 3127 4123 manum
3174 4082 3327 4121 suam
3376 4066 3670 4127 sinistram,
3716 4059 3765 4111 in

2191 4178 2294 4233 quo
2329 4163 2590 4231 intingens
2616 4162 2836 4233 digitum
2861 4159 3060 4214 dextra
3087 4175 3299 4224 manus,
3329 4164 3567 4227 asperget
3594 4153 3764 4224 septies

2194 4264 2380 4309 contra
2404 4255 2710 4319 Dominum,
2735 4264 3009 4325 tangatque
3034 4262 3318 4307 extremum
3340 4254 3541 4304 dextra:
3567 4248 3768 4303 auricu-

2195 4348 2262 4402 ιω
2307 4348 2453 4402 illius
2502 4348 2593 4418 qui
2621 4347 2932 4412 mandatur,
2984 4355 3032 4400 et
3082 4344 3294 4416 pollices
3324 4358 3513 4397 manus
3538 4357 3606 4393 ac
3634 4336 3766 4409 pedis

2195 4436 2367 4492 dextri
2397 4439 2452 4491 in
2498 4438 2611 4492 loco
2641 4437 2910 4508 sanguinis
2965 4435 3055 4507 qui
3100 4434 3297 4504 effusus
3326 4440 3400 4487 est
3425 4447 3522 4501 pro
3568 4427 3766 4483 delicto.

2200 4529 2475 4602 Reliquam
2506 4540 2680 4583 autem
2709 4537 2907 4599 partem
2945 4526 3045 4581 olei
3081 4542 3198 4596 quae
3230 4532 3304 4579 est
3334 4523 3390 4577 in
3422 4521 3640 4575 sinistra
3670 4533 3767 4571 uta-

2198 4641 2291 4685 nu,
2334 4626 2499 4677 mittet
2534 4638 2690 4692 super
2739 4630 2894 4691 caput
2940 4618 3229 4689 puriﬁcati,
3276 4624 3334 4669 ut
3371 4613 3543 4686 placet
3586 4627 3685 4682 pro
3720 4622 3773 4661 eo

2200 4713 2502 4768 Dominum.
2554 4711 2623 4765 Et
2659 4719 2913 4765 turturem
2952 4706 3292 4777 sive.pullum
3322 4703 3581 4759 columba:
3604 4701 3773 4772 cieret

2201 4820 2364 4857 unum
2383 4819 2477 4873 pro
2502 4801 2712 4865 delicto,
2736 4810 2783 4853 et
2800 4800 3023 4854 alterum
3045 4800 3099 4851 in
3117 4799 3483 4852 holocaustum
3506 4809 3629 4846 cum
3654 4789 3775 4843 liba-

2200 4894 2390 4947 mentis
2436 4893 2566 4946 suis.
2623 4889 2737 4944 Hoc
2764 4900 2839 4946 est
2883 4888 3201 4957 sacriﬁcium
3255 4880 3446 4956 leprosi
3473 4882 3564 4952 qui
3599 4879 3779 4933 habent

2202 5001 2306 5039 non
2333 4992 2495 5054 potest
2526 4983 2700 5037 omnia
2723 4984 2776 5037 in
2797 4980 3167 5037 emundatione
3193 4979 3295 5034 sui.
3341 4975 3451 5048 (Ea:
3472 4962 3781 5044 Hesychia.)

2203 5071 2518 5128 Admirabili
2549 5089 2675 5144 erga
2721 5089 2815 5129 eos
2860 5073 2951 5143 qui
2981 5072 3154 5142 legem
3202 5064 3478 5137 accipiunt
3504 5063 3782 5134 legisth

2205 5165 2665 5220 condescensione
2709 5162 2898 5218 utitur.
2931 5163 3071 5217 Ecce
3111 5162 3255 5217 enim
3287 5158 3504 5213 veniam
3548 5166 3783 5227 pauper-

2207 5256 2310 5310 tati
2342 5256 2452 5319 dat,
2487 5264 2543 5311 et
2579 5255 2856 5309 moderata
2886 5251 3110 5324 pauperi
3138 5248 3403 5306 sacriﬁcia
3432 5260 3555 5301 esse
3581 5252 3785 5314 prince-

2208 5348 2306 5419 pit.
2338 5363 2406 5403 ne
2434 5347 2574 5403 forte
2598 5349 2967 5415 Obstupescat,
2994 5343 3121 5398 dum
3166 5339 3373 5410 majora
3399 5338 3449 5391 ei
3481 5349 3652 5406 quam
3685 5330 3791 5384 vir-
3890 5328 3892 5395 ρ

2215 5447 2304 5494 tus
2323 5446 2405 5494 est
2434 5439 2836 5508 prmcipiuntur.
2873 5435 2980 5490 Sed
3007 5435 3133 5506 quia
3159 5447 3261 5488 nec
3284 5443 3474 5485 eorum
3505 5439 3631 5495 quae
3653 5421 3793 5478 dicta

2217 5537 2344 5583 sunt
2387 5529 2665 5597 quidpiam
2714 5526 2870 5582 facile
2917 5527 2973 5580 in
3007 5534 3215 5593 quaestu
3253 5532 3552 5593 pauperum
3587 5508 3795 5597 inueni:

2218 5635 2338 5675 mus
2363 5660 2378 5685 ,
2405 5592 2533 5689 -qui
2570 5621 2714 5674 enim
2760 5634 2868 5673 non
2911 5592 3074 5670 habet
3120 5592 3337 5683 panem,
3384 5608 3530 5663 unde
3564 5592 3796 5689 agnum!

2218 5712 2310 5779 qui
2355 5676 2536 5765 autem
2568 5709 2796 5779 pecunia
2843 5715 2983 5779 eget,
3012 5676 3158 5760 unde
3197 5705 3346 5757 emat
3374 5693 3690 5752 columbam
3716 5676 3801 5741 vel
