1968 3175
90 204 135 234 397

540 200 790 230 EXPOSITIONES
812 200 847 230 IN
864 196 1062 230 LEVITICUM.
1136 201 1198 228 IlB.
1220 200 1264 227 tv.

1660 202 1713 230 398

89 254 229 288 turturem?
242 256 414 285 manifestum
427 260 469 285 est
481 256 553 292 quod
565 257 682 293 aliquam
702 257 868 293 contempla-
881 261 908 292 Α
920 258 992 286 omni
1005 257 1123 285 carentis
1133 257 1248 290 malitia,
1260 260 1341 291 atque
1362 261 1506 292 propterea
1529 258 1713 288 innocentiam

89 306 177 334 tionem
206 303 336 336 intendat,
366 307 395 334 et
420 303 454 331 ad
478 304 583 331 occulta
614 305 724 340 spiritus
754 304 868 332 deducat

48 343 51 348 ί
87 360 149 383 eum,
171 350 215 386 qui
247 350 303 378 vult
331 350 434 386 ingredi
464 351 498 379 ad
524 352 666 380 thesauros
693 352 867 380 absconditos

87 397 203 428 Scientim.
219 396 286 425 Cum
313 394 406 425 liceret
428 398 501 425 enim
517 399 541 426 ei
555 403 696 427 coarctare
720 396 868 426 sacriﬁcio-

86 453 137 473 rum
158 452 300 471 numerum
315 449 426 480 propter
440 450 630 480 paupertatem
648 443 798 478 offerentis,
812 444 866 472 hoc

85 491 209 522 omittens,
237 488 300 516 vilia
328 490 451 524 quatdam
487 490 512 517 ei
540 494 568 517 et
594 498 649 519 non
675 490 767 526 magni
785 490 866 525 pretii

84 534 197 570 exquirit,
215 534 286 569 quod
298 533 363 561 facit
376 527 430 561 tam
446 530 600 570 paupertati
615 536 770 571 ignescens,
782 543 865 571 quam

82 583 151 610 etiam
163 581 238 608 lucro
259 579 457 608 sacriﬁciorum
475 581 571 609 nolens
585 590 647 609 eum
668 581 802 614 fraudari,
819 588 863 608 se-

83 628 186 656 cundum
207 627 340 659 litteram;
364 628 442 655 nobis
458 631 549 655 autem
576 637 610 656 ex
624 629 677 656 alio
690 629 736 656 dat
764 628 864 656 intelli~

80 682 143 711 gere,
166 673 229 708 quia
254 673 329 708 lepra
343 668 473 701 malitiam
490 673 635 710 signiﬁcat,
659 674 757 702 deinde
783 673 864 709 httjus

80 719 224 747 emundatio
241 722 284 746 est
297 719 467 754 pmnitentia,
482 720 540 747 haec
563 723 654 746 autem
668 726 751 754 opera
766 725 862 746 neces—

79 766 141 794 saria
164 765 255 798 habet,
274 772 333 800 qua:
359 765 504 793 virtutibus
519 768 547 792 et
572 765 689 793 actionis
712 764 802 792 studio
817 772 863 791 va-

78 812 143 839 leant
156 811 245 838 delere
256 814 377 845 peccata.
394 811 509 845 Propter
521 810 594 849 quod
609 810 729 839 Joannes
740 810 863 846 Baptista

78 857 164 893 populo
184 855 341 884 Judmorum
365 856 473 884 dicebat
489 866 495 884 ε
513 855 606 884 Facite
624 856 741 891 fructum
755 856 863 891 dignum

76 903 233 939 ρωηίιεηιίιτ.
259 902 449 930 Consideravit
472 903 547 931 enim
578 903 618 931 sic
651 902 757 930 subtilis
785 901 866 937 legis—

919 305 1112 341 signilicantis;
1142 305 1187 333 sed
1203 305 1231 332 in
1247 305 1300 340 lege
1311 305 1417 332 Domini
1436 305 1487 340 fuit
1505 306 1623 334 voluntas
1640 309 1713 342 eius,

919 351 991 379 illius
1014 351 1139 380 videlicet
1164 351 1209 387 qui
1237 352 1365 379 mundam
1389 351 1471 379 habet
1499 352 1641 380 scientiam
1665 362 1715 389 pe:

919 398 1174 433 contemplationem
1195 398 1379 426 innocentium
1396 399 1604 434 cogitationum,
1617 401 1713 435 quales

919 445 1049 479 quosdam
1062 444 1163 472 Paulus
1177 444 1242 471 dicit
1256 453 1261 471 :
1276 443 1369 479 Legem
1382 452 1435 471 non
1447 444 1579 477 habentes,
1596 450 1621 472 et
1634 454 1714 482 opera

918 489 982 526 legis
1003 491 1100 526 scripta
1122 491 1150 518 in
1171 490 1292 518 cordibus
1313 491 1367 518 suis
1392 490 1434 526 (II
1449 490 1511 518 Cor.
1534 490 1587 528 ιιι)⁷
1605 500 1656 527 per
1671 492 1714 520 di-
1759 484 1761 487 y

919 536 1075 571 sciplinatas
1103 541 1247 572 castasque
1274 537 1451 572 cogitationes
1477 537 1712 572 demonstrantes,

918 581 1005 616 qualis
1039 582 1237 617 quodammodo
1261 587 1303 610 est
1326 583 1440 611 turturis
1464 584 1575 611 oblatio.
1602 583 1712 620 Tunger,

918 627 1017 663 inquit,
1035 633 1179 656 extremum
1199 629 1297 656 dextra:
1311 628 1439 656 auricula:
1455 629 1526 657 illius
1539 631 1584 665 qui
1599 630 1713 658 munda-

919 677 973 707 tur,
986 678 1011 701 et
1023 674 1128 710 pollices
1148 683 1242 702 manus
1265 683 1296 701 ac
1316 675 1389 710 pedis
1413 674 1500 702 dextri
1521 672 1549 702 in
1573 675 1631 703 loco
1651 684 1714 703 srm-

918 720 1016 755 guinis,
1036 721 1080 757 qui
1102 721 1201 756 effusus
1222 726 1258 750 est
1279 730 1325 757 pro
1345 721 1450 749 delicto.
1475 722 1612 758 Reliquam
1625 727 1713 749 autem

917 770 1019 801 partem
1039 766 1100 799 olei,
1117 776 1175 802 quw
1191 770 1230 794 est
1250 767 1278 794 in
1296 768 1404 795 sinistra
1425 776 1516 802 manu,
1534 768 1616 796 mittet
1635 762 1715 803 super

919 817 996 846 caput
1006 812 1149 848 puriﬁcali,
1161 817 1190 839 ut
1199 812 1284 848 placet
1294 821 1341 848 pro
1352 821 1381 840 eo
1392 813 1547 846 Dominum,
1562 818 1590 841 et
1602 817 1712 841 caatera.

919 855 974 893 (Ea:
997 856 1132 893 Origene.)
1158 857 1240 885 Vides
1265 859 1401 894 quomodo
1427 859 1528 886 ultima:
1552 864 1579 886 et
1600 866 1713 886 summa:

918 900 1115 935 puriﬁcationis
1144 906 1186 930 est
1213 910 1307 930 aurem
1338 901 1488 938 purificari,
1515 908 1544 930 ut
1574 911 1659 938 purus
1684 907 1713 931 et

75 942 138 976 lator
160 956 221 980 eos,
251 948 296 983 qui
319 956 373 975 non
399 948 491 976 omnia
512 949 619 984 possint
642 956 703 983 qua:
724 947 898 982 pertinentB
913 947 1030 975 mundus
1065 952 1188 990 servetur
1215 948 1342 983 auditus;
1376 953 1404 977 et
1434 957 1544 976 manum
1575 949 1710 982 dextram,

74 993 103 1021 ad
141 993 292 1021 districtum
333 993 467 1020 rationem
503 993 670 1028 pmnitcntia:
708 992 857 1024 exhibere,

73 1047 132 1075 opus
151 1039 234 1066 habet
255 1038 327 1066 enim
353 1038 513 1074 pmnitentia
538 1039 690 1066 orationem
715 1038 856 1069 intentam,

72 1085 271 1120 eleemosynam,
286 1084 402 1120 vigilias,
419 1092 538 1117 saccum,
556 1083 700 1119 jejunium,
720 1088 860 1118 postremo

71 1132 144 1160 etiam
162 1132 207 1159 illa
227 1140 288 1167 quae
307 1132 392 1159 David
411 1132 490 1159 dicit:
516 1132 594 1167 factre
612 1137 672 1159 sunt
698 1130 860 1166 miltilacry-

70 1186 114 1205 mw
130 1186 191 1205 metu
214 1186 296 1213 partes
321 1177 362 1204 die
384 1187 414 1204 ac
436 1182 519 1205 nocte.
536 1175 589 1204 Et:
606 1177 710 1204 Lavabo
738 1185 784 1212 per
806 1175 861 1203 sin—

67 1224 137 1258 gulas
155 1217 245 1251 nocte:
270 1223 365 1250 lectum
392 1232 489 1257 meum,
514 1223 638 1259 laerymis
664 1222 728 1251 meis
746 1227 860 1249 stratum

68 1277 146 1296 meum
167 1269 270 1303 rigabo.
293 1268 347 1296 Sed
365 1272 393 1296 et
414 1269 527 1295 cinerem
547 1269 615 1296 sicut
632 1261 727 1307 partem
748 1267 861 1294 mandu-

66 1313 165 1345 cubam,
182 1318 206 1340 et
222 1319 309 1348 potum
328 1322 417 1340 meum
435 1322 493 1340 eum
506 1314 570 1349 ﬂetu
585 1313 760 1348 temperabant
773 1311 859 1348 (Psal.

63 1359 109 1394 vr).
136 1358 207 1386 Sunt
234 1360 331 1387 etenim
353 1359 399 1394 qui
425 1359 483 1387 haec
506 1360 596 1387 omnia
621 1358 734 1386 forsitan
750 1362 863 1394 propter

63 1411 240 1440 senectutem,
262 1412 309 1435 aut
326 1411 439 1443 propter
457 1407 572 1434 nimiam
595 1407 718 1442 corporis
741 1406 861 1438 inﬁrmi-

62 1457 150 1484 tatem,
168 1453 212 1480 vel
235 1453 316 1480 aliam
337 1453 529 1480 necessitatem
554 1461 635 1488 agere
659 1459 712 1479 non
734 1454 862 1487 possunt.

63 1499 128 1527 sicut
156 1499 184 1527 in
208 1499 265 1526 alio
289 1499 397 1535 negotio
423 1500 565 1536 prmsentis
591 1499 653 1527 libri
685 1497 857 1536 interpretati

60 1553 156 1573 sumus.
177 1545 300 1581 ignoscit
313 1545 374 1582 his,
393 1544 465 1581 Quia,
478 1544 573 1572 volunt
593 1544 719 1581 quidem;
742 1551 796 1571 non
822 1543 863 1571 iu-

61 1590 128 1617 vertit
145 1595 242 1618 autem
266 1598 363 1619 manus
386 1598 490 1623 eorum,
511 1598 565 1618 non
585 1595 709 1625 possunt.
722 1590 812 1622 enim;
834 1593 862 1616 et

910 995 942 1019 ut
956 992 1054 1020 munda
1069 994 1122 1021 sint
1135 1001 1219 1029 opera
1233 999 1337 1028 nostra,
1355 1003 1406 1023 nec
1422 995 1523 1031 aliquid
1539 993 1711 1022 immundum

910 1036 954 1064 his
976 1038 1159 1066 admisceatur
1180 1043 1207 1066 et
1230 1040 1384 1074 sordidum;
1402 1041 1449 1068 sed
1465 1046 1492 1068 et
1511 1040 1595 1076 pedes
1614 1041 1709 1075 puriti-

912 1083 992 1111 candi
1006 1089 1079 1116 sunt,
1095 1089 1124 1111 ut
1139 1085 1173 1112 ad
1192 1093 1261 1120 opus
1275 1085 1376 1113 bonum
1390 1087 1579 1113 tantummodo
1592 1086 1712 1121 dirigan-

912 1132 965 1162 tur,
986 1136 1038 1156 nec
1052 1129 1123 1157 ultra
1146 1130 1238 1166 lapsus
1256 1131 1406 1165 iuventutis
1430 1132 1582 1159 incurrant.
1605 1131 1711 1168 Septies

912 1179 1002 1203 autem
1024 1176 1156 1212 respergit
1173 1177 1301 1205 sacerdos
1318 1182 1413 1205 contra
1426 1178 1571 1205 Dominum
1585 1185 1619 1204 ex
1633 1177 1708 1204 oleo:

912 1225 974 1257 post
985 1222 1076 1249 omnia
1087 1222 1188 1249 etenim
1204 1230 1263 1257 quae
1273 1230 1322 1258 pro
1333 1223 1477 1258 purificato
1488 1224 1624 1251 celebrata
1635 1227 1708 1256 sunt,

912 1271 1056 1304 postquam
1079 1275 1227 1298 conversus
1248 1273 1275 1296 et
1294 1269 1487 1297 reconciliatus
1509 1274 1550 1297 est
1568 1270 1631 1303 Deo,
1648 1274 1708 1306 post

913 1313 1067 1342 immolatus
1081 1307 1195 1353 hostias,
1210 1315 1314 1343 ordinis
1327 1320 1388 1343 erat
1400 1320 1430 1343 ut
1443 1321 1470 1343 et
1484 1317 1612 1346 virtutem
1628 1325 1705 1354 super

914 1366 975 1386 eum
995 1360 1199 1395 septemplicem
1216 1360 1304 1388 sancti
1320 1359 1439 1395 Spiritus
1456 1361 1595 1401 invitaret,
1611 1370 1709 1390 secun-

914 1405 978 1432 dum
992 1412 1052 1432 eum
1066 1406 1112 1440 qui
1126 1406 1232 1433 dixerat
1244 1416 1250 1433 :
1263 1406 1356 1434 Redde
1370 1407 1437 1434 mihi
1448 1399 1570 1438 laetitiam
1583 1408 1710 1443 salutaris

914 1450 964 1483 tui,
987 1453 1014 1477 et
1036 1450 1133 1486 spiritu
1161 1451 1305 1490 principali
1331 1452 1463 1490 conﬁrma
1483 1460 1536 1481 me.
1566 1452 1616 1494 Yel
1634 1459 1710 1488 certe

914 1495 1042 1530 quoniam
1062 1501 1237 1532 peccatorum
1257 1497 1339 1525 corda
1359 1498 1490 1526 Dominus
1515 1498 1543 1531 in
1564 1499 1709 1535 Evangelio

914 1544 1030 1569 testatur
1047 1550 1063 1569 a
1077 1546 1181 1580 septem
1195 1543 1361 1571 daemonibus
1378 1543 1507 1577 obsideri.
1523 1548 1710 1580 competenter

915 1587 1016 1621 septies
1031 1592 1095 1617 ante
1109 1587 1253 1616 Dominum
1270 1589 1398 1617 sacerdos
1416 1589 1444 1620 in
1457 1587 1647 1625 puriﬁcatione
1662 1598 1708 1622 re-

58 1640 158 1671 utpote
172 1636 284 1675 veniam
304 1636 371 1663 dans
392 1636 505 1663 alteram
527 1636 566 1663 eis
586 1636 659 1675 viam
679 1635 855 1677 pqaniteutire,
872 1625 895 1657 (ἶ
911 1634 1025 1670 spergit,
1047 1638 1078 1662 ut
1097 1635 1222 1671 expulsio
1241 1640 1345 1670 septem
1365 1636 1508 1671 spirituum
1525 1637 1707 1672 malignorum

61 1681 106 1708 alia
128 1690 232 1718 genera
258 1682 610 1719 sacriﬁciorum_exquirit,
633 1686 661 1710 et
684 1686 747 1720 ante
766 1681 857 1708 omnia

59 1727 161 1761 quidem
180 1736 285 1764 agnum
308 1728 374 1756 dicit
391 1738 397 1755 :
414 1732 522 1767 oportet
541 1728 613 1756 enim
636 1734 857 1762 unumquemque

59 1773 247 1807 pteuitentiam
268 1778 393 1808 agentem
414 1773 447 1800 ad
468 1773 662 1809 benignitatem
682 1778 745 1801 ante
766 1772 857 1799 omnia

59 1819 189 1854 migrare,
206 1824 237 1847 et
253 1820 323 1847 hanc
343 1819 468 1852 studere,
492 1820 555 1856 quia
570 1820 628 1848 huic
644 1819 726 1848 etiam
748 1818 858 1846 cuilibet

59 1863 139 1892 facilis
170 1866 208 1892 ad
237 1864 442 1899 adipiscendum
479 1870 536 1898 est,
564 1865 610 1900 qui
635 1873 650 1892 a
673 1865 752 1893 malis
775 1864 859 1892 absti-

59 1913 151 1940 nuerit.
171 1912 319 1944 Decimum
335 1918 440 1947 partem
463 1913 559 1944 similae
576 1920 730 1948 conspersae
744 1912 816 1944 oleo,
832 1911 857 1938 id

58 1962 101 1989 est,
115 1957 234 1985 Christi
254 1958 417 1992 theologiam
442 1959 562 1992 assequi,
583 1959 628 1993 qui
652 1959 712 1989 oleo
736 1966 784 1986 seu
805 1958 858 1985 mi-

58 2002 210 2030 sericordia
241 2005 341 2029 nostra
365 2002 566 2037 contemperari
589 2010 687 2037 passus
708 2007 751 2030 est
771 2002 857 2029 carni.

58 2047 85 2074 Et
98 2048 271 2079 sextarium,
287 2054 345 2079 seu,
375 2047 525 2081 secundum
539 2047 727 2083 Septuaginta,
742 2047 858 2083 cotylam

57 2092 101 2120 olei
116 2101 215 2125 unam,
235 2091 305 2120 hanc
320 2096 410 2119 autem
427 2100 487 2121 esse
502 2091 724 2121 manifestissime
737 2093 818 2124 [idem
832 2093 860 2120 in

57 2137 245 2165 anterioribus
259 2137 518 2166 demonstravimus.
544 2136 597 2165 Sed
611 2138 676 2172 quid
691 2138 783 2165 oll‘erri
796 2146 859 2170 cum

58 2182 96 2209 itis
117 2183 269 2219 legislator
295 2183 447 2218 praecepit?
478 2183 551 2211 Duos
578 2187 697 2211 turtures
723 2184 765 2212 vel
792 2184 858 2215 duos

56 2229 139 2263 pullos
159 2227 357 2256 columbarum
373 2237 380 2255 :
399 2228 456 2256 haec
475 2232 566 2256 autem
588 2228 668 2257 facile
688 2233 859 2264 reperiuntur

58 2281 71 2299 a
84 2273 229 2308 quolibet,
251 2273 278 2300 id
298 2277 349 2306 est,
374 2274 531 2301 continuam
557 2273 624 2310 legis
643 2275 856 2307 meditationem,

57 2326 112 2353 qua:
132 2327 189 2346 non
211 2318 304 2346 solum
323 2326 357 2345 ex
374 2318 503 2350 lectione,
524 2326 558 2346 ne
574 2318 644 2345 forte
658 2323 685 2346 et
700 2320 769 2346 hanc
784 2319 859 2346 dicas

57 2371 112 2391 esse
124 2364 297 2399 quibusdam
311 2363 457 2396 dilliciletn,
472 2364 519 2391 sed
533 2368 561 2392 et
581 2372 613 2391 ex
633 2365 860 2400 contemplatione

57 2418 113 2444 quae
127 2416 170 2440 est
189 2412 219 2438 in
240 2411 333 2438 animo
350 2414 377 2437 ct
391 2415 481 2438 mente
499 2411 652 2445 coniicitur,
668 2418 728 2446 quae
740 2416 860 2446 utrmque

56 2464 103 2491 pro
120 2465 204 2485 sacco
231 2461 263 2484 et
278 2456 393 2491 jejunio,
418 2462 445 2484 et
465 2457 608 2492 laerymis,
634 2461 661 2485 et
685 2458 775 2490 cinere
800 2458 860 2487 cibo

57 2506 115 2529 sunt
130 2507 218 2537 atque
237 2502 385 2535 similibus.
412 2501 441 2529 Si
462 2502 535 2534 enim
555 2502 599 2530 illa
617 2503 650 2530 ad
667 2503 860 2536 humiliandam

57 2553 166 2580 carnem
182 2552 212 2574 et
230 2547 424 2574 refrenandum
440 2547 558 2574 animam
575 2555 590 2574 a
605 2548 719 2575 terrenis
736 2549 862 2583 operibus

58 2591 178 2627 agimus,
199 2592 273 2620 facit
295 2598 386 2619 autem
408 2592 465 2619 haec
485 2593 567 2622 etiam
587 2592 653 2630 legis
671 2593 821 2627 meditatio,
835 2598 863 2622 et

58 2638 222 2665 continuum
245 2638 344 2665 horum
364 2638 493 2671 studium,
513 2638 690 2673 districtaque
711 2638 863 2670 divinorum

58 2684 259 2711 mandatorum
285 2687 366 2718 atque
393 2683 588 2716 beneﬁciorum
617 2684 810 2719 contemplatio
837 2689 865 2713 et

56 2731 262 2765 perscrutatio,
278 2730 434 2765 necessario
457 2731 514 2763 ha-c
535 2730 668 2759 sacriﬁcia
686 2739 734 2766 pro
754 2731 807 2763 illis
824 2732 865 2759 in-

58 2775 196 2810 troduxit;
218 2783 286 2812 qua:
301 2776 384 2807 etiam
399 2777 482 2804 David
499 2778 619 2812 exponit,
639 2778 751 2806 dicens:
766 2778 864 2810 Beatus

58 2824 94 2852 uir
114 2825 162 2859 qui
181 2832 248 2858 part
270 2823 333 2851 abiit
358 2823 385 2850 in
405 2824 515 2851 consilio
544 2824 701 2860 impiorum,
724 2829 749 2852 et
772 2826 800 2854 in
823 2826 865 2854 via

56 2875 232 2903 peccatorum
256 2877 309 2897 non
325 2870 407 2902 stetit,
423 2874 446 2897 et
461 2870 489 2897 in
501 2869 627 2899 cathedra
645 2869 798 2905 pestilentia
812 2880 865 2899 non

57 2915 121 2943 sedit
138 2914 236 2951 (Psal.
257 2913 289 2949 I).
316 2914 394 2948 Quod
420 2914 576 2942 manifestat
599 2914 661 2950 agni
686 2915 863 2950 sacriﬁcium,

911 1680 944 1708 de
958 1680 1095 1715 puriﬁcati
1115 1680 1198 1710 corde
1220 1681 1322 1717 septies
1342 1688 1459 1713 excusso
1473 1682 1565 1718 digitis
1580 1682 1641 1710 oleo
1658 1683 1706 1711 de-

911 1725 1038 1753 claretur.
1064 1725 1111 1753 Sic
1134 1733 1200 1761 ergo
1223 1727 1363 1754 conversis
1383 1734 1400 1754 a
1420 1730 1534 1761 peccato
1553 1727 1708 1762 puriﬁcatio

911 1772 1022 1807 quidem
1035 1779 1085 1807 per
1101 1772 1146 1799 illa
1162 1772 1253 1800 omnia
1268 1772 1349 1801 datur
1363 1780 1423 1808 qua:
1438 1773 1563 1808 superius
1577 1773 1705 1803 diximus.

911 1817 1015 1844 Donum
1041 1821 1132 1844 autem
1150 1817 1246 1852 gratiae
1269 1816 1387 1852 Spiritus
1410 1826 1459 1852 per
1482 1818 1534 1847 olei
1560 1818 1706 1853 imaginem

912 1862 1086 1898 designatur,
1114 1866 1144 1889 ut
1167 1870 1221 1890 non
1245 1862 1334 1890 solum
1357 1862 1548 1898 purgationem
1576 1863 1706 1898 consequi

910 1908 998 1943 possit
1012 1908 1036 1935 is
1053 1907 1099 1942 qui
1115 1908 1283 1935 convertitur
1301 1916 1316 1935 a
1336 1912 1463 1942 peccato,
1485 1908 1534 1939 sed
1555 1912 1584 1937 et
1604 1908 1707 1944 Spiritu

912 1958 1007 1982 sancto
1027 1954 1144 1988 repleri:
1160 1961 1214 1988 quo
1235 1958 1263 1981 et
1288 1954 1409 1989 recipere
1426 1953 1546 1989 priorem
1566 1954 1663 1985 uolam
1680 1960 1707 1982 et

913 1998 1043 2026 annulum
1058 1999 1154 2034 possit,
1172 2003 1199 2027 et
1211 2006 1261 2034 per
1274 1999 1366 2027 omnia
1385 1999 1577 2029 reconciliatus
1588 1999 1664 2029 Patri
1679 2000 1707 2027 in

914 2044 1003 2072 locum
1017 2044 1077 2071 Filii
1097 2045 1229 2079 reparari.

1212 2099 1326 2127 CAPUT
1349 2098 1414 2130 Vill,

946 2143 986 2171 De
1009 2144 1082 2179 lepra
1100 2144 1238 2182 domorum
1256 2145 1307 2171 sive
1317 2146 1465 2182 parietum,
1482 2151 1507 2173 et
1523 2146 1707 2182 recapitulau'o

1207 2179 1239 2207 de
1251 2181 1321 2215 omni
1333 2180 1415 2216 lepra.

948 2225 1036 2261 (istm)
1057 2225 1225 2261 Locutusque
1240 2230 1264 2252 et
1275 2225 1404 2254 Dominus
1416 2226 1451 2253 ad
1462 2225 1571 2261 Moysen
1582 2230 1606 2257 et
1616 2218 1707 2255 Aaron

912 2272 1001 2298 dicens
1013 2278 1021 2297 :
1036 2270 1103 2299 Cum
1116 2272 1227 2306 ingressi
1245 2272 1349 2306 [ueritis
1365 2277 1464 2304 terram
1475 2272 1614 2306 Chanaan,
1626 2280 1707 2309 quam

913 2326 959 2353 ego
976 2318 1044 2345 dabo
1060 2318 1131 2346 vobis
1148 2318 1175 2345 in
1190 2318 1388 2352 possessionem,
1400 2318 1423 2344 si
1439 2317 1519 2352 fuerit
1535 2318 1613 2354 plaga
1627 2318 1707 2357 lepra:

914 2364 941 2390 in
958 2363 1074 2396 (edibus,
1100 2364 1146 2392 ibit
1164 2364 1240 2397 cujus
1256 2369 1293 2390 est
1311 2363 1404 2391 domus
1424 2365 1549 2393 nuntians
1564 2366 1706 2399 sacerdoti,

914 2413 938 2435 et
961 2408 1028 2435 dicet
1048 2415 1057 2433 :
1081 2408 1165 2440 Quasi
1191 2408 1270 2444 plaga
1294 2408 1373 2443 lepra:
1400 2409 1502 2438 videtur
1520 2411 1585 2439 mihi
1605 2420 1661 2440 esse
1679 2412 1707 2438 in

915 2454 993 2483 domo
1014 2461 1081 2480 mea.
1103 2453 1136 2480 At
1157 2453 1202 2481 ille
1220 2455 1351 2490 pru'cipiet
1372 2460 1399 2483 ut
1416 2456 1527 2490 efferant
1545 2457 1665 2492 universa
1675 2457 1708 2484 de

915 2500 993 2527 domo
1009 2500 1082 2535 prius
1102 2508 1180 2536 quam
1202 2501 1365 2535 ingrediatur
1383 2510 1451 2535 eam,
1472 2507 1497 2530 et
1513 2503 1599 2531 videat
1618 2508 1708 2530 utrum

915 2546 1017 2581 leprosa
1036 2546 1078 2578 sit,
1105 2555 1136 2573 ne
1156 2547 1293 2575 immunda
1311 2547 1377 2582 ﬁant
1398 2549 1487 2577 omnia
1507 2557 1566 2585 qua
1586 2549 1614 2576 in
1630 2549 1708 2576 domo

914 2596 985 2619 sunt.
1000 2591 1164 2628 Intrabitque
1180 2598 1270 2628 postea
1285 2599 1313 2622 ut
1330 2595 1475 2623 consideret
1493 2595 1586 2623 domus
1597 2595 1707 2630 lepram.

916 2638 950 2666 Et
971 2646 1030 2667 cum
1052 2638 1144 2666 viderit
1164 2639 1192 2667 in
1210 2640 1354 2674 parietibus
1377 2641 1450 2669 illius
1471 2642 1548 2678 quasi
1569 2639 1708 2669 valliculas

915 2684 1017 2720 pallore
1029 2685 1081 2712 sive
1095 2685 1189 2720 ruben;
1201 2686 1341 2721 deformes,
1353 2692 1377 2714 et
1391 2688 1542 2715 humiliores
1559 2685 1708 2721 superﬁcie,

917 2729 1036 2765 reliqua.
1048 2730 1196 2766 egredietur
1216 2732 1312 2759 ostium
1331 2732 1474 2764 domus,»
1495 2731 1584 2758 statim
1605 2728 1710 2756 claudet

916 2784 975 2804 eam
995 2780 1091 2810 septem
1112 2776 1212 2809 diebus.
1234 2777 1411 2812 Reversusque
1427 2777 1470 2804 die
1488 2775 1597 2810 septimo
1620 2775 1710 2802 corui-

916 2823 1018 2851 derabit
1038 2832 1096 2851 eam
1109 2844 1116 2856 ,
1141 2825 1164 2852 si
1186 2825 1313 2852 invenerit
1339 2823 1448 2851 crevisse
1468 2822 1589 2857 lepratn,
1607 2820 1711 2857 jubebit

917 2870 973 2897 erui
994 2868 1094 2904 lapides
1108 2869 1137 2896 in
1156 2868 1251 2904 quibus
1271 2869 1342 2902 lepra
1362 2873 1410 2900 est,
1427 2872 1450 2894 et
1467 2866 1562 2902 prajici
1577 2875 1621 2894 eos
1637 2871 1710 2894 extra

918 2916 1062 2948 civitatem,
1085 2916 1113 2942 in
1133 2914 1190 2941 loco
1210 2914 1364 2947 immundo,-
1388 2913 1495 2940 domum
1517 2918 1604 2941 autem
1627 2913 1709 2947 ipsam
