1968 3175
290 176 337 201 ἕιιι

287 214 469 257 iagpuv'ytrullm
497 246 518 258 ιιι

586 239 590 259 ί
607 210 643 260 Β.¹
657 189 788 262 mnam
802 190 925 262 uitiati
933 189 1098 262 ριόιιιερξ
1112 190 1273 234 uocum:
1285 195 1432 262 cauponi
1446 199 1537 262 eius
1549 199 1578 262 ll.

1868 198 1917 233 sep

769 253 805 302 let],
820 255 925 304 aspergi
933 254 1072 301 'pulverem
1086 255 1113 294 Ἀ
1124 253 1753 309 mestieam‘ejus'licclesiam(6p!ops..tv).10uin

282 314 642 356 murmutraurbemin
662 313 717 340 loco
740 310 873 354 immundo
888 331 904 356 ,ν
924 309 1073 356 lapidesque

283 363 353 395 alios
361 353 625 397 «patrima-bisqui
636 358 719 396 pblati
736 356 844 396 fuerint,
856 360 880 383 et
896 355 950 382 luto
966 355 1018 381 alio
1038 353 1071 380 li-

281 408 340 436 sirs'
351 407 472 441 donum.
484 404 536 433 Sin
554 409 640 439 autem
655 406 793 441 postquam
808 401 876 428 eruti
893 403 953 427 sunt
973 399 1072 434 lapides

278 456 311 483 ια
326 443 517 487 puluis-“elatus,
533 454 557 478 et
572 449 626 476 alia
642 453 712 475 terra
729 446 787 479 lita,
804 443 934 482 ingressus
950 444 1072 471 sacerdos

277 497 378 529 ﬁderit
391 503 518 531 repertam
527 494 638 529 lepram,
650 498 674 519 et
686 493 798 528 parietes
811 499 929 526 aspersas
950 489 1070 522 maculis,

281 531 407 576 “praem
413 547 589 576 perseverans,
601 543 624 566 et
635 537 769 565 immunda
782 535 883 570 domus,
895 544 973 572 quam
984 535 1073 562 statim

275 585 468 621 ,dqstguertt,_et
486 583 585 619 lapides
607 583 665 618 ejus
683 590 714 608 ac
733 581 804 617 ligna
826 586 902 616 atque
922 580 1071 607 uniuersum

274 629 564 670 (pulsarentprpjicient
575 628 798 671 extra‘oppidum,
814 627 841 669 in
855 626 911 654 loco
924 627 1070 653 intmundo.

274 675 339 709 ,ραι
354 676 488 705 intrauerit
502 675 610 706 domum
627 674 732 709 quando
749 673 839 700 clausa
856 676 904 705 est,
921 671 1072 700 immundus

272 721 334 754 ,erit
345 728 426 756 usque
440 709 475 756 ad
493 727 625 755 uesperam
634 727 644 752 ;
663 724 687 745 et
697 718 742 754 qui
753 718 888 745 dormierit
907 718 933 744 in
947 726 978 744 ea
993 722 1016 744 et
1029 725 1072 744 co—

282 766 392 793 mederit
402 766 547 801 quidpiam,
566 765 663 793 lauabit
682 764 833 792 vestimenta
847 773 907 797 sua,
922 768 950 791 et
962 768 1071 791 czetera.

271 809 339 846 (Es:
348 809 502 845 Hesychia.)
517 809 585 837 Cum
599 810 725 844 ingressi,
743 809 842 844 inquit,
865 805 984 842 fueritis,
998 808 1073 844 Moy-

266 862 328 886 _ses
352 858 380 881 et
400 854 503 887 Aaron,
530 854 557 881 in
581 858 681 880 terram
697 853 921 881 Chananaeorum.
945 853 1073 886 Quaenam

266 923 269 932 ,
281 904 326 930 est
337 900 414 927 haec?
428 898 513 931 Quam
528 906 574 934 ego
590 898 658 925 dabo
672 898 742 925 vobis
757 899 785 925 in
792 899 989 933 possessionem.
1006 897 1072 931 Quia

282 944 358 973 enim
382 948 488 979 septem
510 950 623 970 numero
652 947 762 978 gentes,
790 943 824 981 id.
843 948 894 976 est,
914 943 1072 975 Chananuei,
1086 939 1110 968 B

277 988 430 1021 .Pherezaai,
453 988 599 1024 Gergesaai,
622 988 783 1022 Amorrhaai,
807 988 934 1021 Jebusaai,
959 987 1071 1021 Cethmi,

262 1024 311 1069 ρει
321 1033 438 1067 Aradaei,
454 1037 556 1060 terram
575 1033 737 1069 promissam
753 1032 869 1061 Abrahae
887 1033 1072 1069 possidebant,

259 1077 430 1116 “imaginem
455 1081 545 1104 autem
573 1078 703 1113 gerebant
726 1078 767 1105 has
790 1082 893 1113 septem
918 1078 1073 1113 iniquorum

256 1150 261 1154 _
284 1124 439 1159 spirituum,
459 1124 492 1151 de
513 1123 611 1159 quibus
625 1124 755 1151 Dominus
779 1124 805 1151 in
819 1124 972 1159 Evangeliis
987 1125 1071 1151 dicit:

282 1169 352 1196 Dum
372 1169 481 1204 spiritus
503 1169 653 1196 immundus
675 1170 764 1196 exierit
782 1169 814 1196 ab
829 1169 943 1203 homine,
964 1171 1073 1197 assumit

259 1233 260 1248 ι
282 1214 350 1242 alios
368 1218 464 1249 septem
481 1214 589 1249 spiritus
604 1214 739 1249 nequiores
753 1223 792 1248 se,
810 1219 835 1241 et
848 1214 966 1241 habitant
984 1216 1011 1241 in
1026 1215 1074 1242 ho-

254 1283 266 1295 ,_
283 1259 376 1292 mine,
408 1258 484 1294 cujus
516 1259 657 1286 nouissima
689 1264 750 1286 sunt
781 1259 910 1286 deteriora
943 1260 1073 1294 prioribus

253 1326 257 1330 .
283 1301 391 1339 (Matth.
403 1303 471 1339 xu);
493 1303 521 1330 bi
539 1308 630 1331 autem
645 1304 756 1339 spiritus
768 1312 860 1332 veram
874 1307 974 1331 terram
988 1305 1073 1339 ipsius

254 1376 257 1378 _
281 1348 409 1381 Abrabz,
429 1348 457 1376 id
470 1352 523 1382 est,
540 1349 660 1385 gentium
681 1350 868 1377 hmreditatem
888 1350 1070 1384 possidebant.

280 1393 335 1428 lpst
354 1394 428 1421 enim
447 1393 549 1421 dictum
571 1398 613 1422 est
626 1403 632 1421 ι
646 1393 715 1427 Quia
731 1399 832 1430 patrem
850 1394 993 1421 multarum
1008 1402 1073 1430 gen-

282 1439 349 1466 tium
360 1439 437 1474 posui
448 1443 482 1466 te.
495 1438 608 1472 Quando
622 1438 727 1475 Moyses
740 1443 767 1467 et
776 1439 866 1467 Aaron
884 1439 936 1476 (lex
950 1439 1074 1467 videlicet

245 1508 249 1514 ,
280 1487 309 1510 et
320 1483 469 1518 prophetat,
485 1481 582 1510 horum
602 1483 674 1510 enim
695 1483 722 1510 hi
745 1483 855 1518 ﬁguram
871 1488 984 1519 gerunt;
1008 1484 1071 1518 quia

279 1526 372 1554 Aaron
385 1527 471 1562 Moysi
485 1534 527 1560 cs,
546 1528 592 1562 qui
615 1527 728 1563 ﬁguram
748 1528 814 1564 legis
833 1528 919 1562 gerit,
941 1528 1072 1563 propheta

281 1579 342 1599 esse
355 1572 444 1600 dictus
457 1571 510 1608 est)
531 1572 646 1608 ingressi
666 1572 767 1600 fuerint
785 1574 856 1601 inter
873 1579 984 1609 gentes,
1009 1577 1072 1604 tunc

1123 310 1185 346 pter
1200 308 1290 335 zelum'
1299 311 1326 334 et
1338 307 1466 341 pietatem
1481 304 1612 333 ecclesias
1625 309 1658 331 et
1666 302 1843 333 domesticas
1851 309 1917 333 «tu.

1124 355 1277 387 stitucntes,
1293 352 1321 379 in
1334 353 1374 379 eis
1388 351 1514 379 ductores
1523 350 1695 381 divinorum,
1709 349 1916 385 luminumque,

1123 407 1175 428 nec
1184 407 1237 427 non
1247 402 1275 427 et
1285 398 1502 427 communionem
1511 395 1592 432 atque
1603 396 1818 424 enuntiationem
1825 403 1916 424 eorum

1120 442 1323 474 convenientes
1339 445 1531 480 suscipiebant.
1557 444 1582 471 Is
1603 449 1670 479 ergo
1690 443 1737 477 qui
1754 441 1916 478 huiusmodi

1122 495 1174 525 est,
1189 491 1239 519 ibit
1258 487 1293 518 ad
1307 496 1369 518 eum
1387 491 1435 526 qui
1451 490 1508 517 veri
1528 488 1674 517 sacerdotii
1695 488 1815 523 ﬁguram
1840 487 1914 522 gerit,

1117 529 1217 572 quales
1236 535 1348 564 fuerunt
1362 535 1457 563 Petrus
1480 534 1522 562 vel
1544 534 1643 561 Paulus
1657 550 1666 567 ,
1676 551 1677 554 η
1687 533 1732 561 vel
1744 533 1913 563 Timotheus.

1124 581 1268 616 caeterique
1289 581 1335 615 qui
1349 587 1443 607 eorum
1466 579 1616 607 doctrinam
1629 579 1804 613 ﬁrmesque
1816 582 1912 606 .custo-

1114 626 1251 659 'dierunt,
1279 625 1533 661 irreprehensibiles‘
1565 627 1757 659 permanentes
1778 633 1793 651 ιν
1810 627 1913 658 ῖθροηα

1112 667 1195 702 "enim
1206 672 1360 708 episcopum
1373 668 1718 706 irreprehensibiicmesse,
1730 674 1762 697 ut
1772 675 1910 705 propias:

1112 712 1209 756 possit
1222 719 1308 746 aliena
1317 717 1440 753 judicare
1454 722 1576 752 peccata.
1595 717 1628 744 Et
1641 717 1728 744 dicet:
1741 715 1834 748 Quasi
1844 717 1912 751 plaga

1124 763 1203 799 lepra:
1223 763 1327 790 videtur
1341 762 1405 790 mihi
1419 771 1474 789 esse
1489 763 1518 789 in
1538 762 1626 794 domo,
1641 762 1669 789 id
1681 766 1735 794 εει,
1755 768 1855 788 sensus
1871 761 1912 787 iut-

1123 809 1175 843 pia‘.
1185 808 1315 836 doctrina;
1329 809 1356 835 in
1370 815 1430 834 mea
1446 807 1594 835 domestica
1608 811 1720 842 apparet
1733 806 1871 834 Ecclesia.
1884 807 1910 832 At

1124 853 1168 881 ille
1183 855 1314 890 prwcipiet
1333 858 1360 881 ul
1378 854 1501 888 auferant
1523 854 1643 880 universa
1662 853 1696 880 de
1715 853 1812 885 domo,
1830 858 1861 879 ut
1871 851 1910 879 Sr-

1125 901 1267 936 ptuaginta
1291 901 1383 932 edunt,
1399 905 1423 927 et
1434 900 1567 935 prwcipiet
1589 898 1711 926 sacerdos
1731 898 1855 933 detegere
1873 898 1910 924 do-

1124 954 1211 979 mum,
1236 950 1260 972 et
1281 954 1332 972 non
1355 944 1458 980 ﬂorebit
1485 945 1513 971 in
1537 951 1639 971 onmem
1659 943 1789 973 domum;
1816 943 1844 969 id
1866 946 1908 972 est,

1122 991 1261 1027 praecipiet
1278 991 1404 1018 recedere
1418 996 1526 1017 omnem
1541 989 1667 1024 populum
1683 989 1731 1023 qui
1750 988 1779 1015 in
1793 995 1828 1015 ea
1844 988 1907 1014 colli-

1123 1037 1237 1073 gebatur
1255 1045 1262 1064 :
1282 1036 1326 1063 hic
1339 1039 1382 1063 est
1395 1039 1483 1062 tectus
1496 1034 1592 1062 domus
1604 1034 1662 1061 sive
1676 1033 1858 1065 instructum,
1876 1040 1908 1059 se-

1124 1082 1240 1110 Cundum
1253 1080 1323 1117 quod
1338 1080 1496 1115 frequenter
1513 1079 1690 1107 ostendimus.
1707 1078 1859 1106 Discedere
1871 1085 1907 1104 su-

1124 1130 1178 1153 tem
1191 1134 1239 1154 eos
1251 1126 1387 1161 praecepit,
1399 1125 1425 1152 id
1436 1128 1487 1158 est,
1499 1131 1581 1159 opere
1592 1123 1736 1151 ostendere
1749 1123 1826 1158 quod
1838 1123 1906 1150 alieni

1124 1172 1179 1199 sint
1190 1179 1206 1198 a
1218 1171 1289 1198 malo
1303 1170 1375 1206 quod
1390 1170 1514 1205 apparuit
1530 1170 1558 1196 in
1572 1169 1706 1201 Ecclesia,
1722 1173 1750 1196 et
1764 1177 1822 1196 non
1844 1176 1907 1195 com-

1123 1217 1262 1244 municent
1280 1223 1366 1251 plenae
1379 1222 1438 1250 qua:
1453 1219 1494 1242 est
1510 1215 1601 1249 impiis
1621 1214 1781 1249 ingerenda.
1805 1213 1908 1249 Propter

1123 1261 1195 1296 quod
1217 1265 1245 1288 et
1264 1260 1368 1296 Moyses
1392 1259 1500 1295 quando
1519 1259 1625 1287 Dathan
1646 1263 1673 1286 et
1687 1259 1794 1286 Abiron
1812 1259 1845 1287 ad
1866 1267 1906 1294 pu-

1123 1307 1252 1334 niendum
1270 1311 1351 1341 atque
1369 1305 1577 1340 disperdendum
1596 1305 1763 1333 deducturus
1777 1310 1849 1336 erat,
1872 1312 1906 1331 re-

1124 1353 1220 1380 cedere
1243 1352 1374 1387 reliquam
1402 1351 1613 1384 multitudinem,
1637 1354 1667 1377 ut
1692 1358 1748 1378 non
1771 1350 1906 1385 participes

1123 1396 1294 1425 edicerentur
1313 1403 1410 1431 ptume,
1434 1396 1563 1431 przecepit
1585 1395 1681 1431 (Num.
1700 1396 1767 1431 xvi).
1797 1396 1853 1423 Hoc
1873 1400 1905 1421 est

1123 1443 1195 1470 enim
1206 1442 1277 1477 quod
1289 1442 1327 1469 ait
1339 1450 1346 1468 :
1358 1441 1400 1468 Ne
1410 1441 1545 1468 immunda
1555 1442 1622 1476 ﬁant
1631 1442 1722 1468 omnia
1731 1449 1793 1476 qui:
1804 1442 1831 1468 iis
1841 1442 1905 1468 duo

1123 1492 1183 1515 sunt
1193 1507 1201 1520 ,
1217 1487 1375 1521 intrabitque
1385 1491 1474 1521 postea
1488 1486 1609 1513 sacerdos
1619 1491 1647 1512 ut
1662 1486 1811 1513 consideret
1826 1487 1904 1512 deus;

1124 1532 1232 1567 lepram.
1247 1531 1281 1558 Et
1294 1540 1353 1558 cum
1364 1531 1456 1558 uiderit
1470 1532 1496 1558 in
1511 1531 1655 1566 parietibus
1669 1531 1743 1558 illius
1753 1532 1833 1566 quasi
1844 1530 1904 1558 solii-

1124 1576 1196 1603 culas
1207 1575 1308 1610 pallore
1322 1576 1375 1603 siue
1389 1576 1482 1603 rubore
1496 1576 1636 1610 deformes.
1653 1576 1707 1612 (Es
1715 1576 1871 1611 Hesychia.)
1880 1576 1905 1602 Et
1957 1601 1958 1612 ξ

245 1607 258 1646 λ
283 1624 332 1651 per
357 1624 404 1644 eos
423 1616 495 1643 Deus
515 1607 685 1652 tyrannidem
712 1618 864 1646 obtinentes
877 1607 916 1645 Vin
936 1619 1069 1654 gentibus,
1085 1609 1108 1641 Ο
1125 1607 1233 1651 σείει-ξι,
1255 1623 1377 1651 Parietes
1397 1624 1492 1651 domus
1507 1607 1581 1651 τέοιε
1601 1607 1728 1651 diuinum-
1748 1607 1785 1651 ιιῖ
1796 1625 1843 1659 qui

247 1700 251 1701 γ
282 1661 329 1696 qui
344 1665 407 1688 sunt
421 1660 603 1697 intelligibiies
616 1661 794 1696 Chananzeos,
806 1663 950 1698 praedictos
963 1664 1073 1698 expellit

282 1706 404 1741 spiritus.
422 1706 624 1734 Possessionem
640 1712 730 1735 autem
747 1708 815 1743 legis
828 1714 855 1736 et
869 1710 1070 1744 prophetarum,
1087 1715 1089 1719 ‘

239 1784 244 1794 ι
281 1755 309 1779 et
327 1752 385 1778 haec
401 1752 606 1787 praedicantium
635 1753 692 1787 ipse
706 1761 766 1781 esse
779 1754 902 1781 concedit
911 1759 1012 1790 gentes,
1027 1756 1073 1790 qui

281 1805 328 1826 eas
341 1799 450 1834 proprio
461 1798 604 1833 acquisivit
615 1799 760 1835 sanguine;
778 1804 832 1827 tam
844 1807 893 1835 per
907 1801 1071 1829 ablulionem

238 1837 242 1840 ’
282 1844 503 1879 regenerationis,
523 1852 604 1880 quam
620 1845 820 1872 renovationem
840 1846 926 1873 sancti
943 1845 1069 1881 Spiritus,

281 1898 361 1926 quem
375 1889 470 1917 eﬂ‘udit
485 1890 590 1917 abunde
609 1898 690 1925 super
708 1899 769 1923 nos,
783 1890 900 1918 liberans
915 1899 964 1919 nos
979 1893 1013 1919 ab
1030 1893 1072 1919 his

236 1925 239 1929 ’
280 1925 379 1970 quibus
400 1935 500 1962 dudum
518 1935 702 1962 serviebamus
715 1944 721 1961 :
736 1939 807 1962 utet
825 1936 852 1962 hi
868 1936 913 1969 qui
930 1943 962 1962 ex
986 1937 1074 1970 genti-

281 1980 332 2007 bus
358 1984 421 2007 suut
443 1984 554 2015 possent
576 1980 653 2007 Isaiae
672 1981 807 2008 canticum
829 1980 941 2007 dicere:
962 1980 1072 2009 Domine

234 2048 236 2052 .
282 2025 353 2052 Deus
364 2030 461 2058 noster,
471 2025 640 2060 possederunt
652 2034 698 2053 nos
709 2026 807 2053 domini
815 2026 911 2062 absque
917 2032 958 2059 te;
971 2032 1071 2054 tantum

235 2097 238 2106 ἰ
282 2070 311 2096 in
325 2074 349 2096 te
366 2070 568 2097 recordabamur
584 2071 695 2098 nominis
714 2072 752 2098 tui
764 2072 830 2108 (Isa.
846 2072 912 2108 xw).
939 2071 1071 2106 Quaecun-

283 2120 336 2147 que
361 2118 450 2141 autem
474 2113 531 2148 ejus
555 2116 691 2150 possessio
713 2121 765 2149 est,
784 2117 864 2144 etiam
884 2125 1024 2145 servorum
1044 2122 1072 2145 et

283 2159 471 2187 ministrorum
497 2160 554 2195 ejus
573 2162 667 2196 procul
691 2162 772 2190 dubio
795 2166 845 2190 est.
871 2162 941 2199 Ergo
964 2164 1071 2198 quando

282 2205 421 2240 prophetae
446 2210 473 2233 et
495 2206 538 2233 lex
560 2206 588 2233 in
609 2207 729 2242 gentium
751 2207 935 2236 haereditatem
958 2208 1071 2244 ingressi

282 2251 399 2283 fuerint,
427 2251 613 2278 ministrantes
636 2252 796 2287 evangelicae
815 2254 1016 2287 praedicationi,
1044 2258 1071 2289 et

283 2304 315 2323 ea
330 2304 390 2332 quae
404 2305 475 2323 nunc
493 2300 526 2324 de
548 2297 760 2333 intelligibilibus
779 2299 903 2327 domibus
918 2300 988 2327 dicta
1008 2305 1071 2328 sunt

284 2348 414 2376 apparere
434 2342 581 2375 potuerint,
598 2331 648 2369 ibit
667 2343 743 2378 cujus
760 2348 802 2371 est
825 2345 920 2372 domus
942 2345 1070 2373 nuntians

285 2385 430 2418 sacerdoti,
447 2390 472 2412 et
489 2385 577 2413 dicet:
596 2385 679 2419 Quasi
696 2387 775 2423 plaga
792 2388 870 2423 lepra:
888 2389 990 2416 videtur
1006 2390 1070 2416 mihi

228 2462 230 2465 τ
283 2438 338 2457 esse
351 2431 379 2457 in
390 2431 466 2457 domo
483 2438 550 2457 mea.
565 2431 630 2464 Quae
643 2432 714 2459 enim
730 2437 792 2460 sunt
810 2434 964 2461 domesticae
978 2434 1070 2462 Eccle-

224 2468 234 2514 ξ
284 2476 330 2503 sia;
340 2495 347 2507 ,
362 2479 389 2503 et
405 2480 546 2511 propterea
563 2476 601 2504 ait
616 2486 623 2504 :
637 2477 689 2504 Ibit
705 2479 781 2513 cujus
797 2484 834 2506 est
849 2479 942 2506 domus
952 2500 959 2513 ,
973 2481 1068 2508 audia—

283 2528 345 2548 mus
358 2521 471 2549 Paulum
486 2522 619 2551 dicentem
632 2531 640 2549 :
655 2522 774 2552 Salutate
785 2523 937 2552 Priscillam
954 2531 980 2553 et
990 2527 1071 2563 Aqui-

282 2565 337 2594 lam
355 2572 379 2594 et
400 2568 570 2596 domesticam
596 2577 686 2597 eorum
707 2569 852 2598 Ecclesium
875 2570 902 2606 (Ι
924 2570 986 2599 Cor.
1002 2574 1069 2609 xvt).

282 2612 333 2646 Qui
347 2620 412 2648 ergo
425 2613 488 2641 huic
498 2618 605 2648 praeest,
618 2614 641 2643 si
653 2615 736 2643 sentit
746 2615 848 2651 lepram
863 2615 1069 2652 intelligibilem,

282 2657 310 2685 id
321 2663 372 2692 est,
385 2659 407 2685 si
420 2659 498 2686 mala:
512 2664 537 2687 et
552 2660 642 2695 impiae
653 2661 783 2690 doctrinae
794 2670 904 2691 sensum
915 2666 1070 2699 quempiam

281 2705 528 2740 comprehenderit,
544 2706 640 2734 timens
655 2715 690 2734 ne
704 2708 756 2736 hoc
769 2710 841 2744 quod
856 2710 959 2738 studuit
974 2712 1008 2738 ad
1023 2710 1068 2745 ju-

281 2751 382 2777 stitiam
398 2749 443 2777 ﬁat
457 2751 481 2778 ei
496 2752 528 2778 ad
544 2751 684 2786 judicium,
699 2754 779 2781 vadet
792 2755 827 2781 ad
841 2757 1008 2785 sacerdotem
1022 2758 1068 2792 qui

282 2796 436 2824 discernere
452 2798 547 2833 possit.
567 2798 626 2834 Ipse
642 2800 714 2827 enim
734 2808 787 2828 non
804 2802 924 2831 absolute
942 2805 1068 2833 sacerdos

282 2846 335 2875 est,
352 2843 423 2876 quod
437 2844 612 2872 manifestum
626 2849 711 2872 estex
730 2846 773 2873 his
786 2855 846 2883 quae
862 2857 955 2877 rursus
969 2849 1067 2878 Paulus

283 2886 318 2912 ad
329 2885 501 2916 Colossenses
524 2889 632 2925 scripsit
648 2899 655 2916 :
669 2889 788 2919 Salutate
806 2892 955 2928 Nympham
972 2899 995 2921 et
1016 2896 1065 2921 do-

1124 1671 1275 1703 coutinent,
1299 1670 1326 1697 id
1340 1673 1392 1702 est,
1414 1669 1522 1697 ordines
1545 1669 1636 1696 divina
1663 1670 1815 1697 dicentium
1836 1674 1904 1703 atque

1124 1716 1301 1744 docentium:
1317 1723 1350 1743 ex
1370 1715 1412 1742 his
1433 1716 1531 1750 quippe
1553 1723 1617 1743 vere
1636 1716 1762 1743 consistit
1780 1716 1902 1745 Ecclesia.

1123 1767 1150 1791 et
1165 1770 1219 1790 non
1241 1762 1313 1790 sicut
1327 1762 1435 1798 quidam
1448 1766 1544 1797 putant
1562 1770 1596 1790 ex
1615 1763 1695 1798 lignis
1716 1768 1800 1798 atque
1821 1763 1903 1797 lapici-

1123 1808 1183 1835 bus.
1210 1807 1287 1836 Unde
1311 1813 1339 1835 ot
1361 1808 1467 1843 Moyses
1492 1808 1601 1843 quando
1620 1809 1747 1843 colligere
1767 1807 1904 1842 iubebatur

1123 1852 1286 1887 Ecclesium,
1302 1860 1356 1880 non
1372 1853 1443 1888 ligna
1462 1857 1490 1881 et
1506 1853 1609 1888 lapides
1628 1859 1779 1888 cteteraque
1804 1853 1902 1881 similia.

1124 1898 1170 1925 sed
1196 1897 1312 1932 plebem,
1336 1898 1457 1925 seniores
1477 1898 1637 1934 Levitasque
1659 1900 1841 1926 convocabat.
1865 1898 1903 1925 Se-

1125 1942 1242 1969 cundum
1264 1949 1345 1977 quam
1369 1943 1501 1970 rationem
1521 1944 1603 1970 etiam
1620 1942 1735 1971 Iacobus
1754 1947 1781 1970 et
1797 1943 1903 1978 CephaS.

1123 1991 1150 2014 et
1160 1987 1278 2015 Joannes
1289 1987 1420 2015 columna:
1435 1988 1562 2016 Ecclesia:
1577 1988 1744 2016 dicebantur.
1754 1988 1831 2023 Ergo
1844 1993 1904 2015 recte

1122 2033 1250 2067 parietes,
1276 2033 1394 2060 ministri
1417 2040 1557 2060 sacrorum
1581 2033 1773 2068 doctoresque,
1801 2038 1834 2060 ut
1853 2037 1904 2068 pots

1123 2078 1173 2112 ipsi
1188 2078 1363 2105 stabilitatem
1377 2078 1504 2106 Ecclesia:
1517 2078 1671 2112 l'ulcicntes,
1683 2084 1714 2106 ut
1725 2079 1837 2114 plebem
1849 2086 1903 2114 quo-

1123 2121 1266 2150 dammodo
1281 2123 1353 2150 intra
1368 2124 1529 2158 semetipsos
1552 2123 1716 2159 colligentes.
1740 2123 1852 2152 Patiens
1867 2131 1903 2151 au-

1123 2169 1188 2199 tem,
1214 2173 1271 2198 seu,
1296 2171 1327 2194 ut
1349 2166 1534 2202 Septuaginta,
1557 2168 1683 2201 viridam,
1712 2172 1739 2196 et
1759 2170 1903 2197 rubicunda

1122 2211 1227 2239 macula
1240 2212 1329 2247 ‘qualis
1344 2220 1437 2247 quaeve
1451 2214 1495 2247 sit,
1518 2214 1584 2241 satis
1609 2215 1797 2250 interpretatio
1812 2222 1903 2250 praeor-

1123 2257 1212 2285 dentis
1232 2258 1381 2285 sanctionis
1402 2259 1537 2292 ostendit;
1554 2266 1613 2287 esse
1635 2260 1708 2287 enim
1727 2259 1802 2286 illam
1817 2267 1900 2287 mnam

1124 2304 1237 2340 gloriam
1256 2308 1338 2339 atque
1358 2305 1511 2339 superbiam
1528 2305 1730 2333 demonstravit.
1756 2305 1797 2333 Ex
1818 2306 1901 2341 quibus

1123 2350 1241 2378 maxime
1260 2350 1377 2385 parietes
1404 2350 1532 2378 Ecclesia:
1557 2357 1708 2385 corpusque
1730 2358 1811 2378 sacra
1837 2351 1901 2378 mini

1123 2395 1266 2423 strantium
1286 2395 1437 2428 doctorum,
1458 2395 1504 2430 qui
1521 2396 1554 2423 ad
1572 2395 1659 2423 malas
1672 2403 1704 2423 ac
1721 2395 1843 2423 nefarias
1863 2396 1901 2422 im-

1122 2440 1235 2475 piasque
1257 2440 1395 2467 doctrinas
1417 2444 1606 2475 prorumpunt.
1631 2440 1660 2467 Si
1682 2447 1745 2475 ergo
1771 2445 1900 2476 aspectum

1124 2485 1256 2519 parietem
1273 2484 1412 2512 valliculas
1427 2492 1475 2513 seu
1492 2485 1580 2513 fossas
1598 2485 1755 2518 habentem,
1772 2485 1799 2513 id
1823 2491 1872 2517 est,
1883 2484 1900 2511 si

1122 2530 1266 2558 humiliora
1282 2538 1358 2558 sacra
1371 2531 1582 2558 ministrantium
1594 2531 1637 2558 vel
1650 2532 1844 2566 magistrorum
1854 2530 1901 2565 opi-

1122 2576 1230 2603 nionem
1244 2576 1489 2611 vallcscentemque
1514 2577 1712 2611 quodammodo
1736 2585 1770 2604 ex
1787 2583 1900 2611 compre-

1122 2622 1206 2649 henso
1221 2626 1331 2657 peccato
1342 2622 1526 2657 perspexerit,
1540 2623 1687 2657 egredietur
1698 2622 1792 2649 ostium
1804 2623 1899 2651 domu,

1122 2672 1146 2694 et
1158 2668 1246 2695 statim
1257 2668 1361 2695 claudet
1376 2676 1434 2695 eam
1447 2672 1543 2704 septem
1553 2669 1655 2696 diebus.
1672 2668 1800 2697 Ecclesia!
1815 2669 1897 2696 mode-

1121 2717 1209 2741 ratam
1221 2713 1345 2749 ingerens
1359 2714 1583 2749 increpationem,
1597 2721 1656 2749 qure
1670 2714 1839 2749 paenitentia:
1850 2721 1898 2749 per-

1119 2759 1184 2794 cipit
1204 2760 1309 2786 veniam
1334 2764 1361 2787 et
1382 2760 1550 2788 absolvitur:
1570 2761 1741 2795 septenarius
1764 2760 1839 2787 enim
1859 2766 1898 2786 nu-
1929 2759 1930 2795 ξ

1119 2813 1211 2833 merus
1236 2806 1338 2840 peccati
1366 2807 1471 2833 veniam
1501 2806 1644 2841 signiﬁcat.
1669 2806 1848 2841 Retursusquc
1864 2804 1898 2830 diu?

1118 2853 1226 2886 septima
1237 2853 1410 2879 considerabit
1420 2861 1493 2885 eam;
1506 2853 1528 2880 si
1540 2854 1666 2880 invenerit
1676 2853 1786 2880 crevisse
1795 2853 1897 2889 lepralli

1113 2896 1216 2931 jubeblt
1234 2897 1290 2923 erui
1304 2897 1402 2932 lapides
1421 2897 1448 2924 in
1466 2898 1559 2933 quibus
1581 2898 1653 2933 lepra
1678 2903 1726 2931 est,
1746 2904 1773 2926 et
1785 2898 1897 2933 proficiet
