3892 6344
464 294 570 349 405
1102 285 1167 341 Β.
1207 283 1461 339 RABANI
1498 282 1718 339 MAURI
1755 281 2077 339 ARCHIEP.
2102 279 2427 357 .MOGUNT.
2465 280 2752 337 OPERUM
2789 280 2974 337 PARS
3011 282 3054 338 Ι.
3588 294 3683 348 ωδ

459 382 770 467 immutatis,
808 407 864 452 ut
896 398 1059 468 possit
1089 398 1212 449 sciri
1239 413 1340 466 quo
1366 404 1589 465 tempore
1616 394 1868 448 mundum
1900 394 2024 466 quid
2052 395 2106 457 Α
2129 393 2292 451 rietes
2323 402 2481 450 terra:
2516 394 2877 465 possessionis
2902 396 3109 451 ostensi
3143 404 3301 463 sunt,
3336 398 3529 457 deinde
3561 406 3686 459 pica.

462 493 539 548 vel
562 489 889 548 inmundum
912 489 998 542 sit.
1034 485 1145 559 (Ex
1167 484 1474 556 Hesychia.)
1502 484 1607 539 Ista
1634 491 1720 539 est
1742 484 1918 538 omnis
1944 484 2029 538 lex
2130 488 2275 540 tricis
2314 495 2363 539 et
2401 493 2779 556 erumpenttum
2827 486 3141 557 populorum
3179 491 3493 551 memoriam
3530 492 3683 561 facit,

462 588 645 657 lepraa.
686 584 827 653 Quis
854 576 1017 637 latius
1041 580 1375 636 sanctionem
1416 579 1577 649 lepra;
1604 578 1883 649 exposuit,
1929 592 2026 632 ne-
2130 576 2334 649 lepram
2359 591 2544 631 veram
2575 577 2886 631 describens
2922 591 3043 633 eam
3070 592 3192 647 quas
3226 586 3315 634 est
3348 580 3402 635 in
3433 586 3683 652 peccatis,

458 678 756 734 cessarium
778 672 1043 747 judicavit
1065 670 1183 739 eius
1209 671 1468 725 reiterare
1493 668 1748 740 capitula.
1784 668 1850 722 Et
1876 667 2029 738 prius
2130 670 2242 724 sive
2269 668 2468 735 dubiis,
2511 669 2625 723 sive
2654 669 2913 739 probatis.
2951 668 3215 727 Omnibus
3244 679 3424 727 autem
3448 674 3542 729 liis
3571 679 3687 733 sub-

458 770 676 842 qutmtn
705 764 1038 836 complexive
1070 774 1260 833 genus,
1300 768 1424 831 post
1460 760 1574 814 haec
1608 767 1790 813 autem
1820 759 2030 829 species
2129 759 2292 823 didit,
2332 768 2389 813 ut
2422 760 2581 829 possit
2620 760 2744 813 sciri
2774 776 2875 831 quo
2911 769 3139 831 tempore
3176 762 3428 817 mundum
3451 767 3580 834 quid
3616 768 3684 821 ut

455 866 556 933 per
580 867 762 931 partes
790 855 1041 926 exponit;
1081 867 1207 908 eum
1246 853 1390 907 enim
1424 851 1590 917 dixit,
1630 852 1728 903 ista
1757 859 1831 903 est
1859 851 2027 904 omnis

453 944 547 1005 ne
563 949 737 1020 lepra,
758 945 1093 1016 contplexive
1116 954 1287 1015 genus
1312 943 1579 1008 ostendit;
1613 944 1821 1014 species
1845 950 2027 996 autem

453 1040 669 1113 generis
720 1045 849 1094 sunt
900 1035 1255 1107 apertissimm
1296 1049 1416 1104 qua:
1462 1033 1522 1087 in
1574 1034 2027 1102 subsequentibus

452 1133 689 1197 addidit,
729 1144 1049 1201 praeponens
1078 1136 1223 1182 recte
1249 1138 1594 1197 percussurw,
1624 1127 1766 1194 quod
1800 1140 1905 1179 non
1943 1134 2026 1179 est

451 1222 823 1294 qualecunque
860 1224 1138 1289 peccatum
1165 1255 1180 1277 ,
1228 1217 1470 1270 omnium
1517 1217 1715 1285 quippe
1758 1230 1878 1268 esse
1922 1216 2024 1268 hoc

450 1313 690 1368 deterius
711 1311 960 1365 diximus.
988 1311 1085 1362 lus:
1102 1318 1284 1360 autem
1303 1316 1613 1375 dogmatum
1635 1305 1883 1374 impietas
1904 1320 2024 1373 qua:

448 1404 715 1473 contingit
742 1402 1062 1472 quibusnam
1094 1398 1161 1452 de
1195 1397 1412 1467 populo,
1442 1395 1509 1450 de
1536 1396 1733 1464 quibus
1771 1404 1827 1450 et
1865 1396 2023 1465 legis-

448 1492 588 1547 lator
615 1493 866 1547 dicebat:
908 1489 1002 1544 Vir
1044 1496 1137 1542 aut
1181 1486 1373 1542 mulier
1418 1488 1474 1540 in
1514 1503 1617 1556 quo
1664 1485 1821 1553 fuerit
1866 1485 2022 1555 plaga

445 1582 624 1652 leprte.
656 1578 716 1635 Si
740 1587 918 1635 autem
942 1578 1312 1633 tantummodo
1336 1577 1679 1631 sacerdotum
1705 1576 2020 1629 memoriam

447 1670 702 1736 fecisset,
755 1670 1041 1724 mulierem
1070 1668 1294 1722 minime
1322 1667 1674 1721 nominasset.
1732 1667 1861 1718 Post
1906 1667 2021 1719 tunc

2126 850 2453 906 immundum
2479 848 2579 916 sit,
2618 850 2911 905 ostendens
2936 852 3063 920 quia
3095 860 3223 909 tunc
3249 852 3571 923 delinquens
3598 857 3689 913 im

2128 940 2360 994 mundus
2389 947 2495 1005 est,
2526 942 2745 1008 quando
2774 941 2951 995 sciens
2979 941 3316 1011 peccaverit,
3350 945 3573 1012 quando
3604 960 3687 1000 au-

2126 1040 2234 1087 tem
2261 1032 2536 1103 ignorans,
2560 1034 2769 1087 veniam
2791 1042 3013 1104 propter
3039 1035 3403 1105 ignorantiam
3427 1047 3683 1095 meretur:

2126 1124 2263 1178 sicut
2301 1132 2357 1179 et
2392 1139 2568 1179 caseus
2601 1125 2900 1190 oll'endens,
2932 1125 3006 1180 ita
3032 1135 3092 1180 ut
3118 1127 3379 1183 Dominus
3408 1130 3476 1184 de
3501 1129 3684 1189 Iudicis

2126 1216 2373 1270 diceret:
2420 1215 2479 1269 Si
2525 1217 2649 1269 ctrci
2693 1218 2902 1282 essetis,
2952 1233 3056 1271 non
3096 1217 3355 1272 haberetis
3397 1230 3683 1289 peccatum;

2125 1322 2261 1359 nunc
2298 1316 2470 1360 autem
2507 1305 2681 1359 dicitis
2714 1309 2840 1376 quia
2868 1307 3120 1373 videmus,
3164 1318 3433 1377 peccatum
3479 1322 3681 1364 oestrum

2122 1408 2294 1450 manet
2320 1396 2501 1468 (Joan.
2526 1400 2624 1469 ix).
2664 1398 2770 1453 Sed
2797 1414 2896 1455 nos
2922 1401 3094 1454 oculis
3122 1402 3363 1456 scientiae
3392 1403 3461 1456 ad
3492 1418 3555 1458 ea
3580 1421 3683 1474 qua:

2121 1490 2408 1557 expediunt
2447 1498 2683 1555 utamur,
2732 1496 2792 1543 ut
2839 1506 2938 1561 per
2980 1491 3126 1561 ipsos
3168 1493 3433 1548 evitemus
3479 1508 3679 1565 peccata

2121 1581 2608 1649 eonquiramusque
2638 1579 2995 1647 munditiam;
3042 1584 3277 1638 sciamus
3313 1586 3457 1639 diem
3502 1588 3556 1640 in
3591 1604 3678 1657 qua

2120 1672 2528 1737 mundabimur,
2569 1673 2904 1742 scientesque
2933 1684 3311 1743 decurramus;
3343 1685 3397 1731 et
3426 1685 3590 1733 totam
3614 1679 3677 1733 le-

444 1759 654 1831 lepram
678 1773 799 1829 qtm
822 1768 908 1814 est
937 1759 991 1813 in
1017 1759 1306 1812 virtutibus
1333 1757 1541 1826 posuit,
1576 1757 1691 1811 bsic
1720 1765 1845 1809 sunt
1870 1757 2012 1810 enim
2042 1792 2089 1851 Β
2115 1774 2236 1831 gem
2265 1764 2424 1832 leprae
2456 1766 2858 1832 custodiamus;
2900 1768 3085 1821 mundi
3131 1770 3275 1823 enim
3306 1768 3410 1825 hoc
3444 1771 3598 1825 modo
3635 1766 3677 1825 in

445 1852 639 1905 anima:
660 1850 1001 1905 vestimenta.
1042 1848 1235 1903 Postea
1265 1863 1385 1918 qua:
1413 1856 1539 1903 sunt
1564 1848 1619 1901 in
1648 1848 2011 1901 Ecclesiarum
2043 1846 2083 1851 -
2118 1846 2411 1910 Dominicis
2444 1857 2804 1914 tabernaculis
2828 1860 3213 1918 habitabimus,

446 1945 755 2000 doctoribus
792 1957 859 2001 ac
893 1938 1299 1999 sacerdotibus:
1343 1942 1396 1997 hi
1427 1942 1573 1998 enim
1612 1941 1809 1996 domus
1837 1948 1891 1995 et
1918 1956 2014 2011 pa-

455 2060 3667 2099 WW

1638 2162 1937 2257 LIBER
2007 2158 2505 2256 QUINTUS.

942 2360 1169 2419 CAPUT
1206 2359 1495 2417 PRIMUM.

442 2454 519 2509 De
561 2455 673 2510 viro
710 2454 798 2525 qui
840 2456 1044 2525 (luxum
1085 2454 1298 2534 seminis
1337 2453 1555 2523 patitur,
1593 2462 1640 2509 et
1672 2453 2011 2507 mundatione

1138 2540 1321 2593 ipsius.

515 2632 725 2711 (LEVI'r.
756 2631 871 2703 xv.)
915 2632 1244 2703 Locutusque
1282 2643 1354 2687 est
1387 2632 1643 2693 Dominus
1687 2636 1755 2687 ad
1798 2632 2014 2702 Moysen

440 2734 489 2783 et
526 2724 725 2789 Aaron,
762 2724 982 2779 dicens:
1021 2723 1319 2794 Loquimini
1354 2723 1480 2793 ﬁliis
1516 2724 1709 2791 Israel,
1748 2735 1796 2777 et
1833 2724 2014 2778 aicetis

440 2816 555 2868 eis:
598 2812 690 2867 Vir
723 2815 814 2887 qui
854 2814 1053 2887 patitur
1087 2815 1290 2883 [luxum
1323 2814 1534 2868 seminis
1560 2813 1859 2867 immundus
1893 2813 2013 2877 erit,

440 2914 487 2958 et
514 2914 636 2959 tunc
660 2904 992 2974 judicabitur
1017 2906 1139 2959 lmic
1166 2905 1288 2959 vitio
1316 2904 1605 2974 subjacere,
1636 2921 1751 2957 cum
1780 2920 1872 2975 per
1898 2920 2013 2956 mo-

440 3000 614 3047 menta
642 2990 848 3062 singula
879 2992 1156 3045 adlla’serit
1186 2992 1332 3046 carni
1360 2992 1528 3056 illius,
1557 3001 1711 3063 atque
1740 3010 2014 3047 concreve-

2111 2360 2157 2414 si
2199 2371 2378 2412 sermo
2419 2367 2601 2409 semen
2651 2363 2759 2407 non
2806 2357 2987 2415 esset,
3039 2346 3106 2403 de
3152 2348 3483 2417 prtedieante
3535 2349 3676 2400 Paulo

2112 2461 2454 2519 nequaquam
2484 2445 2796 2519 diceretur:
2839 2436 2979 2505 Quid
3022 2438 3121 2494 sibi
3161 2438 3267 2494 vult
3308 2438 3677 2493 seminirerbius

2114 2516 2284 2591 dicere
2314 2536 2452 2608 (Act.
2479 2532 2652 2601 xvii)?
2694 2516 2770 2591 De
2797 2545 2903 2601 quo
2932 2538 2988 2584 et
3013 2529 3184 2584 Lucas
3211 2528 3376 2583 dicit:
3413 2527 3535 2598 Ipse
3563 2527 3678 2580 enim

2114 2637 2226 2682 erat
2247 2624 2356 2680 dua:
2379 2623 2535 2679 verbi.
2566 2621 2763 2680 Semen
2785 2636 2936 2690 ergo,
2957 2619 3077 2675 usui
3099 2619 3415 2690 propaginis
3435 2618 3679 2679 dicatum,

2114 2718 2542 2787 incompetenter
2568 2711 2769 2777 nitens,
2820 2718 3014 2766 caatera
3056 2710 3294 2779 membra
3338 2708 3676 2777 coinquinat,

2116 2825 2239 2864 cum
2272 2822 2450 2863 sermo
2477 2820 2577 2877 per
2599 2819 2760 2877 quem
2801 2803 2856 2861 in
2893 2800 3226 2856 audientium
3264 2800 3513 2857 sensibus
3552 2797 3682 2851 nasci

2116 2900 2341 2954 scientia
2367 2896 2573 2961 debuit,
2605 2895 2649 2950 si
2678 2886 2979 2948 inordinate
3006 2891 3250 2963 prodeat,
3275 2890 3443 2944 etiam
3472 2906 3592 2961 qua:
3616 2904 3682 2943 re

2115 2998 2202 3044 cte
2224 2987 2457 3043 senserit
2474 2972 2663 3039 laedat.
2692 2982 2793 3050 Qui
2817 2998 2945 3053 ergo
2969 2982 3170 3035 ﬂuxum
3197 2981 3421 3035 seminis
3446 2981 3680 3043 sustinet,

439 3085 507 3137 rit
536 3085 701 3152 fmdus
733 3086 937 3137 humor.
981 3084 1075 3137 Vir
1098 3086 1187 3153 qui
1225 3086 1422 3163 patitur
1447 3086 1649 3155 ﬂuxum
1679 3084 1890 3139 seminis
1918 3086 2015 3139 im-
2042 3067 2087 3129 C
2119 3079 2428 3135 immundus
2469 3075 2750 3141 asseritur,
2795 3074 2923 3145 quia
2965 3071 3304 3163 multiloquio
3345 3073 3599 3163 subditus
3625 3087 3680 3127 ex

441 3174 668 3229 mundus
710 3174 843 3235 erit,
896 3173 1246 3244 Septuaginta
1286 3183 1466 3230 autem
1507 3175 1586 3230 sic
1620 3176 1826 3230 edunt:
1862 3172 2009 3241 Viro,

440 3262 551 3317 viro
596 3263 681 3315 cui
729 3263 926 3332 [actum
972 3263 1160 3331 fuerit,
1209 3273 1263 3317 et
1309 3272 1523 3319 cmtera.
1572 3264 1680 3336 (Ea:
1704 3264 2011 3336 Hesychia.)

443 3349 667 3425 Quoties
704 3350 845 3406 enim
886 3351 1120 3425 duplicat
1154 3352 1256 3411 hoc
1290 3354 1429 3408 unde
1477 3355 1787 3408 mandatum
1834 3354 2011 3418 datur,

445 3438 799 3494 intentiunem
830 3439 961 3511 legis
987 3440 1133 3511 cupit
1160 3442 1463 3507 ostendere,
1494 3450 1550 3501 et
1577 3451 1832 3514 quantam
1869 3443 2015 3496 solli-

443 3531 737 3586 citudinem
788 3531 986 3586 habeat
1032 3531 1307 3603 legislator
1353 3542 1411 3588 ut
1457 3534 1591 3589 nihil
1638 3534 1753 3602 ejus
1801 3535 2016 3604 penitus

440 3629 747 3691 prattereat.
784 3620 935 3677 Sicut
959 3623 1174 3693 quando
1199 3624 1329 3683 dicit
1353 3642 1366 3683 ;
1402 3624 1596 3688 Homo,
1618 3624 1771 3681 homo
1800 3625 1863 3678 de
1890 3625 2015 3693 ﬁliis

440 3711 634 3778 Israel,
680 3723 727 3767 et
753 3712 818 3767 de
846 3714 1077 3789 advenis,
1123 3722 1171 3769 et
1204 3716 1293 3789 qui
1331 3714 1596 3783 conjuncti
1632 3726 1752 3768 sunt
1789 3716 1885 3780 eis,
1926 3714 2014 3786 qui

444 3806 623 3874 fecerit
667 3804 1049 3871 holocaustum,
1098 3815 1189 3861 aut
1229 3805 1581 3873 sacriﬁcium,
1626 3816 1672 3857 et
1716 3806 1784 3859 ad
1829 3808 2016 3877 ostium

444 3897 723 3950 testimonii
768 3896 1090 3951 tabernaculi
1135 3913 1239 3951 non
1283 3896 1562 3951 adduxerit
1608 3896 1677 3950 ad
1719 3896 2017 3959 faciendum

444 3986 540 4040 hoc
566 3986 811 4053 Domino,
834 3987 1262 4043 exterminabitur
1284 3988 1437 4043 homo
1465 3986 1552 4041 ille
1576 3987 1640 4041 de
1663 3987 1853 4058 populo
1880 3988 2014 4058 ejus.

445 4076 514 4141 Et
539 4074 623 4131 his
654 4064 758 4133 alia
788 4076 984 4132 similia
1003 4118 1017 4143 ,
1054 4077 1121 4131 de
1150 4093 1377 4149 quorum
1404 4079 1815 4137 conservatione
1842 4079 2015 4135 maxi-

450 4182 596 4225 mam
625 4166 902 4241 legislator
930 4181 1112 4221 curam
1140 4168 1307 4238 gessit
1334 4187 1344 4221 :
1381 4168 1478 4225 llic
1508 4178 1686 4225 autem
1722 4170 2018 4241 secundum

447 4238 764 4325 prmdietam
812 4254 1216 4309 meditationem
1261 4272 1365 4311 non
1412 4258 1583 4324 dixit,
1628 4258 1805 4324 homo,
1842 4238 2016 4325 homo;

449 4349 545 4413 sed
572 4348 699 4412 viro,
732 4347 861 4413 viro,
896 4346 1173 4417 duplicans
1216 4347 1432 4416 quidem
1474 4350 1923 4417 quemadmodum
1964 4358 2019 4406 et
2064 4346 2160 4417 Ἦ

449 4444 522 4505 ibi
562 4458 878 4523 personam;
922 4451 1141 4514 propter
1168 4440 1535 4501 fortitudinem
1565 4460 1694 4499 vero
1727 4445 1806 4500 sic
1839 4445 2022 4519 appel-
2045 4417 2099 4483 Ῑ)
2126 4417 2207 4498 ὧῗ

448 4535 578 4609 lavit
603 4544 969 4611 perceptorem
997 4532 1146 4607 legis,
1169 4549 1275 4609 quo
1299 4534 1556 4589 vocabulo
1584 4550 1700 4589 mos
1724 4543 1806 4590 cst
1828 4534 2024 4591 divina).

453 4624 746 4697 Scriptura:
784 4624 1088 4694 signiﬁcare
1125 4639 1247 4678 cum
1286 4624 1701 4695 quLperl‘ectior
1726 4635 1825 4679 est.
1873 4624 2025 4692 Quod

453 4707 689 4791 ostendit
716 4711 989 4778 Salomon,
1014 4715 1197 4777 dicens
1222 4735 1233 4769 :
1270 4712 1453 4770 Virum
1480 4727 1653 4770 autem
1679 4716 1881 4785 ﬁdelem
1911 4719 2025 4789 quis

454 4800 675 4861 inveniet
704 4800 885 4887 (Prov.
915 4805 1051 4876 xx)?
1104 4805 1210 4867 Sed
1253 4816 1307 4862 et
1350 4807 1548 4865 Paulus
1578 4827 1589 4861 :
1636 4805 1813 4862 Donec
1842 4826 2025 4862 occur-

458 4908 635 4947 ramus
665 4908 837 4946 omnes
865 4892 921 4946 in
948 4894 1111 4949 virum
1148 4895 1430 4965 perfectum
1454 4898 1509 4949 in
1537 4913 1829 4949 mensuram
1862 4897 2027 4951 (etatis

454 4979 793 5049 plenitudinis
821 4978 1011 5035 Christi
1038 4981 1251 5052 (Ephes.
1279 4986 1373 5055 Iv).
1424 4982 1528 5055 (Ea:
1573 4982 1865 5054 Gregorio.)
1914 4985 2028 5051 Vir,

454 5068 663 5139 inquit,
696 5071 785 5140 qui
811 5072 1010 5140 patitur
1033 5073 1232 5139 ﬂuxum
1261 5074 1489 5128 seminis.
1533 5072 1670 5140 Quid
1707 5086 1789 5128 est
1829 5090 2029 5141 sermo,

457 5159 563 5214 nisi
610 5174 830 5235 semen,
880 5160 968 5228 qni
1006 5161 1130 5215 dum
1174 5163 1418 5216 ordinate
1463 5164 1713 5227 mittitur,
1766 5165 2032 5220 :mtlientis

462 5265 655 5315 mens,
703 5248 857 5318 quasi
901 5250 1254 5323 concipientis
1298 5260 1519 5317 uterus,
1569 5254 1634 5308 ad
1678 5252 1803 5309 boni
1854 5255 2033 5323 operis

368 5330 373 5335 ’
458 5343 667 5413 prolem
694 5338 1045 5408 fecundatur;
1082 5344 1124 5397 si
1151 5358 1279 5397 vero
1305 5343 1607 5414 importune
1632 5344 1850 5411 defluat,
1878 5347 2033 5401 emit-

464 5438 665 5486 tentem
692 5428 954 5503 polluens,
975 5432 1261 5503 generandi
1286 5433 1536 5487 virtutem
1558 5435 1753 5503 perdit,
1778 5426 1832 5489 in
1855 5443 2034 5491 mente

465 5522 661 5593 quippe
688 5522 1020 5577 audientium
1050 5534 1232 5577 semen
1264 5534 1529 5579 secutura:
1557 5527 1900 5593 cogitationis
1929 5535 2031 5593 est,

466 5610 661 5667 auditae
711 5612 946 5681 qualitas
996 5611 1311 5677 locutionis;
1366 5614 1491 5683 quia
1538 5615 1663 5668 dum
1712 5630 1809 5685 per
1849 5631 2036 5672 aurem

468 5713 646 5785 sermo
669 5701 985 5775 concipitur,
1007 5701 1262 5777 cogitatio
1284 5700 1337 5758 in
1361 5711 1539 5758 mente
1562 5712 1867 5779 generatur.
1900 5704 2036 5783 Nam

2115 3182 2181 3224 eo
2220 3184 2278 3223 se
2316 3166 2584 3237 inquinat,
2614 3165 2758 3237 quod
2804 3165 2851 3219 si
2898 3152 3147 3218 ordinate
3194 3173 3471 3232 promeret
3494 3162 3680 3234 prolem

2115 3266 2279 3313 rectae
2320 3252 2663 3327 cogitationis
2704 3250 2867 3309 edere
2912 3253 2968 3308 in
3012 3254 3344 3320 audientium
3388 3255 3554 3309 corde
3596 3269 3679 3325 po-

2115 3349 2343 3423 tuisset;
2394 3346 2629 3414 dumque
2659 3344 2909 3399 incautus
2942 3359 3039 3415 per
3067 3342 3453 3414 loquacitatem
3484 3344 3680 3409 deﬂuit,

2117 3456 2223 3496 non
2257 3438 2324 3495 ad
2350 3454 2507 3492 usum
2536 3436 2749 3509 generis
2771 3476 2786 3503 ,
2836 3436 2930 3505 sed
2974 3436 3042 3490 ad
3087 3436 3488 3491 immunditiam
3518 3449 3682 3490 semen

2117 3530 2312 3585 fundit.
2353 3526 2508 3584 Unde
2532 3522 2731 3581 Paulus
2760 3541 2976 3595 quoque
3011 3540 3136 3580 cum
3164 3526 3489 3596 discipulum
3518 3528 3584 3581 de
3610 3528 3683 3579 in-

2119 3622 2319 3677 stantia
2362 3619 2765 3691 praedicationis
2810 3618 3127 3672 admoneret
3166 3618 3392 3672 dicens:
3431 3617 3687 3686 Τριάριον

2118 3732 2294 3785 coram
2324 3713 2431 3767 Deo
2465 3722 2514 3767 et
2540 3711 2749 3766 Christo
2774 3708 2810 3763 Ι
2814 3727 2928 3776 esu,
2966 3710 3055 3781 qui
3087 3710 3428 3791 iudicaturus
3454 3719 3527 3764 est
3555 3710 3686 3763 vivos

2119 3822 2181 3859 ac
2209 3814 2463 3869 mortuos,
2502 3812 2551 3858 et
2590 3802 2869 3858 adventum
2898 3818 3035 3871 ejus,
3071 3810 3120 3856 et
3150 3818 3368 3871 regnum
3395 3803 3535 3872 ejus,
3560 3817 3688 3872 prc-

2118 3895 2237 3949 dica
2259 3892 2489 3959 verbum,
2512 3894 2651 3948 insta
2676 3901 2980 3965 opportune,
3007 3893 3303 3962 importune
3323 3892 3408 3965 (II
3439 3892 3572 3951 Tim.
3598 3897 3685 3961 Iv),

2120 3990 2366 4047 dicturus
2398 3990 2711 4063 importune,
2732 3988 2994 4063 prazmisit
3011 3998 3331 4059 opportune,
3348 3991 3477 4059 quia
3500 3990 3690 4048 scilicet

2121 4082 2262 4151 apud
2291 4079 2555 4135 auditoris
2580 4086 2836 4147 mentem,
2866 4079 2982 4151 ipsa
3013 4095 3109 4134 sua
3134 4079 3341 4137 vilitate
3366 4094 3424 4135 se
3450 4081 3686 4143 destruit,

2121 4174 2166 4227 si
2195 4173 2398 4229 habere
2427 4170 2805 4247 importunitas
2831 4169 3292 4243 opportunitatem
3324 4171 3519 4226 nescit.
3549 4170 3692 4237 Quod

2123 4274 2303 4319 autem
2342 4261 2509 4317 dicit:
2544 4260 2689 4315 Tunc
2720 4259 3057 4330 judicabitur
3082 4260 3204 4328 huic
3246 4260 3367 4314 vitio
3408 4260 3689 4329 subjuere,

2266 4352 2358 4421 ’Ὗ
2376 4360 2638 4409 momenta
2662 4350 2874 4421 singula
2894 4350 3173 4415 adha'serit
3196 4351 3344 4405 carni
3366 4351 3533 4415 illius,
3551 4361 3695 4421 atque

2374 4444 2440 4495 rit
2484 4441 2651 4511 {tedas
2692 4441 2901 4494 humor.
2955 4440 3103 4495 Tunc
3140 4455 3355 4510 quoque
3381 4442 3699 4510 probabitur

2108 4532 2480 4592 ‘lmmunditiae
2499 4535 2677 4603 ﬂuxus
2698 4533 2942 4603 seminis,
2966 4533 3068 4603 hoc
3087 4542 3190 4598 est,
3216 4535 3422 4591 nociva
3447 4536 3696 4595 doctrina

2128 4626 2404 4696 subiacere
2428 4666 2442 4691 ,
2491 4641 2613 4681 eum
2660 4624 2997 4693 frequentius
3041 4626 3295 4696 pravitati
3323 4641 3518 4685 sensus
3545 4632 3699 4695 atque

2129 4714 2412 4789 superfluae
2439 4715 2728 4769 verborum
2763 4713 3011 4770 etfusioni
3047 4730 3270 4784 operam
3306 4717 3551 4781 dederit.
3600 4730 3699 4786 (tuo

2129 4806 2301 4877 magis
2324 4819 2421 4877 per
2440 4804 2803 4879 arrOgantiam
2838 4804 3183 4874 temporalem
3206 4805 3435 4876 gloriam
3474 4816 3696 4877 quat-at,

2130 4910 2291 4964 quam
2333 4894 2389 4949 in
2427 4894 2632 4949 etelesti
2671 4908 2836 4966 regno
2869 4903 3145 4965 perpetuae
3172 4896 3439 4955 mercedis
3467 4895 3698 4953 fructum

2130 4987 2407 5056 percipere
2435 4992 2672 5061 appetat.

2206 5077 2369 5130 Omne
2405 5085 2628 5130 stratum
2664 5077 2720 5130 in
2754 5092 2857 5146 quo
2894 5076 3186 5140 dormierit,
3219 5076 3549 5143 immundum
3583 5077 3700 5141 erit,

2132 5176 2179 5221 et
2208 5167 2495 5237 ubicunque
2520 5168 2731 5221 sederit.
2771 5165 2830 5221 Si
2857 5168 2974 5238 quis
3001 5168 3271 5227 hominum
3299 5170 3523 5240 tetigerit
3549 5170 3705 5224 lectu.

2132 5257 2241 5311 lum
2276 5257 2411 5327 ejus,
2450 5256 2645 5313 lavabit
2675 5257 2974 5313 vestimenta
3001 5275 3122 5325 sua,
3163 5269 3211 5313 et
3253 5261 3362 5328 ipso
3389 5259 3531 5321 lotus
3568 5276 3703 5329 aqua

2132 5345 2434 5401 immundus
2474 5348 2571 5400 erit
2614 5362 2775 5419 usque
2814 5348 2882 5415 ad
2928 5364 3210 5419 vesperam.
3259 5349 3368 5417 (Ep
3400 5348 3702 5420 Hesychia)

2135 5435 2399 5502 Quoniam
2432 5437 2613 5493 multa:
2641 5437 2815 5497 aliena
2846 5440 3151 5497 docentium
3180 5441 3388 5511 species
3417 5450 3561 5503 sunt,
3590 5442 3707 5512 qui-

2136 5528 2256 5582 dam
2285 5529 2448 5592 enim,
2480 5528 2620 5583 sicut
2646 5518 2782 5584 dixit
2806 5529 3027 5594 Paulus,
3058 5546 3155 5601 per
3188 5531 3467 5599 invidiam,
3488 5534 3706 5602 quidam

2137 5628 2313 5673 autem
2336 5633 2436 5695 per
2463 5620 2860 5675 contentionem
2878 5660 2895 5687 ,
2933 5622 3152 5693 quidam
3181 5637 3310 5676 vero
3336 5636 3435 5692 per
3460 5624 3708 5694 ignorau-

2136 5707 2289 5775 tiam,
2312 5700 2529 5779 quidam
2552 5721 2620 5763 ex
2649 5709 2937 5768 temerario
2961 5712 3321 5785 multiloquio,
3346 5714 3421 5770 de
3439 5724 3552 5785 Quo
3569 5713 3705 5787 dicit

3832 1274 3835 1389 λ
