3892 6344
162 332 253 388 4θό

1031 319 1530 378 EXPOSITIONES
1566 318 1632 374 ΙΝ
1672 319 2064 376 LEVITICUM.
2103 352 2174 362 —
2211 323 2338 376 LIB.
2380 322 2445 376 V.

3254 327 3358 381 406

163 447 235 503 ille
257 442 503 512 Sapiens:
547 437 612 493 In
651 437 978 508 multiloquio
1019 453 1122 491 non
1166 435 1378 506 e/fu'gies
1420 445 1684 505 peccatum
1713 431 1762 497 Α
1859 437 1960 502 Qui
1999 437 2216 506 tetigerit
2254 453 2462 491 carnem
2498 437 2635 506 ejus,
2677 436 2870 491 Iuvabit
2907 438 3206 492 vestimenta
3241 457 3360 505 sua,

158 537 311 610 (Prov;
337 534 412 595 xl.
453 531 673 600 quidam
701 535 884 584 autem
914 525 979 583 ex
1007 543 1072 582 eo
1099 527 1240 596 quod
1274 527 1606 580 delectantur
1636 527 1687 579 in

158 623 474 698 quarumdam
515 619 864 689 corruptione
905 617 1466 687 “concirpisecntiarum
1503 617 1688 672 docto-

157 719 297 776 raiem
336 717 648 768 convertunt
692 721 992 766 sermonem
1021 723 1036 762 :
1081 709 1224 763 recte
1257 707 1534 779 iegislator
1569 711 1689 763 cu'm

154 809 318 866 horum
343 803 603 874 quosdam
633 801 687 855 in
714 800 995 855 sanctione
1035 800 1231 869 lcpr‘m’,
1283 799 1415 853 alios
1459 815 1589 853 vero
1639 798 1691 851 in

153 901 363 957 ciborum
391 887 690 948 differentia
722 892 1073 964 Signiﬁcasset
1093 934 1106 957 ,
1149 907 1290 946 nunc
1323 908 1509 946 rursus
1545 890 1690 962 aliud

151 992 294 1058 genus
323 995 505 1037 comm
535 981 628 1050 qui
655 993 723 1034 ex
761 981 1090 1050 impudicitia
1129 990 1178 1034 et
1223 997 1286 1034 ex
1330 979 1550 1034 libidine
1587 973 1691 1033 alia

153 1075 346 1135 docent,
386 1083 486 1140 per
507 1071 616 1123 hoc
655 1071 965 1123 mandatum
999 1072 1140 1140 quod
1172 1077 1255 1125 cst
1297 1071 1347 1124 in
1377 1069 1578 1124 ﬂuxum
1610 1085 1693 1124 se-

148 1167 292 1222 minis
321 1163 610 1234 patientem
648 1163 915 1230 exposuit.
977 1160 1115 1216 Sunt
1159 1178 1286 1232 ergo
1336 1161 1550 1231 quidam
1601 1157 1691 1229 qui

148 1256 411 1311 secundum
461 1255 705 1323 proprias
754 1254 1034 1326 passiones
1085 1267 1386 1307 Sermonem
1437 1252 1693 1306 doctrinm

144 1354 453 1416 temperant,
491 1353 546 1399 et
574 1345 694 1398 aliis
726 1346 867 1414 quod
905 1347 1012 1414 ipsi
1057 1346 1285 1415 diligunt
1313 1344 1695 1397 Commendare

144 1443 407 1504 satagunt:
446 1435 594 1488 verbi
637 1435 840 1504 gratia,
883 1449 1009 1489 cum
1049 1436 1117 1488 sit
1158 1445 1367 1487 amator
1407 1431 1694 1494 adulterii,

140 1529 326 1596 respuit
364 1527 507 1596 quod
555 1535 640 1580 est
687 1528 750 1580 de
801 1528 1053 1581 castitate
1103 1527 1464 1586 mandatum;
1517 1521 1602 1574 vel
1653 1520 1698 1574 si

137 1627 451 1672 eomessator
477 1626 531 1672 et
557 1618 822 1680 ebriosus,
850 1615 1182 1685 jejuniorum
1213 1615 1406 1683 legem.
1447 1612 1543 1665 Hic
1572 1617 1698 1681 ergo

133 1710 246 1777 quia
273 1709 520 1778 magistri
551 1717 806 1762 cenSetur
834 1708 1052 1761 nomine
1072 1747 1084 1769 ,
1124 1713 1178 1758 et
1217 1719 1324 1757 non
1354 1719 1481 1756 sana
1511 1703 1692 1783 docet,

1791 540 1839 582 et
1865 529 1968 598 ipse
1996 528 2128 581 lotus
2156 547 2314 599 aqua,
2344 529 2642 581 immundus
2668 530 2764 582 erit
2793 545 2954 600 usque
2981 528 3050 582 ad
3075 545 3362 598 vesperam.

1793 619 1851 677 Si
1888 621 2102 675 salivam
2132 613 2492 690 hujuscemodi
2529 621 2681 673 homo
2713 622 2901 690 jecerit
2939 638 3096 690 super
3124 638 3243 674 eum
3279 621 3367 694 qui

1792 713 2017 767 mundus
2047 726 2151 778 est,
2192 711 2383 766 Iurabit
2422 715 2720 790 vestimenta
2758 731 2889 779 sua,
2931 723 2977 768 et
3018 712 3155 768 lotus
3195 731 3365 788 aqua,

1792 806 2088 859 immundus
2129 805 2222 858 erit
2268 819 2428 872 usque
2469 806 2536 856 ad
2577 821 2860 875 vesperam.
2912 802 3020 875 (Ex
3057 800 3367 879 Hesychia.)

1792 895 1930 951 Eum
1972 896 2221 950 videlicet
2266 897 2353 964 qui
2403 895 2460 951 ﬁt
2508 899 2775 968 particeps
2822 897 3079 951 doctrina:
3126 896 3354 967 profana

1793 990 2070 1054 docentis,
2121 991 2452 1042 immundum
2490 1005 2608 1044 esse
2647 1007 2816 1060 usque
2851 991 2976 1044 dum
3015 991 3364 1059 semetipsum

1793 1082 1961 1134 diluat
2003 1097 2100 1150 per
2139 1081 2512 1152 pumitentiam
2555 1096 2674 1136 eam
2720 1097 2879 1150 quam
2924 1080 3200 1152 iegislator
3231 1099 3368 1156 prae-

1793 1174 1966 1243 cepit;
1998 1171 2109 1227 sive
2138 1173 2279 1226 ultro
2303 1172 2573 1244 quispiam
2603 1173 2873 1241 particeps
2899 1173 3164 1226 etliciatur
3190 1186 3370 1241 pravae

1794 1265 2089 1328 doctrinm,
2148 1266 2250 1318 hoc
2296 1272 2378 1316 est
2427 1263 2571 1316 enim
2627 1277 2846 1315 czu'uem
2902 1270 3119 1332 tangere
3167 1261 3370 1316 ﬂuxum

1797 1353 2017 1406 seminis
2043 1353 2294 1421 patientis
2320 1371 2330 1404 :
2364 1352 2476 1407 sive
2505 1352 2703 1406 docens
2730 1368 2797 1404 ex
2824 1367 2986 1420 opere
3014 1352 3219 1418 injiciat
3240 1369 3372 1421 quos

1800 1447 2082 1498 dummodo
2110 1446 2476 1513 semetipsum,
2503 1444 2918 1512 introducatque
2948 1459 3254 1498 sermonem
3281 1444 3376 1496 do-

1801 1537 1986 1590 ctrinm
2016 1552 2142 1597 sure,
2170 1536 2272 1589 hoc
2301 1546 2379 1589 est
2408 1536 2550 1587 enim
2579 1535 2801 1587 salivam
2835 1531 3116 1604 projicere.
3157 1532 3378 1602 Propter

1800 1625 1942 1693 quod
1987 1625 2203 1693 Aquila,
2255 1627 2299 1677 si
2351 1643 2506 1696 super
2553 1627 2849 1700 cxspuerit,‘
2903 1623 3283 1696 Symmachus,
3336 1623 3381 1676 si

1798 1717 2080 1785 cxspucrit,
2112 1717 2412 1770 ediderunt.
2450 1716 2644 1786 Sugma
2675 1733 2831 1785 super
2859 1717 2998 1786 quod
3026 1716 3244 1776 sederit,
3278 1714 3378 1766 im-

130 1803 213 1857 sed
239 1802 540 1871 corrumpit
570 1801 871 1855 doctrinam
912 1814 1074 1866 quam
1112 1796 1344 1866 profert,
1387 1811 1490 1849 non
1521 1803 1694 1864 potest

1810 1806 2045 1857 uundum
2082 1806 2176 1857 erit
2209 1822 2364 1874 usque
2404 1806 2470 1857 ad
2509 1822 2791 1873 vesperam.
2852 1805 3003 1857 Sicut
3045 1812 3278 1858 stratum
3323 1803 3378 1857 in

125 1893 225 1947 Deo
269 1893 412 1946 ﬁlios
455 1905 782 1960 procreare,
835 1891 976 1943 unde
1019 1898 1073 1942 et
1113 1889 1430 1958 proﬂuvium
1476 1889 1696 1942 seminis

122 1988 228 2056 pati
258 1981 484 2040 dicitur.
538 1985 603 2037 Et
633 1985 770 2036 bene
800 1982 1031 2036 dicitur:
1068 1979 1232 2034 Omne
1261 1988 1484 2034 stratum
1514 1980 1568 2032 in
1596 1997 1696 2049 quo

116 2079 415 2141 dormierit,
441 2076 767 2129 immundum
795 2075 908 2127 erit.
945 2073 1189 2127 Stratum
1220 2081 1399 2126 autem
1430 2072 1695 2142 magistri,

120 2170 239 2239 quia
271 2167 555 2237 proprium
592 2171 673 2219 est
707 2173 908 2217 stratus
948 2171 1006 2216 ut
1045 2164 1098 2216 in
1139 2179 1202 2218 eo
1241 2163 1541 2232 requiescat
1570 2179 1696 2234 pOS<

123 2273 294 2312 sessor
322 2256 444 2325 ejus
465 2297 479 2320 ,
517 2255 689 2309 modis
725 2256 978 2309 omnibus
1021 2255 1109 2309 ille
1150 2271 1248 2324 per
1275 2253 1377 2308 hoc
1408 2254 1700 2324 discipulus

121 2349 453 2418 intelligitur,
483 2348 536 2400 in
561 2362 668 2415 quo
692 2354 915 2416 propter
940 2346 1164 2399 nimiam
1195 2345 1558 2399 obedientiam
1587 2360 1701 2398 ma-

125 2439 280 2506 gister
309 2437 426 2504 ipse
471 2442 527 2488 et
571 2437 686 2502 ejus
726 2435 951 2503 spiritus
995 2435 1318 2504 requiescit;
1353 2433 1492 2502 quod
1525 2435 1699 2488 maui—

127 2527 278 2583 i‘estat
323 2527 532 2582 Paulus
575 2543 641 2580 ex
691 2527 772 2580 his
821 2542 940 2594 quae
988 2527 1053 2580 ad
1089 2526 1398 2580 Corinthios
1444 2526 1698 2594 scripsit,

126 2620 336 2675 laudans
378 2635 478 2675 eos
521 2620 663 2689 quod
691 2619 1008 2672 obedientes
1042 2619 1362 2685 semctipsbs
1401 2616 1522 2670 Tito
1564 2633 1703 2687 prae-

126 2718 350 2770 buerunt
376 2733 390 2768 :
425 2714 797 2768 Abundantius
827 2722 1001 2766 autem
1028 2711 1193 2781 gavisi
1221 2727 1401 2764 sumus
1431 2711 1484 2764 in
1511 2710 1703 2779 gaudio

129 2808 251 2872 Titi,
299 2809 426 2879 quia
475 2807 722 2876 requievit
769 2805 982 2874 spiritus
1024 2805 1138 2874 ejus
1181 2805 1236 2858 in
1283 2804 1519 2858 omnibus
1565 2803 1704 2856 vobis

127 2902 216 2971 (11
262 2902 387 2957 Cor.
445 2900 587 2969 vn).
646 2900 710 2954 ili
753 2915 881 2970 ergo
933 2900 1024 2968 qui
1063 2899 1332 2968 impudica
1384 2898 1608 2959 docent,
1655 2901 1708 2947 et

129 2996 349 3050 ﬁliorum
406 2994 778 3066 procreationi
840 2992 1262 3055 contradicunt,
1327 2989 1706 3060 legitimasque

123 3096 374 3158 respuunt
417 3088 673 3156 nuptias,
723 3093 783 3137 ut
824 3099 920 3153 per
947 3085 1050 3137 hoc
1078 3067 1487 3136 fornicationem
1534 3079 1704 3132 intro-

127 3180 342 3241 ducant,
390 3188 624 3250 propter
673 3177 776 3230 hoc
819 3181 875 3229 et
916 3174 1118 3227 ﬂuxum
1166 3171 1432 3244 patientes
1485 3167 1706 3222 seminis
1734 3151 1777 3212 (ἶ

125 3270 390 3334 dicuntur,
414 3281 480 3323 ut
507 3277 635 3338 pote
661 3265 892 3338 genitale
918 3279 1101 3318 semen
1126 3271 1178 3317 et
1199 3262 1506 3330 nuptiarum
1532 3260 1706 3324 legem

124 3373 568 3430 corrumpentes,
614 3359 679 3411 de
718 3356 912 3428 quibus
953 3355 1152 3408 Paulus
1190 3353 1442 3408 dicebat:
1478 3349 1614 3416 Quia
1652 3349 1706 3402 in

124 3452 408 3505 novissimis
452 3449 777 3518 temporibus
819 3446 1046 3500 recident
1076 3443 1289 3515 quidam
1328 3461 1360 3497 a
1399 3441 1503 3511 ﬁde
1533 3443 1707 3493 inten-

124 3539 295 3591 dentes
327 3541 606 3609 spiritibus
637 3537 831 3590 erroris
865 3545 912 3588 et
943 3535 1192 3588 doctrinis
1222 3533 1618 3590 dtemoniorum,
1657 3532 1710 3584 in

121 3631 438 3699 hypocrisin,
470 3629 823 3684 canteriatam
848 3625 1090 3680 habentes
1119 3624 1512 3685 conscientiam,
1537 3623 1713 3690 pro/ti-

125 3723 289 3777 beutes
323 3725 529 3778 nubere
569 3732 616 3776 et
653 3721 910 3774 abstinere
948 3738 978 3773 a
1013 3718 1141 3772 cibis
1181 3735 1308 3789 quos
1341 3718 1482 3771 Deus
1520 3718 1713 3769 creavit

124 3815 181 3865 ad
205 3813 618 3884 percipiendum
643 3810 694 3880 (1
724 3811 856 3863 Tim.
883 3810 981 3879 iv).
1024 3809 1264 3863 Stratum
1293 3809 1510 3877 quidem
1539 3813 1593 3861 et
1617 3823 1712 3859 vas

126 3903 419 3956 secundum
474 3898 796 3967 prmdictum
847 3899 1068 3951 modum
1120 3897 1257 3950 ﬁunt
1302 3899 1607 3965 quicunque
1658 3897 1712 3949 in

125 4005 324 4050 tantum
363 3989 649 4046 immundi
681 3997 834 4053 sunt,
879 3996 937 4042 ut
967 4003 1067 4042 nec
1094 3990 1498 4041 inundationem
1527 4003 1714 4041 eorum

124 4088 443 4154 praeciperet
478 4081 802 4151 legislator:
836 4079 939 4136 scit
969 4081 1113 4135 enim
1145 4096 1238 4135 eos
1265 4080 1335 4133 ita
1370 4079 1558 4133 morbo
1589 4077 1717 4133 atie-

126 4184 244 4238 ctos,
281 4185 344 4230 ut
375 4171 774 4244 pmnitentiam
805 4185 966 4241 agere
995 4167 1303 4224 nullatenus
1333 4168 1560 4238 possint.
1601 4169 1715 4222 Non
1757 4200 1762 4204 ι

127 4267 252 4320 enim
281 4283 349 4321 ex
384 4263 706 4335 ignorantia
739 4263 792 4316 in
825 4263 916 4315 taii
946 4261 1216 4326 doctrina,
1247 4262 1340 4316 sed
1363 4277 1528 4330 prava
1561 4262 1716 4315 habi-

130 4358 300 4412 tudine
341 4354 550 4411 infecti
579 4394 592 4417 ,
642 4354 696 4406 in
736 4354 1021 4422 impudicis
1060 4355 1295 4423 corrupti
1337 4367 1431 4408 seu
1471 4352 1715 4407 dissoluti

130 4457 239 4501 sunt
268 4447 483 4508 verbis,
520 4444 668 4498 unde
694 4444 858 4496 etian‘i
887 4444 937 4496 in
969 4451 1180 4496 tantum
1210 4443 1439 4497 libenter
1462 4442 1508 4496 ei
1537 4442 1718 4495 adhaa-

131 4547 318 4593 s-rrunt.
367 4537 435 4593 Si
469 4543 658 4590 autent
684 4534 797 4603 quis
830 4536 1050 4606 tetigerit
1081 4533 1324 4587 lectulum
1352 4534 1484 4602 ejus,
1521 4535 1572 4587 id
1602 4542 1714 4598 est,

132 4627 166 4675 si
193 4629 473 4696 particeps
506 4623 682 4678 fuerit
710 4626 1110 4692 sumpseritqne
1139 4625 1204 4678 de
1236 4624 1480 4678 doctrina
1505 4623 1641 4690 ejus,
1667 4633 1722 4678 et

131 4729 223 4768 non
265 4717 534 4774 insiderit
579 4714 924 4784 dogmatibus
967 4713 1084 4782 ejus
1124 4716 1214 4784 qui
1258 4732 1423 4785 prava
1463 4717 1622 4770 docet
1659 4733 1722 4771 ac

133 4808 334 4862 sordida
358 4850 371 4873 ,
427 4808 753 4876 iniquorum
793 4807 1080 4860 verborum
1124 4806 1239 4875 ejus
1278 4809 1571 4876 discipulus
1609 4811 1722 4863 cxi-

133 4902 299 4962 stens,
344 4914 445 4954 seu
492 4895 892 4965 discipulorum
923 4897 1104 4963 illius,
1145 4899 1246 4968 ipsi
1288 4901 1555 4967 siquidem
1599 4911 1727 4955 sunt

132 4987 234 5054 ejus
262 5007 398 5046 vasa
429 4999 490 5046 et
530 4996 792 5051 stratum,
820 4989 909 5056 qui
942 4990 1165 5044 audiunt
1188 5006 1306 5044 eum
1329 5032 1341 5054 ,
1374 4991 1487 5060 ipse
1516 5007 1727 5063 quoque

136 5078 438 5138 immundus
469 5087 565 5138 est
591 5098 606 5134 :
644 5080 786 5133 lavat
815 5087 992 5133 tamen
1018 5082 1338 5134 vestimenta
1368 5099 1461 5135 sua
1491 5100 1587 5152 per
1613 5101 1726 5153 pce-

135 5171 443 5238 nitentiam,
489 5173 647 5228 sicut
683 5186 825 5240 saepe
864 5171 1138 5224 diximus:
1179 5171 1245 5223 Et
1275 5174 1382 5241 ipse
1418 5173 1552 5227 lotus
1592 5194 1725 5247 aqua

136 5255 489 5331 lacrymarum
542 5259 629 5315 vel
671 5260 945 5328 baptismi,
985 5261 1288 5313 immundus
1327 5263 1422 5314 erit
1461 5281 1622 5334 usque
1659 5267 1728 5318 ad

136 5362 389 5419 vesperam
409 5393 424 5417 ,
459 5364 653 5421 usque
681 5351 806 5405 dum
841 5359 1051 5420 tempus
1077 5352 1346 5420 compleat
1373 5355 1725 5421 poenitentiae.

140 5435 299 5510 Hujus
325 5445 480 5499 enim
514 5445 751 5512 ﬁguram
772 5435 995 5511 vespera
1019 5442 1074 5495 in
1098 5443 1280 5497 multis
1303 5444 1462 5513 gerit,
1487 5453 1539 5498 et
1565 5447 1733 5500 maxi-

139 5536 356 5603 mequia
385 5537 443 5591 in
471 5535 955 5592 consummatione
979 5535 1314 5598 saeculorum,
1341 5537 1515 5601 idest,
1538 5551 1731 5592 occasu

138 5628 418 5688 pmwntis
458 5625 686 5689 saeculi,
729 5625 981 5682 Christus
1021 5627 1175 5682 nobis
1212 5627 1528 5698 praedicavit
1552 5629 1730 5700 paeni-

139 5720 378 5776 tentiam.
419 5718 734 5788 Sequitur:

1799 1912 1903 1963 quo
1937 1897 1979 1948 is
2010 1896 2098 1965 qui
2136 1895 2336 1948 tinnitu
2370 1897 2592 1950 seminis
2621 1898 2824 1964 patitur
2853 1897 3172 1966 requiescit,
3213 1905 3260 1949 et
3291 1911 3380 1949 vas

1797 1988 1852 2041 in
1903 2006 2004 2058 quo
2051 1991 2190 2041 sedet
2242 1991 2435 2054 nimis,
2495 1990 2649 2042 valde
2711 1989 2787 2042 eis
2838 1989 3174 2042 adiurarentes
3221 1987 3383 2042 disci-

1799 2079 1984 2149 pulos,
2031 2095 2351 2147 omnenujue
2397 2095 2581 2134 eorum
2631 2079 3026 2148 t'luodanunodo
3079 2078 3384 2132 doctrinam

1801 2173 2131 2243 excipientes
2161 2171 2415 2236 diximus,
2448 2172 2538 2242 qui
2578 2173 2739 2225 etiam
2782 2178 2908 2225 sunt
2947 2169 3067 2223 duri
3108 2168 3289 2222 cordis
3326 2174 3387 2220 ut

1803 2265 1986 2318 ﬁctilia
2019 2273 2074 2318 et
2105 2263 2278 2334 lignea
2299 2306 2312 2329 ,
2345 2280 2407 2318 ac
2439 2263 2648 2332 lapidea
2676 2280 2834 2328 vasa,
2875 2279 2992 2331 quae
3021 2259 3236 2315 difﬁcile
3263 2275 3386 2313 mu-

1803 2357 1904 2410 tari
1942 2355 2028 2411 vel
2076 2355 2273 2409 ruoHiri
2322 2364 2586 2425 possunt:
2636 2355 2716 2408 sic
2753 2355 2917 2407 etiam
2963 2352 3017 2406 in
3057 2366 3244 2421 sagina
3271 2349 3380 2414 hic,

1803 2449 1936 2510 sive,
1967 2457 2024 2500 ut
2055 2446 2405 2517 Septuaginta
2437 2446 2754 2510 ediderunt,
2805 2445 2858 2496 in
2887 2459 3066 2513 sugma
3098 2441 3254 2504 asini,
3288 2456 3387 2492 ne-

1804 2539 2174 2610 gligentiorem
2212 2538 2428 2605 quidem
2463 2535 2807 2607 discipulum,
2838 2533 2930 2590 sed
2963 2544 3142 2587 tamen
3172 2530 3388 2586 mollius

1805 2629 2092 2681 habentem
2141 2641 2236 2680 cor
2279 2625 2346 2692 ad
2394 2625 2833 2679 commutaudum
2879 2639 2977 2688 se,
3020 2621 3202 2675 mollia
3241 2619 3384 2673 enim

1807 2726 2068 2787 saginata,
2102 2717 2238 2770 asini
2270 2716 2548 2786 legislator
2577 2715 2859 2779 intellexit,
2893 2715 2988 2782 sed
3014 2715 3060 2767 is
3083 2714 3208 2782 quia
3230 2712 3388 2765 bonis

1806 2810 2083 2876 magistris
2111 2809 2311 2872 excuti,
2360 2806 2444 2862 vel
2493 2808 2641 2870 dilui,
2687 2816 2848 2875 atque
2893 2820 3145 2873 respuere
3187 2802 3387 2855 malum

1808 2899 2184 2967 discipulatum
2212 2905 2413 2966 potest,
2434 2899 2560 2966 quia
2587 2897 2712 2952 talia
2738 2905 2863 2950 sunt
2891 2911 3007 2964 quae
3035 2894 3390 2963 Septuaginta

1807 2991 2128 3058 episugnmta
2155 2989 2444 3057 appellant,
2480 2987 2530 3040 id
2558 2996 2662 3050 est,
2693 2995 2948 3040 stratura:
2975 3004 2987 3037 :
3024 2995 3077 3038 et
3109 2985 3220 3054 ipse
3246 2984 3396 3037 vidc-

1808 3077 1936 3132 licet
1965 3079 2274 3131 immundus
2303 3079 2436 3142 erit,
2482 3092 2654 3146 usque
2680 3077 2804 3130 dum
2837 3075 2903 3129 ad
2933 3074 3306 3144 paenitentiam
3335 3087 3394 3127 se

1810 3169 2054 3222 verterit.
2094 3168 2162 3221 Et
2193 3170 2361 3222 omnis
2391 3168 2481 3239 qui
2513 3168 2735 3237 tetigerit
2762 3165 3015 3237 quidquid
3043 3165 3134 3218 sub
3171 3181 3230 3218 eo
3264 3164 3391 3228 erit,

1809 3260 2111 3314 immundus
2139 3260 2233 3313 erit
2264 3277 2422 3330 usque
2463 3258 2530 3311 ad
2570 3273 2862 3328 vesperam,
2903 3266 2951 3309 et
2988 3256 3076 3326 qui
3114 3253 3396 3324 portaverit

1811 3343 1997 3404 hor-unt
2039 3351 2261 3421 aliquid,
2304 3350 2493 3403 latrabit
2531 3351 2831 3403 restimenla
2865 3366 2985 3413 sua,
3025 3359 3070 3402 et
3109 3347 3219 3418 ipse
3256 3346 3394 3399 lotus

1811 3459 1947 3512 aqua
1979 3442 2279 3495 immundus
2307 3444 2403 3495 erit
2431 3459 2590 3512 usque
2621 3442 2688 3494 ad
2718 3457 3004 3510 uesperum.
3168 3438 3394 3510 eodem.)

1811 3531 2148 3585 Generaliter
2169 3533 2352 3585 sanxit
2375 3549 2481 3585 non
2503 3531 2665 3586 licere
2696 3532 2840 3601 tangi
2871 3530 3104 3584 fructum
3129 3529 3397 3584 labiorum

1813 3635 2022 3686 eorum,
2051 3624 2142 3689 qui
2174 3623 2402 3691 subjecti
2435 3631 2562 3675 sunt
2587 3621 2763 3675 ell‘ecti
2799 3620 3030 3690 profana
3057 3619 3393 3683 docentibus,

1815 3711 1904 3780 qui
1956 3712 2310 3766 subdiderunt
2357 3713 2680 3781 semetipsos
2725 3711 3122 3781 quodammodo
3170 3710 3395 3776 verbis,

1815 3815 1978 3875 atque
2002 3805 2320 3875 iucongruis
2342 3803 2604 3857 doctrinis
2629 3804 3036 3858 substernentes
3057 3816 3114 3856 se
3140 3819 3150 3854 :
3179 3802 3404 3871 quicun-

1815 3913 1920 3967 que
1957 3906 2138 3950 autem
2179 3897 2291 3950 hrec
2325 3896 2562 3966 tetigerit
2585 3936 2599 3957 ,
2643 3905 2735 3949 aut
2767 3885 3072 3963 quicunque
3103 3891 3402 3964 portaverit

1815 3988 2009 4041 horum
2040 3986 2272 4055 aliquid,
2317 3986 2369 4039 id
2399 3995 2507 4051 est,
2540 3987 2632 4054 qui
2668 3987 2719 4040 in
2749 3985 3094 4054 semetipsum
3127 3986 3230 4038 hoc
3259 3969 3401 4052 quod

1817 4080 2022 4134 dictum
2063 4087 2145 4132 est
2181 4087 2464 4149 peccatum
2507 4079 2843 4148 susceperit,
2897 4077 3009 4131 sive
3044 4065 3396 4147 imposuerit,

1820 4170 2172 4225 nihilominus
2204 4170 2301 4239 ipsi
2332 4171 2628 4224 scentulum
2659 4169 2971 4238 ιηἐυάὶςῑυιη
2998 4170 3216 4221 modum
3239 4165 3402 4220 habet

1819 4261 2178 4314 necessariam
2212 4261 2609 4330 pmnitentiam.
2664 4259 2850 4316 Omnis
2880 4261 2968 4329 qui
3003 4259 3267 4330 tetigerit,
3307 4257 3399 4325 qui

1818 4352 1941 4406 talis
1972 4359 2072 4416 est,
2106 4368 2211 4406 non
2241 4352 2365 4406 lotis
2396 4362 2519 4407 ante
2547 4351 2816 4416 manibus,
2847 4350 3050 4403 lavabit
3082 4349 3401 4400 vestimenta

1821 4461 1937 4509 sua,
1957 4453 2010 4498 et
2032 4444 2172 4499 lotus
2193 4461 2331 4513 aqua
2356 4445 2666 4499 immundus
2687 4445 2794 4497 erit
2815 4455 2986 4510 usque
3011 4440 3076 4492 ad
3099 4451 3399 4506 vesperam.

1824 4537 2143 4590 Necessario
2183 4537 2541 4606 prtescntibus
2583 4535 2764 4590 verbis
2809 4549 2939 4585 usus
2983 4537 3067 4584 est
3107 4525 3401 4598 lcgislutor,

1826 4643 1891 4682 ne
1939 4629 2159 4682 omnino
2203 4629 2358 4681 nobis
2403 4627 2705 4696 desperatio
2744 4626 2894 4680 ﬁeret
2928 4624 2992 4678 de
3027 4621 3405 4690 conjunctione

1827 4721 2068 4775 docentis
2112 4736 2275 4788 prava
2301 4761 2314 4782 ,
2368 4721 2460 4773 sed
2511 4719 2653 4771 illam
2699 4726 2903 4772 tantum
2947 4733 3066 4787 quae
3097 4726 3200 4782 est,
3234 4733 3406 4786 usque

1829 4814 1951 4866 dum
1981 4809 2235 4879 respiciat
2265 4810 2328 4862 ad
2361 4809 2756 4876 paenitentiam.
2792 4808 2966 4878 Atque
2999 4807 3117 4863 ideo
3147 4817 3271 4863 sunt
3301 4810 3403 4863 im-

1829 4904 2046 4968 mundi,
2093 4917 2443 4971 quoscumqu
2476 4900 2675 4954 fluxum
2709 4902 2931 4956 seminis
2969 4903 3181 4972 patiens
3216 4903 3405 4972 tetige-

1832 4993 1926 5057 rit,
1950 4992 1999 5045 id
2028 5001 2132 5057 est,
2157 4992 2352 5060 quibus
2375 4990 2690 5044 commistus
2718 4989 2897 5045 fuerit.
2926 4991 3044 5045 Non
3073 4991 3196 5045 lotis
3225 5002 3404 5045 autem

1835 5086 2084 5139 manibus
2121 5100 2295 5154 aqua,
2347 5084 2573 5136 necdum
2606 5083 2855 5137 videlicet
2905 5099 3054 5138 snam
3103 5085 3267 5154 vitam
3313 5102 3408 5154 per

1834 5181 2206 5250 pmniteutiam
2239 5179 2437 5242 abluit;
2478 5177 2661 5231 lavare
2691 5179 2957 5249 siquidem
2991 5196 3199 5241 manus,
3235 5179 3411 5232 sordis

1837 5269 2116 5338 cujusdam
2147 5278 2201 5321 et
2229 5269 2451 5322 maculxe
2483 5267 2870 5338 depositioncm
2905 5267 3230 5322 manifestat.
3277 5265 3409 5336 Pro—

1837 5373 1957 5431 pter
1996 5361 2135 5431 quod
2175 5360 2342 5414 David
2380 5361 2592 5415 dicebat
2630 5380 2642 5414 :
2697 5359 2903 5415 Larabo
2944 5361 3076 5414 inter
3114 5362 3409 5412 innocentes

1833 5467 2017 5506 manus
2049 5469 2219 5517 meas,
2254 5461 2300 5504 et
2329 5453 2554 5506 circuibo
2585 5453 2752 5505 altare
2780 5462 2954 5515 tuum,
2989 5450 3204 5502 Domine
3233 5443 3406 5516 (Psal.

1831 5540 1980 5611 xxv).
2022 5539 2091 5593 Et
2119 5559 2204 5594 ras
2231 5541 2388 5609 βοτηε
2417 5544 2755 5613 quodcunque
2782 5539 3002 5610 tetigerit
3030 5540 3073 5590 is
3099 5539 3184 5606 qui
3217 5539 3413 5595 ‘luxttm
3447 5561 3457 5612 ξ

1832 5631 2042 5684 seminis
2076 5633 2292 5698 patitur,
2325 5634 2698 5702 confringetur,
2741 5648 2826 5682 vas
2864 5637 3038 5680 autent
3071 5625 3300 5696 ligneum
3326 5627 3408 5684 ιο-
3449 5615 3455 5649 ί

1831 5723 2035 5778 vabitur
2060 5740 2196 5795 aqua
2225 5731 2271 5778 ct
2302 5723 2549 5778 mundum
2581 5722 2698 5776 erit.
2752 5717 2860 5789 (Ea:
2889 5715 3116 5786 eodem.)
3154 5715 3213 5772 In
3242 5734 3406 5786 supe-
