3892 6344
456 373 570 440 ¹40⁴Ὶ

1105 381 1164 434 B.
1206 377 1466 434 RABANI
1505 375 1731 435 MAURI
1767 367 2090 432 ARCHIEP‘.
2119 373 2466 433 MOGUN'I':
2491 377 2778 436 UPERUM
2812 379 2994 436 PARS
3043 380 3085 436 1.

3625 388 3720 446 408

461 493 697 548 unum
717 491 896 562 "hujus
934 489 1090 560 legis
1117 487 1504 559 ln-"qua"dixit
1532 527 1546 552 ,
1593 486 1797 582 ﬂumini
1825 487 2130 582 seminisz-
2154 481 2460 544 numeravit
2506 492 2746 558 sitm-id
2787 500 2903 559 est,
2944 496 3605 568 'epe'rationesrﬁpiritus,
3647 504 3729 560 hic

454 585 792 656 patientem;
818 577 1094 652 "quoslibet
1118 580 1369 635 homines
1398 586 1622 649 tangere
1638 617 1653 642 ,
1687 576 1924 632 dicimus
1949 591 2046 632 eos

457 676 660 745 quibus
691 675 808 744 ipse
841 685 902 728 se
921 683 1103 742 prava
1131 673 1334 727 docens
1361 669 1690 735 immiscuit,
1730 677 1786 724 et
1814 670 2048 738 sumpsit

449 766 849 836 adquamdam
889 765 1206 819 societatem
1243 763 1368 827 sui;
1415 763 1522 816 hoc
1557 760 1702 816 enim
1739 767 1824 815 est
1859 767 2047 829 aperte

451 845 703 929 iangere.
755 855 914 912 Unde
941 861 996 910 et
1019 847 1224 910 Paulus
1251 857 1473 924 propter
1502 853 1820 907 societatem
1849 851 2045 906 mulie-

449 949 611 1006 brem
641 948 974 1005 cavendam:
1008 945 1216 1000 Bonum
1242 951 1340 1008 est,
1371 943 1567 1011 inquit,
1611 942 1812 995 homini
1853 941 2046 994 mutie-
2091 1023 2093 1025 Ι

449 1033 567 1095 rem
591 1047 712 1093 non
740 1043 988 1108 tangere;
1034 1043 1246 1106 prbpter
1273 1031 1640 1103 fornicationis
1670 1041 1845 1086 autem
1874 1047 2045 1086 unita-

450 1115 675 1205 iquisqué
715 1135 1120 1186 suam-uxorem
1162 1127 1370 1190 habeat,
1426 1131 1478 1178 et
1521 1137 1849 1195 unaquaeque
1890 1138 2046 1176 suum

458 1222 625 1274 virum
655 1217 851 1283 (ἴσον.
879 1216 1002 1286 ru).
1054 1213 1121 1269 Hi
1162 1227 1293 1285 ergo
1319 1225 1454 1268 vasa
1495 1212 1614 1283 ejus
1651 1211 1833 1267 eﬁ‘ectl
1876 1222 2042 1277 sunt,

449 1313 766 1367 ’doctrln‘a’m‘
787 1309 879 1379 qui
907 1309 976 1363 ab
1007 1307 1230 1362 colicet
1265 1311 1493 1376 parvam
1522 1310 1911 1374 susceperunt,
1951 1317 2045 1358 ne-

449 1411 563 1476 que
592 1401 735 1459 enim
764 1399 1071 1472 supersedit
1099 1400 1179 1454 eis
1199 1440 1214 1465 ,
1245 1399 1299 1453 id
1329 1406 1445 1463 est,
1475 1411 1583 1452 non
1615 1404 1786 1451 totam
1814 1397 1869 1452 in
1899 1398 2044 1467 ipsos

457 1511 607 1553 suam
639 1495 944 1550 doctrinam
983 1491 1323 1555 exinanivit,
1373 1490 1557 1560 tetigit
1602 1497 1784 1544 tamen
1829 1497 2043 1560 partem

453 1587 742 1658 quamdam
777 1587 1030 1649 tradens;
1078 1593 1460 1654 permanentes
1504 1583 1672 1654 igitur
1705 1583 1917 1648 ﬁctiles,
1989 1583 2046 1638 id

454 1687 558 1741 est,
587 1676 809 1745 fragiles
837 1682 892 1729 et
923 1673 1166 1737 terreni,
1210 1673 1276 1726 ad
1307 1672 1481 1726 lutum
1518 1687 1677 1726 suum
1718 1679 1772 1726 et
1815 1672 1884 1726 ad
1918 1686 2044 1726 cor--

455 1771 760 1841 ruptionem
781 1767 880 1822 luti
904 1768 1266 1830 intendentes,
1285 1765 1411 1833 quia
1435 1773 1860 1836 corrumpuntur
1880 1765 2045 1819 etiam

2147 587 2340 640 octava
2371 582 2485 650 die,
2531 583 2586 637 id
2625 593 2752 651 est,r
2775 586 2830 639 in
2861 587 3043 655 gratia
3081 586 3334 645 videlicet
3367 589 3592 657 Christi,
3620 609 3726 663 qua

2135 677 2344 724 octava
2385 673 2472 726 die
2506 675 2928 732 resurrectionis
2963 678 3162 732 enituit
3195 693 3301 734 seua
3329 679 3546 746 demit,
3573 686 3727 740 sacri-

2147 757 2560 820 ﬁciumloﬂerr-e
2580 764 2766 835 jussus
2790 774 2896 820 est.
2928 767 3086 833 Quod
3112 779 3205 823 est
3229 778 3414 824 autem
3444 771 3551 827 hoc
3576 775 3725 830 saui-

2149 848 2376 906 ﬁeium?
2405 853 2460 908 id
2484 864 2571 909 est
2595 857 2732 911 duos
2758 865 3020 924 turtures,
3051 868 3154 913 aut
3167 861 3305 915 duos
3329 861 3513 930 pullos
3531 864 3725 918 colum-

2147 945 2372 1009 barum,
2401 944 2636 1015 ‘dignum
2663 946 2977 1004 doctoribus
3005 950 3360 1006 sacriﬁcium.
3415 953 3723 1012 Eat-alitibus

2126 1035 2294 1090 :eni-m
2339 1045 2468 1090 sunt
2515 1038 2632 1093 hanc
2679 1039 2934 1094 animalia
2957 1081 2971 1105 ,
3007 1048 3080 1095 et
3115 1043 3337 1112 quidem
3367 1051 3554 1100 turtur
3583 1049 3722 1117 quasi

2131 1126 2547 1181 meditatorium
2569 1140 2658 1183 est
2674 1130 2910 1196 animal;
2936 1131 3187 1187 columba
3208 1143 3433 1204 propter
3447 1138 3722 1206 generandi

2147 1215 2530 1288 frequentiam,
2556 1230 2610 1276 et
2633 1232 2856 1292 propter
2880 1223 3286 1293 simplicitatem
3307 1227 3487 1281 sancti
3509 1225 3725 1298 Spiritus

2125 1311 2401 1382 .dwignat
2423 1313 2716 1384 imaginem
2742 1331 2755 1368 :
2786 1324 3005 1386 oportet
3031 1318 3180 1374 enim
3201 1320 3492 1375 doctorem
3522 1322 3724 1377 medita-

2147 1402 2278 1457 tioni
2313 1404 2541 1474 Spir-itali
2572 1419 2791 1476 operam
2833 1412 2964 1464 dare
2986 1451 3000 1474 ,
3031 1418 3254 1480 propter
3279 1413 3426 1481 quod
3457 1421 3521 1467 ut
3553 1427 3722 1468 sacer-

2145 1495 2329 1551 dotem
2356 1505 2412 1551 et
2441 1499 2758 1568 magistrum
2793 1500 3113 1572 sibimetipsi
3143 1517 3361 1557 sumere
3391 1502 3501 1558 hoc
3527 1505 3722 1560 sacriﬁ-

2145 1587 2288 1642 cium
2329 1589 2605 1658 prtecepit.
2647 1588 2800 1654 Quod
2837 1591 2892 1644 in
2933 1591 3039 1646 alio
3087 1592 3360 1648 sacriﬁcio
3407 1595 3518 1648 nisi
3559 1611 3723 1650 rursus

2145 1678 2440 1733 sacerdotis
2465 1678 2693 1747 alicujus
2716 1680 2880 1733 fuerit
2902 1695 2965 1734 ac
2997 1683 3264 1753 magistri,
3287 1683 3496 1740 dixisse
3511 1686 3722 1740 nullate-

2143 1767 2247 1822 nus
2273 1768 2558 1822 invenitur.
2575 1769 2858 1839 lpsamque
2887 1771 3097 1826 deferre
3114 1773 3345 1828 hostiam
3360 1775 3429 1829 ad
3447 1777 3646 1831 ostium
3658 1789 3723 1831 ta-

454 1878 483 1915 a
524 1861 798 1930 paucitate
831 1859 1123 1914 verborum
1144 1898 1159 1923 ,
1203 1856 1521 1911 necessario
1556 1863 1945 1921 conteruntur;
1997 1858 2044 1912 si
2073 1875 2122 1937 B
2147 1858 2424 1914 bernaculi
2449 1860 2763 1925 testimonii,
2785 1861 2850 1915 ad
2879 1863 3247 1930 apostolorum
3270 1865 3528 1922 videlicet
3547 1869 3722 1923 doctri-

454 1959 638 2005 autem
667 1948 871 2019 lignei,
919 1948 1046 2016 quia
1088 1947 1266 2016 lignea
1307 1963 1436 2002 vasa
1468 1948 1630 2003 luteis
1677 1962 1740 2002 ac
1786 1947 2043 2003 ﬁctilibus

453 2041 602 2096 vasis
624 2039 853 2094 fortiora
879 2047 1005 2093 sunt
1025 2039 1335 2109 diutiusque
1359 2039 1850 2108 subsistunt,‘aqua
1875 2037 2041 2093 lavati

453 2131 787 2186 mundantur
814 2149 826 2183 :
860 2143 1037 2200 neque
1063 2131 1205 2184 enim
1239 2131 1436 2185 insedit
1463 2131 1518 2183 in
1549 2130 1648 2194 eis,
1689 2145 1792 2185 nec
1825 2144 2044 2184 omnem

454 2223 594 2293 ejus,
625 2223 767 2276 sicut
792 2221 1049 2286 diximus,
1083 2221 1286 2274 malam
1316 2220 1623 2275 doctrinam
1653 2230 2039 2290 susceperunt;

452 2314 807 2382 quamobrem
832 2328 935 2367 nec
962 2313 1040 2367 sic
1065 2311 1436 2377 inﬁrmantur,
1464 2319 1522 2364 ut
1548 2327 1646 2380 per
1665 2313 2043 2381 paenitentiam

453 2405 634 2458 sanari
675 2419 784 2458 non
825 2404 1056 2472 possint.
1116 2403 1261 2473 Ergo
1312 2403 1542 2457 intentio
1587 2411 1671 2458 est
1719 2403 2044 2474 legislatoris

452 2497 740 2553 ostendere
771 2497 861 2566 qui
893 2495 1270 2565 paenitentiam
1298 2501 1479 2564 agant,
1512 2494 1598 2550 vel
1629 2495 1722 2565 qui
1757 2510 1888 2560 non,
1915 2497 2043 2567 quia

447 2589 829 2666 paenitentiam
857 2587 1144 2660 agentibus
1169 2587 1316 2642 salus
1345 2585 1593 2641 oﬁ‘ertur.

527 2680 589 2742 Si
616 2689 836 2734 sanatus
868 2679 1028 2749 fuerit
1055 2679 1146 2750 qui
1176 2676 1542 2749 hujuscemodi
1579 2679 1800 2732 sustinet
1834 2678 2043 2747 passio-

452 2788 588 2836 nem,
624 2770 918 2825 numerabit
947 2776 1140 2839 septem
1171 2767 1284 2822 dies
1306 2777 1422 2838 post
1454 2767 1878 2822 emundationem
1917 2767 2001 2821 sui
2023 2785 2043 2834 ;

450 2871 500 2915 et
541 2859 663 2917 lotis
706 2859 931 2914 vestibus
969 2875 1031 2912 ac
1066 2867 1174 2913 toto
1213 2873 1430 2930 corpore
1473 2857 1528 2910 in
1573 2858 1724 2927 aquis
1759 2857 2042 2913 viventibus

449 2956 548 3009 erit
587 2953 833 3008 mundus.
892 2949 1000 3021 (Ea:
1043 2949 1270 3022 eodem.)
1327 2949 1602 3005 Mundatio
1651 2956 1736 3004 est
1786 2950 1902 3020 ejus
1951 2949 2042 3018 qui

450 3045 654 3100 ﬂuxum
697 3045 924 3099 seminis
959 3044 1182 3113 patitur,
1229 3044 1476 3099 eamdem
1519 3043 1924 3111 corruptionem
1956 3057 2044 3097 se-

449 3136 613 3190 minis
633 3149 974 3202 nequaquam
1001 3133 1228 3188 ulterius
1252 3134 1546 3188 sustinere.
1584 3132 1642 3189 Si
1665 3147 1796 3202 ergo
1819 3132 2040 3186 sordida

447 3239 726 3295 pravaquc
753 3241 815 3278 ac
843 3223 1049 3278 nefaria
1080 3224 1348 3294 quispiam
1380 3225 1578 3279 docens
1615 3225 1940 3289 cessaverit,
1979 3233 2040 3278 ut
2069 3249 2114 3314 ο

448 3327 577 3388 pote
607 3318 698 3386 qui
729 3316 962 3371 cessavit
998 3331 1029 3368 a
1069 3315 1162 3369 tali
1202 3315 1576 3384 impudicitia,
1615 3315 1853 3369 mundus
1891 3324 2040 3370 recte

450 3409 688 3466 dicitur:
732 3423 830 3478 pro
869 3405 1102 3462 sordidis
1137 3413 1319 3461 autem
1358 3407 1704 3462 sermonibus
1739 3421 1876 3475 quos
1910 3405 2045 3460 eﬁ‘u—

450 3501 552 3566 dit,
582 3501 734 3570 prius
765 3514 990 3555 necesse
1021 3499 1187 3554 habet
1215 3507 1422 3568 septem
1450 3498 1566 3552 dies
1593 3497 1941 3553 dinumerare
1976 3497 2044 3552 ad

448 3591 818 3647 omnimodam
854 3591 1294 3647 emundationem
1314 3631 1328 3656 ,
1365 3605 1486 3660 quae
1513 3589 1796 3661 perﬁcitur
1821 3607 1920 3662 per
1949 3593 2043 3648 ad—

447 3691 670 3740 ventum
699 3683 902 3739 Christi
942 3682 1508 3752 ministrationemque
1549 3682 1782 3753 Spiritus
1826 3685 2038 3752 sancti,

449 3775 606 3846 cujus
646 3775 908 3846 septiplex
946 3776 1146 3831 donum
1186 3774 1342 3831 nobis
1372 3774 1541 3830 Isaias
1573 3775 1865 3846 exposuit,
1915 3792 2039 3832 cum

449 3865 565 3921 ait:
606 3861 835 3936 Spiritus
861 3866 1133 3935 sapientia:
1162 3873 1208 3919 et
1239 3864 1557 3930 intellectus,
1586 3865 1804 3935 spiritus
1829 3866 2041 3920 consilii

447 3964 497 4013 et
524 3955 869 4027 fortitudinis,
903 3956 1118 4026 spiritus
1145 3956 1381 4010 scientiae
1405 3963 1455 4008 et
1482 3956 1717 4025 pietatis,
1750 3964 1799 4010 et
1824 3958 2040 4027 spiritus

447 4051 655 4106 timoris
681 4049 897 4103 Domini
925 4047 1058 4118 (Isa.
1087 4048 1188 4120 xi).
1240 4048 1448 4113 Quibus
1475 4047 1728 4102 omnibus
1757 4057 1918 4120 egent
1944 4050 2039 4119 qui

443 4137 748 4214 perfectam
798 4137 1210 4192 mundationem
1255 4139 1357 4193 sibi
1409 4140 1689 4208 procurari
1726 4140 1955 4205 volunt,
2007 4156 2038 4194 a

435 4228 658 4286 'malitia
689 4243 810 4298 qua:
838 4235 922 4281 est
951 4227 1002 4279 in
1031 4227 1327 4292 locutione,
1369 4230 1482 4283 sive
1512 4230 1567 4282 in
1596 4230 1876 4298 Operibus.
1929 4231 2038 4286 Sed

448 4327 506 4374 et
543 4333 683 4389 aqua
709 4317 830 4371 viva
871 4315 1052 4370 lavant
1078 4313 1402 4371 vestimenta
1441 4326 1497 4373 et
1532 4333 1772 4388 corpus:
1813 4335 1933 4389 qum
1967 4323 2038 4376 sit

433 4395 578 4468 vero
604 4411 686 4466 vis
714 4409 1167 4466 vestimentorum
1197 4417 1252 4464 et
1279 4410 1545 4478 corporis,
1589 4410 1722 4465 satis
1747 4419 1832 4466 est
1859 4411 1916 4465 in
1943 4427 2034 4466 su-

445 4503 756 4576 perioribus
786 4501 1236 4558 demonstratum.
1285 4499 1441 4572 Aqua
1472 4509 1652 4557 autem
1677 4504 1800 4557 viva
1830 4503 2028 4567 lavant,

446 4591 540 4649 illa
566 4593 838 4684 videlicet,
859 4593 925 4684 de
949 4591 1576 4684 quaACbristusrdicebat
1598 4612 1621 4684 τί
1649 4594 1753 4660 Qui
1781 4596 1945 4650 credit
1975 4597 2032 4651 in
2062 4623 2116 4684 Β

445 4698 548 4748 me,
599 4683 733 4736 sicut
786 4681 913 4736 dicit
964 4681 1269 4756 Scriptura,
1320 4683 1542 4752 ﬂumina
1587 4683 1652 4737 de
1699 4694 1876 4738 ventre
1918 4685 2034 4755 ejus

433 4757 611 4848 ‘ﬂuent
643 4791 794 4847 aquce
819 4771 950 4830 viva:
973 4773 1156 4848 (Joan.
1185 4777 1303 4846 vn).
1360 4776 1428 4830 Et
1455 4791 1683 4831 rursus:
1722 4777 2034 4850 Quicunque

449 4865 576 4920 bibit
613 4882 678 4920 ea:
715 4883 854 4937 aqua
882 4884 1040 4938 quam
1075 4884 1166 4938 ego
1197 4867 1263 4921 do
1295 4868 1364 4934 ei,
1401 4868 1490 4936 fiet
1527 4870 1583 4923 in
1624 4885 1682 4923 eo
1723 4869 1840 4939 fons
1883 4887 2034 4941 aqua:

446 4955 685 5010 salientis
715 4956 770 5008 in
797 4956 957 5009 vitam
985 4966 1231 5010 trternam
1249 4956 1430 5026 (Joan.
1451 4957 1549 5029 Iv).
1581 4959 1722 5030 Ergo
1751 4962 2033 5016 mundatio

446 5061 616 5117 prava
647 5045 889 5101 docentis
926 5059 1027 5114 per
1061 5047 1258 5100 bonam
1293 5047 1700 5118 legitimamque
1728 5050 2033 5105 doctrinam

445 5136 737 5209 provenit:
769 5136 885 5191 haec
911 5142 996 5191 est
1021 5136 1166 5189 enim
1192 5136 1311 5190 viva
1341 5151 1499 5206 aqua,
1531 5138 1657 5208 quia
1683 5139 1851 5193 vitam
1877 5140 1945 5194 ad
1973 5155 2034 5196 se

450 5226 728 5283 accedenti
756 5233 996 5294 praestat.
1035 5223 1331 5292 Sequitur:

518 5317 620 5371 Die
664 5326 838 5370 autem
885 5324 1065 5371 octavo
1109 5325 1272 5370 sumet
1317 5316 1448 5372 duos
1491 5326 1722 5374 turtures
1765 5332 1855 5375 aut
1898 5323 2032 5378 duos

447 5407 621 5479 pullos
658 5406 930 5473 columbaa,
975 5413 1023 5460 et
1062 5406 1226 5461 veniet
1265 5407 1321 5460 in
1360 5419 1637 5479 conspectu
1677 5410 1910 5478 Domini,
1962 5415 2031 5467 ad

450 5503 640 5556 ostium
674 5500 999 5556 tabernaculi
1023 5502 1323 5568 testimonii,
1352 5503 1597 5574 dabitque
1629 5522 1716 5560 eos
1745 5508 2027 5574 sacerdoti,

447 5593 539 5664 qui
569 5594 726 5662 faciet
763 5611 928 5648 unum
963 5611 1060 5665 pro
1093 5607 1326 5666 peccato,
1363 5605 1412 5648 et
1442 5595 1664 5650 alterum
1694 5598 1749 5651 in
1777 5599 2030 5654 holocau-

449 5691 608 5737 stum.
635 5682 953 5758 Rogabitque
976 5702 1070 5757 pro
1095 5703 1155 5742 eo
1178 5703 1351 5742 caram
1379 5687 1619 5751 Domino,
1642 5698 1697 5741 ut
1722 5692 2031 5745 cmundetur

453 5792 486 5830 a
516 5776 658 5832 ﬂuxu
693 5780 901 5836 seminis
925 5781 1027 5836 sui.
1073 5779 1182 5849 (Ear-
1212 5779 1520 5852 Hesychia.)
1550 5780 1653 5848 Qui
1679 5789 1885 5852 septem
1913 5784 2030 5840 dies

2148 1963 2267 2014 nas,
2296 1949 2364 2003 ad
2393 1949 2574 2004 velum
2603 1950 2936 2005 tabernaculi
2972 1953 3286 2019 testimonii,
3320 1955 3374 2008 id
3398 1964 3516 2020 est,
3542 1957 3723 2010 habits-

2147 2037 2349 2092 tionem
2364 2037 2564 2092 Christi
2581 2046 2638 2093 et
2664 2041 3158 2106 conversationem,
3187 2043 3443 2111 superius
3469 2045 3526 2098 in
3539 2046 3722 2100 sacriﬁ-

2147 2129 2248 2184 ciis
2293 2130 2656 2194 ostendimus,
2695 2139 2754 2184 ut
2797 2131 2864 2184 ad
2895 2131 3248 2200 apostolicam
3295 2133 3652 2190 intentionem
3679 2137 3720 2189 in

2147 2217 2330 2273 futuro
2359 2233 2511 2272 suam
2539 2219 2784 2288 perﬁciat
2813 2219 3071 2290 linguam.
3113 2219 3266 2277 Sicut
3294 2231 3478 2278 autem
3507 2227 3596 2294 qui
3621 2240 3724 2293 pec-

2149 2312 2312 2376 cavit,
2339 2319 2395 2365 et
2433 2314 2726 2368 sacerdotii
2764 2315 3008 2370 habitum
3040 2318 3094 2371 in
3127 2332 3189 2372 se
3230 2316 3552 2382 inﬁrmavit,
3586 2329 3726 2389 atque

2146 2399 2394 2456 inefﬁcax
2432 2404 2690 2470 reddidit,
2721 2405 2852 2460 dare
2879 2406 3170 2469 sacerdoti,
3204 2422 3271 2462 ac
3321 2409 3613 2464 sacerdotii
3638 2410 3725 2462 mi-

2148 2494 2430 2549 nisterium
2461 2495 2568 2550 alio
2591 2497 2784 2552 cedere
2803 2497 2988 2567 jussus
3011 2506 3123 2562 est,
3157 2499 3238 2552 sic
3265 2501 3547 2570 accipiens
3577 2516 3727 2555 sacer-

2148 2587 2246 2641 dos
2296 2589 2432 2642 duos
2474 2595 2712 2642 turtures
2740 2629 2756 2653 ,
2801 2597 2894 2642 aut
2950 2589 3084 2644 duos
3125 2589 3302 2659 pullos
3345 2591 3723 2654 columbarum,

2146 2676 2277 2746 quid
2309 2677 2486 2732 facit?
2532 2694 2698 2732 unum
2737 2678 2869 2734 facit
2895 2694 2993 2748 pro
3015 2688 3254 2750 peccato,
3286 2689 3344 2734 et
3363 2697 3534 2735 unum
3565 2683 3620 2735 in
3648 2682 3727 2735 ho-

2147 2770 2471 2834 locaustum,
2512 2778 2574 2824 ut
2608 2771 2713 2826 hoc
2752 2770 2972 2838 quidem
2999 2769 3253 2824 sacriﬁcii
3295 2770 3362 2823 ad
3410 2771 3724 2826 ablutionem

2147 2859 2265 2928 ejus
2284 2869 2549 2914 eteorum
2572 2874 2693 2931 quas
2718 2861 2968 2930 peccavit
2990 2861 3044 2914 in
3068 2861 3313 2915 doctrina
3335 2861 3726 2917 contradiwnte

2147 2949 2251 3020 legi
2295 2951 2563 3018 proﬁciat.
2599 2949 2734 3004 Illud
2765 2959 2943 3004 autem
2991 2951 3058 3003 ad
3095 2951 3370 3020 sapienter
3406 2967 3722 3008 conversan-

2148 3043 2273 3096 dum
2308 3042 2361 3096 in
2387 3041 2589 3105 futuro,
2621 3040 2783 3109 hujus
2812 3042 2958 3096 enim
2987 3050 3072 3097 est
3103 3044 3318 3110 signum
3339 3045 3723 3111 holocaustum,

2146 3141 2201 3187 et
2235 3133 2316 3187 sic
2357 3133 2736 3202 deprecabitur
2769 3133 3024 3187 sacerdos
3052 3148 3152 3203 pro
3175 3145 3239 3188 eo
3273 3149 3461 3189 coram
3497 3137 3725 3200 Domino,

2145 3229 2206 3275 ut
2244 3222 2567 3276 emundetur
2597 3235 2626 3275 a
2663 3220 2808 3275 ﬂuxu
2839 3223 3059 3276 seminis
3091 3223 3172 3276 sui
3207 3241 3219 3274 :
3259 3238 3361 3277 nec
3395 3225 3551 3279 enim
3588 3226 3727 3280 aliter

2148 3311 2418 3381 quispiam
2437 3313 2847 3368 mundationem
2874 3327 3059 3367 coram
3086 3313 3318 3369 Domino
3341 3312 3528 3370 facere
3546 3327 3727 3386 potest,

2148 3403 2202 3460 id
2229 3413 2342 3469 est,
2381 3405 2676 3460 secundum
2710 3405 3045 3460 voluntatem
3075 3413 3129 3460 et
3167 3405 3343 3478 legem
3367 3406 3503 3473 Dei,
3545 3409 3644 3462 nisi
3669 3408 3727 3463 de

2146 3495 2232 3551 his
2279 3497 2371 3565 qui
2398 3497 2644 3566 peccavit
2677 3498 2980 3566 paenitens,
3031 3506 3084 3552 et
3113 3512 3214 3567 per
3243 3496 3517 3554 sacriﬁcia
3545 3502 3728 3554 oratio-

2147 3603 2273 3641 num
2312 3588 2653 3644 satisfaciens
2678 3628 2691 3653 ,
2721 3597 3018 3658 posteaque
3042 3597 3190 3644 recte
3222 3589 3486 3656 vivendo,
3521 3607 3584 3647 ac
3615 3607 3728 3662 pcr-

2145 3677 2287 3734 fecte
2315 3679 2593 3748 sapiendo.
2627 3678 2924 3748 Sequitur:

2228 3773 2318 3826 Vir
2343 3774 2407 3827 de
2449 3789 2551 3844 quo
2601 3776 2858 3844 egreditur
2911 3792 3084 3831 semen
3124 3777 3327 3844 coitus,
3353 3777 3548 3832 iuvabit
3600 3795 3726 3849 aqua

2143 3879 2295 3920 omne
2316 3878 2503 3935 corpus
2544 3881 2695 3921 suum
2714 3908 2727 3933 ,
2755 3877 2802 3922 et
2828 3869 3131 3923 immundus
3153 3872 3250 3923 erit
3276 3887 3442 3941 usque
3467 3871 3538 3924 ad
3566 3887 3726 3936 respe-

2144 3969 2288 4019 ram,
2319 3965 2506 4009 vestem
2533 3965 2580 4010 et
2613 3956 2799 4027 pellem
2822 3973 2982 4029 quam
3025 3959 3266 4014 habuerit
3316 3960 3507 4015 Iuvabit
3562 3979 3723 4032 aqua,

2141 4056 2190 4100 et
2218 4049 2489 4101 immunda
2513 4050 2611 4103 erit
2657 4065 2820 4119 usque
2841 4050 2912 4104 ad
2939 4067 3225 4121 vesperam.
3257 4051 3457 4106 Mulier
3485 4069 3602 4108 cum
3629 4071 3725 4126 qua

2141 4139 2341 4202 coierit,
2372 4138 2635 4192 iocabitur
2668 4156 2828 4206 aqua,
2855 4147 2905 4195 et
2936 4141 3215 4196 immunda
3239 4143 3342 4196 erit
3369 4160 3536 4214 usque
3565 4147 3636 4199 ad
3653 4163 3728 4199 re-

2141 4244 2365 4298 speram.
2399 4229 2506 4300 (Ea:
2530 4229 2846 4304 Hesychia.)
2879 4232 3258 4288 Necessariam
3287 4234 3494 4290 habere
3516 4251 3728 4308 regene-

2140 4317 2404 4372 rationem
2431 4318 2771 4390 baptismatis
2819 4323 3116 4377 humanum
3149 4337 3351 4392 genus,
3391 4325 3508 4394 ipse
3558 4327 3728 4381 Domi-

2139 4423 2243 4463 nus
2272 4410 2528 4475 ostendit,
2553 4411 2740 4467 dicens
2772 4430 2784 4465 :
2827 4413 2950 4467 Nisi
2977 4415 3094 4484 quis
3123 4423 3460 4484 regeneratus
3493 4417 3651 4486 fuerit
3669 4435 3728 4473 ex

2137 4515 2276 4571 aqua
2312 4510 2364 4555 et
2413 4500 2635 4572 Spiritu,
2683 4519 2788 4557 non
2840 4503 3057 4558 intrabit
3103 4505 3159 4557 in
3214 4520 3432 4576 regnum
3485 4508 3724 4562 calorum

2142 4590 2322 4662 (Joan.
2365 4593 2471 4661 ιιι).
2501 4592 2665 4661 Cujus
2692 4593 2770 4647 rei
2807 4593 3005 4662 gratia,
3031 4594 3159 4664 quia
3184 4595 3364 4650 sordis
3391 4595 3450 4650 in
3483 4597 3643 4652 nobis
3665 4614 3725 4651 ex

2138 4683 2310 4737 Adam
2340 4684 2700 4740 inobedientia
2743 4693 2830 4740 est
2855 4685 3147 4750 transfusa,
3181 4686 3355 4743 David
3383 4689 3441 4740 in
3477 4690 3726 4760 iniquita-

2137 4771 2275 4827 tibus
2301 4791 2355 4827 se
2383 4785 2586 4839 natum,
2616 4784 2665 4828 et
2689 4776 2744 4828 in
2778 4776 3003 4843 peccatis
3035 4777 3262 4829 asseruit
3288 4791 3400 4831 esse
3426 4790 3727 4850 conceptum

2137 4859 2312 4932 (Psal.
2370 4861 2443 4931 ι),
2490 4878 2598 4918 non
2643 4872 2874 4918 matrem
2913 4879 3064 4919 suam
3099 4879 3384 4932 accusans,
3412 4868 3510 4924 sed
3539 4884 3726 4938 pecca-

2137 4959 2253 5008 tum
2283 4953 2533 5020 innuens,
2566 4956 2710 5025 quod
2750 4955 2992 5012 decurrit
3014 4971 3081 5011 ex
3103 4972 3323 5027 genere.
3366 4958 3436 5012 Et
3460 4976 3612 5016 nunc
3657 4961 3728 5016 le-

2137 5043 2363 5116 gislator
2385 5060 2508 5098 cum
2540 5046 2608 5100 de
2638 5060 2745 5115 quo
2768 5061 2952 5102 semen
2992 5048 3270 5116 egreditur
3303 5048 3500 5118 coitus,
3530 5051 3589 5104 id
3625 5059 3724 5113 est,

2136 5152 2259 5191 eum
2298 5137 2387 5206 qui
2418 5152 2516 5208 pro
2545 5137 2668 5192 ﬁliis
2710 5140 3276 5208 procreandissemen
3303 5139 3515 5206 effudit,
3548 5143 3649 5198 sed
3675 5151 3730 5196 et

2133 5229 2410 5284 mulierem
2438 5245 2557 5301 quae
2593 5232 2854 5300 suscepit,
2879 5231 3064 5286 lavare
3084 5246 3283 5302 corpus
3319 5235 3608 5304 praecepit,
3661 5235 3728 5288 ob

2115 5324 2239 5379 hoc
2263 5324 2386 5392 quia
2418 5338 2603 5378 semen
2631 5324 2871 5393 suscepit
2894 5339 2993 5393 per
3020 5327 3162 5394 quod
3190 5326 3294 5380 hoc
3339 5325 3609 5395 templum
3630 5341 3729 5383 no-

2136 5423 2311 5470 strum
2358 5422 2550 5478 totum,
2585 5413 2641 5467 id
2687 5421 2794 5479 est,
2848 5413 3058 5484 integer
3095 5415 3258 5470 homo
3287 5415 3625 5470 describitur
3660 5432 3725 5472 ex

2135 5507 2314 5560 anima
2343 5515 2396 5560 et
2425 5519 2670 5574 corpore.
2699 5504 2833 5572 Quia
2862 5515 3045 5561 autem
3091 5506 3342 5561 sordidus
3369 5502 3602 5564 effectus
3630 5522 3729 5579 per

2132 5599 2551 5654 inobedientiam
2599 5598 2768 5652 Adam
2795 5639 2808 5663 ,
2844 5598 3120 5653 sordidum
3159 5613 3279 5653 esse
3325 5601 3490 5654 etiam
3529 5615 3727 5656 semen

2129 5705 2286 5744 suum
2315 5688 2469 5755 fecit,
2507 5689 2813 5745 necessarie
2853 5697 2907 5743 et
2937 5703 3133 5758 corpus
3173 5687 3455 5744 sordidum
3494 5697 3607 5755 est,
3657 5705 3726 5745 ex

2127 5799 2236 5863 quo
2264 5797 2447 5838 semen
2475 5781 2568 5840 tali
2613 5781 2880 5854 procedit.
2923 5779 3192 5838 lnunundi
3220 5788 3402 5837 autent
3432 5795 3612 5855 nature
3651 5780 3726 5838 ad
