3892 6344
158 411 272 471 ’199

786 412 793 457 ἒ
874 409 1023 459 ’ἕῗίῖ
1070 391 2565 457 ΕΙΡΟΒῘΤῙΜΕδιΙΝτῙΜιϐῙῘΙ.ξδδ-Ξιω.ιπῤξῖί
2618 412 2625 455 Ξ
2680 414 2729 457 ,ει

3276 393 3387 463 Ml)

144 556 163 583 Α.
178 526 446 594 vesperam.
456 526 739 583 meinati,
769 512 973 587 frustra
1002 511 1279 577 dicantur;
1296 509 1451 581 quia
1466 509 1723 569 initian

1824 504 2305 605 “una
2340 501 2927 583 dictasseparabitur;
2956 504 3132 563 omnis
3148 504 3243 574 qui
3269 508 3388 569 teti-

180 615 476 687 φαηθηω
518 608 767 667 Christus
804 606 1063 665 ueniens:
1087 604 1321 671 ostendit
1358 604 1724 673 uelamenti

142 718 337 778 -οεωιιει
350 696 1011 759 ιηοοιπυιιδηιιιιιηωθωτν
1026 711 1047 748 ι
1066 692 1297 763 et-quia,
1320 691 1723 763 permansimus

176 800 479 865 usque-tune
499 787 785 854 immundi,
798 787 1065 858 probatur
1084 798 1159 845 ex.
1182 798 1251 841 eo
1276 784 1422 855 quod
1434 806 1439 829 ε
1451 790 1519 838 et
1534 782 1611 837 .bi.
1627 778 1723 851 qui

173 885 385 943 necdum
399 887 787 953 peccauerim,
809 879 865 937 id
882 885 988 943 est,
1008 876 1249 935 instate
1273 874 1486 932 inﬁrma
1513 872 1720 931 consti-

138 1001 145 1007 π
172 982 303 1047 tutis.
323 975 663 1050 signaculum
678 1002 683 1025 ι
700 974 959 1045 baptismi
976 969 1365 1028 necessarium
1376 969 1595 1033 habent,
1630 979 1723 1023 tne

140 1076 293 1129 viorte
306 1078 484 1127 momte
503 1067 921 1139 superveniente
948 1063 1159 1121 sordidi
1182 1059 1722 1126 transeantt'sordem

140 1166 143 1211 ἰ
169 1178 379 1235 ψει-ει
396 1159 575 1219 Adam
601 1157 881 1217 descendit
900 1157 975 1211 in
992 1155 1639 1224 semetipsoehabentes,
1663 1157 1721 1206 et

138 1288 145 1293 ι
167 1247 915 1324 βηριοωαωιυνιιὶωκε-ὶιι
937 1260 1164 1317 regnum
1196 1244 1460 1301 crciatum
1488 1242 1715 1301 intrare.

169 1340 1079 1411 Vestemnamem.et~pellem.quam
1104 1337 1307 1394 habent
1344 1349 1477 1392 cum
1499 1340 1721 1398 coeunt,

165 1433 396 1490 videlicet
418 1433 697 1493 immunda
718 1445 841 1488 esse
870 1436 929 1484 et
947 1429 1118 1485 lavari
1143 1427 1364 1490 debere,
1386 1426 1615 1481 duarum
1637 1434 1725 1479 re-

164 1538 273 1577 rum
294 1522 536 1592 pracipit
565 1521 739 1592 gratia
772 1538 786 1573 :
808 1534 939 1575 nam
961 1516 1207 1573 extendit
1231 1515 1406 1585 legem
1433 1520 1597 1581 atque
1614 1524 1727 1567 ma-

160 1616 363 1669 nifestat
406 1621 669 1683 quantum
719 1625 917 1681 corpus
959 1610 1261 1665 humanum
1303 1611 1524 1673 prepter
1561 1615 1722 1657 unam

159 1704 567 1761 inobedientiam
580 1702 858 1759 sordidum
884 1700 959 1756 sit
984 1696 1258 1761 etinctum,
1282 1705 1345 1750 ut
1362 1694 1526 1750 etiam
1549 1691 1724 1747 insen-

1821 595 2444 665 geritsamyimmdut
2472 595 2763 664 «ritusque
2780 594 2855 659 ad
2910 610 3194 667 uesperam,
3235 603 3282 651 ει
3334 596 3392 671 ἐφ

1802 704 1934 761 ξφιρι
1962 687 2231 755 dormiam
2281 686 2360 745 uel
2410 685 2627 753 sedarit.
2676 686 2859 745 diebus
2894 687 3257 756 ,εφανωὶοώ
3274 702 3395 755 δυσ

1796 776 2097 847 κροαιιὶεαν.
2139 776 2245 844 Qui
2287 776 2509 846 tetigerit
2553 774 2799 841 lactatum
2841 776 2956 846 ejus
2998 774 3396 853 lambitueqti-

1822 877 1997 931 Mm
2025 883 2148 932 «tu,
2173 874 2221 923 ei
2242 866 2350 935 ipse
2378 863 2519 945 (aliis
2540 881 2702 935 aqua,
2738 864 2973 937 pdlutuq
2996 866 3094 925 erit
3127 882 3290 938 usque
3321 863 3395 927 ad

1822 955 2305 1028 υεσρατανηνοηιηθ
2326 972 2423 1025 ea:
2452 970 2606 1024 super
2631 956 2770 1027 quod
2805 954 2899 1011 illa
2926 956 3123 1023 sedarit
3156 957 3395 1029 quiaquia

1798 1049 2071 1121 attigerit,
2090 1047 2283 1103 levabit
2312 1048 2609 1102 uestimenta
2634 1063 2759 1113 sua,
2778 1056 2829 1105 et
2863 1046 3193 1118 lateraque,
3220 1047 3396 1120 pollue

1802 1149 1905 1197 ,ωε
1938 1139 2039 1194 erit
2066 1153 2235 1209 usque
2254 1135 2325 1199 ad
2355 1152 2640 1205 uesperam.
2680 1135 2787 1206 (Ea:
2816 1135 3125 1208 Hesychia.)
3161 1136 3394 1217 Intentio

1816 1229 2149 1301 imlatoris
2176 1236 2341 1287 estin.
2360 1226 2613 1289 muliebri
2642 1226 2867 1289 libidine
2914 1227 3184 1283 abducere
3216 1229 3393 1297 bomi-

1820 1318 2715 1393 neniysimulqueeumviris-et
2730 1316 2991 1383 mulieres
3026 1319 3313 1393 prohibere
3361 1333 3394 1381 a

1824 1411 1999 1481 turpis
2028 1392 2422 1469 coutmistiunis
2449 1422 2631 1473 causa.
2669 1405 2788 1462 Non
2816 1406 2961 1463 enim
2996 1392 3101 1479 hoc
3136 1422 3233 1476 pro
3258 1406 3395 1461 lilio-

1826 1517 1948 1559 rum
1984 1500 2360 1571 procreatione
2394 1499 2480 1570 agi
2515 1499 2752 1555 maxime
2784 1511 2850 1552 ea
2879 1511 3000 1569 quae
3034 1512 3182 1553 nunc
3206 1497 3391 1552 dicun-

1826 1601 1916 1649 tur
1955 1589 2239 1647 aliirmant.
2290 1590 2501 1645 invenit
2534 1603 2657 1645 eum
2697 1587 2915 1643 modum
2958 1602 3067 1658 quo
3109 1601 3206 1656 per
3248 1587 3400 1642 varia

1828 1691 2125 1750 temporum
2153 1695 2218 1734 ac
2252 1677 2490 1748 plurima
2523 1675 2803 1732 intervalla
2834 1677 2903 1731 ab
2928 1675 3179 1746 ingressu
3204 1675 3397 1729 mulie-

155 1794 320 1851 sibina
349 1760 423 1849 εχ
443 1794 525 1859 eis
546 1792 876 1863 ρουιιαηιωι,
909 1787 1103 1844 deinde
1138 1785 1383 1857 pel-ham
1408 1780 1720 1837 manifestas
1822 1770 1906 1826 bri
1957 1776 2175 1838 separet
2223 1767 2388 1829 viros,
2434 1781 2560 1819 nam
2612 1765 2888 1820 mensibus
2922 1762 3148 1834 singulis
3194 1760 3397 1814 ﬂuxum

152 1882 275 1938 facit
292 1853 694 1951 mulieresque:
724 1878 960 1935 libidinis
1001 1853 1165 1933 causa
1184 1875 1319 1929 viris
1340 1874 1406 1928 ad
1433 1872 1716 1941 quemdam
1743 1860 1792 1923 B
1819 1860 2094 1932 sanguinis
2110 1859 2409 1930 Patiamur,
2426 1864 2643 1951 septem
2667 1866 2849 1951 autem
2869 1855 3061 1912 diebus
3090 1853 3399 1909 immundas

150 1975 500 2047 temporalem
546 1973 971 2030 commisceutur
1018 1983 1174 2024 usum
1194 2007 1211 2032 ,
1283 1965 1496 2036 qualem
1545 1963 1720 2019 solent

142 2068 473 2122 vestimenta
498 2066 742 2137 praebere
779 2062 1106 2127 hominibus,
1131 2061 1271 2115 sicut
1291 2068 1347 2114 et
1394 2059 1584 2115 abusio
1607 2056 1720 2128 pel-

143 2156 294 2220 lium,
322 2170 445 2225 quae
465 2156 773 2209 inveterata:
800 2150 987 2223 projici
1015 2149 1209 2204 solent.
1263 2146 1398 2203 Nam
1428 2155 1484 2203 et
1503 2146 1717 2202 illarum

148 2244 474 2301 consuetudo
511 2250 880 2298 veterascente
919 2239 1160 2295 amicitia
1206 2238 1498 2309 respuitur,
1554 2245 1719 2306 atque

147 2339 199 2394 in
225 2351 432 2392 morem
473 2336 914 2391 vestimentorum
936 2349 1034 2389 seu
1074 2332 1292 2402 pellium
1313 2337 1678 2385 commutatur
1699 2346 1713 2360 ·

151 2441 313 2497 neque
337 2427 481 2481 enim
503 2440 719 2494 semper
736 2440 860 2481 cum
888 2424 971 2480 eis
994 2425 1182 2478 vivunt
1209 2438 1331 2477 cum
1357 2421 1553 2491 quibus
1574 2421 1719 2477 inor-

151 2518 319 2572 dinate
370 2516 755 2572 concumbunt.
805 2515 961 2582 Quod
1014 2514 1083 2570 ad
1130 2512 1618 2571 sanetiﬂcatiouem
1662 2521 1717 2568 et

152 2610 442 2664 castitatem
486 2607 796 2664 Judaeorum
836 2622 1006 2678 genus
1040 2605 1316 2675 legislator
1343 2606 1585 2669 trahens,
1633 2603 1718 2657 ni-

151 2701 244 2754 mis
276 2700 421 2755 enim
445 2699 670 2769 quidam
714 2712 903 2753 eorum
951 2697 1180 2751 luxuriae
1219 2696 1553 2760 serviebant,
1601 2694 1717 2750 haec

152 2800 320 2845 contra
344 2805 444 2845 eos
471 2789 567 2860 qui
591 2788 1039 2859 quaiitercunque
1078 2785 1362 2841 eiiundunt
1412 2800 1619 2850 semen,
1665 2791 1720 2839 et

151 2894 233 2934 eos
267 2879 355 2949 qui
400 2879 522 2934 haec
551 2883 779 2947 tangunt
806 2875 960 2939 dicit,
987 2872 1393 2929 mundationem
1420 2872 1501 2927 eis
1528 2871 1718 2941 praeci-

150 2970 309 3038 piens,
337 2976 397 3024 ut
430 2969 632 3025 saltem
680 2966 854 3022 coacti
885 2965 1019 3021 casti
1061 2963 1425 3028 efﬁcerentur,
1462 2971 1518 3018 et
1567 2962 1722 3019 luxu-

153 3059 295 3114 riosis
321 3060 666 3115 abstinerent
713 3055 1201 3119 commistionibus,
1253 3051 1470 3108 fastidio
1519 3051 1721 3109 laboris

152 3149 491 3218 frequentium
516 3146 978 3219 puriﬁcationum.
1009 3143 1163 3201 Hanc
1183 3142 1327 3198 enim
1363 3141 1719 3197 intentionem

1819 1969 1913 2011 eas
1940 1968 2093 2018 esse,
2125 1966 2326 2021 eosque
2362 1950 2529 2004 etiam
2555 1948 2649 2020 qui
2687 1948 2919 2019 simplici
2959 1956 3106 2002 tactu
3144 1960 3239 2000 eas
3269 1958 3398 1998 con-

1820 2047 2054 2118 tingunt,
2086 2041 2392 2098 immundos
2422 2054 2544 2096 esse
2576 2054 2745 2110 usque
2779 2038 2849 2094 ad
2884 2051 3165 2110 vesperam
3196 2049 3399 2106 praece-

1817 2138 1918 2209 pit.
1967 2137 2073 2205 Qui
2108 2151 2236 2191 vero
2274 2150 2402 2190 cum
2439 2133 2519 2189 eis
2555 2130 2866 2197 dormiunt,
2908 2144 3016 2186 non
3043 2144 3153 2185 una
3182 2127 3268 2182 die
3299 2125 3401 2180 im-

1819 2228 2050 2285 mundos
2070 2228 2165 2284 sed
2188 2234 2395 2297 septem
2422 2223 2539 2279 dies
2566 2237 2688 2279 esse
2713 2221 2845 2278 dicit
2874 2238 2888 2275 :
2913 2233 3041 2290 ergo
3065 2218 3166 2274 sub
3189 2216 3401 2270 dierum

1818 2321 2111 2381 multorum
2148 2315 2480 2373 continentia
2501 2354 2517 2380 ,
2550 2322 2661 2369 tam
2692 2311 2948 2367 mulieres
2980 2325 3009 2364 a
3042 2308 3207 2374 viris,
3238 2318 3401 2377 quam

1814 2414 1922 2470 viri
1964 2428 1997 2467 a
2042 2409 2365 2466 mulieribus
2409 2405 2736 2463 necessitate
2787 2401 3147 2465 cohibentur,
3203 2404 3258 2452 et
3315 2392 3401 2449 his

1817 2505 2035 2576 quidem
2094 2502 2362 2559 sensibilis
2422 2500 2660 2567 Judmus,
2722 2506 2778 2553 et
2827 2495 3126 2553 secundum
3180 2505 3402 2567 carnem

1816 2594 2059 2651 israelita
2078 2592 2256 2662 juvari
2282 2606 2379 2661 per
2410 2590 2646 2645 litteram
2675 2595 2907 2658 poterat.
2946 2584 3061 2641 Hoc
3095 2591 3181 2639 est
3217 2589 3402 2639 autem

1815 2684 2162 2741 verissimum
2178 2680 2433 2750 juvamen
2462 2676 2720 2750 spiritalis
2749 2673 3222 2753 considerationis,
3253 2668 3400 2741 quod

1820 2780 1905 2829 est
1940 2772 2086 2827 intus
2125 2770 2393 2825 inclusum
2430 2785 2444 2822 :
2484 2766 2662 2821 ﬂuxus
2702 2765 2847 2821 enim
2882 2760 3161 2836 sanguinis
3209 2758 3403 2812 animas

1819 2863 1973 2932 cujus
1991 2877 2277 2932 personam
2299 2869 2361 2915 ut
2378 2867 2504 2930 pote
2526 2842 2916 2921 eﬂ'eminat'am,
2940 2861 2996 2907 et
3024 2849 3400 2907 fortitudinem

1818 2955 2037 3024 pietatis
2068 2953 2419 3024 prodentem,
2447 2951 2502 3005 in
2534 2948 2814 3003 mulierem
2844 2958 2987 3000 nunc
3009 2941 3289 3012 legislator
3315 2940 3399 2993 in-

1820 3047 2090 3111 sinuavit,
2150 3042 2454 3101 idololatria
2503 3050 2608 3107 est,
2660 3037 2849 3108 hujus,
2903 3033 3198 3092 secundum
3257 3026 3400 3102 quOd

1823 3137 2176 3209 Septuaginta
2205 3135 2392 3201 edunt,
2425 3134 2603 3204 ﬂuxus
2630 3131 2685 3183 in
2708 3144 2923 3199 corpore
2948 3126 3083 3197 ejus.
3116 3121 3403 3193 Corruptio

149 3212 424 3295 secundum
456 3212 703 3295 litieram
743 3236 887 3291 etin
914 3232 1371 3303 subsequentibus
1392 3230 1481 3286 lex
1529 3230 1713 3297 habet,
1743 3222 1788 3285 C
1818 3228 1965 3285 enim
2008 3241 2105 3283 seu
2148 3224 2378 3296 perditio
2422 3230 2507 3278 est
2549 3219 2770 3276 humani
2819 3214 3031 3290 generis
3078 3212 3402 3270 idololatrici

150 3332 262 3388 licet
279 3332 479 3402 aliquid
496 3332 648 3387 aliud
670 3329 964 3387 secundum
985 3328 1236 3397 spiritum
1257 3326 1434 3397 signet
1460 3339 1474 3379 :
1501 3325 1644 3380 sicut
1663 3333 1719 3379 et

150 3423 253 3494 ipse
268 3425 616 3496 expositurus
642 3439 781 3490 sum,
801 3424 931 3494 quia
958 3438 1062 3479 nec
1082 3424 1259 3493 ipsum
1282 3422 1375 3491 qui
1397 3422 1485 3476 hic
1506 3428 1592 3477 est
1609 3421 1718 3492 spi-

150 3514 349 3571 ritalem
386 3515 729 3572 intellectum
758 3523 1042 3585 praetereo.
1078 3513 1545 3579 Quemadmodum
1588 3525 1718 3580 ergo

153 3603 295 3658 illum
316 3606 403 3674 qui
425 3604 635 3661 ﬂuxum
652 3603 874 3659 seminis
894 3603 1120 3674 patitur,
1150 3617 1277 3656 eum
1300 3601 1392 3670 qui
1418 3597 1720 3667 corrumpit

151 3694 440 3749 doctrinam
496 3694 885 3760 intelleximus,
932 3693 1012 3748 sic
1052 3693 1121 3749 de
1176 3706 1284 3761 quo
1314 3704 1503 3746 semen
1544 3688 1722 3744 coitus

149 3786 510 3856 egrederetur,
533 3800 657 3842 eum
687 3786 780 3853 qui
804 3784 871 3839 ad
891 3782 1106 3839 Judaeos
1124 3782 1491 3852 pertinentem
1517 3776 1723 3834 doctri-

151 3891 259 3932 nam
314 3877 482 3931 docet
533 3875 879 3944 intelligimus
912 3891 926 3927 :
957 3889 1084 3928 nam
1132 3873 1272 3927 sicut
1322 3869 1598 3927 eﬂuudent
1628 3884 1724 3925 na-

153 3966 309 4022 turale
334 3972 393 4021 et
406 3979 607 4021 sanum
628 3978 829 4028 semen,
851 3971 1073 4032 propter
1095 3961 1309 4017 sordem
1324 3972 1507 4016 tamen
1529 3962 1719 4027 Adam,

152 4057 454 4115 immundus
482 4065 588 4122 est,
641 4056 721 4111 sic
767 4063 823 4109 et
874 4069 1066 4110 eorum
1113 4069 1246 4109 sana
1292 4061 1514 4123 propter
1550 4054 1723 4125 legem

155 4161 261 4217 qute
286 4156 518 4220 putatur
542 4144 808 4210 doctrina,
866 4147 968 4201 sub
997 4145 1153 4215 culpa
1177 4152 1261 4201 est
1282 4153 1340 4199 et
1387 4144 1722 4214 reprehensi-

156 4238 286 4303 biiis,
323 4239 452 4309 quia
486 4237 733 4295 litteram
759 4236 917 4293 docet
942 4250 1067 4305 quae
1094 4235 1532 4293 maledictionem
1559 4234 1727 4291 infert

161 4331 416 4404 discipulis
459 4330 597 4387 suis.
647 4327 837 4399 Neque
877 4328 1023 4385 etiitu
1078 4328 1337 4399 possibile
1376 4337 1497 4395 est,
1527 4345 1724 4400 quem—

163 4422 285 4490 piam
310 4437 409 4495 per
433 4420 589 4477 illam
607 4417 847 4488 perfecte
872 4418 1074 4491 corrigi
1104 4437 1121 4473 :
1148 4419 1293 4481 unde
1335 4418 1586 4479 Mosaicae
1610 4435 1724 4477 ma-

163 4511 411 4572 ledictioni
468 4510 766 4582 discipulos
792 4526 921 4569 suos
970 4513 1169 4579 subdit,
1221 4513 1474 4583 ipsosque
1504 4512 1723 4571 Iudaeos

165 4605 242 4672 qui
257 4606 309 4660 in
327 4607 621 4663 mulierum
636 4605 944 4660 coeuntium
958 4604 1300 4675 accipiuntur
1316 4606 1512 4676 ﬁgura,
1536 4614 1725 4676 utpote
1751 4604 1761 4665 ἓ

165 4696 245 4764 qui
267 4712 479 4767 semper
500 4697 809 4761 adhaerent,
845 4705 901 4752 et
921 4696 1380 4765 conrequiescunt
1410 4697 1724 4755 doctoribus
1752 4680 1769 4703 ⁸

167 4786 540 4845 institutionum
570 4802 811 4852 suarum,
844 4785 947 4843 hoc
997 4792 1181 4843 autem
1208 4786 1496 4856 ipsumret
1520 4786 1577 4840 in
1630 4800 1725 4842 eos

164 4879 317 4946 quiin
363 4880 634 4951 przeputiu
661 4887 804 4943 sunt,
854 4884 1169 4947 operantur,
1221 4876 1438 4946 quando
1458 4876 1727 4931 doctrinae

168 4985 332 5027 eorum
360 4986 551 5029 semen
599 4969 921 5038 suscipiunt,
944 4984 1082 5038 quos
1104 4969 1489 5025 vestimentum
1512 4975 1567 5022 et
1611 4965 1728 5036 pel-

174 5059 396 5120 lenmsse
421 5062 660 5119 dicimus
687 5077 702 5114 :
733 5066 918 5129 utpote
944 5058 1310 5127 temporaliter
1336 5066 1394 5114 et
1416 5056 1728 5113 transitorie

172 5152 660 5217 doctrinaseorum,
697 5167 805 5207 non
825 5156 1005 5206 autem
1027 5155 1168 5202 utet
1192 5149 1294 5216 ipsi
1317 5157 1605 5222 procreent
1630 5148 1729 5205 ali-

173 5258 313 5311 quam
355 5248 585 5321 iqaiem
624 5244 893 5313 justitiam
937 5242 1259 5311 suscipiunt,
1304 5257 1429 5295 nam
1456 5241 1726 5310 quomodo

175 5337 403 5401 possibile
437 5347 525 5396 est
564 5339 673 5391 hoc
719 5335 775 5390 in
816 5333 1077 5405 prmputio
1104 5331 1579 5402 permanantibus?
1631 5332 1725 5388 sed

176 5433 225 5477 ιιι
244 5442 331 5496 per
361 5442 647 5485 sermones
680 5438 892 5491 eorum,
921 5430 981 5481 et
1004 5421 1108 5493 ipsi
1136 5418 1423 5479 maledicto
1445 5418 1579 5490 legis
1604 5419 1724 5489 pol-

179 5512 239 5571 lui
264 5520 614 5593 accipiantur.

781 5584 1005 5643 CAPUT
1042 5585 1106 5643 ιι.
1379 5644 1382 5651 ,

180 5652 246 5714 De
272 5661 480 5727 muliere
508 5676 628 5735 qua:
673 5660 776 5729 [ius
789 5673 873 5735 ειη
949 5656 1133 5735 eminis
1164 5660 1363 5735 patitur
1392 5667 1495 5735 n_on
1524 5651 1577 5706 in
1606 5658 1735 5709 tent-

367 5750 491 5803 pore
512 5725 825 5786 inenatruali
844 5768 858 5793 ,
892 5735 942 5781 et
962 5725 1302 5781 mundatione
1334 5725 1518 5792 ipsius.

242 5822 408 5899 (ιω.)
436 5822 635 5883 Mutier
669 5838 787 5895 qua:
816 5820 1060 5879 redeunte
1088 5834 1261 5876 mense
1296 5818 1499 5876 patitur
1532 5818 1738 5876 ducam

1749 4568 1803 4628 D

1820 3319 2100 3393 sanguinis
2124 3317 2332 3383 eli‘usio,
2371 3324 2591 3389 propter
2610 3312 2754 3385 quod
2783 3328 2891 3371 non
2911 3310 3068 3377 dixit,
3097 3309 3161 3365 de
3188 3323 3406 3393 corpore

1820 3390 2030 3478 nostra;
2062 3425 2235 3482 neque
2261 3409 2407 3467 enim
2425 3422 2458 3463 a
2477 3406 2633 3462 nobis
2653 3414 2737 3460 est
2757 3401 3056 3460 idololatria
3082 3390 3397 3473 adiuventa',

1820 3506 1916 3563 sed
1940 3521 1973 3561 a
1997 3503 2349 3567 daemonibus,
2381 3502 2437 3559 in
2464 3513 2693 3570 corpore
2713 3497 2963 3552 videlicet
2993 3493 3180 3565 generi
3211 3498 3402 3549 nostro

1820 3598 2026 3659 inﬂicta
2056 3603 2159 3661 est,
2190 3603 2246 3648 et
2270 3593 2545 3663 corruptio
2572 3592 2822 3646 humana:
2843 3594 2927 3643 est
2951 3584 3143 3642 a'ti‘ecta
3168 3592 3401 3657 naturae.

1826 3691 1933 3747 Sed
1979 3698 2035 3744 et
2074 3697 2319 3757 tempora
2366 3685 2692 3749 denuntians
2740 3682 2796 3736 in
2852 3680 3049 3751 quibus
3098 3674 3406 3749 idololatria

1823 3781 2075 3841 obtinuit.
2103 3778 2350 3847 Denique
2388 3774 2587 3832 Paulus
2617 3772 2832 3830 dicebat
2874 3787 2887 3824 :
2924 3768 2995 3823 Et
3029 3767 3235 3841 quidem
3278 3774 3406 3819 tem—

1823 3889 1949 3946 pore
2001 3868 2316 3942 ignorantiae
2364 3865 2653 3936 despiciens
2705 3861 2891 3927 Deus,
2939 3874 3078 3913 nunc
3125 3854 3406 3911 annuntiat

1806 3979 2006 4023 eum
2040 3960 2232 4032 ubique
2259 3955 2615 4029 paenitentiam
2643 3968 2820 4025 agere.
2849 3947 3002 4018 Quod
3028 3946 3183 4011 dixit,
3214 3952 3408 4027 septem

1826 4053 2008 4113 diebus
2026 4049 2385 4121 separabitur;
2410 4045 2553 4118 quod
2572 4044 2698 4109 alii,
2720 4043 2819 4099 erit
2852 4041 2908 4111 in
2935 4037 3243 4111 purgatione
3276 4048 3409 4101 sua,

1826 4144 1920 4211 alii
1948 4158 2079 4205 vero
2108 4143 2461 4211 interpretes,
2500 4139 2557 4193 in
2588 4135 2917 4208 separatione
2946 4128 3240 4201 iniquitatis
3261 4140 3409 4217 saw};
3461 4207 3468 4215 .

1828 4236 1917 4292 alii
1953 4242 2151 4299 autem,
2195 4231 2455 4295 miserias,
2480 4227 2797 4291 ediderunt,
2833 4237 2894 4285 ut
2919 4237 3015 4294 per
3041 4214 3409 4290 septenarium

1827 4327 2039 4383 dierum
2065 4336 2353 4380 numerum
2382 4328 2629 4390 tempora
2653 4313 2986 4388 signiﬁcaret
3015 4310 3255 4381 spiritus,
3288 4318 3411 4387 quae

1826 4433 2019 4490 usque.
2048 4417 2136 4473 ad.
2165 4412 2584 4485 completionem
2638 4418 2943 4477 temporum
3001 4408 3146 4490 sunt,
3198 4400 3257 4490 in
3302 4408 3411 4490 qua

1826 4480 2201 4581 completione,
2242 4480 2552 4577 evangelica
2590 4497 2843 4572 provenit
2864 4489 3198 4563 praedicatio.
3238 4480 3413 4561 inhis

1825 4578 1971 4659 enim
2018 4599 2253 4671 separati
2294 4613 2329 4655 a
2368 4598 2481 4661 Dm
2510 4608 2623 4666 per
2658 4587 3016 4647 idololatriam
3054 4581 3305 4641 homines
3354 4578 3409 4635 in

1829 4692 2168 4763 separatione
2202 4686 2508 4757 iniquitatis
2531 4691 2587 4739 et
2616 4680 2852 4739 miseriae
2889 4673 3199 4735 necessario
3225 4678 3407 4734 erant,

1830 4797 2001 4853 usque
2044 4782 2171 4839 dum
2219 4780 2330 4835 Deo
2373 4791 2471 4846 per
2516 4769 2891 4841 evangelicum
2922 4763 3409 4837 conversationem

1830 4873 2305 4944 coniungeremur,
2336 4882 2458 4939 quae
2492 4866 2545 4920 in
2585 4872 2775 4920 octava
2821 4860 2908 4918 die
2951 4858 3240 4931 accipitur,
3279 4853 3447 4926 quia.

1828 4969 2043 5039 signum
2072 4972 2129 5021 et
2162 4961 2487 5034 principium
2516 4968 2573 5020 et
2601 4955 2763 5013 arrba
2790 4951 3194 5027 quodammodo
3227 4943 3413 5009 saeculi

1828 5071 1916 5119 est
1938 5058 2136 5124 futuri;
2160 5063 2379 5127 propter
2399 5051 2545 5122 quod
2567 5058 2624 5105 et
2640 5056 2833 5107 octava
2861 5048 2951 5107 die
2965 5043 3265 5105 Salvatoris
3290 5053 3415 5117 pro-

1832 5152 1997 5209 cessit
2031 5144 2376 5205 resurrectio.
2414 5142 2535 5203 Non
2564 5141 2739 5201 solum
2767 5147 2949 5203 autem
2980 5135 3138 5195 idolis
3167 5131 3411 5205 serviens

1832 5245 2035 5307 anima,
2067 5241 2160 5296 sed
2183 5249 2238 5293 et
2279 5238 2324 5292 is
2352 5237 2444 5306 qui
2473 5250 2596 5290 eam
2637 5233 2837 5305 tangit,
2870 5232 2931 5291 id
2960 5241 3075 5295 est,
3114 5227 3209 5297 qui
3235 5220 3405 5294 parti-

1831 5347 1961 5402 ceps
1984 5330 2106 5400 eius
2142 5326 2403 5392 edicitur,
2434 5333 2495 5382 .et
2523 5324 2693 5383 multo
2726 5322 2900 5394 magis
2946 5321 3037 5376 hic
3070 5318 3161 5387 qui
3208 5315 3261 5368 in
3298 5324 3407 5402 quo

1830 5422 2056 5489 dormit,
2096 5419 2181 5476 vel
2208 5420 2269 5474 in
2294 5433 2404 5489 quo
2436 5419 2608 5484 sedet,
2642 5424 2706 5473 ut
2735 5423 2861 5487 pote
2884 5414 2979 5484 qui
3008 5406 3266 5469 doctrina:
3291 5401 3409 5473 eius

1831 5523 1892 5572 et
1933 5511 2235 5578 traditionis
2268 5509 2331 5565 ﬂt
2356 5510 2659 5581 particeps;
2699 5506 2786 5565 vei
2810 5505 2905 5575 qui
2930 5500 3135 5565 coierit
3159 5510 3282 5553 cum
3317 5510 3404 5562 ea,

1833 5606 2142 5667 immundus
2161 5605 2287 5671 erit,
2314 5611 2371 5659 et
2388 5602 2740 5663 inundatione
2762 5611 2896 5668 opus
2912 5595 3094 5655 habet,
3122 5604 3225 5647 nec
3245 5587 3410 5649 aliter

1836 5698 2149 5763 mandatur,
2175 5696 2281 5752 nisi
2315 5694 2525 5753 iavatus
2558 5707 2718 5762 aqua.
2759 5685 2901 5755 Quid
2926 5685 2997 5745 sit
3031 5688 3212 5745 autem
3241 5696 3406 5755 aqua,

1836 5793 1893 5853 in
1919 5789 2346 5868 plaudentibus
2379 5787 2637 5849 diximus.
2664 5782 2726 5843 in
2752 5785 2965 5839 tanaim
2987 5780 3411 5853 autemgoportet
