3892 6344
436 313 537 374 ιη·
568 322 575 363 :

1067 307 1127 364 B.
1166 307 1422 383 RABANl
1456 306 1678 387 MAURI
1713 306 2033 395 summa.
2076 300 2384 401 WGUNT.
2425 300 2708 399 ρΡΕῐιυρι
2745 302 2925 358 PARS
2952 301 2994 360 l.

3568 304 3669 360 412
3718 314 3723 349 ε

436 436 505 491 ab
545 428 690 485 omni
730 426 1051 484 idololatriae
1086 425 1288 479 malitia
1338 394 1629 490 abstinere,
1672 431 1729 477 et
1765 439 1863 477 nec
1910 437 2003 477 eos
2029 382 2238 480 A‘mini
2267 426 2413 473 retro
2443 382 2687 487 tangens;
2714 412 2941 471 liberata
2964 423 3048 470 est
3069 430 3099 468 a
3120 412 3293 469 ﬂuxu.
3325 414 3566 472 Dicinms
3584 434 3668 474 au-
3726 448 3729 473 ς

436 529 526 601 qui
554 518 710 581 idolis
735 504 1005 587 seruiunt,
1034 535 1134 575 nec
1159 521 1258 574 bos
1280 520 1472 593 quibus
1490 518 1567 573 illi
1588 519 1742 589 quasi
1768 520 2002 589 organis,

438 620 519 675 vel
554 614 711 687 quasi
748 614 903 667 lectis
932 618 1025 665 aut
1044 611 1188 664 vasis
1216 618 1441 663 utuntur
1463 610 1794 680 contingere,
1822 606 1873 663 id
1899 610 2000 674 est,

438 713 491 768 in
542 706 686 765 nullo
748 718 870 762 cum
926 706 1004 760 eis
1059 705 1493 760 communionem
1538 704 1761 760 habere.
1819 703 2009 773 Sequi-

440 806 572 857 tur':
682 800 687 813 ”
790 790 795 797 ’
994 784 999 793 Ἴ

510 884 705 944 Mulier
726 904 845 961 qum
862 886 1061 960 patitur
1082 885 1261 939 multis
1281 885 1464 939 diebus
1484 887 1685 954 ﬂuxum
1713 885 2004 955 sanguinis,

441 970 545 1038 non
573 972 627 1036 in
658 990 884 1053 tempore
911 977 1220 1033 menstruali
1237 1018 1251 1041 ,
1284 976 1361 1031 vel
1394 993 1509 1049 qua!
1541 986 1655 1047 post
1688 987 2008 1030 menstruum

441 1072 746 1143 sanguinem
786 1068 947 1141 ﬂuere
988 1086 1091 1124 non
1121 1076 1320 1131 cessat,
1351 1067 1585 1138 quandiu
1619 1067 1739 1120 huic
1776 1068 2009 1136 subjncet

441 1161 690 1235 pasb'oni,
715 1158 983 1214 immunda
1008 1158 1125 1219 erit,
1148 1158 1299 1228 quasi
1315 1156 1379 1208 sit
1400 1155 1452 1209 in
1477 1166 1702 1226 tempore
1724 1165 2007 1209 menstruo.

445 1250 610 1307 Omne
649 1242 867 1306 stratum
900 1252 954 1302 in
987 1266 1089 1320 quo
1120 1246 1387 1301 dormierit
1410 1288 1423 1311 ,
1464 1257 1511 1300 et
1549 1265 1637 1301 vas
1669 1247 1722 1300 in
1742 1264 1843 1318 quo
1873 1246 2015 1300 sede-

444 1347 532 1413 rit,
554 1344 805 1418 pollutum
827 1343 922 1397 erit
945 1360 963 1409 ;
992 1341 1282 1414 quicunque
1302 1339 1521 1410 tetigerit
1544 1357 1623 1403 ea,
1646 1338 1837 1393 Iuvabit
1866 1338 2016 1392 vesti-

443 1445 617 1490 menta
636 1450 752 1499 sua,
781 1442 829 1486 et
854 1434 963 1503 ipse
986 1430 1121 1484 lotus
1148 1449 1283 1501 aqua
1306 1429 1605 1484 immundus
1635 1432 1730 1483 erit
1756 1446 1915 1500 usque
1946 1427 2014 1481 ad

444 1538 727 1595 vesperum.
758 1520 865 1593 (Ea:
884 1516 1196 1590 Hesychia.)
1228 1518 1499 1585 Quantum
1530 1519 1767 1573 vindicet
1794 1519 2016 1590 spiritus

444 1612 539 1670 Dei
578 1614 709 1684 legis
755 1604 1259 1682 contemplationem
1292 1620 1346 1666 et
1368 1611 1656 1666 lectionem
1680 1612 1905 1676 litterm,
1931 1612 2017 1666 bis

445 1722 564 1779 qum
606 1722 703 1777 per
746 1713 930 1775 partes
988 1704 1333 1767 sanciuntur,
1389 1702 1642 1759 ostendit.
1692 1705 1824 1772 Quia
1872 1705 2015 1761 enim

446 1795 645 1849 ﬂuxum
673 1794 896 1848 seminis
933 1794 1225 1863 patientem
1264 1793 1509 1863 intelligi,
1556 1795 1609 1848 in
1648 1796 1763 1864 lege
1789 1794 2018 1849 obscena

450 1893 504 1939 et
553 1882 953 1952 corrumpentia
1001 1883 1316 1946 docentem,
1361 1878 1488 1935 olim
1529 1883 1793 1948 diximus,
1849 1890 1905 1937 et
1957 1884 2023 1938 de

450 1989 557 2051 quo
571 1973 745 2027 coitus
767 1987 976 2042 semper
991 1972 1281 2042 egreditur,
1304 1970 1525 2025 Iudaica
1545 1980 1731 2027 utente
1755 1974 2020 2028 doctrina.

452 2063 749 2120 Restabant
794 2072 975 2117 autem
1006 2064 1059 2116 hi
1091 2062 1180 2133 qui
1215 2077 1545 2134 paganorum
1580 2062 1883 2118 doctrinam
1931 2064 2025 2119 do-

452 2160 606 2221 cent;
634 2168 759 2210 ecce
800 2153 962 2207 etiam
1014 2153 1161 2224 ipsos
1201 2168 1344 2208 nunc
1373 2162 1673 2225 opportune
1707 2153 1974 2208 subinfert
2008 2172 2022 2208 :

453 2260 573 2300 esse
605 2260 732 2315 ergo
771 2243 970 2299 ﬂux‘um
1006 2241 1312 2313 sanguinis,
1351 2240 1621 2296 idolorum
1652 2240 2026 2296 seductionem

456 2342 510 2389 et
557 2348 795 2389 errorem
844 2332 1097 2397 diximus,
1146 2340 1357 2400 utpote
1399 2344 1594 2400 genere
1639 2330 2027 2386 daemoniorum

456 2425 715 2493 sanguine
750 2423 1044 2491 gaudente,
1076 2428 1131 2476 et
1158 2436 1264 2475 non
1287 2418 1458 2475 solum
1488 2434 1744 2491 pecorum
1775 2420 2027 2474 aliorum-

455 2528 562 2584 que
587 2500 898 2568 animalium
921 2508 1391 2580 irrationabilium,
1421 2512 1513 2568 sed
1543 2513 1703 2567 etiam
1739 2510 2019 2567 hominum

457 2600 721 2660 sacriﬁcia
756 2600 1138 2675 praecipiente,
1174 2602 1255 2657 ita
1283 2610 1343 2657 ut
1388 2605 1443 2658 in
1489 2603 1675 2658 multis
1712 2603 1846 2659 locis
1876 2603 2019 2673 apud

455 2711 550 2750 eos
575 2694 699 2749 talia
730 2693 1133 2749 celebrarentur
1167 2694 1423 2765 mysteria
1453 2713 1467 2749 :
1500 2692 1662 2749 veluti
1700 2694 1939 2765 Dionysii
1968 2701 2025 2749 et

455 2785 637 2841 Dianae
675 2782 1008 2854 aliorumque
1036 2785 1338 2841 diemonum
1377 2786 1428 2840 in
1459 2792 1666 2841 tantum
1701 2783 1878 2840 ﬂuxus
1906 2800 2032 2840 san-

458 2874 635 2945 guinis
684 2874 825 2948 apud
882 2882 975 2932 eos
1018 2878 1331 2933 inoleverat.
1383 2877 1616 2933 Attende
1666 2887 1844 2933 autem
1891 2894 2032 2932 tunc

457 2964 650 3034 quibus
672 2965 854 3020 verbis
890 2960 1162 3037 legislator
1192 2983 1321 3021 usus
1358 2976 1442 3023 est
1480 2980 1496 3021 :
1536 2967 1730 3021 Mulier
1753 2984 1869 3038 qua:
1897 2967 2034 3036 pati—

457 3063 543 3108 tur
570 3048 749 3108 mullis
786 3048 967 3108 diebus
992 3059 1195 3125 ﬂuxum
1236 3058 1529 3127 sanguinis,
1578 3072 1681 3112 non
1710 3059 1765 3111 in
1806 3066 2033 3127 teMpore

458 3138 785 3198 menstruali.
815 3142 966 3210 Quod
993 3123 1353 3216 Septuaginta
1375 3148 1452 3201 sic
1480 3148 1765 3202 ediderunt
1793 3165 1806 3200 :
1839 3123 2036 3200 Mulier
2059 3123 2105 3186 C

459 3239 505 3291 si
544 3238 673 3305 ﬂuat
720 3220 1033 3309 pro/luvium
1079 3239 1346 3308 sanguinis
1392 3234 1501 3293 dies
1552 3239 1874 3308 complures,
1926 3253 2033 3293 non

461 3324 633 3381 dixit:
661 3327 707 3379 si
743 3320 1227 3395 ﬂuit'sartguinent,
1259 3326 1399 3397 quod
1441 3337 1561 3391 est,
1605 3327 1764 3381 idolis
1807 3328 2032 3393 servire,

462 3415 575 3471 sive
615 3412 921 3479 immolare;
968 3415 1059 3469 sed
1089 3416 1136 3470 si
1167 3410 1379 3486 ﬂuxerit
1417 3419 1618 3486 ﬂuxum
1649 3418 1945 3487 sanguinis,
1979 3418 2035 3473 id

461 3512 565 3569 est,
597 3504 638 3559 si
684 3496 803 3557 linit
842 3504 1109 3558 maculam
1153 3502 1209 3558 et
1242 3502 1481 3559 errorem
1524 3504 1867 3569 idololatrias,
1906 3504 2036 3561 facit

463 3595 643 3650 autem
689 3595 791 3649 hoc
818 3608 924 3649 non
952 3595 1011 3649 in
1053 3598 1291 3665 tempore
1319 3592 1667 3659 menstruali,
1705 3595 1761 3649 id
1795 3603 1896 3658 est,
1930 3586 2037 3650 non

459 3684 516 3741 tn
542 3680 952 3756 temporilitts‘ih
977 3686 1171 3754 quibus
1194 3685 1462 3740 idolorum
1487 3686 1722 3740 servitus
1735 3686 2033 3752 obtinebat,

460 3778 578 3832 bzec
612 3772 756 3831 enim
789 3791 909 3831 esse
930 3775 1282 3831 menstrualia
1312 3781 1585 3845 tempora,
1626 3776 1680 3829 in
1717 3774 1823 3830 illis
1858 3777 2038 3831 verbis

462 3867 515 3921 in
557 3864 752 3938 quibus
789 3867 855 3921 de
891 3880 953 3921 ea
981 3866 1334 3935 loquebamur
1369 3872 1644 3920 ostensum
1689 3873 1793 3929 est,
1845 3867 1939 3919 sed
1984 3871 2040 3923 et

460 3956 744 4028 postquam
774 3958 939 4028 cmpit
967 3958 1216 4021 scientia,
1247 3963 1301 4011 et
1323 3968 1421 4027 per
1443 3956 1809 4027 evangelicam
1838 3955 2041 4011 doctri-

463 4050 587 4103 nam
630 4048 813 4102 lumen
859 4048 1077 4116 pietatis
1130 4048 1325 4102 illuxit.
1367 4046 1486 4117 ipse
1536 4055 1715 4101 tamen
1762 4047 2038 4102 immunda

465 4132 618 4201 ﬂuit,
661 4144 715 4189 et
762 4137 920 4189 docet
962 4138 1212 4204 quaedam
1252 4138 1427 4191 errori
1463 4137 1729 4193 idolorum
1766 4137 2035 4206 proxima,

467 4224 776 4280 immundus
808 4230 920 4287 est;
956 4224 1097 4277 sicut
1138 4224 1213 4277 illi
1244 4224 1458 4278 illorum
1494 4234 1797 4293 temporum
1825 4227 1881 4279 in
1921 4226 2041 4294 qui-

466 4310 569 4370 bus
597 4314 748 4369 furor
774 4313 1038 4368 idolorum
1061 4314 1357 4378 obtinebat,
1391 4314 1477 4367 illa
1510 4316 1764 4369 docentes
1788 4330 2040 4383 quacun-

466 4418 571 4479 que
618 4408 683 4462 ad
729 4404 944 4461 illorum
991 4403 1332 4474 pertinebant
1374 4416 1635 4459 errorem.
1680 4406 1850 4459 Erant
1890 4406 2036 4459 enim

467 4508 592 4555 tunc
614 4492 775 4554 etiam
806 4496 1100 4562 immundi,
1139 4497 1231 4551 sed
1260 4506 1317 4551 et
1337 4508 1483 4552 nunc
1510 4497 1679 4550 multo
1711 4497 1898 4566 magis,
1928 4505 2039 4552 tam

465 4591 588 4660 quia
632 4589 743 4657 jam
786 4593 984 4646 nudata
1023 4601 1107 4646 est
1136 4590 1487 4646 ‘immunditia
1532 4604 1738 4655 eorum,
1786 4600 1841 4645 et
1889 4605 2041 4647 error

465 4681 742 4736 convictus
763 4722 777 4744 ,
803 4696 965 4751 quam
987 4684 1111 4751 quia
1135 4682 1423 4737 noluerunt
1440 4682 1621 4739 oculos
1647 4697 1773 4736 suos
1800 4684 2041 4752 praebere

466 4769 571 4825 luci
617 4785 756 4824 verae
790 4772 1173 4841 intelligendas.
1210 4772 1377 4841 Hujus
1403 4773 1545 4828 enim
1577 4774 1819 4829 mulieris
1851 4775 2040 4845 imagi-

464 4876 589 4916 nem
644 4877 830 4932 gerere
885 4864 1233 4933 intelligimus
1286 4882 1406 4921 eam
1460 4882 1580 4935 quae
1642 4869 1695 4921 in
1744 4869 2038 4938 evangeliis

465 4950 667 5007 ﬂuxum
710 4954 917 5021 patitur
948 4958 1226 5024 sanguinis
1266 4958 1479 5027 (Matth.
1527 4957 1626 5029 ιχ),
1666 4974 1787 5027 qua
1823 4974 2040 5014 omnem

466 5046 682 5116 quidem
729 5049 1085 5127 substantiam
1146 5051 1260 5104 sive
1302 5052 1470 5106 vitam
1511 5067 1666 5107 suam
1716 5054 1769 5106 in
1819 5055 2041 5110 medicis

467 5138 750 5208 expendit,
781 5138 835 5192 id
874 5146 991 5201 est,
1044 5140 1096 5192 in
1129 5140 1209 5193 eis
1244 5142 1333 5208 qui
1362 5143 1501 5211 apud
1540 5157 1633 5196 eos
1660 5150 1816 5196 erant
1862 5143 2040 5211 philo-

467 5228 651 5299 sophis
677 5243 695 5282 :
724 5242 831 5283 non
862 5236 1042 5283 tamen
1064 5236 1249 5283 sanata
1282 5240 1366 5285 est
1390 5247 1485 5301 per
1512 5248 1606 5286 eos
1633 5234 1701 5287 ab
1721 5234 2041 5305 aegritudine

466 5319 668 5377 erroris
701 5319 787 5374 sui
817 5334 832 5372 :
862 5318 1001 5384 Quia
1027 5319 1252 5373 dicentes
1274 5337 1328 5374 se
1353 5338 1462 5375 esse
1490 5325 1766 5392 sapientes,
1791 5324 1937 5385 stulti
1962 5325 2043 5393 {a-

467 5409 536 5465 cti
558 5418 680 5465 sunt
714 5408 893 5481 (Rom.
928 5409 991 5477 ι).
1032 5408 1168 5465 Casu
1200 5412 1344 5464 enim
1381 5412 1692 5467 viderentur
1730 5414 2043 5473 simulacro—

468 5510 590 5555 rum
619 5499 769 5556 cuitu
814 5507 868 5554 et
910 5498 1091 5557 furore
1120 5500 1357 5564 alienati,
1404 5509 1606 5561 terram
1642 5511 1820 5558 tamen
1852 5508 2041 5560 mene-

467 5591 688 5657 bantur,
721 5606 902 5647 aerem
930 5599 985 5647 et
1018 5591 1247 5656 emtum,
1288 5600 1515 5660 quorum
1565 5592 1704 5649 scire
1742 5593 1917 5651 solius
1942 5595 2037 5651 Dei

466 5689 552 5737 est
591 5682 813 5740 exordia
859 5684 1243 5752 termimsqno.
1283 5681 1411 5741 Haec
1441 5697 1570 5755 ergo
1621 5682 1888 5743 ﬁmbriam
1929 5687 2036 5743 Do-

2105 518 2213 565 tem
2240 509 2505 563 ﬂmbriam
2532 507 2665 575 ejus,
2702 507 2858 561 [Idem
2891 507 3027 575 ejus,
3059 518 3183 559 nam
3498 509 3673 576 graia

2105 601 2368 656 ﬁmbriam
2408 600 2595 655 facere
2620 601 2860 654 vestibus
2897 590 3107 668 loyses
3144 594 3671 668 preeiperettmia

2108 694 2250 750 enim
2279 693 2532 747 divinitas
2560 690 2721 746 debet
2758 689 2981 759 intelligi
3015 689 3070 742 in
3098 688 3496 752 uberioribus;
3532 697 3670 744 retro

2107 786 2494 841 humanitatem
2521 782 2884 852 intelligimus.
2914 781 3065 836 Hane
3090 790 3280 851 gentes
3303 793 3426 848 qua
3450 780 3511 833 in
3536 779 3670 835 ﬂuxu

2109 875 2414 931 constitutae
2446 882 2602 927 erant
2633 872 2909 941 sanguﬁnis
2930 870 3223 933 idolorum,
3252 869 3533 938 pmpoalto
3560 870 3673 923 teti-

2110 965 2253 1036 gisse
2269 963 2529 1027 dicimus;
2584 963 2727 1031 quod
2763 962 2808 1015 si
2834 976 2942 1015 non
2977 960 3151 1023 solum
3175 973 3273 1014 eos
3290 960 3483 1027 quinti
3507 958 3672 1015 eﬂ‘un-

2112 1056 2340 1109 dentium
2388 1053 2704 1107 idololatriae
2745 1051 3064 1120 sanguinem
3106 1056 3334 1114 vastant,
3383 1048 3673 1105 sedetiatn

2112 1158 2205 1200 eos
2234 1144 2328 1213 qui
2357 1144 2552 1197 docent
2570 1157 2633 1195 ea
2657 1155 2779 1209 qua:
2807 1139 2873 1193 ad
2900 1138 3201 1193 doctrinam
3224 1137 3505 1207 pertinent.
3527 1151 3675 1207 paga-

2114 1252 2325 1303 norum,
2374 1239 2575 1290 lluxum
2614 1234 2891 1304 sanguinis
2929 1231 3309 1301 exposuimus,
3337 1238 3563 1285 nonest
3595 1228 3677 1283 ad-

2115 1331 2361 1386 mirabile
2397 1344 2412 1382 :
2454 1342 2573 1383 mos
2623 1328 2817 1395 quippe
2857 1333 2943 1379 est
2993 1322 3155 1377 etiam
3201 1320 3343 1389 apud
3388 1321 3677 1377 exteriores

2118 1421 2342 1476 aﬂluens
2371 1419 2643 1488 eloquium
2684 1415 3092 1485 iargissimeque
3124 1426 3185 1466 se
3214 1427 3277 1466 ac
3310 1410 3471 1467 facile
3506 1412 3573 1465 ad
3596 1412 3677 1466 do»

2117 1514 2346 1570 ctriuam
2371 1511 2670 1574 eﬂ‘undens,
2703 1507 2905 1562 ﬂuxum
2932 1505 3019 1560 vel
3048 1503 3373 1559 rhetoricam
3395 1503 3674 1572 appellare.

2121 1605 2375 1675 Sequitur
2414 1620 2427 1656 :

2047 1773 2096 1832 Β
2182 1739 2253 1795 -Si
2305 1736 2501 1792 steterit
2534 1736 2748 1807 sanguis
2776 1741 2824 1787 et
2861 1732 3022 1802 ﬂuere
3053 1728 3346 1791 cessaverit,
3403 1727 3678 1781 numerabit

2125 1840 2313 1903 septem
2339 1829 2447 1881 dies
2488 1825 2870 1898 puriﬁcationis
2900 1840 3041 1885 sum,
3073 1831 3121 1875 et
3164 1829 3342 1873 octaro
3386 1819 3471 1873 di;
3523 1820 3678 1888 offeret

2123 1938 2215 1992 pro
2246 1937 2299 1975 se
2326 1917 2585 1975 sacerdoti
2619 1918 2750 1969 duos
2786 1925 3013 1969 turtures
3038 1916 3115 1969 vel
3144 1917 3274 1969 duos
3298 1913 3472 1984 pullos
3499 1909 3679 1965 colunt-

2127 2012 2330 2075 barum,
2362 2010 2432 2064 ad
2481 2010 2669 2062 ostium
2704 2006 3028 2060 tabernaculi
3070 2006 3383 2071 testimonii,
3423 2003 3517 2077 qui
3544 2017 3679 2054 unum

2077 2133 2083 2139 -
2125 2098 2278 2169 facie't
2299 2116 2391 2175 pro
2413 2106 2642 2176 peccato,
2672 2094 2893 2148 alterum
2916 2093 2969 2149 in
2992 2094 3375 2158 holocaustum,
3401 2091 3681 2162 rogabitque

2125 2208 2218 2260 pro
2247 2206 2307 2244 ea
2331 2206 2507 2243 coram
2526 2187 2771 2255 Domino,
2798 2196 2847 2241 et
2876 2202 2971 2259 pro
3004 2188 3152 2257 ﬂuxu
3186 2185 3537 2239 immunditiw
3558 2184 3680 2253 ejus;

2126 2278 2373 2337 docebitis
2413 2294 2533 2348 ergo
2562 2277 2701 2346 ﬁlios
2728 2272 2919 2343 Israel,
2962 2285 3017 2329 ut
3046 2285 3262 2330 caveant
3290 2274 3680 2335 immunditiam,

2128 2379 2175 2425 et
2217 2388 2319 2425 non
2356 2370 2651 2425 moriantur
2686 2372 2741 2423 in
2770 2368 3010 2423 sordibus
3045 2369 3153 2422 suis
3176 2386 3293 2421 cum
3324 2367 3685 2439 polluerintta-

2131 2462 2467 2517 bernaculum
2492 2478 2685 2527 meum,
2702 2460 2840 2532 quod
2862 2470 2934 2513 est
2968 2461 3105 2514 inter
3131 2476 3235 2513 eos.
3264 2459 3371 2529 (Ea:
3394 2456 3685 2528 Hesychia.)

2130 2551 2260 2620 Quae
2298 2551 2470 2605 virtus
2516 2548 2674 2618 hujus
2706 2548 2955 2625 sacriﬁcii
2992 2550 3059 2603 sit
3101 2557 3156 2603 et
3200 2546 3374 2618 qualis
3422 2548 3476 2601 in
3502 2547 3588 2602 his
3613 2546 3686 2614 qui

2130 2643 2332 2697 ﬂuxum
2361 2640 2584 2695 seminis
2608 2641 2916 2711 patiuntur,
2952 2640 3006 2693 in
3043 2647 3303 2711 quantum
3334 2653 3558 2692 necesse
3590 2641 3688 2690 erat

2133 2732 2384 2789 diximus.
2425 2728 2630 2784 Similia
2672 2730 2815 2783 enim
2857 2736 2911 2783 et
2952 2727 3059 2783 illic
3101 2722 3188 2781 lex
3221 2728 3475 2798 praecepit
3510 2746 3526 2780 :
3562 2725 3689 2781 Sicut

2132 2824 2276 2883 enim
2315 2816 2384 2876 ibi
2416 2822 2766 2891 semetipsqu
2793 2834 3006 2874 sumere
3041 2825 3275 2872 turtures
3313 2826 3408 2871 aut
3436 2815 3690 2872 columbas

2134 2914 2188 2968 iu
2226 2911 2552 2967 sacriﬁcium
2594 2908 2795 2963 [luxum
2842 2909 3065 2963 seminis
3104 2908 3397 2979 patientem
3434 2906 3691 2977 legislator

2134 3004 2411 3075 praecepit,
2438 3003 2563 3073 quia
2592 3000 2833 3079 magistri
2883 3000 3059 3055 locum
3092 3001 3305 3054 tenebat
3340 3008 3499 3071 atque
3523 3014 3692 3069 perso-

2136 3110 2280 3158 nam,
2320 3094 2399 3147 sic
2430 3102 2486 3147 et
2524 3107 2664 3147 nunc
2701 3091 2838 3145 hanc
2864 3106 2981 3159 quae
3016 3084 3131 3143 ﬂuit
3155 3087 3358 3142 ﬂuxum
3404 3089 3688 3160 sanguinis;

2142 3184 2369 3256 ﬁgurare
2392 3183 2535 3237 enim
2563 3198 2682 3237 eam
2714 3182 2943 3236 diximus
2964 3180 3216 3234 docentes
3244 3195 3363 3249 quae
3384 3179 3451 3233 ad
3470 3195 3691 3234 errorem

2140 3274 2453 3329 idololatriae
2484 3274 2776 3344 pertinent.
2821 3272 3181 3340 Quamobrem
3225 3270 3586 3343 eloquentiam
3618 3271 3693 3324 do-

2138 3380 2289 3431 cens,
2330 3373 2382 3419 et
2410 3364 2728 3433 eloquentia:
2757 3352 3113 3435 participans,
3144 3356 3465 3435 Sibimetipsi
3499 3377 3693 3416 sumam

2137 3474 2256 3529 qua:
2294 3456 2358 3511 ad
2398 3456 2826 3527 purificationem
2858 3455 3143 3526 proficiunt
3172 3462 3368 3531 potest.
3392 3446 3393 3455 “
3417 3456 3540 3524 Qum
3583 3469 3693 3525 ergo

2139 3549 2207 3604 ad
2229 3548 2732 3631 interpretationem
2764 3547 2986 3610 desunt,
3015 3544 3133 3600 hrec
3172 3540 3225 3599 in
3257 3545 3694 3614 subsequentibus

2137 3658 2234 3723 per
2298 3641 2541 3696 ordinem
2611 3639 2870 3693 dicemus.
2944 3636 3244 3702 Docebitis,
3309 3636 3512 3704 inquit,
3562 3635 3695 3705 ﬁlios

2139 3732 2330 3805 Israel,
2366 3742 2423 3787 ut
2454 3740 2665 3786 careant
2695 3730 3102 3796 immunditiam,
3128 3741 3177 3785 et
3208 3746 3314 3784 non
3340 3726 3621 3783 moriantur
3648 3728 3695 3779 in

2138 3825 2380 3882 sordibus
2402 3824 2511 3877 suis
2534 3839 2649 3875 cum
2672 3820 2951 3897 potiuerint
2974 3819 3369 3875 tabernaculum
3393 3837 3558 3876 meum
3570 3817 3695 3890 quod

2138 3924 2213 3971 est
2240 3916 2376 3969 inter
2404 3930 2511 3968 eos.

2210 4046 2320 4117 (Ea:
2344 4042 2650 4113 Hesychia.)
2681 4043 2936 4109 Quamvis
2975 4057 3135 4099 omne
3169 4050 3455 4111 peccatum
3486 4042 3697 4097 immun-

2139 4139 2270 4194 ditia
2306 4138 2377 4192 sit
2404 4137 2618 4199 animm,
2648 4135 2883 4189 maxime
2912 4140 3093 4189 tamen
3133 4134 3475 4199 idololatriae,
3508 4142 3565 4189 et
3592 4147 3697 4202 quae

2140 4229 2205 4283 ad
2229 4243 2351 4284 eam
2395 4226 2684 4294 pertineant.
2731 4224 2856 4279 litec
2892 4238 3085 4279 cavere
3126 4230 3184 4278 et
3229 4224 3281 4279 in
3312 4224 3398 4279 his
3432 4224 3698 4293 timoratos

2139 4317 2465 4383 tilioslsrael
2504 4316 2779 4386 legislator
2818 4331 2940 4371 esse
2969 4314 3269 4379 desiderat,
3308 4322 3370 4371 ut
3388 4330 3502 4371 non
3525 4312 3699 4379 crude.

2141 4410 2346 4465 lissima
2374 4408 2666 4478 impietatis
2699 4408 3002 4465 moriantur
3031 4415 3203 4461 morte
3234 4425 3252 4460 ι
3284 4406 3536 4474 polluant
3569 4403 3697 4461 enim

2064 4469 2119 4528 Β
2134 4496 2294 4571 impii
2314 4469 2717 4569 tabeinaculum
2746 4498 2862 4559 Dei.
2890 4496 3032 4566 quod
3056 4498 3111 4553 in
3137 4498 3268 4568 ipsis
3286 4469 3389 4557 est.
3416 4498 3565 4567 atqui
3589 4508 3696 4555 oor-

2141 4609 2245 4664 pus
2276 4598 2360 4651 est
2384 4607 2493 4661 quo
2526 4590 2668 4646 ﬂuxu
2696 4590 2974 4661 sanguinis
3004 4597 3100 4644 aut
3126 4589 3351 4647 setninis
3378 4589 3697 4658 inquinatur.

2143 4684 2249 4741 Sed
2287 4685 2413 4753 quia
2457 4682 2782 4751 impietatem
2825 4696 3007 4737 sermo
3038 4681 3231 4744 innuit,
3281 4696 3404 4750 quae
3442 4677 3698 4741 hominem

2141 4784 2313 4831 totum
2338 4774 2578 4844 polluere
2611 4773 2907 4837 consuevit,
2947 4780 3232 4842 propterea
3262 4780 3481 4835 cautos.
3515 4771 3624 4829 sire
3646 4774 3699 4821 ut

2142 4869 2519 4936 Septuaginta,
2551 4867 2842 4928 tiuomtos,
2880 4864 3075 4935 inquit.
3112 4864 3316 4934 facietis
3349 4862 3491 4931 ﬁlias
3510 4860 3697 4924 istud.

2141 4960 2205 5011 ab
2225 4956 2560 5013 immunditia
2589 4972 2690 5009 sua
2731 4974 2745 5009 :
2779 4956 2921 5024 quod
2951 4968 3128 5023 neque
3158 4955 3231 5011 de
3256 4954 3507 5022 Iepnosis,
3538 4967 3703 5021 autne

2140 5047 2208 5101 de
2249 5046 2334 5101 his
2357 5044 2451 5113 qui
2490 5046 2783 5113 tetigerunt
2817 5045 3105 5115 morticina
3138 5045 3388 5108 sancivit.
3427 5046 3521 5105 sed
3549 5051 3601 5103 et
3626 5051 3699 5103 te-

2140 5134 2415 5191 bernaculi
2458 5135 2551 5191 Dei
2596 5133 2738 5203 quod
2775 5135 2829 5189 in
2872 5133 3031 5191 nobis
3069 5144 3157 5191 est
3198 5133 3526 5198 mentionem
3564 5131 3698 5197 iecit.

2142 5228 2545 5282 tabernaculum
2587 5226 2731 5283 enim
2763 5225 2857 5283 Dei
2895 5233 2982 5281 est.
3002 5224 3181 5287 omnis
3207 5233 3391 5288 noster
3426 5226 3615 5289 unum.
3647 5220 3699 5283 in

2139 5332 2248 5385 quo
2293 5315 2434 5371 Deus
2468 5315 2717 5372 habitare
2746 5315 2991 5375 creditur
3033 5332 3047 5373 ε
3084 5315 3316 5384 primum
3364 5314 3576 5382 quidem
3609 5324 3701 5382 per

2141 5408 2427 5479 imaginem
2451 5422 2613 5474 quam
2642 5405 2797 5465 nobis
2820 5405 3075 5470 donavit,
3101 5405 3296 5467 deinde
3313 5418 3415 5473 per
3446 5401 3700 5474 primitias

2140 5512 2275 5567 quas
2300 5514 2330 5551 a
2356 5496 2512 5550 nobis
2533 5493 2763 5563 sumpsit
2792 5512 2804 5546 :
2843 5492 3070 5548 Verbum
3097 5493 3234 5548 enim
3266 5509 3389 5559 caro
3414 5493 3607 5561 factum
3629 5495 3698 5545 est

2140 5587 2321 5661 (Joan.
2353 5588 2419 5658 ι),
2448 5586 2593 5654 quod
2615 5601 2711 5654 per
2740 5585 2884 5639 illam
2924 5583 3280 5639 munitionem
3311 5581 3331 5654 [
3335 5583 3674 5636 minutionem
3678 5594 3697 5648 λ

2137 5684 2307 5741 etiam
2335 5682 2390 5736 in
2425 5677 2648 5750 reliquis
2683 5679 2930 5736 habitare
2972 5675 3279 5747 hominibus
3309 5673 3529 5747 dicitur,
3566 5666 3698 5738 quod
