3892 6344
145 336 230 391 413

1023 320 1521 379 EXPOSITIONES
1559 321 1624 375 lN
1666 321 2060 379 LEVITICUM.
2092 351 2161 364 --
2199 323 2322 379 LIB.
2368 323 2430 380 ν.

3232 329 3338 383 Mt-
3399 337 3406 378 '.

143 451 308 522 probat
335 442 563 498 Joannes
587 440 776 520 dicens
807 456 818 491 :
863 437 1085 492 Verbum
1111 454 1232 491 caro
1265 436 1461 505 factum
1483 444 1591 499 est,
1614 443 1661 488 et
1691 442 1744 502 Α
1765 442 1819 490 et
1849 435 2027 504 iniqua
2074 444 2197 490 sunt
2240 435 2434 491 docent
2468 451 2482 491 :
2523 435 2591 489 Et
2629 437 2871 506 pracepit
2909 439 3198 494 ei'dicens:
3239 440 3338 494 Lo—

143 537 356 596 lmbitarit
384 535 435 586 in
467 533 630 587 nobis.

199 633 296 684 Ista
308 637 373 681 est
387 625 592 695 lerejus
614 627 701 696 qui
715 626 1120 696 patiturﬂuxum
1143 621 1373 685 seminis,
1393 627 1442 673 et
1453 619 1542 688 qui
1561 617 1670 688 pol-

143 718 460 778 luitur'coitu,
489 726 534 769 et
570 731 686 785 qua!
716 715 992 767 menstruis
1028 711 1337 781 temporibus
1370 719 1668 779 separatur,

140 811 204 867 vel
225 807 460 879 quwjugi
489 805 600 875 ﬂuit
632 807 901 874 sanguine,
951 814 997 858 et
1030 805 1258 856 hominis
1287 803 1375 872 qui
1402 802 1669 854 dormierit

143 917 238 955 cum
260 916 329 952 ea.
363 897 432 968 (Ε
437 913 472 950 :1;
510 896 810 967 Hesychia.)
843 893 966 949 11ωο
1001 895 1217 949 sibimet
1242 893 1517 963 legislator
1545 905 1672 945 cou-

141 1001 323 1046 nectere
346 989 642 1050 consuevit,
671 999 728 1040 ut
751 989 797 1041 ei
813 987 902 1056 qui
926 985 1258 1040 meditationi
1283 985 1413 1053 legis
1434 983 1670 1036 studium

139 1085 329 1153 prtnbet,
359 1081 688 1138 manifestet,
720 1081 987 1148 quomodo
1015 1086 1258 1147 oporteat
1286 1076 1397 1130 bmc
1427 1074 1666 1142 intelligi,

113 1168 302 1243 'etquze
326 1190 445 1228 cum
473 1173 666 1241 quibus
695 1173 1066 1241 cognationem
1098 1170 1390 1223 secumlum
1423 1167 1673 1221 similitu-

141 1266 290 1319 dinem
328 1264 630 1317 intellectus
677 1264 927 1316 habeant.
963 1261 1096 1327 Quia
1141 1274 1268 1327 ergo
1310 1271 1430 1312 esse
1472 1256 1671 1309 ﬂuxum

104 1383 111 1410 ε
139 1356 331 1410 seminis
357 1355 596 1424 patiens,
634 1355 819 1407 doctor
844 1351 1169 1424 [doctorum]
1215 1362 1564 1416 corrumpens
1591 1361 1676 1398 se-

105 1439 258 1507 3mcn,
297 1453 348 1498 et
393 1446 567 1513 turpia
599 1456 756 1512 atque
800 1443 1196 1511 corrumpentia
1243 1441 1566 1500 admonens,
1592 1443 1682 1504 rest

135 1533 392 1602 probatus,
427 1541 481 1587 et
508 1534 572 1586 de
601 1549 706 1600 quo
735 1530 1008 1602 egreditur
1050 1545 1232 1584 semen
1264 1530 1437 1583 coitus
1475 1533 1531 1576 ut
1570 1523 1684 1592 pol-

134 1622 306 1684 luatur,
343 1623 387 1676 is
409 1623 498 1692 qui
523 1621 738 1676 Iudaica
761 1629 1026 1691 prtecepta
1055 1619 1235 1681 docet,
1265 1619 1318 1670 in
1345 1616 1540 1683 quibus
1566 1613 1683 1680 ipse

134 1721 177 1762 ut
204 1713 332 1765 mala
358 1714 493 1765 bona
526 1713 743 1776 docens,
774 1722 829 1765 et
855 1711 992 1779 legis
1026 1707 1378 1761 intentionem
1413 1715 1682 1771 transgre-

1769 543 1922 597 quere
1944 528 2010 580 ad
2040 529 2214 581 Aaron
2245 529 2460 597 fratrem
2486 538 2655 592 tuum,
2679 543 2741 582 ne
2760 531 2902 582 omni
2929 539 3156 599 tempore
3178 533 3342 601 ingre-

1771 619 1947 671 diatur
1977 620 2354 683 sanctuarium,
2391 618 2529 690 quod
2556 629 2632 673 est
2660 621 2802 673 intra
2831 619 2996 674 velum
3021 635 3198 678 eorum
3224 641 3347 692 pro-
3409 661 3412 666 -

1770 709 2051 778 pitiatorio,
2083 726 2184 780 quo
2211 711 2401 778 tegitur
2431 727 2557 762 arca
2575 750 2588 773 ,
2615 720 2669 762 tu
2696 727 2796 764 non
2823 713 3078 765 moriatur
3097 753 3111 777 ,
3137 715 3259 781 quia
3290 715 3342 768 iu
3409 751 3413 756 ι

1772 799 1904 852 nube
1929 797 2181 868 apparebo
2211 814 2364 866 super
2390 797 2679 852 oraculum.
2710 799 2815 869 (Ex
2843 799 3147 870 Hesychia.)
3167 801 3348 867 Quan-
3409 833 3414 842 ο

1771 896 1886 942 tum
1915 897 2100 956 parcat
2120 886 2263 941 Deus
2291 887 2447 940 saluti
2478 897 2675 942 nostra;
2702 904 2767 942 ex
2799 890 2982 944 multis
3008 906 3125 958 qua:
3149 892 3200 944 in
3231 891 3343 960 lege

1774 980 1913 1035 dicta
1944 989 2070 1033 sunt
2092 979 2414 1032 considerari
2443 988 2496 1032 et
2524 977 2654 1033 disci
2682 990 2877 1049 potest,
2903 982 2967 1035 de
2997 983 3191 1050 quibus
3214 983 3345 1038 nihil

1773 1069 2136 1138 negligentes,
2184 1067 2366 1122 oculos
2407 1069 2598 1120 mentis
2625 1083 2721 1136 per
2744 1069 2952 1137 singula
2985 1071 3345 1124 intendamus.

1775 1159 1942 1212 Recte
1977 1159 2266 1214 maximam
2315 1157 2641 1225 diligentiam
2689 1158 2958 1225 legislator
3004 1160 3244 1223 exhibet,
3290 1169 3350 1213 ut

1774 1263 1879 1302 non
1907 1248 2077 1302 solum
2107 1248 2158 1300 in
2185 1247 2363 1300 verbis
2388 1248 2654 1315 turpibus,
2683 1256 2773 1298 aut
2794 1248 2848 1300 in
2876 1248 3066 1302 fabulis
3086 1248 3346 1311 Judaicis,

1777 1352 1868 1394 aut
1901 1342 1950 1394 in
1979 1340 2156 1407 aliquo
2185 1338 2500 1391 idololatria:
2528 1339 2904 1405 phantasmate
2923 1378 2936 1400 ,
2967 1339 3212 1400 doctores
3246 1354 3349 1392 non

1780 1429 2076 1492 excedant;
2119 1431 2212 1482 sed
2241 1444 2339 1482 nec
2373 1429 2653 1481 occasione
2700 1427 2978 1495 theologi-te
3020 1433 3073 1482 in
3109 1429 3352 1495 impieta-

1782 1529 1890 1574 tem
1921 1519 2148 1583 cadant,
2196 1520 2338 1587 quod
2365 1536 2479 1572 mos
2509 1528 2590 1572 est
2622 1519 2891 1572 haereticis
2927 1520 3054 1586 pati.
3096 1519 3355 1571 Substan—

1782 1612 1912 1665 tiam
1940 1610 2082 1663 enim
2123 1611 2470 1662 discntientes
2513 1609 2638 1672 Dei,
2684 1617 2793 1661 tam
2841 1608 3014 1661 Patris
3057 1609 3122 1662 ad
3166 1607 3357 1661 Filium

1781 1714 1942 1768 quam
1973 1699 2089 1752 Filii
2120 1701 2185 1751 ad
2218 1698 2476 1766 Spiritum
2517 1707 2760 1750 sanctum
2803 1697 3157 1750 ditl'ereutiam
3189 1699 3357 1750 intro-

131 1803 262 1856 diens
301 1803 575 1873 polluitur,
615 1805 738 1855 dmn
767 1818 828 1854 ea
860 1813 979 1868 qum
1010 1800 1074 1851 ad
1117 1799 1350 1850 litteram
1391 1794 1676 1863 pertinent,
1709 1794 1754 1851 B
1782 1791 2007 1852 ducunt,
2033 1797 2087 1842 et
2111 1789 2213 1840 alia
2242 1789 2435 1840 similia
2462 1803 2580 1855 qua:
2609 1796 2848 1840 nostram
2887 1787 3151 1840 excedunt
3182 1787 3358 1840 scien-

127 1904 262 1949 extra
292 1905 500 1964 tempus
522 1892 751 1964 profert,
788 1897 842 1945 et
868 1891 1023 1944 modo
1050 1889 1278 1959 quodam
1311 1885 1514 1946 mundi,
1539 1883 1676 1936 sicut

125 1987 405 2040 immundis
455 1987 641 2049 utitur,
691 1985 755 2037 de
803 1983 996 2052 quibus
1047 1982 1246 2033 dictum
1297 1985 1379 2030 est
1421 1993 1434 2028 :
1488 1974 1678 2028 Omnia

121 2079 310 2131 munda
335 2077 561 2142 mundis,
597 2074 935 2146 coinquinatis
960 2084 1134 2125 autem
1162 2080 1210 2124 et
1230 2067 1526 2137 infidelibus
1548 2063 1679 2119 nihil

121 2170 366 2222 mundum
414 2183 431 2220 :
485 2169 572 2221 sed
624 2167 822 2236 polluta
864 2175 984 2219 sunt
1042 2182 1221 2217 eorum
1264 2180 1408 2215 mens
1463 2169 1510 2214 et
1551 2176 1678 2213 con-

124 2260 323 2313 scientia
352 2258 487 2332 (Tit.
528 2257 610 2329 ι),
648 2249 921 2327 sanguinis
961 2267 1139 2310 autem
1181 2253 1382 2306 ﬂuxum
1415 2252 1681 2322 patientes

127 2353 171 2406 in
210 2352 493 2404 menstruis
518 2350 650 2414 suis,
696 2349 748 2402 hi
781 2363 897 2402 esse
925 2345 1279 2402 demonstrati
1309 2351 1469 2406 sunt,
1500 2343 1590 2411 qui
1617 2356 1678 2395 ea

131 2458 232 2510 quac
267 2442 329 2494 ad
367 2427 694 2509 impietatem
747 2439 998 2501 tendunt,
1044 2435 1132 2490 illo
1171 2437 1363 2490 docent
1417 2444 1677 2502 tempore,

133 2534 176 2586 in
198 2549 294 2602 quo
321 2547 487 2603 genus
516 2529 794 2584 hominum
818 2529 989 2583 errori
1026 2527 1286 2580 idolorum
1317 2527 1592 2579 detentum
1626 2523 1680 2575 in

133 2621 400 2674 menstruis
426 2620 556 2684 suis,
584 2619 633 2671 id
662 2624 743 2671 est
771 2617 825 2671 in
847 2615 1188 2686 separatione
1216 2615 1454 2677 malitiae,
1483 2629 1511 2665 a
1539 2611 1679 2666 malo

134 2712 255 2764 enim
284 2709 513 2780 separati
559 2725 665 2763 non
693 2716 879 2773 erant,
920 2715 976 2760 ut
1003 2707 1312 2760 ostenderet
1341 2704 1464 2772 quia
1493 2703 1680 2756 eadem

134 2801 187 2853 de
219 2801 294 2854 his
323 2793 410 2869 qui
449 2816 616 2870 prava
652 2799 846 2852 docent
869 2797 955 2851 lex
987 2796 1243 2864 loquitur,
1289 2795 1354 2847 de
1381 2793 1497 2847 solo
1539 2791 1683 2843 ﬂuxu

135 2873 328 2945 seminis
349 2893 588 2960 patiente
609 2889 848 2943 masculo
871 2889 1021 2952 dicit,
1047 2887 1258 2940 femina:
1281 2894 1461 2938 autem
1483 2883 1682 2935 ﬂuxum

136 2981 329 3033 seminis
356 2980 616 3050 patientis
642 2977 960 3032 memoriam
990 2975 1284 3030 secundum
1314 2974 1552 3026 litteram
1593 2985 1687 3039 pe-

136 3055 256 3124 nltus
287 3089 388 3125 non
428 3071 580 3136 fecit,
626 3069 717 3124 sed
746 3085 842 3139 per
872 3068 1149 3121 mulierem
1178 3081 1296 3134 qua:
1340 3063 1458 3116 ﬂuit
1483 3063 1684 3115 ﬂuxum

136 3161 413 3229 sanguinis,
458 3176 588 3215 eum
626 3159 718 3229 qui
756 3157 981 3213 cﬂimdit
1025 3157 1324 3211 doctrinam
1374 3153 1685 3209 idololatriae
1713 3161 1757 3222 ρ

137 3251 390 3317 intellexit,
440 3263 494 3308 et
536 3261 824 3322 propterea
864 3267 1004 3304 nunc
1050 3267 1169 3304 eam
1213 3247 1414 3301 ﬂuxum
1464 3247 1686 3301 seminis

134 3345 396 3412 patientem
437 3345 758 3416 appellavit,
788 3353 846 3398 ut
903 3359 998 3398 nos
1027 3344 1357 3397 disceremus
1402 3341 1528 3410 quia
1561 3354 1685 3393 eum

135 3437 213 3503 qui
255 3439 545 3506 corrumpit
590 3437 785 3490 bonam
825 3435 1146 3497 doctrinam,
1202 3433 1433 3501 turpiter
1468 3437 1586 3486 eam
1633 3438 1688 3483 ct

136 3529 260 3583 male
293 3529 588 3600 proferens,
631 3521 789 3583 talem
828 3525 1002 3596 qualis
1027 3535 1110 3580 est
1140 3527 1186 3579 is
1212 3526 1303 3594 qui
1349 3525 1685 3592 impietatem

137 3619 276 3673 docet.
291 3621 364 3674 lex
389 3627 619 3693 reputet.
642 3612 1000 3688 Utrorumque
1014 3618 1155 3671 enim
1170 3615 1326 3670 verba
1346 3613 1690 3683 corruptimte

135 3711 269 3778 plena
295 3722 435 3768 sunt.

723 3790 954 3847 CAPUT
1003 3789 1088 3844 111.

145 3899 203 3954 Ne
220 3901 395 3955 Aaron
421 3911 467 3953 et
495 3901 592 3968 filii
617 3901 727 3968 ejus
753 3903 892 3953 omni
924 3910 1148 3970 tempore
1180 3899 1540 3970 ingrediantur
1570 3911 1692 3949 san-

203 3972 482 4034 ctuarium,
496 3967 559 4022 iet
583 3967 704 4033 quid
726 3980 842 4022 ante
860 3967 1146 4039 ingressum
1169 3967 1602 4035 sitio/ferendum.

196 4079 332 4148 (Car.
369 4078 506 4150 XVI.)
527 4077 750 4132 Locutus
775 4086 847 4130 est
873 4077 1125 4131 Dominus
1161 4077 1228 4130 ad
1254 4075 1468 4144 Moysen
1490 4073 1695 4126 dicens:

145 4178 231 4235 post
255 4178 470 4223 mortem
489 4170 713 4221 duorum
739 4168 970 4236 ﬁliorum
989 4169 1183 4231 Aaron,
1203 4166 1410 4237 quando
1426 4165 1697 4233 offerentes

146 4259 284 4326 ignem
309 4263 536 4314 alienant
567 4261 828 4330 interfecti
849 4268 987 4313 sunt.
1021 4260 1159 4314 Ecce
1181 4269 1232 4314 et
1257 4275 1397 4313 nunc
1424 4258 1518 4311 Dei
1535 4255 1697 4326 spiri—

152 4358 217 4404 tus
243 4368 397 4407 unnm
427 4368 623 4421 corpus
651 4353 778 4422 legis
805 4352 954 4417 facit,
980 4363 1033 4406 et
1061 4353 1123 4407 ad
1148 4369 1311 4406 unum
1343 4352 1537 4422 redigit
1559 4349 1698 4403 invi-

152 4456 241 4494 cem
268 4445 362 4498 sibi
395 4443 741 4498 cohaerentia.
774 4443 879 4515 (Ex
916 4443 1219 4514 Hesychia.)
1247 4443 1460 4497 Etcum
1495 4437 1696 4495 dudum

155 4535 517 4590 manilestasset
574 4550 636 4588 ea
687 4551 803 4603 qua:
847 4537 913 4589 ad
964 4537 1302 4600 doctrinam,
1345 4551 1462 4604 qua:
1507 4541 1693 4588 contra

156 4620 291 4692 legem
344 4636 465 4692 est,
510 4627 825 4696 pertinent,
887 4626 1177 4696 modosque
1220 4624 1334 4694 eius
1376 4624 1695 4694 multiplices

155 4717 375 4778 quosdam
424 4725 592 4785 atque
640 4714 942 4769 differentes
987 4716 1356 4784 eprsuisset:
1398 4729 1500 4767 una
1552 4729 1696 4766 nunc

155 4814 247 4856 eam
271 4807 534 4876 redarguit
556 4805 697 4873 lege,
717 4813 770 4858 et
790 4820 1071 4857 commune
1097 4805 1486 4873 quodammodo
1509 4811 1695 4856 contra

157 4906 250 4944 eam
283 4894 511 4949 subdidit
553 4901 918 4964 prteceptum,
961 4902 1015 4948 et
1057 4909 1272 4948 causam
1311 4893 1483 4947 morbi
1530 4891 1698 4962 ipsius

159 4983 458 5039 manifestam
489 4985 640 5048 fecit,
670 4983 721 5036 id
753 4991 854 5046 est,
887 4983 1028 5036 unde
1055 4983 1334 5055 contingit,
1363 4993 1414 5037 et
1437 4983 1578 5036 unde
1603 4998 1694 5036 su-

159 5077 382 5137 pervenit.
427 5076 646 5131 Audisti
693 5076 837 5130 enim
874 5077 1081 5142 quando
1107 5073 1336 5129 liliOrum
1366 5076 1566 5140 Aaron,
1609 5091 1701 5129 co-

162 5176 254 5216 rum
279 5167 360 5234 qui
399 5168 580 5221 divino
624 5165 744 5236 igne
788 5159 1084 5232 consumpti
1135 5173 1278 5229 sunt,
1331 5163 1700 5232 quzerebamus

164 5263 376 5320 mortem,
401 5260 523 5327 quia
554 5272 682 5311 cum
713 5257 935 5308 verbum
967 5254 1071 5309 illic
1099 5253 1285 5323 legalis
1316 5254 1617 5307 traditionis
1647 5263 1699 5307 et

164 5337 366 5402 historiaa
397 5348 699 5403 faceremus
719 5389 733 5413 ,
778 5348 953 5417 ignem
986 5347 1240 5410 alienum,
1276 5346 1503 5399 alienam
1533 5359 1562 5398 a
1594 5345 1701 5400 Deo

167 5431 426 5494 doctrinam
458 5442 731 5502 diximus;
765 5449 817 5492 et
847 5447 1125 5508 propterea
1155 5455 1183 5491 a
1214 5439 1392 5492 divino
1415 5437 1555 5506 igne,
1578 5437 1704 5505 igne

168 5521 380 5585 Videlicet
421 5530 689 5602 Spiritus,
736 5547 828 5584 eos
875 5532 962 5601 qui
1014 5531 1189 5602 ignem
1234 5529 1377 5584 illum
1409 5528 1705 5583 olTercbant

168 5628 266 5671 esse
287 5623 661 5694 Consumptos:
705 5623 827 5690 quia
862 5623 1039 5676 divino
1075 5622 1184 5692 igni
1223 5630 1404 5692 aperte
1433 5622 1704 5676 contradi-

171 5715 289 5775 cunt,
317 5719 369 5767 et
386 5724 573 5769 contra
603 5712 860 5783 Spiritum
897 5721 1090 5784 agunt,
1117 5713 1171 5767 hi
1202 5713 1291 5783 qui
1321 5727 1384 5768 ea
1412 5727 1533 5783 quae
1560 5710 1701 5767 mala

1783 1879 1937 1943 tiam,
1963 1877 2388 1944 absconditaque
2409 1884 2532 1928 sunt
2563 1876 2732 1935 nobis,
2765 1875 2902 1927 sicut
2931 1875 3089 1930 nimis
3117 1874 3247 1936 alta,
3278 1883 3358 1928 at-

1783 1985 1888 2038 que
1919 1967 2137 2031 similia,
2165 1982 2272 2020 non
2299 1981 2365 2020 ex
2397 1966 2592 2020 divinis
2621 1964 2957 2034 dogmatibus
2976 2004 2990 2028 ,
3029 1964 3123 2017 sed
3154 1980 3217 2018 ex
3247 1963 3358 2018 suis

1781 2059 2195 2130 cogitationibus
2241 2058 2528 2126 exquirere
2573 2056 2846 2120 volentes,
2899 2071 2930 2108 a
2974 2054 3360 2108 moderationis

1781 2150 2164 2207 ecclesiastica:
2186 2149 2354 2203 excisi
2387 2155 2511 2202 sunt
2533 2162 2777 2216 corpore.
2801 2146 2913 2200 Hoc
2940 2161 3067 2215 ergo
3099 2159 3165 2198 ne
3189 2145 3360 2213 patia-

1781 2255 1923 2304 mur,
1951 2240 2039 2294 lex
2061 2239 2422 2308 praesentibus
2450 2251 2550 2292 nos
2570 2243 2865 2306 prazmonet
2887 2236 3085 2292 verbis.
3106 2234 3197 2292 Ait
3218 2235 3361 2288 enim

1781 2332 1895 2386 sic:
1937 2330 2005 2384 Et
2035 2330 2168 2384 dixit
2194 2327 2450 2382 Dominus
2475 2327 2546 2380 ad
2572 2326 2821 2396 Moysen:
2843 2325 3075 2395 Loquere
3099 2323 3166 2377 ad
3187 2322 3362 2376 Aaron

1781 2423 1997 2492 fratrem
2037 2429 2207 2485 tuum,
2239 2419 2294 2474 id
2321 2429 2422 2483 est,
2456 2428 2519 2474 ut
2537 2419 2845 2474 sacerdotes
2868 2417 2970 2472 sibi
2999 2415 3228 2470 invicem
3249 2414 3364 2467 haec

1781 2511 2158 2580 praeciperent,
2187 2516 2243 2562 et
2265 2509 2634 2576 unusquisque
2658 2507 2939 2562 doctorum
2969 2505 3094 2560 talia
3117 2503 3363 2574 proximo

1785 2601 2046 2663 sanciret,
2091 2600 2272 2668 qualia
2311 2597 2453 2654 nunc
2497 2598 2636 2654 Deus
2663 2598 2808 2667 loqui
2841 2597 2905 2656 ad
2932 2596 3110 2652 Aaron
3144 2594 3361 2664 Moysen

1784 2690 2070 2759 praecepit;
2101 2703 2220 2756 quae
2249 2697 2377 2741 sunt
2403 2696 2582 2742 autem
2617 2687 2772 2740 haec?
2811 2685 2934 2738 Non
2966 2683 3104 2738 omni
3135 2694 3364 2751 tempore

1784 2780 2113 2848 ingrediatur
2142 2780 2522 2840 sanctuarium,
2555 2778 2690 2847 quod
2718 2786 2790 2830 est
2821 2777 2958 2830 intra
2990 2774 3153 2838 velum
3186 2789 3364 2828 coram

1787 2869 2148 2938 propitiatorio
2195 2885 2296 2938 quo
2345 2869 2536 2937 tegitur
2579 2885 2724 2921 arca.
2773 2865 3067 2920 Commune
3116 2863 3366 2918 omnibus

1788 2958 2124 3022 mandatum,
2149 2966 2204 3011 et
2231 2973 2573 3014 communem
2602 2958 2691 3012 hic
2720 2955 3000 3024 proposuit
3031 2953 3224 3021 legem,
3259 2951 3368 3021 pri—

1789 3065 1935 3104 mum
1959 3049 2176 3116 quidem
2203 3047 2576 3104 sacerdotibus
2604 3056 2815 3116 aptam,
2857 3045 3052 3102 deinde
3095 3043 3243 3098 omni
3281 3041 3369 3110 qui

1789 3139 1902 3193 vult
1931 3139 2200 3196 discutere
2240 3138 2421 3198 divina
2472 3137 2748 3208 mysteria.
2788 3135 3151 3203 Quamobrem
3183 3147 3368 3186 secun-

1789 3231 1916 3284 dum
1945 3229 2088 3283 LXX
2131 3229 2566 3298 impersonaliter
2588 3227 2844 3297 praecepit
2875 3226 3060 3280 dicens
3088 3242 3099 3277 :
3143 3219 3268 3276 Non
3294 3221 3363 3274 in-

1789 3321 2101 3392 grediuntur
2147 3321 2286 3374 omni
2331 3329 2558 3389 tempore
2601 3319 2655 3372 in
2698 3326 2937 3392 sanctum
2979 3314 3198 3369 interius
3239 3312 3370 3366 vela-

1788 3411 1974 3474 minis,
2014 3410 2138 3480 qui,
2184 3425 2290 3464 non
2321 3410 2556 3475 addidit,
2599 3423 2786 3464 omnes
2830 3407 3118 3477 prohibere
3161 3403 3230 3458 ab
3273 3403 3371 3456 hoc

1790 3502 2072 3560 manifeste
2106 3503 2367 3571 cupiens;
2411 3502 2537 3570 quia
2567 3501 2711 3554 enim
2751 3499 2998 3556 velamen
3029 3511 3226 3566 corpus
3257 3493 3370 3556 Sal-

1790 3592 1993 3646 vatoris
2024 3590 2358 3659 intelligitur.
2393 3588 2546 3644 Sicut
2573 3588 2773 3642 Paulus
2803 3586 3082 3640 evidenter
3110 3583 3226 3644 ait:
3262 3579 3374 3633 Ila-

1795 3684 1964 3738 bentes
2023 3693 2193 3735 autem
2254 3682 2624 3747 conﬁdentiam
2673 3681 2728 3732 in
2777 3679 2994 3732 introitu
3041 3685 3376 3738 sanctorum,

1792 3790 1950 3845 quam
1985 3773 2208 3826 initiavit
2246 3771 2392 3824 nobis
2425 3771 2559 3825 vium
2590 3784 2798 3831 novam,
2831 3777 2878 3820 et
2910 3767 3154 3820 viventem
3178 3781 3270 3833 per
3300 3781 3377 3817 ve-

1794 3865 1986 3929 lamen,
2015 3864 2069 3917 id
2107 3871 2183 3916 est
2209 3878 2301 3931 per
2329 3876 2539 3916 carnem
2583 3874 2735 3916 suam
2779 3856 2974 3927 (Hebr.
3008 3856 3096 3925 χ).
3137 3854 3254 3922 Ipse
3298 3862 3378 3908 est

1796 3957 1941 4011 enim
1970 3969 2158 4010 verum
2192 3960 2248 4008 et
2273 3949 2604 4019 intelligibile
2630 3947 3083 4018 propitiatorium,
3135 3954 3193 4000 ut
3231 3952 3382 4012 pote,

1798 4047 1922 4116 quia
1951 4047 2067 4114 ipse
2097 4045 2255 4099 nobis
2283 4054 2626 4112 peccatorum
2656 4039 3093 4110 propitiatiouem
3133 4044 3375 4106 praestat.

1797 4139 1889 4194 Ait
1915 4137 2113 4194 etenim
2144 4136 2283 4190 idem
2311 4134 2535 4190 Paulus:
2569 4132 2758 4194 Omnes
2781 4137 3137 4201 peccauerunt,
3162 4138 3206 4182 et
3231 4136 3380 4198 egent

1799 4229 1966 4300 gloria
1989 4227 2106 4292 Dei,
2127 4225 2408 4295 justi/icati
2436 4225 2598 4294 gratis
2617 4240 2711 4294 per
2735 4223 2959 4292 gratiam
2985 4221 3118 4290 ejus,
3142 4236 3233 4289 per
3255 4218 3378 4292 libe-

1800 4321 2077 4383 rationem,
2107 4334 2225 4388 qua:
2268 4325 2342 4368 est
2374 4316 2430 4369 in
2470 4314 2674 4376 Christo
2714 4313 2877 4377 Iesu,
2919 4327 3071 4380 quem
3110 4309 3378 4378 proposuit

1799 4411 1938 4466 Deus
1972 4407 2392 4478 propitiationem
2420 4422 2512 4475 per
2541 4405 2846 4474 sanguinem
2873 4402 3034 4469 ipsius
3064 4398 3235 4468 (Rom.
3270 4399 3374 4467 tu).

1723 4509 1772 4578 D
1796 4505 1994 4574 Aperte
2025 4517 2156 4572 ergo
2185 4503 2435 4558 doctores
2460 4501 2652 4564 vetuit,
2678 4506 2733 4552 et
2752 4495 3062 4551 sacerdotes
3082 4490 3379 4560 prohibuit,

1801 4608 1855 4653 et
1882 4611 2228 4666 quoscunque
2255 4595 2321 4648 de
2355 4595 2464 4647 Deo
2493 4591 2640 4659 loqui
2669 4589 2750 4642 fas
2779 4595 2883 4651 est,
2912 4584 3197 4652 exquirere
3245 4583 3377 4638 sub-

1803 4689 2059 4745 stantiam
2091 4686 2220 4748 Dei,
2260 4693 2317 4738 et
2354 4683 2625 4738 discutere
2665 4677 2864 4738 Christi
2909 4675 3264 4739 divinitatem,
3294 4673 3378 4728 in-

1804 4779 1956 4848 gredi
1981 4778 2238 4831 interiora
2260 4772 2540 4828 velaminis
2564 4768 2946 4837 intelligibilis;
2972 4766 3216 4828 velamen
3234 4766 3381 4822 enim

1803 4883 2050 4938 Christus
2073 4879 2233 4934 habet
2261 4890 2500 4941 carnem,
2534 4879 2898 4942 tegumentum
2929 4871 3225 4926 divinitatis
3246 4885 3378 4935 suae,

1807 4978 2257 5051 quemadmodum
2288 4985 2341 5030 et
2369 4977 2472 5029 hoc
2500 4974 2642 5043 quod
2671 4979 2788 5026 erat
2823 4971 3074 5026 sensibile
3102 4969 3374 5034 velamen,

1807 5077 2174 5143 tegumentum
2203 5069 2407 5123 sanctis
2431 5073 2738 5121 sanctorum
2775 5065 2893 5118 fuit.
2928 5063 3042 5116 Non
3075 5062 3246 5116 solum
3284 5075 3380 5113 au-

1807 5175 1916 5218 tem
1941 5164 2217 5226 velamen,
2259 5163 2352 5216 sed
2380 5169 2434 5215 et
2469 5158 2760 5214 testimonii
2793 5172 2999 5219 aream,
3030 5169 3245 5209 carnem
3274 5153 3379 5206 Do-

1809 5256 1938 5310 mini
1988 5254 2310 5322 appellavit,
2347 5253 2530 5307 multis
2565 5251 2712 5304 illam
2756 5248 3063 5304 necessario
3103 5243 3376 5314 appellans

1809 5346 2136 5410 nominibus,
2171 5343 2295 5412 quia
2332 5344 2512 5397 multm
2537 5357 2602 5397 ex
2626 5357 2689 5397 ea
2719 5349 2877 5395 erant
2903 5337 3241 5406 operationes
3263 5369 3277 5395 ,
3309 5331 3377 5387 ad

1805 5452 1965 5506 quam
2004 5450 2188 5489 arcam
2225 5435 2371 5489 omni
2417 5443 2655 5503 tempore
2704 5447 2808 5486 non
2849 5429 3090 5497 praecipit
3127 5424 3375 5476 doctores

1805 5527 2036 5598 ingredi,
2087 5537 2146 5582 ut
2191 5519 2401 5582 curiose
2439 5527 2624 5595 utique
2659 5541 2766 5579 non
2795 5522 3084 5590 inquirent,
3117 5514 3371 5582 quemad-

1806 5620 2022 5673 modum
2065 5617 2288 5672 Verbum
2315 5635 2437 5672 caro
2467 5619 2662 5688 factum
2701 5622 2772 5666 est
2801 5611 2983 5678 (Joan.
3014 5609 3077 5674 ι),
3107 5604 3374 5671 quomodo

1802 5710 1968 5782 quiin
1995 5707 2167 5780 forma
2193 5710 2292 5766 Dei
2319 5718 2450 5779 erat,
2473 5710 2528 5763 in
2556 5708 2727 5777 forata
2755 5700 2887 5755 servi
2915 5699 3084 5767 {actus
3107 5703 3204 5764 est,
3236 5709 3372 5765 quo—
3437 5755 3448 5762 ,
