3892 6344
168 381 289 436 4H,

837 409 844 430 -.
897 409 900 412 ~
1025 370 1548 438 ~EX<POSITIONES
1583 372 1652 428 ΙΝ
1693 372 1719 428 ι

1824 371 2086 448 l'i'lGUNr
2127 400 2206 449 Τπ
2234 370 2360 452 ull?
2401 368 2504 450 llr;
2627 411 2656 448 ,ι
2729 415 2756 440 ς.

3256 361 3362 417 M8

169 491 254 545 hoc
283 499 414 546 enim
445 490 507 542 et
541 484 666 554 ipse
691 481 979 548 contextus
1013 484 1272 558 legalium
1294 487 1473 557 signat
1501 487 1698 552 verbm,
1722 484 2264 564 Nixiqueexplanari
2283 489 2486 556 potest,
2510 477 2636 556 quia
2667 490 2773 560 non
2808 474 2972 554 unius
3005 474 3215 562 generis
3231 515 3257 560 ,ἱ
3273 475 3369 546 sed

167 579 774 647 ῐιιωδέΡοὸκιυθιιιθηίω
793 579 1257 649 dixitlegislator,
1285 594 1366 641 :ne
1394 579 1700 644 omnium:
1719 617 1730 640 ιι
1753 547 1780 564 Ἴ
2489 547 2763 645 justoruni
2792 578 2888 636 est,
2911 547 3181 648 Uttigeriiti

168 667 614 741 tnreyiugrediatur
646 667 1034 733 sanctuarium,
1063 668 1165 726 nisi
1189 669 1320 732 haec.
1336 676 1460 726 ante
1487 666 1711 738 fecerit,

177 757 378 824 liuidum,
401 757 583 824 offeret
608 768 970 827 prozpeccato,
994 743 1276 825 subdidit,
1313 767 1361 818 et
1401 758 1612 826 arietem
1646 757 1702 818 in

163 849 514 913 holocaustum,
543 849 726 904 tunica
757 846 898 906 linea
914 847 1193 914 vestietur,
1225 854 1280 900 et
1318 845 1544 916 reliqua.
1582 844 1708 912 Non,

162 939 308 998 solum
335 935 608 996 Christtun
627 935 1022 1006 intelligibiletn.
1041 935 1298 1000 arietem,
1313 941 1373 996 et
1391 950 1581 1004 verum
1604 935 1708 1006 ho-_

160 1030 448 1093 locausttun,
491 1028 751 1092 virtutum
780 1028 1040 1094 videlicet
1071 1028 1456 1099 perfectionem
1486 1026 1708 1100 (Ipsum.

160 1123 292 1177 enim
322 1119 488 1176 virum
525 1119 813 1188 perfectum
849 1129 898 1178 et
941 1136 1244 1186 mensuram
1288 1121 1458 1194 (etatis
1503 1099 1700 1176 Paulus

158 1209 446 1281 appellarit)
488 1209 762 1288 suscipere
805 1224 904 1268 nos
941 1219 996 1266 et
1018 1211 1192 1280 (indui,
1227 1210 1452 1281 volens,
1482 1219 1700 1286 propter

157 1301 370 1370 quodet
405 1299 745 1369 baptismatis
774 1300 1018 1371 ,ει-λήθω
1066 1301 1387 1374 introduxit,
1432 1301 1720 1374 quia,er

155 1391 312 1460 ipsam
324 1391 560 1446 maxime
583 1390 875 1448 induimur.
909 1390 1132 1457 Quando
1169 1400 1350 1448 autem
1377 1392 1495 1451 huic,
1523 1375 1705 1459 adepti

154 1484 420 1550 fuerimus,
464 1485 522 1539 in
570 1483 771 1542 Sancta
817 1494 1127 1541 sanctorum
1165 1484 1566 1555 ingrediemur,
1598 1497 1706 1536 non

151 1577 484 1632 substantiam
511 1585 918 1646 perscrutantes
941 1577 1058 1641 Dei,
1091 1576 1178 1631 vel
1203 1575 1578 1638 disc'utientes,
1607 1573 1710 1628 hoc

150 1667 275 1722 cuitu
298 1667 622 1736 prohibitum
649 1676 755 1730 est,
790 1669 886 1723 sed
906 1667 976 1720 ad
997 1681 1061 1720 ea
1096 1680 1218 1734 qua:
1245 1671 1372 1719 sunt
1400 1663 1468 1718 de
1494 1663 1707 1732 dispen-

147 1758 336 1812 satione
362 1758 586 1824 Christi,
611 1757 990 1825 sacriﬁcioque
1014 1757 1132 1826 ejus
1155 1771 1255 1826 pro
1277 1757 1454 1822 nobis,
1481 1763 1534 1810 et
1551 1754 1706 1809 bonis

1801 634 1986 738 ﬁcium,
2004 687 2032 736 ς.
2058 639 2115 726 et
2450 634 2588 732 hirci
2615 678 2714 734 pro
2751 634 3407 739 genere

1798 770 2141 834 peccatorum
2167 759 2349 816 olferri
2378 743 2796 834 praecipiuntur;
2840 733 3237 818 vitulusiautem

1793 833 2139 922 justis,,.quia
2157 852 2294 913 bos,
2322 863 2442 912 cum
2476 847 2548 902 sit
2571 842 2997 916 adoperandum
3027 833 3228 916 factum
3258 840 3398 916 ani;

1799 941 1942 1005 mal,
1969 939 2026 996 in
2070 951 2302 1009 persona
2344 915 2815 1010 justisecundum
2865 932 3036 1003 legem
3086 915 3403 1012 accipitur."

1801 1030 1957 1086 Unde
1988 1037 2046 1086 et
2070 1001 2126 1086 in
2152 1027 2320 1086 vitulo
2345 1001 2457 1082 ait:
2485 1005 2666 1080 Orabit
2690 1042 2782 1095 pro
2801 1041 2856 1078 se
2877 1001 2938 1077 eti
2949 1040 3044 1094 pro
3075 1001 3227 1098 domo
3252 1001 3402 1098 sua|,:

1797 1122 2019 1178 domum
2047 1119 2144 1177 Dei
2160 1119 2369 1189 justum
2403 1087 2710 1188 appellans;
2749 1087 2960 1167 habitat
2982 1097 3120 1166 enim
3143 1087 3301 1189 ineis
3327 1087 3398 1189 et"

1797 1201 2110 1280 inambulat,
2140 1214 2257 1280 ipse
2283 1216 2367 1264 est
2396 1221 2583 1260 eorum
2610 1205 2774 1268 Deus,
2800 1212 2854 1258 et
2887 1203 2962 1257 illi
2990 1201 3107 1273 ejus
3125 1179 3394 1280 populus...

1799 1300 2170 1374 Deprecabitur
2181 1308 2228 1360 et
2241 1315 2334 1373 pro
2349 1313 2429 1364 eo,
2447 1295 2500 1357 id
2513 1302 2617 1360 est,
2635 1307 2733 1365 pro
2749 1291 2906 1368 domo
2921 1273 3148 1364 proprim
3165 1290 3342 1366 carnis
3353 1273 3398 1372 ’

1805 1391 1948 1444 Nam
1975 1399 2027 1443 et
2045 1390 2089 1442 si
2114 1397 2380 1457 peccatum
2405 1401 2509 1438 non
2535 1384 2678 1453 fecit,
2697 1398 2786 1434 nec
2813 1379 2962 1436 dolus
2985 1382 3216 1434 inventus
3237 1361 3307 1433 est
3325 1353 3398 1450 iii'

1805 1496 1893 1533 ore
1912 1481 2026 1550 ejus
2043 1479 2091 1548 (l
2111 1479 2226 1532 Pet.
2245 1477 2328 1547 tt),
2344 1484 2715 1532 verumtamen
2735 1469 2909 1525 Adam
2931 1469 3148 1524 indutus
3169 1476 3268 1532 est,
3286 1447 3392 1538 qui.
3452 1447 3456 1452 ’

1806 1569 2246 1640 propitiationem
2265 1575 2486 1636 propter
2525 1563 2894 1627 maledictum,
2916 1560 3060 1632 quod
3086 1559 3250 1614 semel
3283 1559 3383 1612 liu-

1805 1674 1968 1714 mano
1991 1673 2154 1727 super
2177 1658 2457 1711 inductum
2486 1663 2569 1710 est
2593 1654 2798 1725 generi,
2815 1668 2949 1722 opus
2981 1651 3222 1706 haberet.
3244 1647 3384 1702 Audi

1804 1765 1934 1819 ergo
1956 1749 2179 1803 Paulum
2195 1749 2261 1802 ad
2286 1747 2539 1802 Hebraeos
2562 1744 2628 1799 de
2650 1743 2865 1800 Christo
2887 1742 3012 1797 talia
3028 1739 3379 1795 scribentem:

142 1870 251 1924 quae
274 1871 370 1925 per
398 1872 464 1911 ea
491 1857 757 1920 fruimur,
792 1853 1070 1924 sapientia:
1097 1849 1434 1920 dogmatibus
1467 1845 1704 1900 studium
1731 1875 1778 1936 Β
1808 1841 1912 1908 Qui
1937 1857 2039 1894 non
2085 1839 2237 1908 habet
2285 1836 2514 1908 quotidie
2548 1835 2924 1899 necessitatem,
2949 1830 3386 1903 quemadmodum

141 1946 342 2003 dantes.
382 1947 498 2002 Hoc
521 1948 668 2002 enim
707 1943 1051 2002 manifestum
1076 1943 1277 1998 faciunt
1317 1937 1552 1993 maxime
1581 1950 1710 2004 quae.
1735 1924 1777 1936 ”
1802 1934 2097 1989 sacerdotes
2143 1931 2368 2003 primunt
2413 1946 2506 1999 pro
2550 1929 2660 1982 suis
2706 1927 2907 1981 delictis
2950 1925 3146 1978 hostias
3173 1924 3383 1992 o/ferre,

140 2046 458 2106 sequuntur.

207 2129 568 2200 Suscipietque
583 2129 649 2182 ab
669 2129 906 2183 universa
925 2117 1254 2181 multitudine
1273 2122 1508 2192 ﬁliorum
1529 2116 1710 2184 Israel

141 2221 264 2273 duos
292 2222 462 2274 hircos
485 2236 582 2289 pro
603 2227 831 2289 peccato,
855 2229 904 2272 et
929 2233 1089 2272 unum
1119 2217 1333 2270 arietem
1361 2215 1416 2267 in
1442 2211 1701 2266 holocau-

142 2319 288 2362 stum.
317 2306 549 2378 Cumque
577 2307 816 2363 obtulerit
841 2305 1080 2371 vitulum,
1109 2315 1156 2358 et
1191 2304 1416 2358 oraverit
1447 2318 1540 2372 pro
1571 2316 1625 2355 se
1655 2307 1706 2354 et.

145 2417 228 2470 pro
252 2401 402 2454 domo
421 2417 539 2465 sua,
568 2407 672 2454 etc.
702 2399 864 2453 Multa
892 2399 980 2453 hic
1005 2397 1234 2452 intentio
1261 2395 1512 2458 dicentis,
1541 2391 1703 2447 simul

149 2501 194 2546 et
215 2493 474 2546 audientis
497 2500 582 2546 est
604 2490 940 2555 necessaria,
987 2498 1048 2544 ut.
1086 2504 1194 2544 non
1233 2487 1489 2542 recedant
1533 2487 1599 2538 ab
1641 2497 1706 2541 eo

151 2583 276 2649 quod
307 2591 513 2637 rectum
539 2593 641 2649 est,
663 2584 790 2651 quia
817 2583 1056 2637 maxima
1075 2591 1202 2636 sunt
1225 2579 1482 2651 mysteria
1503 2592 1568 2632 ea
1587 2591 1706 2646 quae

153 2673 521 2740 nunc'exponit
541 2673 651 2738 lex,
676 2681 730 2727 et
751 2673 967 2742 quidam
989 2673 1043 2727 in
1071 2673 1206 2741 ipsis
1229 2669 1527 2734 oll'endunt,
1555 2669 1708 2737 igno-

156 2771 316 2815 rantes
341 2777 532 2818 eorum
562 2763 1125 2828 virtutemadictorum,
1147 2762 1243 2818 sed
1272 2763 1386 2818 haec
1409 2761 1630 2829 quidem
1651 2759 1708 2812 in

154 2851 328 2918 quibus
355 2850 636 2907 offendunt
667 2851 920 2907 subtilius
949 2852 1002 2907 in
1037 2850 1488 2919 subsequentibus
1523 2847 1708 2901 dicen-

157 2951 249 2996 tur.
274 2944 404 3010 Quia
429 2951 616 2998 autem
641 2945 710 2997 ad
738 2945 918 3014 ipsum
940 2943 1213 2998 Christum
1239 2956 1304 2996 ea
1329 2940 1394 2994 de
1418 2938 1613 3007 quibus
1638 2935 1713 2989 lo-

155 3041 291 3088 cutus
317 3043 400 3088 est
421 3034 706 3104 legislator
730 3035 784 3088 in
810 3033 1061 3103 praesenti
1088 3032 1364 3086 evidenter
1387 3027 1708 3092 referuntur,

156 3125 480 3181 manifestam
509 3127 722 3197 species
739 3125 1136 3181 sacriﬁciorum
1165 3132 1219 3178 et.
1246 3121 1469 3178 elfectus
1487 3159 1504 3186 ,
1535 3119 1628 3174 sed
1659 3126 1714 3173 et

157 3217 204 3270 hi
228 3233 257 3270 a
281 3220 470 3288 quibus
500 3219 769 3274 sacriﬁcia
796 3218 1150 3288 accipiuntur.
1188 3215 1235 3270 Α
1264 3227 1530 3284 synagoga
1566 3209 1712 3266 enim

157 3308 231 3361 vel
257 3310 500 3366 universa
533 3309 876 3365 multitudine
901 3308 1138 3365 ﬁliorum
1162 3305 1326 3361 lsrael
1354 3303 1525 3374 accipi
1548 3302 1715 3358 sacri-

164 3400 270 3454 ﬁcia
291 3401 582 3472 prampit:
624 3401 750 3470 quia
775 3400 1043 3465 Christus,
1087 3397 1178 3468 qui
1221 3412 1320 3466 pro
1345 3395 1500 3450 nobis
1527 3394 1716 3454 immo-

160 3492 290 3547 latus
310 3502 408 3558 est,
437 3510 508 3550 ex
539 3493 664 3549 ﬁliis
699 3492 865 3548 Israel
901 3492 1196 3548 secundum
1233 3503 1456 3544 carnem
1486 3486 1600 3540 fuit.
1639 3485 1719 3540 lta

164 3590 220 3636 ut
245 3583 426 3641 Paulus
450 3587 689 3641 diceret:
716 3583 798 3638 Ex
821 3582 1009 3654 quibus
1031 3579 1267 3636 Christus
1296 3577 1582 3633 secundum
1603 3591 1720 3630 car-

161 3691 284 3741 nem,
309 3681 395 3746 qui
423 3689 499 3732 est
542 3678 676 3732 Deus
701 3677 998 3730 benedictus
1027 3675 1081 3727 in
1106 3671 1324 3735 scccula,
1349 3671 1516 3724 Amen
1540 3666 1718 3738 (Rom.

161 3766 247 3836 Ix).
279 3766 480 3822 Deinde
504 3766 897 3821 sacriﬁciorum
927 3764 1031 3818 alia
1067 3762 1285 3832 quidem
1313 3774 1414 3828 pro
1443 3755 1685 3827 peccatis
1705 3795 1720 3821 ,

161 3855 249 3908 alia
281 3866 467 3910 autem
499 3857 556 3909 in
585 3856 957 3909 holocaustum
999 3853 1152 3921 jubet
1195 3850 1408 3913 offerri,
1456 3847 1721 3917 ﬁgurans,

161 3945 289 4000 sicut
327 3945 618 4014 oportebat
657 3943 857 3997 Christi
897 3941 1155 3997 sacriﬁcii
1189 3941 1476 4002 virtutem,
1508 3935 1598 4004 qui
1629 3948 1726 4003 pro

162 4034 348 4089 nostris
375 4033 620 4102 peccatis
644 4030 901 4095 oﬁertur;
929 4030 1056 4086 audi
1075 4029 1272 4098 quippe
1296 4025 1522 4080 Paulum
1549 4024 1729 4078 dicen-

163 4135 294 4180 tem:
339 4125 584 4179 Christus
611 4125 746 4178 enim
774 4121 938 4177 semel
961 4121 1165 4175 oblatus
1209 4120 1277 4174 ad
1315 4115 1602 4184 multorum
1634 4131 1727 4170 e2:-

167 4216 445 4270 haurienda
481 4224 716 4286 peccata,
758 4213 1031 4268 novissime
1072 4212 1182 4264 sine
1213 4217 1428 4280 peccato
1463 4203 1730 4277 apparebit
1801 4251 1803 4254 ο

167 4307 562 4376 exspectantibus
586 4323 640 4360 se
668 4304 852 4375 (Hebr.
888 4302 988 4376 ix).
1014 4302 1152 4369 Quia
1182 4309 1360 4358 autem
1386 4299 1456 4354 ad
1479 4298 1732 4354 holocau-
1801 4345 1804 4364 ε

169 4403 313 4462 stum,
339 4405 393 4450 et
421 4397 492 4451 ad
511 4394 897 4465 perfectionem
920 4393 1168 4450 videlicet
1187 4400 1242 4447 et
1263 4399 1578 4462 provectum
1605 4388 1729 4442 vita:

174 4493 312 4555 atque
357 4488 623 4542 virtutum
676 4485 947 4555 Unigeniti
995 4484 1321 4539 sacriﬁcium
1365 4481 1568 4538 factum
1609 4488 1728 4543 est,

1704 2071 1712 2082 ,
1803 2024 1988 2080 deinde
2013 2040 2106 2094 pro
2124 2021 2326 2093 populi,
2342 2024 2437 2074 hoc
2464 2021 2599 2073 enim
2627 2017 2746 2086 fecit
2771 2013 2929 2071 semel
2949 2033 3002 2069 se
3027 2013 3309 2084 offerendo.

2404 2127 2628 2183 CAPUT
2682 2127 2772 2181 1V.

1803 2226 1884 2282 De
1907 2225 2108 2280 duobus
2133 2227 2291 2278 hircis
2317 2239 2536 2294 quorum
2565 2237 2699 2294 unus
2721 2219 2990 2294 in__sorte_m
3019 2214 3116 2270 Dei
3145 2213 3384 2284 pertinet,

2138 2295 2272 2350 alter
2304 2288 2356 2346 in
2396 2292 2724 2346 emissarium
2761 2288 3056 2342 dimittitur.

1877 2389 2053 2461 (IBID.)
2087 2387 2317 2456 Cumque
2361 2381 2600 2436 obtulerit
2631 2378 2852 2433 vitulum
2879 2387 2924 2430 et
2958 2374 3180 2427 oraverit
3209 2388 3301 2442 pro
3333 2379 3386 2424 se

1806 2488 1853 2532 et
1889 2495 1980 2548 pro
2013 2478 2166 2532 domo
2195 2493 2311 2540 sua,
2341 2475 2470 2527 duos
2497 2471 2667 2525 hircos
2697 2469 2850 2539 faciet
2887 2474 3026 2519 stare
3064 2481 3239 2519 coram
3279 2459 3386 2514 Do-

1809 2570 1950 2624 mino
1978 2569 2034 2622 in
2063 2568 2194 2620 ostio
2230 2562 2551 2618 tabernaculi
2584 2559 2896 2622 testimonii,
2938 2557 3199 2624 mittetque
3233 2565 3388 2621 super

1810 2668 2087 2727 utrumque
2109 2665 2291 2719 sortes,
2327 2670 2485 2706 uuam
2506 2651 2748 2710 Domino,
2785 2657 2832 2700 et
2861 2645 3018 2699 aliam
3043 2659 3197 2714 capro
3231 2640 3390 2694 emis-

1810 2751 1972 2805 sario.
2001 2747 2166 2818 Cujus
2189 2764 2300 2800 sors
2330 2745 2510 2798 exierit
2527 2741 2773 2816 Domino,
2799 2737 2978 2806 o/I‘eret
3006 2734 3153 2788 illum
3177 2748 3268 2802 pro
3283 2748 3395 2800 pec-

1812 2849 1928 2893 cato
1943 2855 1960 2901 ;
1991 2837 2141 2906 cujus
2167 2845 2337 2888 autem
2363 2835 2416 2885 in
2441 2847 2654 2901 caprum
2684 2826 3032 2888 emissarium,
3061 2831 3247 2875 statuet
3273 2833 3390 2871 eum

1812 2943 1977 2981 unum
1998 2941 2173 2978 coram
2188 2924 2433 2987 Domino,
2448 2929 2502 2973 ut
2529 2917 2715 2988 [undat
2744 2931 2916 2987 preces
2939 2929 3093 2981 super
3114 2927 3192 2973 eo,
3207 2919 3253 2963 et
3277 2909 3395 2962 mit-

1816 3028 1890 3074 tat
1917 3017 2068 3070 illum
2099 3016 2155 3068 in
2179 3013 2532 3068 solitudinem.
2567 3007 2666 3062 His
2690 3007 2785 3059 rite
2812 3003 3104 3064 celebratis,
3127 2999 3306 3068 o/I‘eret
3325 2998 3397 3050 vi-

1815 3109 1984 3164 tulum
1999 3123 2185 3177 rogans
2205 3120 2298 3175 pro
2324 3120 2396 3168 se,
2422 3110 2469 3154 et
2492 3115 2585 3171 pro
2612 3097 2764 3150 domo
2793 3110 2911 3148 sua.
2937 3089 3044 3163 (Ex
3060 3083 3394 3159 Augustino.)

1816 3199 1893 3254 De
1922 3200 2128 3254 duobus
2153 3193 2343 3260 hircis,
2375 3207 2481 3245 uno
2511 3184 2864 3247 immolando,
2904 3190 2961 3238 et
2989 3181 3093 3235 alio
3134 3181 3189 3234 in
3218 3179 3400 3232 descr-

1819 3299 1932 3344 tum
1979 3286 2332 3350 dimittendo,
2382 3296 2540 3353 quem
2580 3287 2967 3350 apopompeum
3003 3275 3230 3332 vocant,
3264 3265 3400 3321 solet

1817 3397 1936 3438 esse
1966 3378 2281 3450 disceptatio
2306 3394 2319 3445 ;
2361 3383 2418 3430 et
2443 3392 2472 3427 a
2498 3372 2817 3446 quibusdam
2847 3367 2936 3421 hic
2960 3360 3322 3418 immolandus
3341 3358 3396 3411 in

1816 3476 1958 3529 bono
1983 3449 2269 3542 accipitur,
2302 3467 2392 3523 ille
2417 3476 2597 3520 autem
2628 3458 2980 3518 dimittendus
3005 3457 3061 3510 in
3088 3453 3251 3508 malo.
3280 3449 3396 3504 Non

1820 3573 2000 3618 tamen
2033 3541 2133 3615 iste
2161 3573 2355 3613 sensus
2384 3555 2504 3609 ideo
2531 3549 2934 3607 conﬁrmandus
2953 3553 3054 3609 est,
3085 3542 3210 3612 quia
3238 3541 3401 3594 homo

1822 3654 1878 3706 in
1920 3651 2072 3720 cujus
2119 3663 2281 3702 rnatiu
2329 3645 2384 3697 in
2431 3657 2670 3697 eremum
2708 3640 2892 3693 hircus
2922 3632 3243 3693 dimittitur,
3276 3641 3402 3680 cum

1827 3742 2067 3805 redierit,
2097 3739 2281 3810 (lavare
2305 3735 2490 3804 jussus
2520 3740 2614 3800 est.
2631 3730 2953 3783 vestimenta
2986 3739 3104 3786 sua,
3130 3730 3186 3776 et
3209 3733 3405 3788 corpus

1809 3849 1984 3892 suum
2005 3845 2165 3900 aqua,
2196 3838 2249 3880 et
2279 3827 2358 3881 sic
2383 3823 2584 3895 ingredi
2613 3823 2669 3876 in
2696 3828 2896 3882 castra,
2939 3824 3190 3884 tanquam
3220 3818 3275 3867 et
3304 3811 3408 3865 hoc

1828 3927 1899 3980 sit
1928 3922 2208 3987 indicium,
2242 3935 2337 3973 cur
2364 3917 2419 3971 in
2445 3914 2586 3970 malo
2617 3912 2688 3968 sit
2716 3911 2804 3965 ille
2835 3908 3017 3963 hircus
3043 3900 3406 3973 accipiendus,

1830 4032 1860 4069 a
1905 4014 2057 4084 cujus
2102 4011 2420 4080 contagione
2466 4009 2627 4061 homo
2673 4001 2968 4057 abluendus
2994 4008 3112 4062 est;
3152 3997 3230 4052 sic
3265 3993 3406 4049 enim

1831 4104 1963 4159 dicit
2008 4101 2332 4155 abluendum
2355 4138 2368 4163 ,
2397 4103 2454 4149 et
2493 4094 2584 4166 qui
2631 4092 2853 4146 alterius
2890 4088 3048 4151 hirci,
3087 4087 3178 4155 qui
3209 4083 3264 4139 in
3291 4083 3410 4138 loco

1831 4193 2117 4265 acceperit,
2158 4205 2348 4245 carnes
2377 4181 2539 4265 extra.
2562 4194 2739 4242 castra
2767 4180 3122 4237 combusserit
3141 4218 3156 4245 ,
3201 4177 3327 4247 quia
3357 4183 3413 4229 et

1831 4287 1896 4342 de
1925 4261 2014 4340 illo
2037 4291 2092 4337 et
2119 4283 2184 4337 dc
2210 4280 2377 4334 vitulo
2399 4261 2706 4346 'ﬁerijubet.
2738 4275 2815 4328 De
2847 4287 3076 4342 quorum
3103 4268 3410 4324 immolato-

1831 4392 1948 4430 rum
1975 4371 2236 4444 sanguine
2266 4370 2325 4424 ﬁt
2353 4365 2624 4442 aspersio,
2655 4373 2710 4417 ct
2748 4372 2872 4418 sunt
2908 4377 3004 4430 pro
3031 4359 3269 4428 peccatis
3289 4396 3302 4420 ,
3349 4369 3412 4410 ac

1831 4483 1928 4538 per
1964 4467 2068 4522 hoc
2105 4482 2210 4519 non
2263 4462 2596 4534 negligenter
2624 4459 2851 4512 istorum
2880 4455 3105 4507 duorum
3135 4448 3410 4502 hircorum

172 4577 418 4644 quomodo
438 4577 681 4631 dubitari
707 4540 855 4640 licet,
882 4583 1066 4645 aperte
1095 4574 1261 4630 Paulo
1291 4573 1502 4630 dicente
1531 4589 1544 4624 :
1587 4540 1728 4639 Ergo
1834 4560 2108 4618 distinctio
2152 4559 2205 4614 in
2243 4555 2529 4625 allegorica
2565 4547 2959 4621 signiﬁcatione
2991 4540 3268 4597 tractanda
3307 4546 3408 4592 est.

1982 4650 2022 4653 --
2320 4646 2404 4653 η.
2645 4640 2704 4651 ..
2787 4638 2803 4653 .
2901 4631 3408 4653 ,αᾼηη-,ηνΜ

177 4665 340 4732 fratres
363 4679 410 4724 et
434 4686 528 4724 vos
548 4668 853 4736 mortiﬁcati
877 4631 998 4720 citis
1023 4665 1125 4735 legi
1152 4681 1244 4734 per
1280 4680 1467 4734 corpus
1501 4631 1724 4725 Christi,
1756 4631 1944 4726 "(Ex
1972 4649 2275 4728 Hesychia).
2317 4646 2502 4700 Solent
2530 4641 2659 4696 caeci
2692 4640 2746 4692 in
2787 4635 2988 4690 lumine
3021 4631 3327 4695 oll'endere,‘
3360 4637 3417 4684 et

175 4766 222 4810 ut
243 4762 343 4815 sitis
369 4761 610 4826 alterius,
636 4759 726 4829 qui
749 4775 814 4812 ea:
839 4758 1060 4811 mortuis
1093 4755 1397 4819 resurrexit,
1429 4763 1483 4806 ut
1507 4750 1731 4823 fructiﬁ-

179 4865 332 4903 ccmur
355 4853 464 4908 Deo
487 4851 671 4924 (Rom.
694 4850 815 4921 vn).
848 4849 1090 4918 liuidum,
1115 4847 1207 4916 qui
1233 4845 1420 4902 Graece
1456 4844 1733 4899 Chimarus

181 4935 454 5019 [χείμαρος]
484 4942 706 5005 dicitur,
741 4947 884 4994 recte
923 4938 1191 4994 immolari
1236 4938 1304 4992 ab
1340 4951 1406 4992 eo
1431 4934 1527 5005 qui
1555 4932 1734 5004 poeni-

183 5033 380 5087 tentiam
425 5034 540 5103 agit
581 5029 948 5093 ostendimus,
984 5035 1046 5082 ut
1069 5037 1192 5097 pote
1229 5027 1284 5082 in
1330 5031 1649 5095 tempestate
1684 5028 1740 5076 et

183 5119 329 5178 ﬂuctu
353 5123 668 5188 constituti,
692 5135 864 5191 usque
901 5119 1028 5176 dum
1054 5117 1384 5186 paenitentiae
1415 5115 1530 5184 ejus
1571 5113 1742 5170 susci-

187 5213 347 5280 piatur
382 5216 746 5282 sacriﬁcium;
787 5211 931 5268 aries
976 5216 1187 5273 autem,
1227 5215 1288 5261 ut
1327 5214 1451 5276 pote
1488 5205 1742 5262 ducatum

191 5309 316 5378 gregi
343 5310 611 5379 praebens,
651 5308 942 5376 depuutus
970 5309 1114 5358 recte
1149 5300 1204 5356 in
1251 5297 1643 5363 holocaustum,
1690 5295 1746 5350 id

193 5403 280 5461 est,
306 5397 356 5452 iu
382 5389 584 5453 virtute
611 5405 672 5451 et
700 5394 1030 5466 perfectione
1056 5392 1179 5446 vitae
1199 5388 1477 5458 accipitur.
1508 5386 1746 5454 Quorum

197 5493 266 5540 est
287 5489 446 5555 enim,
470 5489 578 5544 nisi
601 5486 1055 5557 praepositorum,
1093 5483 1288 5538 dooere
1332 5477 1616 5549 perfecta?
1651 5476 1747 5532 His

196 5576 260 5630 ita
285 5595 340 5634 se
364 5582 687 5638 habentibus
707 5579 1014 5635 omnimodo
1040 5575 1176 5632 dicis
1203 5593 1217 5628 :
1240 5575 1350 5630 Cur
1374 5574 1421 5630 si
1449 5574 1628 5628 hircos
1651 5584 1748 5641 pro

202 5680 404 5737 peccato
427 5674 512 5730 lex
537 5673 798 5745 pra-cepit
817 5670 1021 5738 alieni,
1047 5685 1192 5725 nunc
1224 5669 1392 5724 etiam
1417 5666 1646 5722 vitulum
1670 5663 1752 5719 of—

202 5755 322 5818 ferri
350 5765 644 5836 praecepit?
681 5763 798 5820 Una
827 5772 1006 5818 autem
1037 5761 1245 5818 ratione
1267 5799 1284 5822 .
1332 5758 1590 5828 brevique
1616 5754 1752 5814 solvi

1839 4723 2084 4806 inﬁdeles
2112 4741 2166 4794 in
2191 4740 2308 4810 lege
2334 4735 2425 4790 Dei
2451 4729 2833 4795 scandalizari;
2858 4727 3000 4798 quod
3022 4725 3212 4780 Petrus
3240 4723 3418 4777 sciens

1845 4843 1953 4889 tam
1976 4833 2040 4887 de
2061 4829 2215 4885 Pauli
2241 4826 2384 4882 vasis
2407 4811 2686 4878 electiOnis
2707 4817 2982 4891 Epistolis,
3005 4831 3162 4887 quam
3186 4815 3250 4869 de
3270 4811 3416 4868 omni

1846 4927 2024 4984 divina
2043 4923 2322 4993 Scriptura
2341 4919 2477 4975 dixit
2502 4934 2516 4970 :
2534 4915 2600 4969 In
2614 4913 2798 4985 quibus
2827 4920 2945 4967 sunt
2971 4909 3212 4989 quendam
3237 4903 3420 4976 difﬁci-

1847 5023 1918 5078 lia
1942 5017 2221 5077 intellectu,
2241 5030 2357 5087 qua:
2379 5009 2576 5066 indocti
2603 5017 2650 5063 et
2679 5002 2947 5061 instabiles
2968 4996 3420 5072 depravant,sicut

1843 5123 1892 5168 et
1922 5120 2138 5168 steteras
2165 5107 2491 5175 Scripturas,
2526 5100 2594 5155 ad
2618 5115 2769 5155 suam
2797 5097 3027 5168 ipsorum
3055 5091 3418 5164 perditionem.

1847 5203 1961 5260 Hoc
1983 5211 2038 5257 et
2067 5213 2209 5256 nunc
2235 5197 2532 5268 patiuntur,
2564 5191 2656 5263 qui
2685 5189 2753 5244 ad
2786 5203 2941 5244 suam
2968 5183 3298 5240 voluntatem
3318 5219 3332 5242 ,
3367 5184 3422 5231 et

1849 5311 1958 5351 non
1985 5294 2054 5350 ad
2080 5305 2265 5344 veram
2295 5286 2646 5342 intentionem
2675 5281 2980 5351 intelligunt
3006 5276 3176 5347 legem
3208 5269 3336 5331 Dei,
3367 5274 3425 5322 et

1849 5386 2072 5442 noxium
2107 5382 2300 5437 animae
2326 5395 2390 5436 ac
2412 5377 2750 5450 pestilentem
2774 5374 3037 5430 idolorum
3065 5366 3263 5422 cultum
3295 5371 3426 5415 con-

1851 5478 2097 5541 stituere,
2127 5471 2195 5528 ab
2223 5471 2308 5527 his
2328 5449 2449 5541 qua:
2476 5469 2619 5523 dicta
2641 5473 2765 5522 sunt
2795 5479 2826 5517 a
2859 5458 3166 5531 legislatore
3196 5449 3426 5505 inaniter

1854 5569 2110 5640 cogitant.
2141 5564 2274 5621 Nam
2303 5564 2518 5620 dicunt:
2548 5558 2723 5629 Super
2752 5555 2885 5609 duos
2907 5550 3087 5604 hircos
3110 5545 3194 5626 lett
3227 5549 3426 5596 sortem

1852 5621 1998 5718 ,ιηῆιὶ
2032 5655 2322 5730 praecepit,
2353 5668 2517 5708 unum
2564 5621 2822 5708 Domino,
2870 5639 3097 5692 alterum
3135 5621 3318 5714 autem
3360 5631 3426 5684 ad

1857 5751 2201 5809 emissionem
2249 5743 2491 5819 separari
2534 5732 2825 5810 praecepit;
2866 5721 3210 5783 emissarium
3248 5727 3431 5779 autem
