3892 6344
468 436 591 507 «H9

1126 436 1189 496 B.
1229 441 1486 499 RABANI
1523 438 1743 501 MAURI
1779 440 2105 507 ARClliEPt
2141 444 2452 509 MDGUNT.
2492 446 2778 513 OPERUM
2807 449 2991 511 PARS
3022 448 3065 510 Ι.

3605 462 3696 520 ω

484 551 751 621 appellant
778 549 1072 618 diabolum,
1104 560 1164 607 ut
1188 567 1254 608 es
1283 555 1389 610 hoc
1415 554 1755 611 occasionem
1781 556 2055 624 praebeant
2078 559 2133 625 Α
2156 558 2387 614 Domino
2412 560 2467 615 in
2495 562 2637 617 ostio
2678 563 3011 620 tabernactili
3052 568 3366 634 testimonii,
3398 576 3455 623 ut
3482 571 3552 625 ad
3577 573 3696 630 ima-

483 642 548 699 ad
576 641 859 701 colendum
885 641 1200 713 malignum,
1228 644 1285 697 in
1312 651 1522 699 tantum
1547 660 1711 703 aures
1732 646 2053 703 obstrudam-

480 741 561 795 tes
583 731 722 803 μμ,
737 732 1114 798 obstruentes;
1140 734 1198 789 in
1222 734 1471 804 impresso
1492 743 1592 801 est,
1614 734 1973 807 obturantes},
1995 744 2055 792 et

472 825 537 885 in
549 832 753 883 tauqu
773 825 1115 881 mentecaeci.
1132 826 1564 892 Quomodoenim
1578 828 1749 883 habet
1764 828 2065 894 rationem,.

478 923 573 977 aut
594 915 851 975 credibile
879 922 985 979 est,
1017 916 1157 984 quod
1182 916 1325 971 Deus
1351 916 1467 987 ipse
1491 918 1813 975 sacriﬁcium
1838 917 2053 973 diabolo

474 1006 655 1069 οπωτὶ
684 1008 984 1081 prascipiat,
1008 1008 1103 1077 qui
1128 1022 1226 1077 per
1248 1008 1422 1078 ipsum
1454 1007 1691 1079 Moysen,
1718 1019 1777 1065 et
1800 1010 2047 1077 fratrem,

473 1108 529 1155 et
557 1098 757 1165 tilium,
782 1100 1057 1163 etliliam,
1099 1108 1156 1155 et
1195 1100 1470 1157 civitatem
1511 1102 1775 1172 integram
1816 1116 1935 1173 quat
1977 1102 2048 1157 ad

473 1188 623 1251 idola.
637 1192 989 1256 convertitur,
1017 1186 1252 1259 disperdi
1279 1192 1550 1260 praecepit,
1579 1200 1639 1246 et
1660 1192 1890 1249 clamat:
1921 1192 2048 1247 Non

470 1288 622 1337 erant
647 1280 740 1343 tibi
763 1280 839 1336 dii
866 1280 965 1343 alii
997 1279 1188 1349 absque
1214 1297 1301 1335 rue
1322 1278 1518 1351 (Exod.
1546 1282 1674 1353 xx)?
1699 1282 1756 1337 Si
1785 1295 1964 1339 autern
1988 1285 2046 1341 in

472 1369 698 1438 alicuius
742 1370 963 1441 maligni
1005 1384 1296 1440 personam
1336 1372 1677 1427 emissarium
1712 1376 2045 1443 accepisset,

471 1472 805 1529 nequaquam
834 1459 901 1515 de
928 1476 1013 1527 eo,
1044 1476 1169 1516 cum
1198 1475 1264 1516 eo
1287 1462 1380 1531 qui
1406 1463 1501 1517 Dei
1537 1471 1683 1529 erat,
1715 1480 1833 1519 sors
1863 1467 2047 1521 mitte-

469 1556 640 1614 retur,
670 1549 793 1618 quia
824 1564 927 1606 nec
959 1566 1080 1605 cum
1104 1550 1343 1620 quolibet
1368 1552 1513 1607 malo
1529 1555 1823 1622 quemlibet
1842 1555 2045 1617 bonum

469 1647 668 1695 sortem
714 1639 917 1694 habere
962 1639 1023 1694 in
1050 1638 1251 1696 divinis
1296 1640 1592 1710 Scripturis
1636 1645 1910 1709 invenies,
1947 1647 2047 1701 sed

469 1727 680 1797 quoties
708 1740 827 1781 sors
860 1727 1177 1784 mittebatur
1202 1731 1437 1798 atquales
1460 1747 1583 1786 cum
1605 1734 1900 1801 aequalibus
1920 1737 2045 1793 mit.

467 1817 653 1871 tebant
675 1824 871 1882 sortes,
902 1817 1043 1872 sicut
1065 1826 1120 1872 et
1145 1819 1319 1874 tribus
1344 1820 1510 1874 Israel
1539 1824 1868 1881 dividebant.
1903 1826 2039 1882 Nam

466 1915 520 1962 et
568 1907 783 1976 quando
815 1921 913 1976 pro
954 1905 1090 1963 Juda
1123 1909 1191 1963 ad
1240 1910 1599 1979 apostolatum
1646 1914 1808 1970 alium
1842 1916 2043 1986 eligere
2067 1900 2115 1971 Β

467 2010 691 2051 necesse
729 1996 1029 2061 habebant,
1074 2012 1234 2067 super
1259 2001 1392 2055 duos
1422 2000 1571 2058 viros
1597 2004 1832 2073 aequales
1866 2006 2041 2060 virtu-

466 2088 607 2142 tibus
631 2095 688 2141 et
707 2087 969 2153 doctrina,
990 2087 1242 2151 Mathiam
1266 2092 1511 2151 videlicet
1534 2093 1794 2165 etJosepb
1809 2096 2034 2165 justum,

466 2182 641 2231 sortes
678 2176 954 2241 miserunt,
989 2177 1062 2233 ita
1089 2188 1147 2237 ut
1174 2180 1362 2237 Petrus
1390 2183 1760 2239 concionando
1793 2186 2035 2242 diceret:

466 2264 560 2330 Tu,
594 2266 845 2332 Domine,
876 2268 966 2337 qui
994 2269 1155 2323 corda
1189 2272 1323 2324 nosti
1349 2275 1612 2338 omnium,
1650 2275 1861 2329 ostende
1885 2292 2040 2346 quem

461 2353 673 2426 elegeris
699 2373 763 2410 ex
788 2356 868 2409 his
897 2358 1099 2411 duobus
1122 2360 1355 2428 accipere
1382 2360 1554 2415 locum
1582 2364 1855 2418 ministerii
1877 2365 2036 2435 hujus

465 2452 514 2495 et
560 2444 881 2514 apostolatus
920 2447 1057 2513 (Act.
1087 2448 1149 2519 ι).
1181 2447 1299 2504 Non
1339 2450 1511 2505 solum
1536 2462 1715 2509 autem
1750 2464 2038 2525 antequam

460 2546 580 2586 sors
620 2534 926 2588 mitteretur
964 2536 1020 2590 in
1062 2536 1196 2591 duos
1235 2538 1417 2595 hircos
1455 2556 1636 2597 coram
1676 2542 1902 2599 Domino
1942 2559 2038 2600 eos

468 2621 587 2677 sisti
612 2624 884 2693 pmepit,
912 2625 1006 2679 sed
1049 2634 1105 2679 et
1141 2625 1290 2681 illum
1328 2628 1384 2683 in
1418 2646 1525 2700 quo
1566 2647 1685 2687 sors
1731 2634 2037 2689 emissionis

461 2713 628 2766 venit.
657 2711 952 2783 Postquam
977 2716 1167 2771 eadem
1195 2732 1315 2773 sors
1343 2735 1502 2788 super
1529 2736 1653 2779 eum
1681 2723 1957 2787 ceciderit,
1980 2732 2035 2779 et

460 2802 802 2859 manifestum
844 2805 1041 2873 fuerit,
1082 2811 1246 2865 statui
1277 2826 1458 2867 coram
1490 2814 1720 2870 Domino
1746 2818 2035 2886 praecepit,

458 2893 763 2965 eﬂundique
787 2911 949 2968 super
981 2914 1047 2953 eo
1074 2915 1284 2970 preces.
1317 2901 1598 2968 Quomodo
1629 2920 1757 2975 ergo
1786 2908 1877 2975 qui
1908 2916 2037 2962 ante

455 2982 647 3039 faciem
691 2985 787 3040 Dei
836 2995 1072 3044 statutus
1111 2999 1228 3056 est,
1270 2991 1429 3062 eique
1460 2994 1857 3062 quodammodo
1903 3014 2035 3053 con-

456 3085 734 3143 secratus,
785 3079 899 3150 ipse
947 3096 1137 3135 rursus
1183 3082 1400 3137 diabolo
1443 3086 1722 3141 mittitur?
1765 3088 1849 3153 vel
1897 3105 2034 3159 quo-

454 3166 615 3218 modo
651 3168 1088 3237 propitiationem
1133 3179 1478 3240 peccatorum
1525 3175 1631 3230 hoc
1666 3179 1808 3246 quod
1846 3179 2031 3249 iniquo

455 3258 842 3311 transmittitur
870 3261 1192 3316 sacriﬁcium
1220 3264 1473 3332 peragit?
1503 3266 1559 3319 Si
1596 3268 1740 3322 enim
1786 3270 1903 3339 ejus
1944 3272 2028 3327 in-
2057 3255 2101 3317 C

456 3346 628 3400 tentio
683 3355 769 3401 est
810 3348 972 3402 etiam
1016 3350 1194 3420 justos
1234 3361 1549 3420 peccatores
1595 3355 1844 3423 ellicere,
1891 3376 2028 3429 quo-

456 3434 619 3491 modo
638 3441 1010 3507 peccatoribus
1030 3442 1462 3512 propitiationem
1484 3456 1692 3515 poterat
1714 3449 2030 3519 proﬂigare?

454 3525 733 3593 Quomodo
758 3538 933 3586 autem
966 3534 1013 3588 is
1042 3534 1156 3605 ipse
1197 3546 1452 3605 peccator
1479 3539 1546 3594 de
1575 3556 1683 3610 quo
1712 3544 1789 3597 ait
1821 3544 1989 3599 David
2013 3562 2027 3599 :

453 3616 720 3675 Constitue
742 3634 1061 3693 peccatorem
1089 3629 1339 3683 adversus
1385 3648 1524 3698 eum,
1553 3643 1601 3687 et
1641 3636 1881 3694 diabolus
1931 3649 2029 3694 stet

454 3725 488 3762 ο
522 3711 718 3766 dextris
762 3714 875 3784 ejus
923 3714 1103 3787 (Psal.
1154 3721 1339 3793 cvan),
1375 3725 1808 3795 propitiationem
1852 3742 2030 3800 potest

452 3804 775 3870 Conquirere
819 3811 1200 3872 peccatorum?
1227 3809 1407 3868 Solius
1449 3816 1647 3884 quippe
1672 3818 1774 3872 hoc
1803 3818 1896 3873 Dei
1922 3830 2027 3885 est,

453 3893 521 3948 ad
553 3910 710 3965 quem
742 3897 912 3952 David
943 3901 1187 3956 dicebat:
1213 3903 1280 3956 Et
1327 3907 1612 3976 propitiare
1653 3919 1863 3978 peccato
1891 3927 2026 3977 meo,

452 3985 717 4055 copiosum
745 3998 821 4042 est
861 3991 997 4043 enim
1025 3990 1196 4060 (Psal.
1229 3996 1399 4069 xxxv).
1440 3996 1536 4053 His
1566 4014 1694 4071 ergo
1735 4000 1810 4056 ita
1840 4017 1898 4059 se
1927 4004 2027 4057 ha-

449 4076 724 4142 bentibus,
752 4087 807 4132 ct
839 4078 1074 4148 undique
1107 4084 1400 4156 incongrue
1430 4090 1535 4145 hoc
1570 4100 1789 4148 ostenso
1817 4095 2027 4151 intelle-

451 4172 561 4228 ctu,
603 4178 710 4220 non
757 4164 1068 4236 ignoremus
1111 4187 1228 4237 nos,
1259 4177 1384 4243 quia
1416 4179 1481 4232 de
1512 4179 1715 4235 Christi
1759 4186 2026 4242 sacriﬁcio

450 4254 641 4322 procul
687 4254 849 4309 dubio
883 4257 1116 4312 maxime
1161 4261 1277 4315 haec
1304 4263 1581 4334 legislator
1622 4271 1838 4326 dixerit.
1876 4275 2027 4331 Unde

451 4344 663 4399 aestimo
706 4344 834 4399 mali
886 4345 1191 4405 intellectus
1233 4353 1497 4409 zizaniam
1528 4358 1882 4418 dissemiuare
1924 4366 2028 4420 ini-

451 4435 575 4489 mici
628 4437 873 4493 veritatis
930 4438 1149 4505 volunt,
1179 4442 1364 4512 gloriae
1411 4451 1651 4517 mysterii
1701 4452 2021 4524 invidentes,

449 4527 765 4596 clarumque
794 4529 908 4597 ejus
936 4532 1308 4590 testimonium
1355 4552 1421 4592 ex
1451 4539 1568 4611 lege
1598 4545 2021 4615 considerantes,

450 4617 575 4686 quia
603 4619 745 4672 enim
787 4621 930 4677 Deus
957 4630 1013 4677 et
1051 4624 1210 4681 homo
1236 4636 1373 4694 erat,
1406 4632 1497 4699 qui
1524 4648 1624 4701 pro
1653 4638 1811 4693 nobis
1839 4640 2020 4696 incar-

451 4713 609 4759 natus
639 4716 721 4761 est
763 4708 1012 4768 Christus
1046 4712 1205 4771 Jesus
1251 4717 1641 4789 impassibilem
1683 4727 2023 4787 divinitatem

449 4796 959 4863 custodiens,solam
986 4807 1326 4872 passionibus
1356 4813 1750 4871 humanitatem
1770 4822 2019 4889 praebuit.

450 4882 686 4942 Eﬁ‘ectus
714 4897 893 4943 autem
930 4896 1197 4960 passionis
1242 4898 1390 4967 ejus,
1420 4903 1473 4955 id
1503 4914 1586 4958 cst
1614 4882 1799 4963 nostra
1845 4914 2024 4981 propi-

449 4975 626 5041 tiatio,
657 4991 763 5030 non
813 4977 986 5032 solum
1030 4995 1201 5049 passa:
1248 4990 1449 5055 carnis,
1478 4995 1572 5047 sed
1627 4997 1797 5051 multo
1847 4975 2024 5070 magis

452 5069 796 5139 impossibilia
844 5074 1144 5131 divinitatis
1176 5070 1301 5133 luit.
1350 5083 1504 5150 Quod
1550 5094 1781 5144 testatur
1825 5069 2024 5151 Paulus

450 5159 636 5214 dicens
660 5178 672 5213 :
700 5159 803 5226 Qui
838 5180 956 5217 cum
984 5173 1113 5218 esset
1138 5167 1384 5237 splendor
1410 5174 1594 5244 gloria:
1621 5188 1668 5231 et
1695 5180 1868 5250 ﬁgura
1903 5184 2027 5238 sub-

448 5250 657 5304 stantiw
706 5252 854 5322 ejus,
884 5262 1197 5323 portansque
1244 5263 1417 5317 omnia
1459 5266 1611 5322 verba
1662 5270 1865 5328 virtutis
1915 5292 2025 5330 suo:

452 5338 642 5413 (Hebr.
674 5340 735 5413 ι).
775 5344 1160 5403 Demonstrans
1192 5357 1371 5407 autem
1417 5358 1560 5424 quod
1590 5360 1705 5417 haec
1747 5365 1927 5420 omnia
1957 5367 2025 5422 de

454 5428 725 5502 Unigeuiti
742 5432 1023 5489 divinitate
1050 5437 1318 5505 dicantur,
1347 5432 1584 5503 subdidit
1608 5465 1620 5500 ε
1648 5446 2024 5522 Purgationem

451 5531 775 5590 peccatorum
820 5524 1041 5594 faciem,
1068 5528 1207 5583 sedet
1237 5530 1306 5583 ad
1336 5531 1602 5591 dexteram
1643 5542 1932 5611 majestatis
1968 5549 2025 5602 in
2070 5544 2077 5551 ’

453 5611 690 5679 excelsis,
714 5614 817 5684 ipsi
861 5614 974 5671 Deo
1016 5620 1180 5675 verbo
1207 5622 1372 5677 etiam
1400 5640 1467 5680 ea
1491 5643 1612 5696 quae
1650 5635 1883 5704 propria:
1906 5638 2023 5708 ejus

453 5708 611 5754 erant
634 5704 782 5758 carni
806 5705 1157 5780 conjungens.
1190 5709 1249 5766 Si
1268 5728 1397 5783 ergo
1416 5716 1533 5773 huic
1551 5729 1676 5789 apte
1700 5723 1844 5782 dicta
1871 5704 2019 5796 sunt,

458 5800 741 5858 propterea
774 5796 880 5853 duo
924 5812 1210 5859 sumuntur
1236 5805 1373 5863 hirci
1407 5819 1463 5865 et
1494 5822 1802 5873 statuuntur
1835 5838 2019 5878 coram

2149 649 2330 719 ginem
2373 649 2570 707 Christi
2606 652 2721 708 haec
2750 654 2806 708 in
2834 654 2916 709 eis
2938 665 3258 725 agerentur;
3290 659 3404 728 ipse
3444 670 3528 715 est
3570 666 3693 721 enim

2148 744 2346 799 ostium
2371 760 2584 810 verum,
2606 747 2749 816 quod
2786 748 2856 803 ad
2888 749 3083 804 ostium
3111 750 3442 807 tabernaculi
3472 755 3693 811 testiino-

2148 834 2229 889 nii
2247 872 2262 900 ,
2297 836 2440 904 quod
2468 842 2550 891 est
2579 836 2632 891 in
2661 838 2834 903 caelis,
2852 839 3022 895 ducit.
3064 840 3131 895 Et
3177 842 3331 896 mittit
3358 843 3537 899 Aaron
3562 863 3696 916 super

2146 931 2427 996 utrumque
2466 928 2673 982 hircum
2714 937 2906 983 sortem
2928 944 2946 981 :
2968 946 3135 985 unum
3167 933 3407 1001 quidem,
3434 943 3494 989 ut
3520 938 3694 993 virtute

2147 1024 2203 1072 et
2229 1016 2624 1086 signiﬁcatione
2668 1016 2897 1074 sortium
2924 1019 3112 1085 dividi,
3147 1022 3537 1092 dispensationi
3577 1028 3692 1082 divi-

2146 1109 2304 1163 nitati
2362 1110 2562 1167 Christi
2609 1120 2665 1168 et
2721 1114 3043 1170 humanitati
3099 1116 3501 1186 intelligamus,
3551 1121 3692 1176 dividi

2145 1214 2275 1257 vero
2303 1209 2414 1257 tam
2444 1218 2567 1273 qua:
2600 1204 2727 1260 huic
2754 1220 2916 1275 quam
2950 1204 3028 1261 illi
3061 1216 3186 1264 sunt
3232 1210 3473 1279 propria,
3502 1218 3560 1264 ut
3598 1210 3692 1267 haec

2145 1295 2363 1365 quidem
2393 1297 2651 1365 patietur,
2682 1297 2773 1352 illa
2816 1306 2997 1354 autem
3025 1299 3294 1355 confortet
3319 1302 3624 1371 patientem,
3646 1310 3691 1358 et

2142 1400 2241 1455 per
2266 1388 2544 1455 passiones
2569 1403 2689 1457 qua:
2730 1388 2785 1443 in
2814 1402 2877 1444 ea
2908 1392 3275 1459 operabantur
3302 1398 3411 1446 tam
3442 1394 3691 1449 contr-aria

2141 1480 2300 1534 nobis
2327 1480 2738 1534 moderarentur
2777 1482 3055 1550 passiones
3083 1497 3244 1552 quam
3294 1497 3448 1537 suam
3485 1482 3691 1537 martifec

2143 1578 2312 1627 staret
2355 1572 2863 1641 impassihilitatem.
2926 1573 3132 1629 Deinde
3181 1582 3383 1630 sortem
3431 1590 3593 1630 unam
3629 1576 3690 1629 ait

2143 1661 2391 1727 Domino,
2440 1671 2495 1717 et
2543 1661 2703 1717 aliam
2755 1676 2921 1734 capro
2966 1664 3267 1732 emissario,
3316 1678 3425 1721 non
3477 1666 3566 1720 alii
3606 1666 3688 1720 nisi

2143 1751 2379 1816 Christo,
2411 1753 2551 1809 sicut
2581 1754 2826 1824 superius
2870 1754 3105 1811 diximus
3131 1776 3143 1810 :
3169 1755 3368 1825 Oﬁ’eret
3406 1756 3585 1811 Aaron
3620 1773 3693 1810 ar-

2140 1859 2293 1913 prum
2318 1845 2373 1898 in
2390 1860 2492 1914 quo
2508 1846 2710 1899 venerit
2736 1847 2784 1899 ei
2804 1861 2918 1900 sors
2939 1842 3185 1913 Domino,
3206 1854 3256 1901 et
3282 1848 3466 1917 oﬁ'eret
3489 1864 3599 1918 eum
3616 1864 3691 1917 pro

2142 1940 2371 2005 peccato.
2410 1933 2763 2003 lntelligihills
2808 1937 2952 1990 enim
2978 1934 3159 1993 Aaron
3188 1939 3264 2003 is,
3294 1940 3387 2007 qui
3416 1939 3695 1994 sacerdotio
3802 1962 3807 1969 ·

2142 2032 2330 2080 nostro
2359 2034 2577 2094 protest,
2600 2025 2667 2080 de
2689 2041 2798 2096 quo
2826 2025 3021 2083 Pauius
3045 2028 3175 2082 dicit
3200 2045 3212 2080 :
3234 2026 3381 2083 Sicut
3410 2029 3607 2093 Aaron,
3631 2029 3691 2082 sit

2141 2124 2190 2168 et
2217 2112 2455 2169 Christus
2488 2113 2685 2186 (Hebr.
2729 2115 2813 2185 ν),
2845 2130 2953 2170 non
2983 2118 3332 2187 semetipsum
3375 2118 3686 2188 gloriﬁcavit,

2141 2212 2201 2259 ut
2245 2207 2500 2262 sacerdos
2546 2208 2718 2261 ﬂeret.
2770 2206 2872 2261 Hic
2894 2219 3049 2262 etiam
3071 2222 3293 2266 cat-lem
3327 2209 3525 2269 emeret
3548 2209 3687 2275 Patri,

2140 2304 2195 2350 et
2231 2297 2285 2350 in
2334 2298 2447 2367 ipsa
2475 2296 2665 2351 oli‘eret
2710 2312 2812 2366 pro
2854 2307 3099 2367 peccato,
3131 2300 3197 2354 de
3229 2314 3339 2369 quo
3364 2299 3563 2355 Paulus
3602 2300 3691 2355 ile-

2138 2384 2299 2439 brasis
2332 2386 2589 2455 scripsit:
2616 2384 2718 2439 Hic
2765 2402 2928 2441 unam
2968 2403 3064 2457 pro
3108 2399 3318 2457 peccato
3361 2390 3583 2458 aferant
3615 2390 3693 2441 lu-

2138 2474 2293 2527 stiam
2321 2476 2376 2527 in
2404 2484 2712 2545 perpetuum
2738 2478 2879 2531 sedet
2914 2477 2984 2533 ad
3009 2478 3280 2532 datarum
3308 2478 3401 2532 Dei
3425 2479 3608 2550 (Hebr.
3624 2479 3688 2549 ι).

2138 2562 2370 2634 Caprum
2416 2580 2545 2621 vero
2569 2582 2730 2636 super
2762 2583 2926 2638 quem
2969 2570 3178 2625 venerit
3222 2570 3540 2626 carissimis
3573 2585 3687 2634 sors,

2137 2663 2338 2711 statuet
2374 2655 2557 2710 vivum
2598 2665 2727 2712 ante
2759 2656 3043 2713 Domitmm
3064 2699 3081 2726 ,
3111 2667 3173 2713 ut
3197 2659 3391 2714 fundat
3408 2675 3599 2730 preces
3618 2674 3691 2715 su-

2136 2758 2235 2813 per
2275 2758 2370 2810 eo;
2403 2745 2530 2813 quia
2556 2747 2703 2801 enim
2732 2756 2934 2803 sortem
2979 2750 3247 2804 emissarii
3291 2751 3551 2817 diximus,
3573 2750 3689 2820 ﬁgu-

2137 2843 2256 2890 rate
2281 2834 2471 2891 referri
2498 2836 2566 2890 ad
2588 2837 2791 2893 Christi
2820 2840 3159 2895 divinitatem
3178 2881 3192 2903 ,
3222 2849 3429 2897 statuet
3455 2843 3595 2896 hanc
3626 2840 3693 2894 vi-

2138 2941 2284 2994 vam,
2326 2928 2715 2999 impassibilem
2743 2934 3071 2998 custodiens,
3098 2942 3159 2988 ut
3185 2948 3282 3005 per
3306 2948 3428 2990 eam
3455 2936 3688 3006 deprece-

2136 3024 2263 3070 tur:
2292 3017 2460 3073 Nemo
2504 3020 2642 3073 enim
2678 3030 2841 3091 potest
2877 3021 3135 3077 dimittere
3168 3033 3406 3093 peccatu,
3440 3025 3546 3078 nisi
3570 3021 3689 3077 solas

2133 3104 2276 3160 Deus
2300 3106 2450 3177 (Luc.
2476 3108 2555 3179 ν).
2606 3110 2841 3166 Dimittit
2887 3120 3071 3168 autem
3112 3128 3239 3171 eum
3279 3114 3337 3172 in
3382 3114 3685 3180 soliutdiae;

2136 3197 2409 3254 desertam
2452 3202 2595 3255 enim
2625 3216 2658 3256 a
2686 3203 2829 3258 malo
2872 3204 3020 3269 dicit,
3050 3214 3107 3261 et
3130 3207 3429 3262 solitariam
3470 3209 3584 3263 sive
3622 3210 3691 3262 in-

2133 3289 2301 3356 viam,
2328 3307 2449 3361 qua:
2478 3294 2545 3346 ab
2571 3293 2993 3363 intelligibilihus
3024 3298 3269 3353 hostibus
3307 3299 3575 3354 anthulnn’
3598 3312 3687 3353 non

2130 3388 2330 3449 petest,
2363 3382 2551 3450 inqua
2582 3384 2725 3439 Deus
2765 3386 2972 3441 habitat
2997 3397 3053 3443 et
3082 3398 3321 3459 apparet.
3357 3389 3515 3457 Quod
3543 3390 3691 3445 mani-

2132 3469 2297 3525 festat
2326 3472 2492 3526 David
2522 3474 2747 3530 dicens:
2776 3476 2936 3543 Deus,
2963 3479 3100 3533 Deus
3126 3497 3291 3548 meus,
3317 3484 3389 3536 ad
3427 3493 3482 3539 te
3507 3486 3571 3538 de
3596 3484 3692 3537 tua

2130 3562 2315 3631 vigilo.
2363 3563 2539 3619 Siticit
2568 3567 2625 3619 in
2649 3576 2697 3620 te
2721 3567 2901 3621 anima
2928 3584 3067 3635 mea,
3093 3586 3254 3641 quam
3282 3573 3632 3642 multipliciter
3651 3584 3694 3629 et

2132 3670 2256 3708 caro
2275 3672 2424 3721 mea;
2450 3658 2504 3711 in
2532 3656 2756 3723 deserto,
2779 3666 2830 3712 et
2857 3660 2914 3714 in
2942 3661 3079 3714 inero
3101 3670 3150 3715 et
3179 3664 3237 3716 in
3256 3666 3525 3736 inaquoso,
3552 3667 3623 3719 sic
3642 3666 3694 3717 iu

2130 3752 2309 3797 sancto
2339 3748 2562 3815 apparui
2598 3747 2710 3812 tibi,
2740 3758 2796 3803 ut
2837 3751 3061 3804 uiderem
3086 3752 3332 3808 uirtutem
3359 3766 3499 3809 tuom
3527 3765 3574 3810 et
3598 3755 3696 3826 glo-

2132 3834 2266 3887 riam
2291 3844 2457 3888 tuam.
2492 3836 2635 3905 Ergo
2660 3838 2935 3894 desertum
2964 3848 3020 3895 et
3044 3843 3249 3898 invium
3275 3856 3528 3901 sanctum
3549 3855 3629 3902 est
3647 3852 3697 3900 et

2133 3923 2319 3980 Sancti
2341 3936 2651 3983 sanctorum
2674 3930 3164 3998 habitaculum,ubi
3188 3937 3243 3990 in
3267 3940 3440 3994 oculos
3459 3940 3695 3997 divinitas

2131 4024 2373 4087 tempore
2419 4020 2685 4088 passionis
2727 4023 2924 4078 abiisse
2970 4026 3173 4080 dicitur
3196 4068 3211 4094 ,
3244 4042 3353 4083 non
3398 4031 3470 4087 de
3499 4032 3610 4087 loco
3634 4029 3693 4084 ad

2129 4107 2305 4162 locum
2334 4110 2596 4180 migrans,
2624 4114 2718 4167 sed
2744 4113 3004 4170 cohibens
3042 4120 3318 4187 propriam
3360 4122 3616 4179 virtutem
3636 4136 3692 4177 ex

2128 4198 2487 4265 humanitate,
2518 4211 2576 4256 ut
2610 4205 2765 4260 daret
2811 4208 3045 4274 spatium
3066 4212 3344 4279 passioni;
3372 4214 3577 4272 inloco
3612 4230 3696 4270 au-

2131 4297 2239 4343 tem
2264 4290 2425 4360 digno
2453 4293 2587 4361 sibi,
2618 4295 2672 4347 in
2703 4296 2825 4352 sinu
2867 4297 3044 4353 Patris
3070 4300 3322 4356 videlicet
3366 4318 3614 4371 manens,
3638 4304 3696 4357 ad

2128 4394 2249 4448 quas
2292 4381 2468 4437 nullus
2496 4386 2721 4449 accedit,
2765 4386 2869 4440 nisi
2898 4388 3012 4456 ipse
3035 4397 3089 4442 et
3123 4398 3343 4449 sanctus
3370 4392 3624 4463 Spiritus,
3648 4402 3696 4448 et

2128 4469 2253 4537 quia
2304 4471 2419 4541 ipse
2465 4472 2518 4526 in
2568 4474 2731 4530 Patre
2775 4485 2858 4530 est
2910 4487 2963 4531 et
3014 4479 3249 4549 Spiritus
3295 4493 3541 4549 sanctus,
3574 4487 3699 4541 sicut

2128 4558 2467 4632 Evangelicis
2504 4563 2789 4619 didicimus
2836 4566 3049 4622 litteris.
3098 4569 3238 4641 Ergo
3263 4571 3440 4638 abire,
3470 4574 3698 4631 cohiberi
3726 4628 3731 4633 .

2126 4650 2395 4722 intellige;
2425 4653 2504 4708 sic
2531 4654 2674 4709 cutim
2721 4655 2860 4713 Deus
2905 4659 3083 4722 abire,
3118 4662 3208 4729 qui
3236 4664 3438 4733 ubique
3467 4680 3695 4735 praesens
3724 4662 3732 4675 '

2128 4751 2231 4807 est,
2255 4758 2377 4799 cum
2412 4759 2564 4799 suam
2609 4749 2826 4802 cohibet
2856 4753 3223 4819 operationem
3254 4754 3478 4811 dicitur;
3523 4757 3699 4814 Portet

2127 4832 2290 4886 etiam
2331 4835 2642 4903 iniquitates
2689 4849 2921 4904 nostras,
2950 4844 3076 4911 quia
3129 4846 3268 4913 ignis
3312 4851 3598 4918 proprium
3625 4860 3697 4905 est

2127 4923 2308 4979 fenum
2335 4940 2674 4994 consumere,
2698 4939 2754 4984 et
2779 4933 3075 4989 divinitatis
3096 4948 3377 5004 peccatum
3399 4943 3696 5009 perimere:

2126 5013 2271 5068 unde
2294 5023 2349 5068 et
2375 5016 2515 5085 ignis
2541 5033 2865 5076 consumens
2895 5023 3036 5077 Deus
3063 5024 3277 5079 dicitur.

2197 5104 2267 5157 Et
2296 5107 2475 5175 offeret
2514 5107 2695 5163 Aaron
2734 5112 2953 5166 vitulum
2985 5130 3081 5183 pro
3116 5127 3346 5184 peccato,
3374 5134 3574 5190 rogans
3612 5137 3698 5190 pro

2126 5210 2182 5247 se
2225 5205 2272 5249 et
2327 5212 2422 5266 pro
2465 5199 2620 5254 domo
2662 5218 2779 5268 sua,
2822 5204 3111 5259 immolabit
3151 5224 3307 5274 eum,
3337 5223 3701 5283 assumptoqse

2128 5287 2394 5342 tlturibulo
2437 5292 2575 5361 quod
2605 5294 2670 5347 de
2691 5297 2876 5366 prunis
2916 5298 3100 5352 altaris
3138 5300 3455 5371 impleverit,
3481 5314 3532 5359 et
3570 5305 3702 5361 batt-

2126 5380 2269 5434 riens
2294 5397 2454 5435 manu
2478 5386 2819 5455 compositum
2841 5388 3127 5458 thymiama
3148 5391 3201 5445 in
3225 5393 3523 5460 incensum,
3563 5394 3702 5448 ultra

2127 5471 2313 5539 velum,
2334 5474 2549 5529 intrabit
2566 5477 2621 5531 in
2640 5492 2845 5545 sancta,
2862 5489 2919 5533 ut
2933 5483 3282 5554 positissuper
3299 5486 3471 5555 ignem
3490 5501 3704 5541 aroma-

2126 5564 2285 5630 tibus,
2320 5565 2507 5621 nebula
2543 5585 2723 5625 eorum
2750 5582 2798 5626 et
2828 5590 2989 5644 vapor
3009 5579 3207 5647 aperiat
3239 5578 3532 5645 oraculum,
3561 5581 3702 5653 quod

2124 5664 2201 5707 est
2242 5671 2399 5725 super
2443 5659 2813 5729 testimonium,
2851 5672 2901 5719 et
2939 5682 3046 5721 non
3081 5669 3359 5725 moriatur.
3395 5669 3508 5740 (E3
3531 5670 3704 5742 Hesy-

2123 5744 2289 5815 chia.)
2316 5746 2563 5805 immolat
2596 5764 2725 5822 ergo
2750 5754 3102 5827 intelligibilis
3142 5754 3326 5819 Aaron
3363 5762 3618 5827 vitulum,
3649 5760 3700 5815 id

2124 5838 2207 5885 est
2244 5834 2516 5903 propriam
2564 5854 2813 5906 carnem,
2847 5845 3000 5915 cujus
3053 5848 3231 5901 hostia
3268 5858 3486 5917 quando
3515 5851 3568 5905 in
3599 5849 3698 5903 Ju-
