3892 6344
182 453 266 512 421

1075 451 1575 510 EXPOSITIONES
1613 450 1681 506 IN
1715 441 2107 506 LEVITICUM.
2148 479 2220 490 —
2254 447 2378 504 LIB.
2423 443 2482 504 ν.

3303 443 3407 508 4'9.

184 566 518 636 daicseplebis
537 564 912 620 liberationem
937 566 1216 635 accipitur,
1230 567 1555 622 sacriﬁcium
1575 563 1729 620 vituli
1757 566 1804 625 Α
1831 561 1996 615 velum
2016 562 2230 618 intrabit
2257 563 2309 615 in
2331 571 2549 625 sancta;
2572 558 2674 624 vel,
2709 558 2848 615 sicut
2873 557 3045 617 LXX:
3068 562 3139 617 Et
3180 564 3404 635 implebit

181 660 460 714 necessarie
507 659 828 725 assumitur;
876 659 1112 714 habebat
1150 661 1294 714 enim
1345 661 1458 729 ipse
1503 660 1726 728 legalem

175 749 591 820 Jasdﬁcationcm
621 749 871 814 maxime,
903 758 962 804 ut
995 759 1184 819 aperte
1216 753 1572 820 praedicaret:
1603 751 1728 806 Non

179 845 276 898 veni
311 841 503 896 solvere
549 841 734 913 legem,
764 843 852 896 sed
902 842 1118 912 implere
1159 843 1374 913 (Matth.
1405 842 1480 909 v).
1529 842 1727 897 Paulus

178 940 335 987 autem
377 932 593 986 dicebat
619 949 631 984 :
657 932 803 985 Misit
828 933 968 986 Deus
1006 932 1206 986 Filium
1233 949 1384 987 suum
1428 933 1626 1001 factum
1663 947 1726 986 ex

177 1024 389 1088 muliere,
413 1023 613 1092 factum
641 1025 734 1078 sub
777 1024 993 1095 lege,‘ut
1032 1042 1118 1079 eos
1149 1027 1238 1096 qui
1281 1025 1376 1078 sub
1421 1023 1531 1093 lege
1575 1033 1723 1077 erant

176 1114 423 1169 redimeret
465 1115 607 1188 (Gal.
642 1118 736 1188 Iv).
787 1117 916 1171 Han:
959 1126 1140 1171 autem
1167 1117 1366 1171 vitulus
1399 1125 1618 1186 propter
1637 1115 1723 1183 ju-

172 1219 280 1275 gum
323 1206 700 1260 mandatorum
749 1215 874 1276 apte
911 1207 1250 1276 intelligitur.
1287 1206 1494 1276 Bagam
1523 1215 1620 1275 pro
1644 1221 1720 1270 sc,

169 1297 398 1350 videlicet
441 1311 545 1366 pro
580 1299 929 1352 humanitate.
980 1298 1150 1366 Hujus
1176 1301 1321 1352 enim
1350 1300 1403 1352 in
1431 1299 1723 1366 semetipso

169 1385 374 1454 figuram
402 1388 646 1456 gerebat,
675 1387 772 1441 sed
801 1397 850 1440 et
885 1388 1170 1456 proclamo
1197 1405 1295 1440 sua
1315 1429 1330 1451 ,
1357 1387 1574 1456 proprie
1599 1402 1725 1440 eum

165 1476 245 1544 qui
290 1476 390 1530 sub
432 1476 560 1546 lege
599 1479 818 1536 vivebat
850 1479 1124 1548 populum,
1171 1480 1264 1546 qui
1313 1480 1507 1532 domus
1559 1479 1728 1545 ipsius

162 1574 366 1636 propter
412 1567 962 1638 cognitionemfuit,
1011 1571 1160 1623 venit
1206 1569 1458 1622 liberare.
1502 1567 1726 1635 Propter

161 1657 287 1724 quod
315 1657 580 1727 Cleophas
606 1661 818 1714 dicebat
842 1677 856 1710 :
888 1659 940 1712 Ν
945 1675 1004 1712 os
1033 1669 1206 1712 autem
1235 1659 1572 1727 sperabamus
1599 1660 1723 1728 quia

155 1749 252 1818 ipse
291 1759 421 1804 esset
469 1753 831 1821 redempturus
886 1750 1080 1804 Israel.
1127 1751 1526 1820 Immolabitque
1572 1766 1722 1814 eum;

151 1839 256 1908 ipse
284 1842 429 1895 enim
457 1843 734 1911 pmpriam
778 1857 998 1896 carnem
1028 1841 1344 1905 immolavit,
1385 1841 1498 1908 ipse
1525 1840 1609 1894 sui
1638 1855 1722 1893 sa-

1827 669 2012 708 manus
2051 670 2176 708 suas
2205 655 2538 723 thymiamate
2573 655 2960 722 compositionis
2997 653 3226 721 subtilis,
3251 665 3298 709 ct
3327 659 3405 726 of-

1830 739 1956 807 feret
1983 743 2200 795 interius
2224 743 2278 795 in
2310 742 2559 794 interiora
2589 742 2876 796 voluminis.
2913 743 3049 797 Dicit
3071 755 3250 799 autem
3279 763 3372 800 ora
3403 778 3405 781 -

1830 830 2028 884 tionem
2052 872 2066 896 ,
2098 833 2166 886 de
2194 847 2298 902 qua
2331 832 2464 885 dixit
2510 833 2672 886 David
2708 852 2719 886 :
2759 833 3036 905 Dirigatur
3079 838 3246 892 oratio
3289 855 3403 891 utea

1825 919 1959 972 sicut
1999 923 2266 975 incensum
2311 924 2369 975 in
2413 934 2684 994 conspectu
2735 934 2843 977 tuo.
2877 924 3000 979 llzec
3025 941 3155 999 ergo
3189 932 3405 997 quando

1823 1011 2101 1066 scccularia
2128 1026 2366 1078 oramus,
2393 1027 2574 1068 crassa
2600 1015 2994 1084 quodammodo
3018 1011 3072 1071 et
3097 1033 3201 1072 non
3235 1021 3404 1073 subti-

1821 1099 1889 1155 lis
1940 1111 2022 1157 est
2063 1121 2076 1167 ;
2115 1107 2330 1173 quando
2385 1116 2563 1162 autem
2609 1107 2867 1176 spiritalia
2906 1109 3174 1181 petimus,
3222 1112 3273 1165 id
3321 1121 3403 1167 cst

1821 1192 2102 1247 scientiam
2134 1195 2388 1258 divinam,
2427 1211 2652 1265 regnum
2703 1198 2959 1252 caelorum
2984 1241 2997 1264 ,
3026 1202 3400 1256 remissionem

1821 1294 2185 1354 peccatorum,
2220 1287 2435 1342 subtilis
2475 1288 2722 1355 quasdam
2755 1296 2858 1354 est,
2888 1279 2948 1343 ut
2973 1300 3100 1359 pote
3147 1294 3403 1362 spiritalis

1824 1384 1879 1430 et
1909 1376 2278 1447 intelligibilis,
2316 1393 2477 1448 quam
2523 1380 2877 1450 intelligibilis
2909 1382 3159 1437 sacerdos
3183 1400 3280 1452 pro
3307 1400 3402 1438 no~

1825 1461 1909 1516 bis
1953 1465 2163 1520 ederet.
2236 1453 2574 1522 Manifestum
2629 1477 2808 1524 autem
2859 1479 2974 1535 est,
3026 1485 3092 1524 ex
3143 1488 3206 1525 eo
3262 1476 3402 1542 quod

1824 1567 1924 1621 pro
1966 1556 2242 1626 discipulis
2290 1558 2536 1612 Christus
2577 1575 2756 1623 orans,
2793 1561 3276 1624 sanctificationcm
3325 1566 3402 1619 eis

1822 1655 1877 1701 et
1905 1650 2164 1704 unitatem
2200 1667 2404 1720 secum,
2441 1655 2854 1732 libertatemque
2886 1657 2940 1712 in
2969 1660 3189 1722 mundo,
3222 1669 3272 1713 ct
3299 1662 3400 1714 alia

1822 1734 1948 1792 talia
1978 1737 2316 1806 deposcebat.
2366 1742 2593 1796 Intrabit
2635 1745 2690 1796 in
2734 1755 2939 1810 sancta,
2964 1747 3075 1801 sive
3107 1751 3401 1804 secundum

1818 1825 1983 1893 LXX,
2010 1838 2059 1882 et
2095 1832 2273 1899 offeret
2321 1833 2375 1886 in
2411 1835 2661 1888 interiora
2710 1836 3000 1903 uelaminis,
3028 1841 3208 1894 carnis
3254 1842 3402 1894 vidc-

146 1933 331 1987 ειιηδείί
377 1933 624 2001 pontifex
662 1935 715 1986 in
747 1934 878 1988 Sion
924 1933 1097 1987 [πως
1126 1942 1226 1997 εει,
1258 1933 1472 2001 quando
1502 1937 1720 2004 sangui-
1746 1931 1792 1988 Β
1820 1922 1947 1978 licet
1992 1939 2122 1979 sum.
2156 1924 2355 1982 Ofl‘crct
2396 1937 2573 1982 autem
2624 1929 2746 1983 cui?
2783 1929 2930 1984 Patri
2977 1933 3245 1999 videlicet,
3273 1935 3401 2004 quia

142 2022 226 2076 nis
269 2022 406 2076 Novi
456 2023 785 2078 Testamenti
829 2026 985 2078 dabat
1037 2025 1278 2078 calicem.
1333 2025 1716 2096 Assumptoque

140 2112 411 2166 thuribulo
437 2115 577 2182 quod
603 2115 666 2166 de
693 2116 874 2184 prunis
895 2115 1079 2168 altaris
1105 2115 1403 2186 impleverit.
1447 2117 1715 2171 Thuribu—

141 2205 244 2259 lum
273 2205 512 2274 linguam
541 2207 870 2260 Dominicam
900 2207 984 2261 hic
1013 2208 1177 2272 dicit;
1207 2209 1258 2261 in
1286 2208 1398 2277 ipsa
1421 2209 1566 2262 enim
1595 2217 1715 2262 erat

146 2293 390 2363 Spiritus.
426 2295 604 2348 Sumit
623 2309 750 2364 ergo
771 2296 986 2364 plenum
1007 2297 1337 2350 thuribulum
1361 2298 1710 2362 carbonibus,

147 2385 261 2452 quia
307 2383 575 2438 sacrificio
625 2400 721 2438 suo
767 2386 1062 2440 doctoralia
1091 2389 1278 2454 verba,
1304 2403 1424 2457 quae
1449 2397 1603 2444 erant
1633 2392 1713 2443 di-

148 2475 258 2527 vina
285 2477 339 2528 et
365 2476 630 2541 cmlestia,
657 2477 902 2545 protinus
948 2479 1173 2542 addidit,
1202 2480 1268 2532 de
1299 2481 1496 2548 quibus
1545 2481 1711 2535 David

151 2567 345 2622 dicebat
368 2583 383 2621 :
408 2567 672 2622 Carbones
694 2571 930 2623 succensi
952 2581 1072 2624 sunt
1097 2571 1162 2624 ab
1183 2587 1243 2624 eo
1266 2569 1438 2643 (Psal.
1467 2587 1600 2635 xvu,
1630 2571 1706 2643 9).

151 2658 248 2714 llos
297 2659 530 2715 Joannes
583 2663 638 2714 in
693 2677 846 2717 coma
905 2671 1044 2724 acta,
1078 2671 1360 2732 postquam
1411 2664 1575 2718 Judas
1628 2671 1712 2718 est

149 2762 378 2816 egressus
400 2752 642 2820 scripsit,
676 2751 732 2804 in
761 2753 973 2820 quibus,
1008 2752 1277 2822 quomodo
1302 2754 1517 2822 quidem
1549 2754 1712 2807 Pater

151 2838 197 2892 in
227 2841 353 2911 ipso,
379 2842 653 2910 quomodo
683 2849 863 2896 autem
894 2843 1010 2912 ipse
1039 2859 1162 2898 cum
1191 2844 1263 2898 sit
1291 2846 1344 2897 in
1376 2845 1559 2908 Patre,
1587 2846 1708 2898 mit-

151 2941 218 2987 tat
263 2935 454 2990 donum
492 2933 761 3004 Spiritus;
798 2937 1066 3005 quomodo
1109 2936 1272 2991 Pater
1318 2946 1402 2991 est
1451 2937 1706 3006 agricola,

152 3025 248 3093 ipse
271 3026 409 3091 vitis,
439 3026 674 3096 apostoli
698 3028 817 3080 viro
846 3027 1124 3096 palmites;
1160 3029 1429 3095 quomodo
1458 3029 1708 3097 princeps

149 3118 312 3170 mundi
361 3118 520 3187 hujus
565 3119 856 3188 iudicetur,
896 3119 1108 3188 aliaque
1157 3122 1380 3189 exponit
1423 3121 1701 3186 miracula,

149 3223 249 3275 qua:
292 3219 414 3265 sunt
456 3214 727 3267 carbones
772 3212 930 3281 ignis,
963 3221 1020 3266 ut
1044 3223 1172 3282 pote
1199 3212 1573 3268 calefacientia
1607 3229 1704 3268 nos

1817 2015 1934 2070 haec
1960 2014 2175 2083 quidem
2199 2017 2483 2072 manifesta
2503 2029 2720 2088 aspectu
2744 2035 2983 2074 omnium
3004 2021 3396 2091 proferebatur,

1817 2109 1932 2178 ipsa
1977 2117 2160 2166 autem
2191 2119 2309 2166 crat
2337 2111 2640 2167 invisibilis.
2693 2111 2759 2167 Ut
2800 2117 2980 2185 positis
3027 2133 3182 2188 super
3231 2101 3398 2188 ignem

1815 2199 2160 2264 aromatibus,
2195 2201 2384 2254 nebula
2415 2220 2592 2256 eorum
2620 2215 2667 2258 et
2696 2222 2854 2276 vapor
2884 2209 3086 2276 aperiat
3128 2209 3398 2264 oraculum

1814 2291 1952 2359 quod
1975 2301 2050 2344 est
2079 2308 2234 2361 super
2259 2293 2636 2361 testimonium,
2657 2306 2705 2350 et
2735 2314 2839 2351 non
2858 2299 3134 2353 moriatur.
3164 2301 3400 2370 Duplici-

1814 2388 1896 2434 ter
1919 2382 2006 2436 hic
2042 2385 2184 2452 quod
2215 2384 2346 2438 dicit
2377 2385 2634 2457 intelligo,
2659 2388 2784 2457 quia
2816 2390 2958 2442 cnim
3004 2390 3184 2444 Aaron
3232 2391 3398 2461 ipsius

1814 2471 2011 2527 Christi
2043 2476 2266 2545 ﬁguram
2312 2477 2450 2547 gerit
2486 2488 2706 2548 propter
2736 2481 3024 2535 sacerdotii
3056 2481 3394 2554 dignitatem,

1813 2562 2037 2634 ﬁguram
2065 2567 2226 2620 ctiam
2257 2569 2395 2636 gerit
2425 2570 2666 2637 corporis
2712 2571 3072 2625 sacerdotum.
3114 2563 3397 2644 Superimé

1811 2657 1965 2724 ponit
2000 2657 2214 2726 quidem
2246 2657 2491 2712 Christus
2521 2675 2682 2728 super
2723 2660 2900 2730 igncm
2931 2671 3197 2728 aromata,
3228 2664 3280 2717 id
3310 2673 3392 2718 cst

1812 2747 2110 2800 orationem
2141 2763 2301 2817 super
2326 2749 2655 2815 doctrinam;
2690 2759 2743 2804 et
2792 2751 2967 2821 operit
3004 2768 3257 2822 vaporem
3305 2747 3395 2806 ne4

1813 2835 1936 2887 bula
1984 2851 2191 2902 corum,
2223 2838 2272 2889 id
2301 2847 2382 2891 est
2411 2839 2670 2892 orationis
2709 2840 2913 2905 virtus;
2945 2843 3221 2894 oraculum
3252 2841 3393 2912 quod

1812 2934 1894 2978 est
1929 2940 2090 2994 super
2117 2927 2502 2992 testimonium,
2533 2929 2584 2982 id
2614 2937 2697 2982 cst
2726 2944 2943 2983 carnem
2973 2947 3145 2995 suam,
3177 2948 3240 2987 ex
3286 2949 3389 3002 qua

1810 3017 2118 3088 propitiatio
2164 3019 2319 3071 nobis
2358 3018 2658 3088 conquisita
2686 3029 2766 3072 est
2795 3029 3160 3090 peccatorum,
3191 3039 3306 3091 qua:
3337 3025 3389 3078 in

1811 3109 2033 3163 salutari
2066 3111 2424 3165 cst-videlicet
2445 3111 2726 3180 passione;
2758 3113 2860 3167 hoc
2887 3123 3066 3167 autem
3098 3129 3217 3170 esse
3245 3118 3391 3171 testi-

1810 3202 2071 3265 monium,
2103 3202 2263 3270 paulo
2295 3203 2541 3274 superius
2571 3204 2920 3258 ostendimus.
2957 3204 3026 3257 Et
3066 3222 3168 3258 non
3195 3209 3386 3284 morief

148 3299 202 3350 ad
226 3301 467 3368 pietatem
493 3344 506 3368 ,
537 3318 660 3356 cum
707 3304 817 3356 sim
861 3302 1184 3372 generaliter
1229 3303 1490 3371 spiritaﬁa
1518 3301 1700 3373 (Joan,
1733 3275 1776 3336 (ἶ
1809 3300 1913 3356 tur,
1947 3293 2308 3363 corruptionis
2353 3294 2606 3348 videlicet
2642 3299 2832 3348 morte.
2867 3293 3048 3364 Neque
3081 3297 3224 3351 enim
3265 3313 3392 3352 caro

150 3393 245 3463 xv).
277 3395 376 3449 Sed
407 3405 462 3451 et
491 3398 563 3450 ab
601 3397 778 3462 altari,
808 3398 948 3466 quod
975 3399 1266 3452 secundum
1301 3397 1440 3451 LXX
1467 3406 1551 3452 est
1578 3405 1704 3451 ante

149 3480 432 3550 Dominum,
465 3485 574 3541 hoc
605 3496 784 3541 autem
829 3502 952 3541 esse
979 3489 1133 3543 sedes
1163 3488 1440 3551 cherubin,
1490 3490 1542 3542 in
1575 3489 1705 3558 ipsis

147 3578 399 3642 protemiis
423 3579 549 3633 libri
576 3578 733 3645 hujus
755 3580 1088 3633 ostendimus
1105 3597 1119 3644 ;
1138 3579 1248 3634 illic
1273 3581 1416 3632 enim
1443 3581 1704 3633 carbones

145 3667 472 3738 intclligibilis
500 3671 642 3740 ignis
671 3673 994 3726 constitutos
1023 3686 1144 3725 esse
1167 3670 1420 3724 Ezechiel
1443 3671 1705 3738 propheta

146 3762 545 3828 demonstravit;
584 3767 869 3821 Dominum
915 3771 1113 3838 quippe
1155 3770 1330 3838 ipsum
1357 3769 1448 3837 qui
1477 3776 1598 3821 crat
1625 3769 1703 3821 in-

146 3851 281 3905 dutus
313 3855 537 3922 podcrc,
569 3865 621 3908 ct
650 3857 919 3911 accinctos
943 3859 1175 3912 habebat
1201 3859 1427 3918 lumbos,
1454 3859 1705 3926 proponit

148 3941 390 3997 dicentem
420 3962 432 3996 :
460 3943 742 4012 Ingredere
767 3946 1072 3998 inmedium
1110 3955 1343 3999 rotarum
1383 3948 1558 4000 subter
1591 3949 1706 4001 clte-

149 4036 294 4101 rubin,
322 4046 369 4088 et
400 4035 560 4104 imple
585 4033 770 4091 atauus
791 4047 907 4091 tuas
931 4039 994 4091 de
1022 4037 1188 4093 medio
1211 4041 1457 4095 cherubin
1486 4041 1699 4113 (Ezech.

150 4125 208 4193 χ).
263 4128 395 4194 Quia
441 4128 586 4182 enim
635 4129 806 4184 altare
852 4123 1188 4201 intelligibile
1232 4133 1286 4186 in
1312 4149 1418 4201 quo
1443 4135 1703 4190 carbones

149 4215 262 4285 ignis
291 4233 434 4284 sunt,
470 4223 654 4275 sedem
678 4235 700 4262 ει
731 4223 990 4276 cherubin
1025 4223 1273 4293 oporteat
1303 4225 1547 4298 intelligi,
1575 4228 1700 4282 audi

150 4305 311 4366 lsaiam
339 4315 608 4368 dicentem
630 4329 643 4366 :
662 4313 728 4367 Et
754 4316 886 4368 venit
912 4315 982 4368 ad
1010 4334 1088 4369 me
1109 4334 1244 4370 unus
1266 4317 1331 4370 de
1359 4320 1624 4387 seraphin,
1649 4328 1696 4373 et

151 4403 192 4456 in
214 4423 355 4458 manu
381 4407 495 4474 ejus
526 4404 760 4458 calculus
787 4423 938 4475 quem
980 4406 1177 4476 forcipe
1207 4407 1400 4462 tulerat
1426 4409 1489 4461 de
1513 4409 1693 4475 altari,

153 4504 189 4546 et
224 4500 371 4569 tetigit
400 4517 454 4552 os
483 4516 656 4551 meum
677 4490 824 4566 ⁷(Ιεα.
855 4501 950 4567 v1).
998 4498 1150 4565 Quod
1177 4515 1306 4571 ergo
1336 4501 1392 4555 in
1432 4502 1571 4557 coelo
1612 4510 1698 4556 est

154 4584 292 4641 altare
342 4589 486 4643 aliud
529 4588 637 4642 nisi
670 4588 928 4641 cherubin
993 4590 1169 4642 sedis?
1217 4590 1356 4643 sicut
1401 4591 1545 4644 enim
1586 4600 1694 4644 tam
1720 4622 1775 4681 D

153 4677 354 4742 pontifex
384 4695 548 4748 quam
581 4694 679 4732 rex
718 4679 858 4732 idcm
909 4688 962 4733 et
1007 4681 1192 4733 sedem
1222 4681 1387 4735 habet
1414 4691 1470 4735 et
1499 4682 1691 4737 altare.

152 4759 240 4822 Hoc
268 4785 385 4841 ergo
414 4771 618 4825 Paulus
655 4769 891 4826 Hebraeis
923 4771 1235 4843 signiﬁcans
1263 4775 1338 4828 ait
1363 4790 1378 4829 :
1404 4774 1524 4829 Non
1557 4777 1695 4829 enim

149 4854 353 4915 habemus
381 4863 687 4933 pontiﬁcem
708 4865 796 4933 qui
825 4881 926 4917 non
961 4875 1122 4934 potest
1160 4867 1384 4936 compati
1413 4865 1697 4935 inﬁrmita-

150 4946 254 5003 tibus
279 4957 480 5021 nostris,
512 4964 774 5008 tentatum
803 4965 972 5007 autem
999 4972 1089 5024 per
1113 4958 1287 5009 omnia
1319 4974 1412 5027 pro
1449 4956 1694 5009 similitu-

153 5037 248 5093 dine
285 5043 466 5115 absque
505 5054 742 5115 peccato.
793 5042 1053 5096 Adeamus
1100 5061 1215 5096 cum
1264 5045 1581 5112 conﬁdentia
1625 5043 1693 5100 ad

155 5127 357 5186 thronum
402 5134 583 5204 gloriae
614 5135 729 5203 ejus
762 5130 1080 5203 (Hebrnrv).
1129 5133 1243 5186 lloc
1283 5148 1412 5202 ergo
1446 5134 1697 5202 intelligi-

154 5215 235 5272 bile
253 5223 451 5280 dicebat
473 5227 668 5289 altare,
692 5226 833 5293 quod
853 5223 1201 5279 manifestam
1223 5239 1340 5293 qua:
1363 5235 1691 5292 sequuntur;

155 5310 214 5362 ait
236 5317 362 5369 enim
390 5336 401 5370 :
430 5315 495 5370 Ut
534 5316 854 5384 accipiamus
889 5315 1300 5368 misericordiam
1338 5323 1385 5366 et
1429 5316 1652 5383 gratiam
1674 5355 1691 5380 ,

154 5403 436 5463 inveniamus
494 5413 549 5464 in
603 5409 803 5463 auxilio
860 5419 1169 5478 opportuno.
1249 5409 1452 5463 Horum
1510 5419 1691 5464 autem

155 5501 401 5570 utmmqne
447 5505 514 5556 ab
551 5503 709 5556 altari
742 5502 858 5555 sine
904 5502 1083 5570 aliqua
1131 5502 1408 5558 dubietate
1453 5502 1689 5571 percipi-

154 5596 267 5640 mus.
296 5589 394 5645 Sed
425 5594 552 5662 quid
582 5594 636 5646 in
678 5592 762 5645 his
783 5607 902 5660 quas
930 5592 1540 5661 seqttunturelcgislator
1565 5593 1694 5646 sub-

155 5669 378 5734 diditiEt
407 5681 652 5737 hauriens
692 5697 850 5735 manu
898 5682 1188 5752 thymiama
1233 5683 1502 5737 incensum
1548 5680 1692 5736 ultra

1805 3387 1923 3464 cius
1971 3389 2118 3444 vidit
2168 3391 2591 3459 corruptionem,
2641 3393 2766 3462 quia
2812 3408 3011 3463 vapore
3063 3403 3388 3462 aromatum,

1805 3480 2005 3533 virtute
2040 3480 2223 3549 utique
2255 3481 2516 3534 orationis
2548 3481 2690 3536 illius
2719 3477 3064 3552 operiebatur
3093 3502 3256 3555 quam
3290 3486 3392 3540 Da-

1805 3571 1893 3624 vid
1943 3572 2018 3623 ait
2063 3571 2338 3625 Christum
2383 3572 2599 3626 Patrcm
2649 3575 3030 3643 deprecantem
3057 3595 3070 3630 :
3099 3578 3236 3644 Quia
3286 3595 3389 3632 nou

1807 3657 2130 3727 derelinquas
2180 3661 2411 3712 animam
2465 3678 2633 3713 meum
2682 3664 2735 3713 in
2780 3664 3066 3732 infernum,
3106 3682 3196 3718 nec
3239 3665 3390 3719 dabis

1806 3757 2046 3803 sanctum
2078 3759 2224 3801 tuum
2254 3750 2424 3801 cidere
2477 3751 2881 3820 corruptionem.
2928 3753 3085 3806 Ponit
3132 3764 3308 3808 autem
3340 3763 3394 3809 et

1804 3839 2179 3908 unusquisque
2223 3839 2496 3904 sacerdos,
2528 3840 2591 3892 dc
2641 3838 2857 3894 Christo
2907 3841 3149 3912 loquens,
3186 3845 3238 3897 in
3270 3844 3392 3916 igne

1807 3937 2050 3982 aromata
2080 3929 2336 3999 spiritalis
2367 3931 2652 3992 doctrinae,
2688 3933 3020 3998 orationem;
3050 3943 3105 3988 ct
3131 3936 3392 3992 orationis

1805 4017 1978 4074 virtus
1999 4019 2175 4088 operit
2197 4019 2498 4094 oraculum,
2522 4023 2665 4092 quod
2691 4031 2774 4076 cst
2799 4037 2962 4094 snpcr
2989 4026 3384 4082 testimonium:

1804 4126 1911 4164 non
1942 4111 2205 4180 permittit
2229 4112 2370 4180 enim
2401 4127 2521 4184 eum
2547 4128 2789 4184 quaerere
2818 4115 2881 4168 dc
2909 4117 3251 4186 passionibus
3279 4120 3384 4173 Do-

1803 4207 2016 4262 minicze
2067 4207 2246 4262 carnis
2299 4223 2383 4272 ea,
2413 4224 2533 4278 qua:
2581 4223 2743 4277 super
2783 4209 3044 4284 virtutem.
3093 4214 3386 4282 qmerentis

1803 4303 1945 4350 sunt.
1978 4295 2048 4348 Et
2082 4313 2183 4349 non
2210 4298 2460 4349 morietur
2496 4314 2577 4360 ea,
2613 4313 2731 4370 qua:
2762 4297 2978 4351 dclinita
3011 4308 3097 4370 est,
3121 4300 3383 4354 immode-

1801 4386 1934 4440 ratis
1964 4387 2402 4458 inquisitoribus,
2435 4388 2526 4456 qui
2561 4403 2624 4441 ea
2653 4397 2901 4458 qnmrunt
2928 4404 3047 4456 qua:
3076 4389 3384 4460 hominibus

1799 4490 1905 4529 non
1937 4476 2060 4530 licet
2086 4491 2346 4544 qumrcre,
2379 4487 2570 4531 morte.
2615 4476 2777 4556 Tol/ct
2802 4492 3013 4556 quoque
3039 4477 3102 4528 de
3132 4480 3383 4548 sanguine

1801 4567 1949 4620 vituli
1977 4577 2026 4620 et
2055 4576 2286 4643 aspergat
2310 4567 2471 4635 digito
2500 4584 2595 4619 suo
2625 4567 2831 4635 septies,
2860 4575 3042 4618 contra
3068 4569 3380 4637 propitiato-

1800 4657 1935 4710 rium
1965 4657 2034 4708 ad
2061 4658 2345 4720 orientem;
2375 4656 2485 4710 sive
2504 4696 2519 4720 ,
2551 4667 2609 4708 ut
2637 4651 2808 4722 LXX,
2840 4665 3068 4726 aspergat
3099 4656 3260 4728 digito
3285 4677 3379 4713 suo

1798 4765 1954 4817 super
1982 4747 2402 4817 propitiatorium
2430 4747 2498 4798 ad
2525 4748 2791 4798 orientem.
2817 4745 2957 4800 Ante
2987 4747 3175 4824 facient
3203 4753 3378 4836 propi-

1799 4837 2001 4892 tiatorii
2025 4845 2275 4907 aspcrgct
2302 4837 2499 4906 septies
2519 4837 2682 4907 digito
2700 4854 2814 4892 suo.
2837 4837 3170 4916 Sacrificium
3196 4846 3380 4916 unige-

1797 4929 1897 4984 niti
1920 4943 2039 4983 esse
2060 4928 2274 5000 quidem
2300 4925 2414 4995 ejus
2440 4929 2636 4994 carnis,
2661 4945 2757 5000 per
2778 4931 3028 4984 virtutem
3051 4943 3228 4987 autem
3259 4951 3378 4990 rur-

1799 5041 1892 5081 sus
1914 5024 2211 5080 divinitatis
2236 5022 2372 5094 ejus,
2398 5030 2450 5078 ct
2472 5039 2568 5094 per
2587 5023 2978 5096 bcneplacitum
3000 5025 3260 5104 Patrisad
3295 5045 3376 5083 re-

1801 5122 2114 5178 missionem
2160 5127 2504 5188 peccatorum
2551 5127 2860 5172 nostrorum
2913 5129 2966 5173 ct
3012 5122 3370 5190 crcptionem,

1801 5210 2064 5279 simulque
2089 5210 2155 5261 ad
2183 5209 2399 5260 domum
2433 5209 2948 5262 sulmtinistrationis
2995 5210 3227 5278 Spiritus
3251 5226 3373 5278 pcr-

1801 5299 1885 5368 agi
1908 5339 1922 5362 ,
1952 5308 2136 5368 aperte
2170 5312 2237 5350 ex
2284 5298 2368 5352 his
2396 5314 2513 5369 quae
2542 5316 2684 5353 nunc
2711 5300 2841 5360 dicit
2868 5299 3163 5368 lcgislator,
3202 5299 3372 5354 mani-

1797 5392 2056 5458 festatur;
2094 5391 2292 5461 digitus
2322 5391 2464 5446 cnim
2489 5393 2752 5466 signiﬁcat
2781 5393 3028 5444 virtutcn:
3053 5388 3367 5454 divinitatis,

1796 5487 1938 5541 unde
1967 5484 2134 5554 David
2169 5485 2341 5539 dixit:
2370 5485 2631 5558 Quoniam
2667 5483 2843 5554 videbo
2875 5481 3024 5534 συείοις
3054 5495 3207 5547 opera
3235 5478 3369 5552 digi-

1793 5588 1964 5632 torum
1993 5586 2222 5643 tuorum,
2251 5577 2431 5632 lunam
2453 5587 2498 5631 el
2523 5575 2701 5632 stellas
2729 5588 2857 5642 quas
2893 5582 2946 5622 tu
2983 5567 3217 5636 fundasti

1793 5673 1936 5744 vni).
1984 5671 2284 5740 Utrumque
2315 5680 2490 5726 autem
2520 5668 2584 5723 ad
2616 5661 2909 5718 divinitatis
2938 5658 3232 5740 accipimus
3259 5658 3365 5720 vir-

211 5819 234 5848 α
257 5808 451 5882 Sedeat.
481 5815 540 5870 In
569 5816 833 5885 impresso
851 5826 992 5886 post
1026 5819 1288 5900 cherubim
1313 5828 1398 5877 est
1425 5820 1723 5884 distinctio,
1754 5824 1810 5873 et
1838 5815 2114 5886 sequitur:
2141 5811 2247 5866 Sed
2271 5813 2315 5864 is
2338 5810 2540 5866 duabus
2567 5799 3012 5860 distinctionibus.

1662 5975 1754 5995 νεα-ν
1782 5987 1786 5992 μ
