3892 6344
471 298 581 361 sas

1111 291 1173 345 Β.
1215 287 1471 345 ΒΛΒΑΝΙ
1508 286 1730 351 MAURI
1767 284 2049 349 ΔΒΟΗῙΕῙ

2476 277 2763 337 OPERUM
2798 276 2981 335 PARS
3018 277 3060 336 Ι.

3616 282 3709 338 ut

476 420 677 481 tatem,
703 409 927 482 ipseque
970 408 1194 481 sanguis
1236 406 1389 462 vituli
1418 420 1578 475 super
1620 399 2054 475 propitiatorium
2081 403 2136 482 Α
2158 400 2326 479 totam
2355 386 2486 446 dicit
2510 390 2786 447 hominum
2835 390 3103 460 speciem;
3142 395 3329 444 sancta
3358 389 3504 482 enim
3535 390 3634 447 fuit
3653 398 3713 451 ab

476 507 545 573 ad
595 502 860 563 orientem
914 498 1241 571 aspergitur,
1293 497 1359 551 ad
1418 494 1856 568 propitiationem
1905 489 2052 544 enim

469 580 718 665 nostram
768 590 1036 662 simulque
1083 586 1554 651 illuminationem,
1586 583 1764 656 passio
1800 579 2053 637 salutaris

467 691 691 763 peracta
724 690 829 748 est,
858 682 999 737 unde
1027 681 1143 752 ipsa
1166 678 1347 750 passio
1373 676 1571 732 dicitur
1593 671 2049 763 propitiatorium,

472 760 616 851 sicut
633 774 948 851 frequenter
967 770 1301 826 ostendimus
1318 784 1332 835 ;
1356 765 1553 821 dicitur
1570 773 1749 820 autem
1765 772 1819 818 et
1832 762 2011 817 oriens
2031 778 2047 829 ;

472 844 550 929 ait
573 844 720 939 enim
757 866 823 921 de
852 878 918 919 eo
946 856 1239 939 Zacharias
1265 860 1533 931 propheta
1560 875 1572 911 :
1598 852 1735 910 Ecce
1764 854 1842 909 vir
1875 853 2057 908 oriens

471 974 661 1025 nomen
678 934 817 1029 ejus,
838 964 886 1009 et
911 952 1090 1008 subter
1110 969 1169 1006 eo
1191 934 1406 1005 orietur.
1438 948 1528 1003 Ait
1555 960 1736 1003 autem
1767 942 1821 1001 et
1845 945 2053 1000 Zacha—

473 1030 583 1123 rias
616 1032 869 1107 sacerdos
892 1051 1049 1114 pater
1086 1030 1311 1098 Joannis
1340 1057 1353 1094 :
1378 1037 1448 1094 In
1481 1037 1667 1110 quibus
1702 1036 1929 1091 uisitauit
1958 1048 2052 1088 nos

470 1121 663 1191 Oriens
690 1149 755 1187 ea:
780 1129 904 1195 alto,
936 1128 1233 1183 illuminare
1260 1126 1339 1180 his
1366 1125 1454 1198 qui
1484 1124 1538 1179 in
1558 1122 1783 1178 tenebris
1806 1121 1987 1177 sedent
2007 1126 2055 1175 et

467 1213 522 1277 in
548 1222 735 1277 umbra
771 1219 954 1277 mortis
978 1215 1129 1292 (Luc.
1157 1216 1219 1286 ι).
1271 1214 1381 1271 Sed
1420 1223 1475 1270 et
1516 1222 1707 1269 contra
1735 1213 2055 1284 propitiato-

466 1304 632 1379 rium,
667 1312 720 1366 id
768 1318 852 1367 est
896 1300 951 1364 in
996 1315 1288 1377 conspectu
1332 1304 1534 1372 Patris,
1570 1314 1825 1375 asperget,
1854 1302 2051 1373 inquit,

464 1380 674 1473 septies,
704 1412 765 1457 ut
793 1410 905 1461 tam
937 1400 1315 1457 remissionem
1343 1405 1717 1468 peccatorum,
1739 1409 1903 1465 quam
1929 1390 2053 1464 Spi-

466 1497 603 1552 ritus
626 1493 801 1550 sancti
836 1494 1036 1549 donum
1071 1490 1138 1545 de
1168 1489 1452 1545 Dominico
1481 1486 1746 1559 sanguine
1772 1486 2052 1542 hominum

464 1587 785 1658 susciperet,
815 1591 1106 1652 utrumque
1143 1580 1288 1635 enim
1318 1576 1657 1647 septenarius
1686 1590 1946 1631 numerus
1973 1575 2051 1630 si-

465 1675 711 1748 gniﬁcat,
736 1672 863 1746 quia
888 1671 1139 1727 videlicet
1165 1677 1291 1725 sunt
1319 1676 1527 1738 septem
1548 1667 1688 1723 dona
1713 1664 1969 1736 Spiritus,
1997 1673 2053 1719 et

2106 474 2121 501 "
2154 476 2307 539 initio
2341 496 2521 538 massa
2549 492 2764 551 nostra,
2794 483 2871 537 ita
2900 489 2961 537 ut
2986 482 3082 537 Dei
3106 481 3170 536 in
3198 494 3266 537 ea
3290 481 3564 537 habitaret
3607 484 3721 554 εῇε

2153 578 2290 631 ritus
2318 574 2497 647 :quod
2542 575 3037 631 demonstraturus
3064 572 3721 643 aquolam-iu:

2153 665 2395 720 irascens
2436 664 2677 720 minatus
2714 672 2805 721 est
2846 663 3723 734 umqumtbhiquieuﬁch

2155 758 2593 823 descendebant,
2620 768 2753 813 cum
2790 764 2979 813 essem
2999 754 3133 824 iusti
3160 756 3346 811 βίω
3372 756 3717 829 Μυρὼ

2152 844 2362 913 rentur’,
2391 849 2839 919 concupiscemus
2853 860 2969 911 ean,
2990 858 3117 917 quc
3135 846 3263 902 ﬁli:
3284 846 3571 903 hominum
3586 848 3713 913 diu:

2152 940 2578 1004 hantur,‘unius
2614 939 2831 1010 generis
2865 946 2995 993 eum
3034 936 3508 1007 nalisetilimia
3554 937 3721 999 diod»

2153 1034 2307 1094 sunt;
2338 1028 2475 1083 dixit
2507 1028 2654 1083 enim
2679 1028 2801 1084 sit};
2841 1026 3093 1082 Videam
3121 1028 3225 1097 ﬁlﬁ

2156 1128 2282 1171 nam
2305 1117 2449 1187 quod
2475 1126 2645 1171 essem
2673 1117 2931 1188 pulchra,
2964 1126 3293 1188 om
3317 1117 3723 1179 sibus-aureus:

2153 1209 2395 1264 cantibus
2410 1220 2545 1281 quas
2561 1208 2936 1280 aliquantum
2958 1209 3097 1264 diuit
3118 1208 3553 1267 Dominus-Deus
3566 1208 3709 1263 ut»

2150 1300 2473 1370 permanebit
2498 1299 3709 1370 Spiritu-mimiambisth

2153 1390 2279 1442 caro
2305 1399 2429 1444 sunt
2454 1387 2613 1457 (Gen.
2652 1387 3334 1461 π).ιΕεεο·ιίνιιὺιωκ

2153 1478 2541 1538 inhominlbus
2580 1483 3707 1554 “mmmam-sincal-

2151 1573 2239 1629 nis
2266 1573 2605 1644 inciperent,
2636 1583 2829 1631 sancta
2857 1581 3007 1629 recte
3030 1582 3152 1629 erat
3190 1573 3477 1630 hominum
3517 1590 3702 1637 massa;

2154 1678 2283 1719 nam
2328 1678 2429 1720 nec
2453 1664 2723 1735 primitias
2765 1681 2835 1721 ex
2866 1677 2932 1720 ea
2960 1672 3186 1720 sanctus
3226 1672 3553 1721 sanctum
3582 1681 3706 1723 ussu-

465 1765 608 1837 idcm
639 1777 896 1818 numerus
918 1761 1083 1817 etiam
1104 1766 1453 1832 peccatorum
1483 1755 1755 1826 signiﬁcat
1776 1753 2049 1810 remissio-
2075 1761 2124 1821 Β
2154 1762 2348 1809 meret.
2381 1753 2519 1822 Quia
2548 1765 2729 1810 autem
2773 1754 3050 1810 sordidata
3090 1762 3196 1820 est,
3221 1755 3468 1823 expiavit
3498 1771 3620 1811 eam
3650 1756 3709 1813 ab

465 1872 611 1913 nem.
654 1855 792 1911 Nam
819 1852 982 1908 Petro
1013 1849 1291 1907 Christum
1334 1848 1739 1917 intermgante:
1768 1844 1830 1901 Si
1864 1861 2048 1915 pecca-

463 1947 591 2001 uerit
632 1946 689 1999 in
731 1960 813 1997 me
856 1943 1023 2013 frater
1059 1958 1224 2007 meus,
1256 1941 1458 2011 quoties
1505 1937 1764 1991 dimittam
1793 1939 1864 2002 ei,
1886 1953 2050 2008 usque

461 2035 693 2108 septies?
727 2032 977 2091 Christus
1022 2033 1138 2087 ait:
1165 2028 1290 2087 Non
1332 2030 1450 2086 dico
1491 2031 1706 2102 septies,
1753 2028 1845 2083 sed
1884 2044 2050 2099 usque

460 2124 750 2196 septuagies
763 2124 971 2196 septies,
986 2123 1352 2194 multiplicans
1363 2136 1648 2177 numerum
1660 2121 2043 2192 septenarium.

462 2283 543 2339 De
581 2284 878 2356 expiatione
916 2211 1342 2364 ωπσιαῗὲἤῐῖᾚτ
1354 2213 1698 2352 vsanguinem
1727 2281 1859 2336 hirci
1892 2288 2050 2351 atque

536 2423 715 2495 (1311).)
757 2422 989 2496 Cumque
1017 2352 1555 2479 macta'igi-‘i‘t'hircum
1587 2438 1683 2492 pro
1712 2430 1924 2493 peccato
1952 2438 2048 2490 po-

459 2511 597 2584 puli,
626 2513 813 2582 inferet
846 2515 1158 2585 sanguinem
1199 2513 1313 2584 ejus
1345 2513 1487 2567 intra
1529 2513 1721 2579 velum,
1741 2514 1876 2568 sicut
1905 2533 2045 2587 psce-

459 2612 664 2673 ceptum
691 2612 790 2670 est,
830 2604 894 2658 de
926 2605 1179 2675 sanguine
1208 2603 1370 2667 vituli,
1414 2613 1470 2657 ut
1508 2613 1749 2675 aspergat
1778 2621 1805 2658 e
1841 2607 2049 2677 regione

458 2691 687 2759 oraculi,
711 2702 760 2747 et
783 2695 951 2763 expiet
967 2694 1330 2748 sanctuarium
1351 2693 1415 2749 ab
1444 2694 1791 2749 immunditiis
1813 2693 2048 2764 ﬁliorum

461 2781 657 2849 Israel,
689 2794 737 2838 et
767 2802 800 2838 a
822 2784 1343 2855 prwvaricationibus
1368 2801 1572 2850 eorum,
1598 2787 1899 2856 cunctisque
1922 2802 2047 2856 pec-

459 2874 614 2929 catis.
644 2873 754 2946 (Ex
776 2872 1087 2946 Hesychia.)
1121 2874 1256 2943 Quia
1293 2873 1438 2929 enim
1464 2872 1717 2930 Christus
1758 2876 1824 2929 de
1848 2870 2050 2928 Judaais

457 2965 755 3023 secundum
779 2980 1001 3020 carnem
1032 2964 1125 3035 qui
1153 2966 1253 3020 sub
1273 2965 1403 3035 iugo
1429 2964 1566 3036 legis
1595 2963 1868 3030 vivebant,
1895 2972 2049 3018 ortus

456 3063 561 3123 est,
592 3064 743 3111 recte
775 3055 930 3110 vituli
965 3055 1296 3113 sacriﬁcium
1324 3056 1675 3122 nominatur;
1706 3055 1834 3127 quia
1861 3063 2049 3109 autem

469 3146 770 3202 secundum
814 3145 957 3214 quod
987 3145 1298 3200 incarnatus
1325 3154 1446 3201 erat
1470 3146 1538 3201 de
1565 3148 1835 3201 communi
1866 3162 2048 3205 massa

457 3237 744 3301 hominum
782 3237 962 3293 factus
989 3245 1094 3303 est,
1135 3246 1423 3309 propterea
1450 3256 1642 3297 rursus
1671 3241 1835 3313 igitur
1862 3242 2048 3298 hircus

460 3326 767 3398 appellatur
791 3345 805 3382 :
829 3342 1082 3399 asperum
1124 3329 1268 3384 enim
1315 3331 1419 3387 hoc
1455 3331 1675 3397 animal,
1706 3330 1941 3403 pilorum
1967 3332 2049 3386 in-

462 3417 779 3475 dumentum
826 3418 987 3487 gerit,
1014 3433 1267 3489 asperum
1320 3428 1502 3476 autem
1547 3428 1608 3474 ut
1646 3428 1775 3491 pote
1826 3420 2049 3489 peccato

463 3508 724 3565 refertum
753 3525 913 3566 omne
937 3511 1232 3569 viventium
1261 3526 1449 3582 genus,
1486 3513 1613 3583 quia
1640 3512 1775 3566 nihil
1802 3521 1885 3567 est
1922 3528 2049 3584 pec«

460 3608 584 3655 cato
612 3600 894 3671 asperius:
921 3601 1063 3655 unde
1091 3601 1195 3655 hoc
1223 3602 1522 3671 approbare
1557 3611 1743 3672 aperte
1774 3601 2050 3673 legisialor

460 3691 647 3746 volens
674 3708 686 3744 :
714 3689 945 3762 Cumque
978 3690 1308 3758 mactaverit,
1342 3691 1539 3762 inquit,
1568 3690 1774 3744 hircum
1798 3708 1894 3760 pro
1933 3707 2049 3762 pec-

457 3788 574 3835 cato
606 3778 807 3851 pepuli.
846 3779 1039 3836 Totum
1069 3781 1158 3836 hic
1188 3779 1496 3853 intelligens
1521 3782 1817 3836 humanum
1855 3797 2044 3852 genus,

457 3869 601 3945 quod
627 3867 899 3940 quondam
926 3884 1032 3925 non
1060 3868 1310 3940 populus,
1341 3884 1484 3923 nunc
1503 3867 1731 3939 pepulus
1755 3884 1821 3923 ex
1847 3883 1954 3938 quo
1982 3869 2049 3924 de

456 3958 615 4015 nobis
642 3958 913 4027 primitias
951 3955 1109 4015 Jesus
1152 3958 1411 4029 suscepit.
1461 3957 1604 4028 Ergo
1634 3967 1693 4013 ut
1718 3957 2048 4014 demonstra-

460 4058 547 4117 ret
570 4048 637 4103 de
661 4048 862 4103 Judaais
888 4048 1106 4118 quidem
1131 4048 1501 4121 principaliter
1525 4048 1799 4107 Christum
1828 4060 2050 4121 propter

462 4137 739 4193 Abraham
763 4139 1139 4210 cognationem
1167 4155 1305 4219 esse,
1332 4140 1428 4196 sed
1450 4149 1631 4195 tamen
1650 4143 1828 4197 omnis
1848 4151 2049 4198 nostra:

462 4235 672 4307 natura:
700 4242 821 4298 qua:
848 4228 903 4281 in
931 4235 1155 4298 peccato
1178 4238 1259 4282 est
1282 4231 1548 4300 primitias
1569 4238 1808 4303 portare,
1827 4241 2049 4302 propter

462 4318 607 4395 quod
636 4325 692 4373 et
714 4316 889 4374 Adam
921 4316 1222 4391 appellatus
1254 4327 1354 4383 est,
1390 4319 1619 4374 vitulum
1647 4320 1807 4375 simul
1845 4331 1901 4377 et
1930 4321 2046 4375 hir-

461 4423 587 4462 cum
628 4404 716 4463 lex
747 4405 815 4463 ad
844 4404 1071 4478 ﬁguram
1100 4404 1355 4463 sacriﬁcii
1398 4405 1514 4476 ejus
1557 4410 1871 4480 assumpsit.
1912 4410 2046 4466 Cum

461 4509 644 4556 autem
676 4516 845 4555 unum
873 4499 945 4555 sit
977 4498 1328 4567 sacriﬁcium,
1357 4499 1473 4556 sive
1495 4499 1696 4557 vitulus
1717 4503 1831 4558 sive
1860 4503 2046 4559 hircus

464 4592 798 4659 nominetur,
826 4591 1156 4663 eﬁ'ectusquc
1206 4607 1346 4647 unus
1381 4592 1437 4646 in
1478 4600 1769 4663 utrumque
1797 4594 1889 4660 sit,
1922 4609 2048 4665 pec-

466 4691 713 4739 catorum
738 4684 883 4739 enim
911 4699 976 4738 ex
1003 4700 1066 4740 eo
1089 4684 1404 4763 proﬂigetur
1427 4680 1710 4753 absolutio,
1739 4686 2047 4743 necessario

465 4773 772 4829 communia
802 4780 929 4828 sunt
956 4788 1019 4829 ea
1044 4790 1164 4844 qua:
1192 4776 1248 4832 in
1276 4774 1430 4833 hirco
1475 4784 1707 4849 aguntur
1747 4784 1802 4832 et
1842 4778 2044 4844 vitulo;

467 4861 648 4917 cernis
686 4863 832 4918 enim
873 4863 1000 4933 quia
1040 4866 1205 4921 etiam
1244 4866 1458 4922 hircum
1499 4867 1753 4923 occidens
1783 4877 1909 4923 ante
1939 4867 2049 4922 Do-

468 4951 675 5006 minum
718 4951 970 5007 videlicet
1001 4950 1238 5020 Patrem,
1266 4963 1322 5010 et
1364 4956 1681 5026 sanguinem
1710 4955 1951 5013 inferens
1987 4958 2047 5014 in

470 5044 729 5100 interiora
755 5043 1061 5110 velaminis,
1088 5044 1143 5100 id
1169 5053 1255 5100 est
1279 5045 1347 5101 ad
1366 5044 1606 5102 Patrem.
1636 5042 1705 5100 Et
1730 5048 1898 5117 expiet
1923 5064 2049 5103 san-

466 5136 732 5192 ctuarium
761 5133 825 5188 ab
856 5134 1198 5189 immunditiis
1240 5134 1473 5204 ﬁliorum
1508 5136 1678 5192 Israel
1706 5146 1755 5192 et
1787 5155 1821 5192 a
1849 5154 2049 5208 prma—

469 5230 806 5289 ricationibus
848 5246 1029 5285 eorum
1056 5232 1353 5300 cunctisque
1400 5234 1620 5303 peccatis
1647 5272 1660 5287 .
1688 5232 1903 5289 videtur
1927 5232 2047 5302 qui-

470 5330 593 5386 dem
638 5327 704 5382 de
743 5324 1092 5381 tabernaculo
1119 5323 1332 5391 dicere;
1364 5324 1493 5382 dicit
1536 5337 1716 5382 autem
1745 5342 1852 5382 non
1890 5327 1955 5381 de
1980 5340 2047 5381 eo

471 5420 564 5491 qui
591 5418 772 5475 sensui
800 5414 1043 5486 subiacet
1067 5434 1079 5470 :
1104 5416 1235 5486 quid
1269 5417 1412 5471 enim
1451 5417 1774 5488 expiationis
1796 5433 1891 5473 seu
1917 5432 2046 5489 pro-

470 5511 769 5582 pitiationis
806 5509 949 5581 ligna
977 5508 1235 5580 egerent?
1277 5507 1473 5579 quidve
1498 5508 1688 5578 pelles,
1714 5509 1800 5566 vel
1841 5510 2047 5580 reliqua

474 5616 543 5657 ex
605 5601 802 5674 quibus
852 5599 1261 5656 tabernaculum
1318 5597 1625 5655 Iudaeorum
1676 5600 1819 5670 quod
1866 5601 2049 5657 sensui

478 5694 792 5765 subiacebat
821 5693 1124 5754 confectum
1166 5692 1318 5751 erat?
1347 5690 1441 5750 sed
1470 5692 1905 5765 generalitatem,
1935 5698 2049 5751 sive

2152 1843 2509 1899 immunditiis
2538 1843 2775 1899 ﬁliorum
2810 1842 2999 1909 Israel,
3020 1844 3317 1900 nou-dura
3337 1844 3606 1903 rationm
3626 1860 3705 1915 plu

2151 1933 2399 1990 sensibili
2426 1934 2594 1991 lsrael
2635 1934 2795 1991 Jesus
2834 1934 3163 1998 immolatus,
3187 1932 3242 1989 id
3260 1942 3351 1989 est
3376 1934 3703 2000 sam-iﬁdam,

2150 2028 2205 2079 et
2230 2039 2333 2095 pro
2350 2027 2500 2080 omni
2522 2026 2759 2082 humano
2776 2039 3000 2094 genere,
3022 2026 3093 2081 ad
3108 2025 3480 2095 expiatione:
3506 2027 3705 2083 innua-

2151 2113 2408 2169 ditiarnm
2474 2122 2793 2171 naturarum
2850 2114 3082 2180 obtulit,
3139 2129 3373 2184 quarum
3440 2115 3703 2173 immutui-

2153 2202 2392 2257 tiaram?
2430 2202 2487 2258 id
2512 2211 2598 2258 est
2642 2218 2673 2257 a
2717 2203 3250 2274 pravaricationibus
3289 2218 3505 2270 eorum,
3559 2205 3705 2273 inquit

2149 2294 2473 2363 cunctisque
2496 2293 2765 2364 peccatis;
2793 2294 2991 2350 enim
3012 2294 3211 2365 quippe
3234 2295 3601 2363 inmunditia,
3618 2310 3707 2353 om

2150 2382 2351 2438 mortui
2390 2382 2638 2453 pollutio,
2670 2399 2780 2440 nou
2820 2384 3079 2452 porcinus
3120 2384 3293 2448 cibus,
3317 2399 3428 2441 non
3454 2385 3709 2457 quidpiam

2150 2474 2297 2530 aliud
2344 2474 2542 2539 simile,
2575 2475 2671 2531 sed
2697 2489 2894 2531 nocere
2938 2475 3188 2545 proximo
3212 2483 3319 2540 est,
3344 2485 3403 2530 et
3424 2475 3709 2544 peccassis

2150 2565 2324 2620 Deum
2350 2564 2438 2620 vel
2468 2565 2725 2622 mandata
2753 2567 2873 2623 Dei.
2900 2564 3070 2621 lucta
3093 2566 3232 2621 hunc
3259 2566 3423 2621 ritum
3462 2565 3615 2635 faciet
3640 2574 3709 2621 ts-

2151 2656 2430 2712 bernaculo
2468 2659 2774 2724 testimonii,
2789 2658 2930 2730 quod
2960 2659 3129 2727 ﬁxum
3154 2667 3232 2713 est
3253 2659 3395 2713 inter
3422 2674 3512 2712 eos
3534 2659 3591 2713 in
3621 2672 3713 2713 tle-

2150 2747 2240 2802 dio
2278 2748 2500 2801 sortium
2544 2747 2886 2803 habitationis
2909 2764 3123 2814 eorum;
3161 2747 3341 2802 nullus
3369 2747 3713 2807 housinuntsit

2150 2838 2208 2893 in
2222 2837 2566 2894 tabernaculo
2587 2840 2799 2911 quando
2825 2838 3064 2910 pontifca
3083 2838 3380 2908 ingreditur
3406 2841 3463 2894 in
3489 2849 3710 2897 unctae

2150 2933 2312 2998 nium,
2340 2941 2396 2985 ut
2423 2940 2563 3003 roget
2591 2948 2689 3002 pro
2713 2947 2770 2986 se
2791 2941 2839 2986 et
2864 2947 2961 3002 pro
2987 2931 3141 2985 domo
3162 2947 3285 2996 sua,
3300 2941 3353 2985 et
3375 2948 3474 3002 pro
3497 2933 3709 2989 uniuersa

2152 3034 2291 3078 cestu
2317 3023 2512 3079 Israel.
2544 3024 2654 3097 (Ea
2680 3022 2909 3095 eodem.)
2931 3023 3087 3091 Quod
3110 3023 3197 3080 lex
3223 3025 3478 3094 superius
3506 3023 3712 3095 appellate

2075 3116 2122 3181 C
2153 3118 2232 3173 vit
2279 3127 2493 3186 sancta,
2519 3134 2648 3175 ecce
2677 3133 2823 3174 nunc
2864 3117 3277 3175 tabernaculum
3319 3118 3714 3187 testimoni“?

2149 3211 2334 3283 pellat,
2363 3211 2508 3282 quod
2557 3202 2728 3267 ﬁxum
2774 3219 2861 3268 est
2902 3212 3044 3266 inter
3086 3225 3181 3269 eos
3206 3210 3262 3265 in
3286 3211 3470 3267 medio
3510 3211 3715 3267 sortium

2151 3304 2502 3358 habitationis
2522 3316 2745 3369 eorum;
2770 3304 2965 3360 eadem
3000 3303 3203 3374 quippe
3228 3303 3527 3359 rationem
3550 3311 3716 3361 salus

2148 3408 2288 3455 esse,
2317 3403 2375 3449 et
2421 3394 2719 3450 testimonii
2780 3393 3040 3463 appellari
3093 3393 3508 3450 tabernaculum
3558 3405 3716 3450 musa

2149 3493 2337 3540 nostra
2366 3492 2563 3555 potest.
2602 3484 2661 3540 Si
2684 3484 2830 3540 enim
2860 3476 3268 3541 tabernaculum
3299 3485 3599 3541 testimonii
3622 3496 3719 3541 cta-

2149 3577 2260 3631 lum
2309 3576 2631 3643 dixerimus,
2676 3584 2828 3632 recte
2878 3583 3065 3631 saneta
3122 3575 3453 3640 nominatur,
3502 3572 3723 3635 calcatis

2149 3676 2337 3723 noster
2364 3668 2528 3724 homo
2552 3708 2567 3733 ,
2596 3666 2669 3723 de
2702 3681 2815 3736 quo
2850 3666 2931 3723 ait
2972 3665 3177 3722 Paulus
3194 3680 3214 3720 :
3232 3665 3390 3721 Sicut
3410 3666 3729 3734 parum

2148 3761 2428 3830 imaginem
2478 3759 2673 3813 terreni
2695 3798 2710 3825 ,
2752 3767 3015 3830 portemus
3065 3766 3115 3811 et
3177 3756 3455 3827 imaginem
3511 3753 3727 3811 uelutis

2151 3849 2204 3919 (1
2230 3848 2357 3903 Cor.
2382 3854 2497 3921 xv).
2518 3847 2731 3906 Rursus
2754 3866 2769 3901 :
2793 3846 2853 3903 Si
2876 3857 3138 3903 terrestris
3159 3848 3348 3903 domus
3371 3855 3557 3903 nostra
3574 3845 3724 3916 lutth

2147 3939 2488 3994 habitationis
2512 3938 2855 4005 dissolvatur,
2886 3939 3137 3994 habemus
3166 3937 3594 4006 adﬂictationem,
3616 3947 3724 4005 qua

2149 4043 2214 4082 aa:
2245 4028 2352 4083 Deo
2382 4037 2480 4093 est,
2500 4029 2719 4084 domum
2732 4044 2842 4082 non
2865 4042 3029 4083 manu
3048 4027 3268 4097 factam,
3290 4034 3545 4083 internata
3562 4025 3616 4079 in
3640 4037 3727 4081 cte-

2148 4119 2215 4174 lia
2250 4119 2334 4191 (11
2367 4119 2491 4175 Cor.
2522 4122 2600 4192 v).
2641 4120 2870 4188 Quando
2898 4121 3041 4177 enim
3069 4118 3324 4176 Christus
3350 4118 3655 4190 ingreditur
3677 4116 3727 4173 in

2149 4219 2421 4277 sanctum,
2446 4212 2503 4267 id
2534 4219 2620 4268 est
2661 4212 2883 4282 quando
2916 4212 3306 4269 inearuabatur
3332 4210 3616 4273 caelestem
3636 4209 3729 4265 ho-

2151 4310 2379 4377 minem,
2409 4319 2581 4382 atque
2617 4325 2688 4367 ex
2741 4311 2899 4367 nobis
2950 4311 3225 4383 primitias
3262 4311 3538 4378 sumebat,
3582 4323 3731 4365 nam

2150 4420 2270 4465 erat
2308 4411 2365 4465 in
2396 4409 2718 4483 intelligibili
2747 4411 3097 4466 tabernaculo
3125 4411 3452 4476 testimonii,
3480 4427 3589 4468 nec
3610 4427 3731 4483 gen-

2071 4470 2124 4532 Ῑ)
2152 4501 2281 4568 tilis,
2304 4515 2407 4557 nec
2426 4470 2805 4567 circumcisus,
2832 4515 2933 4558 nec
2958 4501 3261 4566 levisomna
3274 4503 3541 4558 noema
3562 4521 3579 4557 :
3602 4470 3731 4566 éaia

2147 4608 2325 4648 omnes
2346 4593 2758 4661 declinaverunt,
2771 4593 2930 4649 simul
2950 4592 3165 4648 inmites
3186 4593 3315 4663 facti
3336 4604 3459 4648 sunt
3471 4593 3597 4666 (Ps.
3618 4592 3731 4661 uti)»

2147 4684 2318 4740 Nemo
2363 4684 2642 4740 caelestem
2695 4685 3164 4739 conversationem
3206 4692 3341 4738 tunc
3378 4684 3731 4753 mactatur,

2147 4790 2249 4832 nec
2293 4777 2510 4847 dignam
2557 4775 2768 4831 caelesti
2798 4777 3008 4831 homini
3050 4775 3376 4846 sapientiam
3405 4788 3586 4845 usque
3616 4776 3735 4832 du-

2148 4868 2206 4924 in
2250 4876 2440 4923 sancto
2481 4867 2714 4936 propriae
2756 4869 2940 4923 carnis
2986 4874 3201 4937 rogaret
3244 4881 3345 4938 per
3390 4881 3660 4931 crucem,
3686 4873 3736 4921 et

2149 4970 2402 5029 egressus
2431 4965 2602 5013 estex
2630 4970 2693 5012 ea
2724 4957 2843 5029 lege
2889 4959 3191 5014 communis
3230 4957 3449 5024 mortis,
3478 4958 3739 5014 emittam

2149 5049 2397 5121 spiritum
2423 5089 2437 5115 ,
2478 5058 2533 5105 et
2578 5064 2800 5105 carnem
2842 5050 3062 5121 quidem
3110 5050 3424 5119 relinquens
3465 5050 3737 5121 Epulum.

2149 5143 2294 5213 quod
2319 5141 2435 5213 ejus
2460 5142 2738 5198 evidenter
2768 5142 2948 5198 exitus
2970 5142 3303 5197 nominatur.
3338 5140 3549 5197 Nullus
3568 5139 3741 5199 boli-

2150 5249 2296 5300 num,
2341 5233 2537 5304 inquit,
2569 5236 2637 5289 sit
2682 5234 2739 5288 in
2772 5233 3111 5289 tabernaculo
3139 5234 3353 5305 quando
3383 5234 3639 5304 pontifex
3664 5234 3745 5286 in-

2147 5325 2384 5396 greditur
2417 5326 2475 5379 in
2527 5327 2911 5391 sanctuarium,
2943 5333 2999 5379 ut
3026 5334 3189 5396 roget.
3235 5323 3354 5379 Non
3396 5333 3595 5379 autem
3643 5324 3746 5381 huc

2147 5417 2402 5489 exprimit
2441 5416 2584 5487 quod
2624 5418 2801 5473 omnis
2837 5416 3001 5473 homo
3040 5417 3107 5473 de
3136 5415 3515 5476 tabernaculo.
3545 5430 3747 5471 sean-

2150 5510 2278 5565 dum
2307 5517 2518 5580 tempus
2541 5509 2813 5576 sacriﬁcii,
2845 5510 2987 5580 quod
3014 5523 3163 5565 nunc
3184 5508 3392 5564 dictum
3418 5516 3526 5574 est,
3554 5506 3748 5563 exclu-

2150 5601 2391 5666 deretur,
2414 5602 2506 5656 sed
2534 5600 2805 5671 signiﬁcat
2829 5616 2989 5657 omne
3010 5600 3287 5658 hominum
3315 5615 3490 5673 genus
3517 5608 3751 5657 ten-eus

2149 5702 2283 5751 tunc
2308 5709 2497 5764 sapere
2526 5700 2579 5750 et
2607 5695 2660 5750 in
2686 5697 2926 5765 peccatis
2971 5708 3110 5762 esse,
3142 5709 3208 5751 ac
3246 5700 3543 5766 prapterea
3570 5692 3647 5750 ὴ
3666 5689 3753 5749 iu-
