3892 6344
148 337 244 434 425

1032 325 1533 417 EXPOSlTlONES
1567 351 1634 407 1N
1673 305 2074 407 stmcun.
2107 317 2334 404 _~x;m.
2374 315 2448 402 v.
2537 327 2540 330 ’
2630 317 2634 352 ⁵
2733 323 2736 326 ’

3254 329 3372 400 sas"

149 489 374 563 tdﬁgibiﬁ
407 483 757 545 abemaenlo
796 479 1090 542 testimonii
1117 482 1265 534 recte
1293 489 1404 530 non
1433 469 1686 526 inveniri.
1792 465 2051 540 unigeniti
2096 463 2424 529 salvaretur,
2456 463 2582 533 quia
2631 463 2776 519 enim
2804 477 2834 516 a
2865 449 3084 517 Christo
3107 459 3365 520 sacerdo-

145 587 256 645 ϐαιι
290 593 460 638 autem
494 583 677 636 emerit
720 580 790 634 ad
821 578 1018 639 altare,
1051 574 1190 646 quod
1229 587 1408 630 coram
1455 568 1682 636 Domino

143 690 219 743 at,
239 686 344 733 erat
378 690 486 746 pro
515 689 589 740 se,
615 682 666 728 at
698 680 962 741 sumptam
1001 667 1312 737 sanguinem
1345 660 1498 718 vituli
1530 669 1696 733 atque.

140 774 272 837 hirci,
291 771 482 841 fundat
512 783 672 838 super
697 780 897 820 corna
933 763 1060 832 ejus.
1083 776 1176 831 per
1207 772 1424 829 gyrum,
1445 760 1696 824 sparget-.

137 863 416 938 que-digito
447 857 862 931 septiesnatpist
895 861 952 908 et
977 848 1268 918 sanctiﬁcat
1296 843 1441 938 illud
1478 843 1543 898 ab
1585 843 1696 938 lin-5

135 932 382 1010 Was.
703 943 898 1002 rma.
942 941 1052 1014 (Ea:
1088 936 1316 1008 eodem.)
1365 933 1496 992 Post
1535 932 1682 992 enim

134 1052 348 1100 nostrum
397 1052 688 1110 egressum.
717 1036 796 1090 ad
828 1033 1032 1098 altare,
1067 1023 1679 1101 quodestcoramDor

133 1137 270 1201 mino,
308 1133 444 1189 dicit
491 1126 976 1197 autem‘onm,squi
1007 1117 1512 1194 esttbytniamatis.
1537 1115 1694 1187 quod.

133 1235 232 1285 esse
253 1225 446 1282 sedem
461 1223 732 1279 cherubin
760 1218 1120 1282 ostetidknns,
1150 1227 1284 1270 cum.
1301 1223 1698 1276 carneascenr.

133 1320 246 1375 detis
264 1325 314 1374 et
334 1323 580 1371 nuarum
609 1314 670 1369 in
695 1308 1162 1379 eo»eaptiwﬁtatem
1186 1300 1492 1368 nihlavavit

130 1409 494 1466 nos'suseitans
521 1413 576 1460 et
595 1404 796 1461 sedere
810 1401 1018 1456 faciens
1039 1399 1096 1454 in
1120 1399 1345 1452 dextera
1369 1390 1675 1448 inetelesu-v

128 1501 228 1555 bus.
275 1499 342 1552 Et
365 1504 629 1566 sumptum
675 1492 984 1563 sanguinem
1020 1485 1261 1557 adundat
1289 1498 1448 1552 super
1484 1495 1686 1534 cornua

126 1589 222 1657 ejus
243 1604 330 1657 per
371 1588 575 1657 gyrum,
613 1595 990 1653 aspergensquc
1025 1577 1190 1647 digito
1215 1573 1424 1642 septies,
1444 1570 1614 1640 expiet
1637 1578 1685 1623 et

123 1679 384 1748 sanctiﬁcat
415 1677 546 1732 illud
577 1677 644 1730 ab
683 1671 1033 1729 immunditiis
1079 1666 1312 1736 ﬁliorum
1341 1660 1534 1727 Israel,
1557 1660 1682 1731 quia

118 1772 313 1841 propria
351 1769 604 1839 passione
629 1779 742 1819 non
767 1761 946 1817 solum
989 1771 1198 1815 cornua
1232 1753 1351 1824 ejus
1390 1752 1484 1822 qui
1515 1758 1599 1806 est
1625 1750 1679 1804 in

1788 557 1919 612 tium
1960 558 2155 614 chorus
2199 555 2562 628 apostolorum
2601 555 2826 610 sortitus
2857 563 2966 618 est,
3018 553 3109 624 qui
3141 561 3194 609 et
3237 553 3372 624 pars"

1785 661 1941 707 erant
1969 653 2187 707 humani
2210 653 2444 722 generis,
2467 667 2567 724 pro
2593 666 2700 720 quo
2729 650 2988 704 Dominus
3014 643 3381 724 semetipsum"

1784 747 1990 812 obtulit,
2017 746 2110 802 sed
2133 756 2310 800 tamen
2339 743 2569 815 speciale
2591 741 2984 815 quodammodo
3006 733 3384 814 unguentum,E

1784 847 1839 894 et
1863 839 2190 910 praecipuum
2237 821 2570 892 sacriﬁcium
2607 833 2822 889 Domini
2866 831 3188 906 appellavit,
3219 825 3378 903 quod

1783 929 2120 988 demonstrat
2143 927 2403 983 Dominus
2435 926 2499 981 ad
2528 923 2743 980 Patrem
2781 925 2966 982 dicens
2990 943 3004 980 :
3032 917 3140 980 Pro
3169 923 3242 980 eis
3267 921 3366 996 ego

1780 1020 2054 1090 sanctiﬁco
2077 1019 2350 1090 meipsum,
2374 1027 2428 1071 ut
2455 1018 2557 1087 sint
2595 1027 2640 1072 et
2663 1019 2762 1088 ipsi
2788 1013 3102 1087 sanctiﬁcati
3138 1019 3194 1070 in
3223 1015 3380 1072 veri-‘

1779 1122 1907 1186 tate.
1931 1113 1999 1168 Et
2021 1127 2209 1172 rursus
2230 1111 2298 1168 ad
2321 1125 2441 1166 eos:
2462 1107 2717 1180 Majorem
2741 1105 2838 1162 hac
2860 1103 3188 1162 dilectionem
3210 1095 3376 1186 nemo:

1778 1205 1930 1266 habet
1945 1191 2102 1276 quam
2123 1214 2177 1258 ut
2193 1205 2423 1260 animum
2438 1218 2588 1258 suam
2608 1211 2764 1270 ponat
2785 1201 2897 1274 quis
2917 1217 3009 1271 pro
3031 1201 3212 1253 amicis
3229 1181 3383 1266 suis;

1779 1313 1868 1352 vos
1896 1296 2059 1360 amici
2078 1295 2177 1350 mei
2201 1293 2401 1358 estis,si
2429 1291 2659 1362 feceritis
2682 1306 2798 1362 qua:
2816 1306 2905 1362 ego
2928 1289 3172 1362 prrrcipio
3196 1287 3384 1344 vobis‘.'

1782 1386 2011 1456 Respice
2031 1394 2210 1440 autem
2238 1392 2292 1440 et
2312 1383 2502 1454 legalis
2528 1375 2718 1453 ﬁgurzu
2733 1379 3000 1443 ordinem,
3015 1369 3281 1448 quomodo
3295 1367 3381 1434 a’d'

1783 1480 1959 1551 ipsam
1988 1478 2205 1534 deducit
2229 1476 2534 1532 veritatem.
2565 1471 2872 1529 Secundum
2900 1467 3044 1524 LXX
3070 1469 3214 1524 enim
3242 1469 3317 1523 ait
3345 1488 3358 1522 :

1779 1567 2017 1642 Deﬁniet
2056 1583 2280 1622 exorans
2311 1576 2549 1620 sanctum
2574 1574 2621 1620 et
2651 1561 3045 1618 tabernaculum
3086 1559 3366 1614 testimonii

1782 1667 1830 1712 et
1859 1657 2046 1723 altare,
2088 1657 2142 1712 id
2170 1667 2273 1724 est,
2307 1657 2456 1710 ﬁniet
2480 1664 2534 1710 et
2567 1654 2878 1709 terminabit
2904 1649 3362 1722 deprecationem,

1765 1761 1904 1830 :quae
1927 1754 2046 1801 acta
2072 1753 2156 1802 est
2182 1760 2278 1816 per
2307 1760 2520 1799 crucem
2539 1759 2639 1814 pro
2667 1744 2812 1798 omni
2836 1757 3031 1812 genere
3057 1741 3362 1805 hominum,

115 1833 236 1918 ὲωιὲ»
276 1833 486 1924 altaris,
511 1858 745 1912 virtutes
789 1851 996 1906 scilicet
1019 1847 1421 1918 pracipuas,'et
1455 1855 1679 1912 genera-
1705 1845 1753 1904 B
1780 1845 1836 1892 et
1877 1851 1999 1891 eam
2044 1852 2164 1907 qua:
2210 1835 2266 1890 in
2310 1833 2861 1906 altari-intelligibilis
2906 1833 3028 1899 fuit,
3077 1839 3362 1902 postquam

111 1951 197 2017 les,
219 1949 566 2020 sapientiam,
592 1941 988 2007 fortitudinem,
1023 1935 1308 2006 justitiam,
1345 1931 1671 1993 castitatem,

108 2040 476 2106 sanetiﬁcavit,
493 2047 852 2108 qusecomua,
866 2030 1126 2087 cherubin
1145 2034 1292 2084 recte
1302 2033 1458 2091 sunt;
1473 2024 1680 2094 ﬁguras

104 2136 247 2191 enim
274 2149 460 2190 eorum
483 2132 705 2188 sceleste
720 2130 824 2185 hoc
846 2124 1044 2182 animal
1067 2124 1126 2178 in
1146 2121 1394 2193 personis
1424 2135 1545 2190 quae
1580 2119 1678 2174 ha-

107 2227 186 2281 bet
229 2224 464 2280 hominis
488 2231 544 2278 et
584 2220 775 2285 leonis,
801 2226 858 2274 et
892 2216 1045 2272 vituli
1079 2222 1136 2270 et
1175 2213 1373 2284 aquilae
1399 2211 1564 2282 gerit,
1591 2225 1676 2264 sa—

109 2314 308 2386 pientiae
356 2312 573 2384 quidem
623 2312 679 2365 in
721 2323 955 2380 persona
1006 2305 1246 2362 hominis
1267 2344 1284 2372 ,
1339 2303 1677 2360 fortitudinis

113 2415 273 2462 autem
301 2406 357 2460 in
390 2417 622 2476 persona
655 2401 851 2467 leonis,
887 2397 1115 2468 iustitia:
1150 2397 1207 2452 in
1232 2387 1469 2466 persona
1498 2393 1675 2457 vituli,

113 2498 357 2553 castitatis
377 2497 430 2552 in
451 2508 682 2567 persona
695 2493 907 2564 aquilae.
926 2492 1004 2547 De
1021 2491 1218 2561 quibus
1235 2488 1449 2559 plenius
1473 2487 1529 2541 in
1556 2500 1678 2557 pro-

115 2589 267 2657 pheta:
299 2585 600 2642 Ezechielis
626 2583 1075 2654 interpretatione
1128 2581 1261 2637 olim
1305 2579 1672 2649 exposuimus.

116 2679 282 2749 Expiet
326 2690 375 2734 et
424 2678 714 2748 sancti/lcet
754 2676 887 2730 illud
939 2676 1004 2730 ab
1047 2673 1396 2729 immunditiis
1441 2671 1676 2742 ﬁliorum

115 2767 280 2823 Israel.
300 2768 501 2825 Christi
529 2768 674 2823 enim
704 2767 972 2824 sacriﬁcio
997 2765 1289 2836 expiantur
1311 2773 1367 2821 et
1409 2763 1673 2829 coelestia,

116 2858 178 2912 ita
203 2865 258 2913 ut
292 2858 489 2914 Paulus
518 2858 754 2924 diceret,
783 2855 1138 2912 differentiam
1181 2853 1435 2925 legalium
1467 2852 1676 2908 sacriﬁ-

117 2949 294 3004 ciorum
336 2957 392 3006 et
434 2949 708 3019 unigeniti
744 2947 1030 3004 ostendere
1061 2945 1269 3001 volens.
1315 2943 1550 2998 Necesse
1595 2949 1680 2996 est

117 3056 225 3112 ergo
245 3041 577 3112 exemplaria
603 3039 906 3096 caelestium
935 3039 1023 3094 his
1044 3037 1296 3092 mandari
1311 3076 1324 3101 ,
1355 3035 1473 3106 ipsa
1498 3041 1678 3088 autem

116 3132 330 3188 emlestia
355 3133 664 3204 majoribus
687 3130 882 3188 hostiis
912 3144 1075 3200 quam
1103 3129 1255 3204 istis:
1277 3127 1386 3183 Sed
1413 3125 1568 3195 cujus
1596 3127 1676 3182 rei

1777 1934 2086 1996 assumptus
2107 1924 2272 1980 fuerit
2298 1925 2351 1979 in
2376 1923 2533 1989 coelo,
2557 1934 2612 1979 et
2634 1924 2835 1979 sederit
2857 1924 2910 1978 in
2938 1925 3160 1978 dextera
3184 1920 3364 1976 Patris

1778 2015 1845 2070 de
1896 2015 2267 2070 sacerdotibus
2305 2014 2437 2080 suis,
2483 2014 2652 2069 mittit
2679 2013 3116 2068 emundationem
3150 2028 3246 2082 per
3279 2010 3362 2064 in-

1780 2105 2112 2178 telligibilem
2141 2104 2342 2177 ignem,
2385 2114 2439 2160 et
2477 2120 2574 2176 per
2619 2105 2827 2176 linguas
2873 2105 3059 2176 igneas
3103 2101 3358 2172 Spiritus,

1772 2198 2000 2269 'prOpter
2042 2197 2184 2267 quod
2221 2198 2302 2252 eis
2341 2197 2591 2253 dicebat:
2632 2193 2734 2251 Vos
2764 2206 2940 2249 autem
2972 2193 3363 2265 baptisabimint

1780 2291 1984 2362 Spiritu
2008 2300 2190 2346 sancto
2211 2307 2318 2346 non
2336 2299 2450 2362 post
2477 2290 2666 2344 multos
2689 2291 2782 2344 hos
2806 2288 2937 2344 dies.

2389 2381 2618 2436 CAPUT
2663 2380 2751 2437 Vl.

2135 2475 2211 2529 De
2235 2474 2512 2528 emissione
2545 2474 2696 2538 hirci,
2725 2483 2771 2528 et
2799 2490 3006 2544 pompa.

1851 2564 2028 2636 (Imm)
2053 2563 2198 2619 Tunc
2225 2566 2405 2635 offeret
2439 2565 2642 2618 hircum
2665 2566 2934 2629 viventem,
2959 2575 3004 2619 et
3029 2567 3199 2636 posita
3225 2575 3344 2618 utra

1781 2675 1883 2729 que
1903 2675 2063 2712 manu
2089 2673 2248 2728 super
2271 2665 2424 2728 caput
2455 2657 2590 2727 ejus,
2618 2656 2930 2724 conﬁteatur
2955 2671 3129 2710 omnes
3169 2656 3384 2726 iniqui.~

1780 2758 1910 2803 tates
1941 2747 2173 2816 ﬁliorum
2198 2746 2371 2800 Israel
2393 2756 2440 2799 et
2465 2747 2706 2800 universa
2735 2746 2924 2798 delicta
2967 2753 3122 2815 atque
3150 2755 3362 2814 peccata

1781 2856 1992 2906 eorum;
2031 2855 2147 2909 qua:
2194 2839 2470 2909 increpans
2511 2839 2676 2908 capite
2707 2838 2821 2907 ejus
2845 2879 2859 2903 ,
2893 2837 3077 2890 emittit
3116 2852 3232 2890 eum
3273 2851 3366 2904 per

1781 2929 2042 2982 hominem
2089 2937 2335 2998 paratum
2380 2929 2433 2981 in
2475 2929 2755 2982 desertum.
2806 2925 3039 2996 Cumque
3081 2927 3365 2996 portaverit

1781 3018 1960 3072 hircus
1981 3028 2199 3088 portans
2231 3033 2405 3072 omnes
2429 3016 2730 3087 iniquitates
2752 3029 2952 3082 eorum,
2984 3015 3036 3068 in
3065 3025 3257 3068 terram
3280 3031 3364 3068 so-

1781 3110 2036 3174 litariam,
2068 3119 2118 3164 et
2153 3110 2407 3164 demissus
2439 3109 2597 3180 fuerit
2625 3110 2678 3163 in
2705 3099 2940 3174 deaerto,
2972 3117 3076 3164 etc.
3120 3107 3229 3178 (Ea:
3257 3106 3365 3162 Ife—

113 3222 259 3289 μειερ
283 3189 598 3294 expia'ﬁone
625 3237 761 3295 opus
785 3189 1060 3277 habefmm
1087 3200 1364 3283 cmlcgua,
1396 3189 1676 3289 leg-i513”,
1702 3189 1747 3253 C
1778 3200 2003 3272 sychio.)
2032 3200 2232 3295 [Eadem
2263 3201 2424 3257 etiam
2450 3217 2594 3256 nunc
2625 3202 2824 3256 iterare
2861 3207 3088 3270 propter
3129 3211 3224 3254 eos
3266 3197 3361 3268 qui

113 3314 322 3369 intendit
340 3315 530 3371 dicens
553 3332 566 3369 :
589 3311 778 3386 Ezptet
802 3324 850 3370 et
872 3313 1161 3383 sanctiﬁcat
1190 3313 1323 3367 illud
1359 3313 1423 3367 ab
1445 3315 1673 3368 immun-

112 3401 235 3458 ditiis
258 3405 482 3474 ﬁliorum
505 3404 700 3460 Israel.
729 3404 1002 3472 Quantum
1041 3404 1257 3474 quidem
1298 3403 1369 3458 ad
1409 3403 1674 3458 ccelorum

116 3492 340 3560 virtutes,
365 3511 473 3552 non
499 3508 727 3553 necesse
755 3505 876 3552 erat
895 3495 1149 3566 quaelibet
1171 3495 1430 3566 expiatio,
1454 3495 1581 3565 quia
1617 3493 1674 3549 in

115 3584 519 3643 sanctiﬁcatione
548 3587 805 3642 continua
833 3594 1255 3652 eonversantur,
1285 3588 1380 3641 sed
1408 3587 1534 3655 quia
1563 3585 1675 3641 fre-

114 3687 267 3743 quens
289 3678 354 3733 ad
377 3679 550 3736 caelos
579 3686 895 3734 nostrorum
918 3687 1266 3748 peccatorum
1313 3677 1559 3730 ascendit
1587 3674 1674 3730 fu—

115 3781 234 3835 mus,
261 3773 325 3826 de
347 3788 457 3842 quo
481 3773 620 3828 dixit
644 3772 856 3828 David:
880 3771 1124 3827 Ascendit
1149 3770 1324 3840 fumus
1349 3770 1405 3823 in
1433 3771 1516 3824 ira
1535 3769 1674 3839 ejus,

115 3869 150 3914 et
170 3861 292 3931 ignis
317 3880 352 3917 a
379 3864 517 3931 facte
554 3863 668 3932 ejus
698 3863 984 3917 exardescit
1007 3861 1124 3933 (1’s.
1152 3862 1312 3932 xvn),
1343 3861 1420 3915 ita
1448 3869 1507 3914 ut
1533 3861 1676 3916 Deus

119 3951 168 4004 ad
192 3951 386 4007 Jonam
433 3952 679 4007 diceret:
712 3951 858 4005 Vade
879 3953 947 4005 ad
976 3952 1220 4006 Ninivem
1266 3952 1524 4005 civitatem
1567 3967 1679 4005 ma-

120 4057 259 4108 gnam,
291 4052 342 4097 et
371 4041 611 4112 pradica
637 4042 691 4096 in
717 4059 782 4096 ea
808 4042 1256 4112 praedicationem,
1295 4056 1455 4111 quam
1482 4056 1574 4111 ego
1602 4039 1680 4094 lo-

121 4149 221 4198 quor
239 4134 303 4189 ad
335 4144 406 4201 te,
430 4134 559 4205 quia
582 4131 788 4187 malitia
818 4133 936 4204 ejus
966 4132 1200 4188 aicendit
1224 4147 1406 4186 eorum
1424 4147 1505 4184 me
1526 4130 1674 4202 (Jan.

123 4225 168 4294 l).
191 4227 251 4280 Et
270 4240 462 4281 rursus
495 4225 564 4278 ad
589 4223 864 4278 Abraham
885 4241 888 4262 ί
907 4224 979 4279 de
1007 4222 1259 4278 Sodomis
1301 4237 1316 4275 :
1353 4220 1677 4276 Descendam

123 4323 158 4366 et
172 4316 333 4370 ridebo
349 4324 534 4370 utrum
555 4313 835 4368 clamorem
844 4313 934 4383 qui
952 4312 1088 4366 venit”
1111 4311 1179 4366 ad
1192 4327 1273 4364 me
1283 4327 1435 4381 opere
1450 4309 1675 4380 compte-

125 4410 354 4475 tcritu,“
375 4424 482 4464 non
504 4404 658 4480 (Gen.
684 4403 864 4478 xvm).
883 4403 1054 4460 Recte
1069 4403 1138 4458 de
1166 4401 1369 4458 nostris
1385 4399 1674 4457 immundi-

127 4494 195 4550 tiis
203 4499 512 4565 sanctiﬁcat,
527 4506 584 4553 et
595 4498 777 4566 expiat
795 4511 956 4565 super
978 4509 1077 4552 nos
1089 4493 1256 4550 ctelos
1270 4491 1406 4566 [Al.,
1427 4490 1665 4564 choros],

127 4592 172 4637 ut
186 4587 374 4644 auferat
387 4605 464 4654 ex
495 4589 579 4644 eis
608 4589 1050 4643 circumstantem
1077 4584 1492 4641 abominabilem
1530 4583 1666 4639 odo-

128 4690 216 4732 rem
224 4691 273 4736 et
288 4684 452 4754 gloria
459 4683 664 4737 tionem
681 4679 897 4746 falsam,
913 4693 1076 4748 quam
1090 4686 1282 4734 contra
1300 4693 1396 4736 eos
1414 4675 1668 4745 deposui-

128 4784 237 4828 mus.
259 4773 544 4845 Propterea
565 4787 675 4828 non
701 4769 1023 4840 simpliciter
1047 4767 1426 4840 asperget,sed
1448 4766 1670 4837 septies,

131 4868 174 4913 ut
191 4863 435 4936 intelligas
453 4863 589 4934 quia
613 4862 775 4932 venia
801 4867 1116 4916 nostrorum
1137 4865 1486 4929 peccatorum
1505 4855 1672 4926 (hanc

129 4951 241 5006 enim
278 4955 616 5025 septenarius
661 4965 918 5007 numerus
966 4948 1210 5022 ﬁgurat),
1256 4947 1388 5008 loca,
1427 4945 1672 5004 coelestia

129 5043 406 5104 mandantur
435 5039 794 5100 abominabili
839 5039 1005 5094 odore
1047 5047 1104 5092 et
1146 5038 1464 5108 gloriatione
1503 5051 1668 5111 quam

129 5130 658 5204 depowimuszhujus
701 5130 848 5186 enim
874 5129 956 5185 rei
983 5142 1146 5184 causa
1185 5127 1338 5197 prius
1383 5125 1669 5183 inimicitia

131 5233 156 5271 a
172 5224 302 5280 nobis
321 5236 506 5283 contra
537 5239 610 5279 ea
635 5237 759 5293 quae
781 5227 908 5277 sunt
925 5220 982 5274 in
1013 5217 1324 5273 ctnlestihus
1348 5226 1537 5272 exorta
1563 5223 1664 5276 est.

132 5305 344 5381 Seqnitur
367 5335 379 5369 :
405 5314 699 5385 Postquam
741 5309 1096 5366 emundaverit
1124 5307 1484 5361 sanctuarium
1511 5314 1559 5358 et
1586 5314 1667 5360 ta-

131 5396 426 5460 bernaculum
453 5416 499 5461 et
523 5403 716 5467 altare,
738 5402 832 5460 vel
856 5401 996 5456 sicut
1029 5397 1194 5464 LXX,
1224 5406 1273 5452 et
1303 5396 1512 5466 deﬁniet
1545 5411 1668 5460 exo-

131 5504 475 5552 ﬂIllitanctum
500 5508 547 5552 ct
582 5491 970 5550 tabernaculum
994 5489 1272 5546 testimonii
1303 5497 1351 5543 et
1393 5487 1666 5555 altarium,

133 5591 172 5634 tt
191 5600 270 5651 pro
295 5587 643 5645 sacerdotibus
667 5583 927 5654 purgabit.
951 5581 1058 5654 (Ea:
1084 5581 1310 5652 eodem.)
1363 5579 1669 5636 Secundum

134 5687 329 5742 quorum
373 5681 664 5738 editionem
712 5685 857 5732 recte
902 5675 986 5730 lex
1041 5675 1310 5746 prmcipue
1351 5674 1669 5729 memoriam

137 5767 434 5824 sacerdotum
480 5769 629 5832 fecit,
678 5776 737 5820 ut
786 5767 840 5820 in
883 5765 1131 5822 omnibus
1191 5766 1363 5835 ﬁgura
1415 5766 1668 5824 sacriﬁcii

418 5865 689 5925 Paa‘er.
737 5857 955 5922 CVIII.

1776 3291 1830 3346 in
1851 3291 1970 3346 luce
1995 3289 2290 3358 offendunt,
2315 3306 2449 3362 opus
2469 3291 2751 3347 habemus.
2771 3289 3041 3345 Probatur
3060 3289 3206 3344 enim
3230 3289 3376 3359 quia

1774 3383 1907 3439 nulli
1939 3384 2122 3455 iniquo
2166 3385 2250 3440 vel
2294 3385 2552 3458 maligno,
2602 3385 2697 3440 sed
2747 3385 2850 3455 ipsi
2893 3383 3005 3440 Deo
3031 3382 3358 3448 efﬁciuntur,

1775 3475 1939 3529 etiam
1969 3491 2034 3530 ea
2064 3491 2183 3545 quae
2213 3491 2359 3532 nunc
2400 3477 2454 3531 in
2501 3475 2607 3532 hoc
2652 3475 2806 3531 hirco
2840 3475 2965 3530 vivo
3017 3475 3355 3530 sanciantur.

1774 3567 2017 3624 Primum
2047 3570 2288 3639 quidem,
2311 3570 2436 3639 quia
2459 3577 2747 3638 utramque
2777 3583 2998 3622 manum
3030 3565 3193 3637 capiti
3220 3565 3360 3620 hirci

1777 3663 2033 3716 sacerdos
2057 3663 2282 3732 imponit
2307 3661 2598 3716 :Manuum
2619 3663 2764 3715 enim
2781 3659 3060 3730 impositio
3084 3659 3138 3713 in
3152 3657 3360 3713 sacriﬁ-

1778 3750 1865 3805 cio
1893 3749 2240 3805 ministrabat
2277 3750 2710 3805 benedictionem
2729 3789 2744 3815 ,
2777 3757 2870 3802 aut
2892 3755 3239 3817 peccatorum
3269 3760 3359 3801 re-

1776 3841 2112 3907 missionem,
2145 3847 2239 3896 aut
2268 3840 2440 3896 sancti
2467 3837 2705 3910 Spiritus
2727 3841 3041 3904 adventum,
3065 3845 3158 3891 aut
3178 3837 3363 3906 expia-

1778 3932 1981 3986 tionem
2012 3929 2425 4002 intelligibilem.
2457 3929 2737 3996 Quomodo
2765 3943 2894 4000 ergo
2915 3928 2970 3982 in
2992 3928 3140 3982 hunc
3166 3927 3220 3981 in
3254 3941 3362 3996 quo

1752 4018 1898 4077 'sors
1940 4021 2142 4076 inimici
2178 4032 2233 4076 et
2259 4021 2376 4092 ejus
2405 4022 2496 4092 qui
2526 4027 2714 4076 contra
2737 4020 2909 4075 Deum
2950 4018 3179 4084 militat,
3222 4017 3362 4073 sicut

1779 4113 1929 4168 aiunt
1954 4112 2041 4180 hi,
2073 4113 2164 4183 qui
2197 4112 2535 4184 illius‘partis
2563 4121 2705 4178 sunt,
2735 4112 2851 4167 haec
2881 4128 3002 4183 quae
3046 4111 3190 4166 dicta
3232 4111 3364 4166 sunt

1775 4206 2030 4262 sacerdos
2060 4215 2279 4260 acturus
2308 4207 2458 4262 erat?
2484 4206 2568 4262 vel
2597 4206 2866 4278 quomodo
2895 4207 2949 4260 in
2980 4205 3098 4276 ipso
3122 4187 3357 4260 ﬁliorum

1772 4298 1940 4356 Israel
1983 4299 2297 4370 iniquitates
2325 4308 2380 4355 et
2409 4299 2700 4370 injustitias
2739 4308 2794 4354 et
2841 4307 3065 4370 peccata
3093 4293 3358 4354 redemit?

1774 4391 2022 4446 conﬁteri
2048 4391 2244 4462 quippe
2269 4391 2524 4446 inimicus
2543 4399 2767 4461 peccata
2798 4406 2906 4445 non
2937 4390 3100 4452 sinit,
3125 4389 3222 4442 sed
3246 4387 3356 4441 imo

1774 4483 2012 4554 suggerit
2040 4491 2100 4536 ut
2123 4481 2457 4538 occultemus
2489 4482 2684 4536 anima:
2711 4481 2966 4546 vulnera,
2992 4486 3051 4532 ut
3073 4493 3179 4532 non
3210 4479 3361 4532 inve-

1773 4574 1988 4629 niamus
2019 4575 2290 4628 medicum
2333 4574 2425 4643 qui
2466 4573 2919 4626 medicamentum
2970 4567 3140 4639 possit
3188 4565 3358 4638 impo-

1775 4681 1929 4734 nere,
1959 4665 2298 4735 salutemque
2327 4673 2610 4736 prmstare,
2635 4671 2919 4734 propterea
2949 4677 3070 4715 mox
3097 4668 3156 4714 ut
3181 4658 3356 4714 incre-

1773 4765 1934 4827 patus
1980 4764 2066 4810 est
2102 4755 2271 4808 David
2307 4770 2339 4808 a
2376 4753 2628 4808 Nathan:
2663 4751 2884 4806 Peccavi
2906 4751 3154 4815 Domino,
3178 4747 3355 4805 excla-

1776 4847 1964 4912 mavit,
1987 4853 2043 4900 et
2064 4845 2208 4901 illico
2221 4843 2490 4914 Propheta
2508 4844 2747 4900 subdidit
2770 4862 2781 4897 :
2813 4841 2875 4897 Et
2902 4842 3159 4897 Dominus
3183 4852 3356 4896 trans-

1777 4939 1896 4994 tulit
1937 4948 2206 5010 peccatum
2252 4947 2432 5004 tuum,
2479 4955 2584 4991 non
2640 4936 2880 4992 morieris
2929 4934 3018 5008 (II
3058 4934 3182 5007 Reg.
3229 4935 3350 5008 xu).

1776 5030 2164 5086 Verumtamen
2190 5029 2316 5099 quia
2343 5029 2722 5098 hlasphernare
2751 5026 2928 5084 fecisti
2962 5023 3210 5081 inimicos
3242 5025 3351 5082 Do~

1774 5125 1927 5190 mini,
1943 5132 2048 5181 etc.
2075 5123 2230 5180 Unde
2251 5131 2307 5180 et
2327 5139 2426 5192 per
2441 5122 2713 5178 hominem
2735 5129 2985 5192 paratum
3007 5120 3182 5174 emitti
3199 5120 3352 5189 legis-

1773 5214 1916 5270 lator
1943 5215 2156 5271 hircum
2195 5213 2251 5267 in
2282 5213 2623 5268 solitudinem
2665 5211 2819 5267 dixit.
2858 5207 3226 5281 Prwparatnm
3254 5224 3350 5261 au-

1775 5316 1906 5373 tem,
1938 5307 1991 5360 id
2015 5314 2121 5371 est,
2153 5305 2520 5372 accedentem,
2551 5305 2664 5361 sive
2691 5305 3009 5366 adeuntem,
3049 5308 3103 5354 et
3141 5313 3241 5353 nec
3270 5295 3349 5352 di-

1773 5399 2036 5470 gnitatem
2079 5395 2238 5466 hujus
2282 5397 2412 5452 dicit
2445 5411 2460 5449 :
2497 5408 2684 5452 utrum
2724 5395 2886 5450 levita
2911 5434 2925 5459 ,
2956 5409 3023 5446 an
3067 5386 3345 5454 sacerdos,

1775 5499 1870 5545 aut
1896 5487 2164 5558 quispiam
2197 5487 2261 5544 de
2291 5487 2487 5558 populo
2514 5497 2688 5552 esset,
2717 5485 2806 5554 qui
2840 5485 2942 5537 hoc
2980 5485 3177 5549 ageret.
3205 5476 3346 5548 Ergo

1775 5595 1898 5637 eum
1916 5578 2165 5635 omnibus
2177 5576 2450 5653 Christum
2466 5585 2786 5650 praesentem
2815 5583 2934 5626 esse
2955 5565 3223 5636 signiﬁcat
3241 5565 3350 5621 hir-

1777 5689 1892 5729 cus.
1925 5655 2388 5739 Quemadmodum
2411 5671 2552 5725 enim
2579 5682 2675 5738 per
2703 5676 2918 5717 carnem
2950 5657 3004 5713 in
3044 5658 3219 5727 primo
3251 5658 3349 5714 im-

1776 5763 2102 5831 molabatur,
2131 5764 2210 5819 sic
2244 5777 2387 5818 nunc
2412 5761 2596 5815 vivens
2633 5759 2854 5823 propter
2889 5745 3227 5804 divinitatem
3264 5749 3348 5808 di-

2954 5841 3028 5904 ιιι
