3892 6344
496 314 625 423 ωι

1137 344 1224 417 ιι.
1263 357 1521 417 uanam
1556 306 1783 417 metu
1802 306 2141 419 sum.
2174 353 2485 425 uocum.
2523 355 2812 421 eranum
2846 357 3030 417 rans
3062 358 3104 417 ι.

3666 367 3773 429 438

500 475 738 535 cundum
758 489 891 533 vero
913 474 1153 532 litteram
1176 472 1311 531 illud
1330 475 1475 544 quod
1499 474 1652 542 dicit,
1679 476 1974 547 quicunque
1999 489 2083 528 oc-
2106 476 2162 547 ,Α
2182 471 2429 529 mortalis
2457 472 2655 531 animae
2680 481 2895 539 nattu'a,
2926 488 3050 545 qum
3075 473 3256 535 ablata
3279 482 3365 539 est
3390 478 3459 549 ab
3484 479 3701 553 angelis
3714 483 3772 540 in

501 570 689 629 cidcrt't
719 569 917 635 basem,
941 576 1033 627 aut
1061 582 1223 631 ovem,
1255 574 1349 621 aut
1380 583 1592 639 capram
1608 606 1626 633 ,
1649 568 1754 621 sive
1782 566 1839 620 in
1862 566 2075 633 castris,

499 665 607 720 sive
627 671 779 721 extra
799 669 994 728 castra,
1020 669 1070 716 et
1097 676 1202 716 non
1230 658 1474 715 obtulerit
1500 660 1571 714 ad
1596 659 1786 715 ostium
1829 660 2078 715 taberna-

470 804 475 809 .
500 752 609 808 culi
634 751 948 809 oblationem
971 750 1222 819 Domina,
1250 759 1367 823 etc.
1389 749 1499 824 (Ea;
1516 750 1858 824 Augustino.)
1880 750 1997 807 Non
2013 751 2080 811 de

482 844 587 903 bis
631 843 766 901 dicit
808 858 929 913 quae
973 842 1298 900 occiduntur
1323 841 1393 897 ad
1426 856 1585 898 usum
1620 840 1875 897 vescendi
1904 840 1993 898 vel
2030 840 2079 898 si

474 936 633 1005 quid
657 934 825 1001 aliud,
847 936 943 993 sed
971 934 1038 991 de
1065 933 1365 990 sacriﬁciis.
1391 931 1672 989 Prohibuit
1693 932 1840 1007 enim
1864 933 2079 1004 privata

498 1026 791 1093 sacriﬁcia,
811 1042 881 1085 ne
902 1025 1005 1089 sibi
1016 1025 1249 1097 quisque
1266 1024 1662 1097 quodammodo
1681 1023 1937 1081 sacerdos
1957 1039 2080 1081 esse

490 1118 727 1189 audeat,
771 1117 868 1177 sed
892 1116 1022 1187 illuc
1052 1114 1273 1183 oll'erat,
1307 1115 1399 1171 ubi
1433 1129 1531 1185 per
1574 1116 1911 1191 sacerdotem
1947 1114 2080 1172 olle—

470 1216 696 1277 Διιδμιιιιιι·
712 1208 859 1277 Deo;
885 1206 964 1263 ita
987 1208 1133 1271 enim
1170 1220 1271 1263 nec
1303 1206 1458 1267 vanis
1491 1205 1906 1283 sacriﬁcabant,
1950 1221 2078 1262 nam

472 1299 807 1369 .ethocgin
837 1312 906 1371 ea
952 1296 1341 1374 consuetudine
1375 1296 1699 1367 cavendum.
1734 1295 2075 1375 praemonuit.

498 1390 634 1451 Cum
658 1405 787 1461 ergo
815 1404 922 1449 non
950 1388 1141 1445 liceret
1161 1387 1342 1445 offerri
1371 1386 1637 1455 sacriﬁcia
1668 1386 1773 1453 nisi
1815 1374 1872 1443 in
1900 1374 2080 1442 tiber-

490 1480 720 1546 naculo,
746 1480 835 1539 cui
873 1479 1134 1552 templum
1177 1487 1365 1549 postea
1390 1478 1657 1535 successit
1681 1496 1695 1531 :
1723 1476 1864 1535 unde
1894 1486 1950 1533 et
1982 1492 2079 1533 rex

472 1574 664 1637 Israel
683 1571 971 1629 Jeroboam
998 1572 1197 1635 vitulos
1229 1571 1411 1629 facere
1432 1586 1599 1627 ausus
1625 1579 1738 1637 est,
1760 1569 1964 1641 quibus
1983 1584 2080 1641 po-

493 1664 653 1735 pulus
689 1661 1049 1729 sacriﬁcaret,
1075 1677 1145 1718 ne
1166 1661 1328 1731 hujus
1358 1661 1497 1731 legis
1520 1661 1844 1717 necessitate
1877 1660 2078 1717 educe-

468 1762 686 1811 .rentur
711 1753 777 1808 ab
803 1768 869 1809 eo
900 1752 992 1822 qui
1014 1752 1116 1806 sub
1140 1766 1310 1821 regno
1337 1749 1456 1818 ejus
1477 1759 1635 1806 erant
1651 1790 1667 1815 ,
1696 1750 1822 1805 dum
1843 1757 2079 1823 pergunt

2178 563 2303 621 sinu
2332 563 2587 633 Abrahae,
2614 573 2670 623 et
2716 564 2807 623 cui
2839 563 3059 633 dicitur,
3108 566 3281 625 Hodie
3322 584 3524 625 mecum
3568 572 3680 626 eris
3719 575 3768 630 is

2176 653 2453 725 paradiso,
2478 663 2537 713 et
2566 670 2689 727 quae
2732 654 2791 711 in
2822 657 3104 719 tormentis
3149 658 3376 715 ardebat
3416 659 3643 721 inferni.

2158 744 2427 819 eundum
2450 743 2613 803 istam
2659 756 2788 819 ergo
2815 742 3265 818 signiﬁcationem
3301 761 3408 818 qua
3450 734 3769 825 perhibemr

2181 832 2362 891 anima
2400 834 2565 891 etiam
2608 833 2725 891 haec
2772 835 3083 909 temporalis
3127 836 3265 907 vita.»
3311 837 3448 901 dixit
3493 840 3767 911 apostolus

2179 923 2417 983 Paulus:
2456 925 2583 999 Νρη
2624 927 2764 982 enim
2809 927 2949 1005 facio
2988 929 3225 1003 animam
3267 945 3440 1009 meam
3479 914 3762 1009 pretiosas:

2156 1014 2309 1077 .mihi
2332 1012 2471 1086 (Αοεο
2498 1013 2626 1091 u);
2678 1016 2771 1072 ubi
2799 1031 2861 1075 se
2898 1017 3186 1101 ostendere
3210 1008 3459 1095 voluitet
3487 1023 3636 1078 mori
3678 1022 3763 1101 pi.

2166 1115 2361 1181 ,ratum
2385 1120 2486 1176 pro
2525 1106 2820 1181 Evangelia
2864 1124 2878 1163 :
2926 1124 3052 1173 nam
3092 1110 3391 1193 secundum
3419 1100 3761 1185 signiﬁcatio-

2152 1214 2304 1263 nem
2332 1213 2439 1269 qua
2479 1199 2658 1273 anima
2691 1200 2889 1281 dicitur
2915 1201 3013 1265 illa‘
3036 1217 3157 1279 quae
3193 1203 3392 1283 migrat
3419 1219 3489 1291 es
3518 1220 3757 1283 corpore,

2160 1293 2355 1366 .masis
2386 1308 2508 1367 eam
2551 1296 2851 1379 pretiosam
2877 1294 3134 1379 faciebat.
3161 1298 3253 1371 .cui.
3283 1306 3494 1365 tantum
3512 1304 3759 1379 meritum

2158 1386 2551 1455 conquirebat.
2613 1370 2723 1458 (Ea:
2756 1368 3066 1463 Hesychia.)
3122 1368 3394 1449 Praeterea

2178 1478 2396 1548 quidem
2433 1479 2653 1550 preprie
2682 1479 3056 1553 homicidium,
3085 1497 3305 1541 omnem
3327 1491 3511 1543 autem
3558 1487 3757 1558 sangui-

2178 1584 2304 1629 nem
2330 1584 2492 1625 omne
2530 1567 2832 1627 fraternum
2862 1572 3048 1631 odium
3070 1572 3475 1645 intelligamus:
3510 1573 3652 1641 Quia
3681 1576 3757 1647 qui

2157 1658 2287 1723 ,odit
2330 1657 2551 1727 fratrem
2578 1675 2734 1713 suum
2759 1650 3025 1715 homicida
3050 1670 3125 1715 est
3151 1661 3293 1717 sicut
3318 1660 3565 1721 James
3604 1664 3755 1736 scrip-

2178 1749 2252 1806 sit
2297 1748 2349 1821 (Ι
2373 1747 2537 1804 Jaan.
2581 1750 2687 1823 ιιι).
2738 1750 2980 1807 Dicimus
3025 1765 3156 1822 ergo
3189 1766 3407 1809 omnem
3450 1758 3752 1829 sanguinem

492 1846 862 1910 Hierusalem,
886 1852 948 1900 ut
967 1844 1021 1900 in
1050 1843 1248 1914 templo
1268 1843 1366 1897 Dei
1387 1842 1645 1898 ollerrent
1664 1841 1930 1899 sacriﬁcia
1957 1857 2075 1908 sua,
2105 1831 2154 1901 Β
2182 1838 2504 1911 ὶιήιιεῐὶιίαω
2530 1839 2864 1909 dolosorum,
2890 1841 3062 1897 virum
3087 1842 3225 1899 enim
3247 1844 3571 1916 sanguinem
3600 1857 3647 1900 et
3669 1848 3752 1901 da-

493 1938 553 1992 in
586 1951 697 2006 quo
735 1934 899 2003 facto,
922 1950 974 2001 ,a
1021 1935 1250 1991 Domino
1294 1934 1681 1991 condemnatus
1727 1935 1845 1990 est?
1888 1934 2081 1991 Merito

493 2028 758 2099 quaeritur
805 2027 1078 2098 quomodo
1125 2026 1272 2082 licite
1312 2025 1703 2083 sacriﬁcaverit
1741 2026 1888 2083 Elias
1923 2036 2080 2081 extra

494 2119 756 2188 templum
783 2118 903 2185 Dei,
934 2117 1154 2189 quando
1182 2125 1237 2174 et
1264 2117 1444 2189 ignem
1476 2118 1542 2173 de
1568 2118 1708 2174 cmlo
1734 2118 2077 2189 impetravit,

492 2218 551 2267 ct
568 2211 861 2282 prophetas
884 2210 1275 2267 daemoniorum
1298 2208 1571 2285 convicit?
1606 2208 1759 2275 Quod
1796 2208 1929 2263 mihi
1970 2222 2080 2265 non

492 2304 708 2363 videtur
737 2304 843 2359 alia
874 2303 1086 2357 ratione
1115 2300 1356 2367 defendi,
1377 2316 1540 2371 quam
1576 2300 1665 2355 illa
1694 2315 1800 2370 qua
1832 2299 2081 2355 defendi-

484 2405 585 2451 .tur
610 2403 666 2451 et
691 2395 926 2451 Abrahte
964 2394 1205 2460 factum,
1232 2394 1377 2463 quod
1414 2392 1587 2448 lilium
1615 2392 1726 2449 Deo
1756 2394 1944 2465 jussus
1980 2409 2078 2451 vo-

486 2484 598 2540 luit
623 2485 926 2545 immolare.
950 2484 1083 2543 Cum
1108 2486 1252 2541 enim
1274 2485 1431 2556 jubet
1456 2484 1546 2541 ille
1565 2485 1658 2554 qui
1685 2485 1857 2558 legem
1879 2484 2081 2542 consti-

465 2574 600 2634 tuit
624 2575 829 2645 aliquid
864 2574 984 2630 ﬁeri
1012 2575 1155 2645 quod
1192 2574 1245 2629 in
1284 2574 1399 2646 lege
1427 2574 1738 2646 prohibuit,
1759 2576 1936 2645 jussio
1962 2577 2080 2649 ipsa

491 2681 592 2736 pro
633 2666 752 2737 lege
800 2666 1046 2732 habetur,
1095 2667 1351 2739 quoniam
1398 2676 1589 2725 auctor
1636 2677 1721 2725 est
1766 2668 1918 2739 legis.
1961 2668 2079 2726 Non

470 2754 639 2831 enim
680 2756 872 2817 deesse
913 2746 1135 2831 possent
1181 2756 1445 2814 miracula
1491 2757 1596 2814 alia
1632 2768 1830 2831 praeter
1868 2759 2080 2837 sacriﬁ-

466 2846 641 2925 ‘cium
667 2886 685 2914 ,
722 2846 919 2921 quibus
945 2856 1341 2919 superarentur.
1358 2857 1415 2904 et
1449 2850 1901 2909 convincerentur
1947 2866 2079 2924 prp-

472 2937 674 3013 phetae
699 2936 970 3009 lucorum,
999 2938 1347 3013 sedqspiritus
1373 2939 1470 2996 Dei
1496 2940 1589 3015 qui
1624 2939 1802 2995 fuerat
1837 2941 1892 2997 in
1926 2941 2075 3010 Elia,

466 3028 757 3105 :quidguid
784 3030 841 3085 in
869 3030 983 3103 hac
1007 3046 1066 3086 re
1093 3028 1240 3099 fecit,
1270 3039 1457 3093 contra
1497 3030 1671 3105 legem
1708 3046 1828 3090 esse
1853 3050 1961 3090 non
1987 3048 2080 3109 po-

494 3126 619 3187 test,
642 3118 769 3186 quia
790 3118 945 3179 dator
974 3128 1057 3177 est
1084 3120 1237 3191 legis.

1088 3207 1317 3267 CAPUT
1352 3211 1485 3269 VIII.
1562 3274 1567 3281 ί

468 3364 471 3373 ι
746 3364 765 3373 _
862 3298 940 3353 De
965 3300 1218 3369 sanguine
1242 3317 1345 3356 non
1371 3302 1708 3359 comedenda.
1746 3362 1749 3369 ,

562 3388 739 3463 (Ιιιιιι.)
771 3389 943 3447 Homo
971 3390 1186 3460 quilibet
1215 3390 1279 3445 de
1301 3391 1455 3447 doma
1490 3392 1664 3448 Israel
1702 3402 1751 3449 et
1778 3394 1842 3449 de
1867 3393 2079 3452 advenis

489 3483 580 3555 qui
603 3469 1002 3557 peregrinantur
1032 3483 1175 3553 inter
1192 3500 1310 3555 eos,
1356 3485 1402 3539 si
1445 3485 1723 3541 comederit
1750 3488 2076 3559 sanguinem,

490 3573 783 3649 obﬁrmabo.
800 3572 996 3649 faciem
1018 3589 1188 3628 meam
1226 3584 1406 3629 contra
1429 3575 1661 3629 animam
1690 3574 1854 3643 illius,
1879 3584 1926 3631 et
1964 3578 2076 3634 dis-

485 3666 703 3737 perdam
729 3681 843 3721 eam
870 3665 933 3719 de
951 3663 1142 3736 populo
1171 3682 1287 3731 suo,
1317 3667 1441 3739 quia
1468 3666 1645 3721 anima
1670 3668 1845 3723 carnis
1871 3668 1926 3722 in
1954 3685 2079 3723 san-

482 3755 642 3826 guine
664 3764 761 3821 est,
785 3763 831 3808 et
853 3771 946 3826 ego
985 3754 1107 3809 dedi
1131 3754 1278 3810 illam
1306 3756 1444 3811 vobis
1469 3765 1525 3811 ut
1550 3774 1708 3827 super
1735 3757 1906 3813 altare
1930 3759 1986 3814 in
2015 3776 2075 3814 eo

464 3845 701 3915 expietis
728 3861 823 3915 pro
853 3843 1127 3909 animabus
1171 3846 1370 3911 vestris,
1404 3852 1451 3898 et
1493 3845 1708 3916 sanguis
1752 3863 1845 3916 pro
1886 3846 2077 3901 anima:

372 4000 376 4004 _
484 3934 695 4005 piaculo
717 3936 803 3988 sit.
835 3933 1045 3989 Idcirco
1067 3934 1179 3989 dixi
1213 3934 1337 4004 ﬁliis
1366 3932 1579 3989 Israel:
1607 3930 1791 3990 Omnis
1814 3936 1992 3990 anima
2013 3953 2078 3991 ea:

464 4014 629 4081 'vobis
660 4044 760 4080 non
788 4025 1014 4080 comedet
1041 4028 1372 4098 sanguinem,
1396 4044 1485 4081 nec
1507 4044 1571 4081 ex
1590 4026 1802 4082 advenis
1820 4030 1909 4100 qui
1931 4045 2078 4100 pere-

487 4117 767 4186 grinantur
788 4117 921 4168 inter
944 4132 1049 4169 vos.
1076 4115 1184 4187 (Ex
1209 4115 1515 4189 Hesychia.)
1540 4116 1886 4192 Septuaginta
1911 4122 2076 4175 etiam

488 4204 766 4269 incedunt,
826 4202 1017 4269 Homo,
1050 4203 1224 4271 homo,
1254 4206 1397 4275 quod
1426 4209 1695 4277 quomodo
1722 4218 1968 4279 oporteat
1996 4211 2077 4266 in-

488 4296 653 4367 telligi
678 4297 927 4367 superius
959 4290 1213 4352 diximus.
1244 4296 1386 4368 Ergo
1410 4307 1625 4369 oportet
1650 4301 1891 4356 mandati
1917 4299 2076 4371 hujus

485 4387 649 4442 etiam
676 4385 912 4442 litteram
939 4386 1211 4442 custodire
1236 4394 1292 4440 et
1318 4386 1624 4444 nullatenus
1650 4390 1930 4446 comedere
1951 4406 2077 4447 san—

2160 1929 2353 1993 losum
2378 1929 2767 1987 abominabitur
2783 1930 3043 1987 Dominus
3070 1928 3243 2005 (Psal.
3261 1932 3317 2004 v)
3340 1950 3357 2000 ;
3382 1943 3443 1991 et
3466 1937 3752 2008 quicunque

2178 2021 2552 2093 proximorum
2582 2030 2786 2079 nocent
2827 2022 2954 2079 vita
2989 2037 3089 2094 per
3114 2024 3341 2081 insidias
3373 2027 3664 2097 quaslibet,
3689 2030 3747 2093 ita

2179 2122 2241 2170 ut
2276 2112 2569 2171 homicidio
2618 2114 2901 2187 sanguinis
2949 2126 3313 2187 comparetur.
3364 2118 3439 2174 Et
3488 2130 3749 2192 propterea

2180 2203 2250 2259 ab
2270 2204 2422 2261 omni
2452 2205 2736 2277 sanguine
2782 2205 3045 2262 abstineri
3091 2215 3323 2278 Oportet,
3373 2209 3612 2266 scientes
3638 2210 3746 2281 quia

2179 2312 2344 2369 super
2369 2298 2580 2353 animas
2621 2313 2742 2368 quae
2789 2298 2953 2354 talem
3000 2300 3316 2371 sanguinem
3363 2303 3671 2370 comedunt,
3695 2303 3752 2369 de

2178 2390 2376 2461 quibus
2414 2390 2630 2447 dicebat
2671 2390 2881 2449 David:
2924 2390 3032 2459 Qui
3066 2392 3316 2449 deuorant
3358 2391 3562 2464 plebem
3603 2410 3753 2461 mea:

2178 2481 2317 2537 sicut
2343 2496 2513 2539 escam
2536 2480 2689 2552 panis
2720 2479 2892 2552 (Psal.
2917 2479 3066 2555 xui),
3092 2480 3289 2539 faciem
3330 2494 3491 2539 suam
3520 2483 3754 2545 oblimat

2180 2568 2345 2634 Deus,
2380 2568 2632 2627 videlicet
2657 2568 2974 2627 Christum:
3008 2570 3125 2642 ipse
3157 2579 3242 2627 est
3267 2571 3415 2626 enim
3459 2572 3640 2647 imago
3662 2572 3749 2628 Pa-

2182 2659 2304 2724 tris,
2334 2659 2462 2731 quia
2500 2660 2591 2730 qui
2626 2660 2762 2715 vidit
2805 2660 3027 2725 Filium,
3077 2660 3224 2717 videt
3251 2668 3307 2715 et
3350 2661 3611 2719 Patrem:
3655 2663 3750 2734 ipse

2180 2748 2347 2803 etiam
2363 2746 2533 2816 judex
2557 2756 2662 2815 est,
2696 2757 2752 2804 et
2771 2749 3082 2805 necessario
3111 2750 3179 2806 ad
3206 2751 3651 2808 comminandum
3683 2753 3750 2819 his

2178 2839 2275 2910 qui
2299 2840 2567 2913 malorum
2596 2850 3099 2919 suntoperatores,
3144 2842 3471 2915 disperdam,
3514 2846 3747 2915 ponitur;

2181 2931 2327 3002 quod
2347 2932 2683 2993 demonstrat
2702 2932 2872 2987 David
2893 2932 3078 2991 dicens
3100 2950 3114 2989 :
3148 2932 3337 2989 Vultus
3361 2945 3537 2993 autem
3558 2934 3750 2995 Domini

2152 3040 2338 3103 super
2366 3024 2616 3094 faciem
2662 3024 2828 3091 mala,
2873 3034 2929 3083 ut
2955 3026 3141 3097 perdat
3185 3026 3249 3080 de
3278 3036 3423 3081 terra
3464 3028 3748 3085 memorial!

2181 3130 2361 3170 eorum
2391 3112 2563 3185 (Psal.
2596 3112 2815 3188 χχχιιι).
2841 3116 2945 3173 Hic
2978 3117 3215 3175 animam
3240 3117 3564 3189 sanguinem
3586 3132 3751 3189 ponte—

2107 3185 2154 3259 C
2185 3206 2403 3263 dentem
2426 3206 2607 3276 perdit
2630 3206 2699 3263 de
2952 3208 3089 3279 ejus,
3120 3207 3189 3265 de
3212 3185 3492 3289 communi
3523 3185 3752 3287 videlicm

2178 3299 2458 3359 hominum
2492 3313 2717 3370 genere.
2774 3299 2929 3368 Quod
2976 3306 3159 3357 autem
3217 3300 3371 3366 dicit,
3422 3302 3552 3372 quia
3592 3302 3753 3371 animo

2178 3391 2349 3447 amatis
2371 3391 2547 3449 carnis
2567 3391 2626 3445 in
2649 3391 2906 3465 sanguine
2926 3400 3026 3457 est,
3042 3400 3090 3446 et
3116 3407 3209 3464 ego
3228 3391 3351 3447 dedi
3380 3391 3538 3447 illum
3557 3392 3688 3461 vobis
3704 3398 3752 3447 st

2178 3499 2335 3555 super
2358 3482 2527 3541 altare
2552 3484 2608 3543 in
2632 3500 2693 3540 eo
2718 3484 2935 3556 expietis
2972 3502 3071 3556 pra
3108 3486 3387 3545 animabus
3426 3488 3628 3554 uestris,
3650 3502 3755 3559 m1-

2174 3574 2379 3632 stieum
2404 3573 2608 3633 Christi
2634 3575 2958 3646 sanguinem
2984 3575 3301 3649 signiﬁcans
3326 3595 3344 3631 :
3376 3579 3602 3651 sanguis
3623 3577 3753 3649 enim

2146 3740 2149 3743 _
2177 3665 2349 3737 ipsius
2373 3679 2474 3736 pro
2501 3665 2696 3725 animae
2721 3665 2940 3736 piaculo
2985 3666 3110 3725 erit.
3143 3665 3380 3739 Sanguis
3406 3683 3573 3739 super
3594 3668 3757 3731 sum

2177 3759 2247 3815 ad
2291 3759 2657 3829 expiationem
2703 3760 3009 3821 animarum
3038 3770 3394 3829 nostrarum,
3439 3775 3552 3830 pro
3589 3762 3754 3821 anima

2175 3849 2420 3920 expians,
2444 3850 2547 3917 hic
2564 3859 2663 3915 est.
2679 3853 2873 3923 utique
2891 3868 3056 3925 quem
3082 3853 3274 3913 effudit.
3308 3869 3413 3927 pro
3452 3856 3615 3915 nobis
3633 3855 3758 3919 (1m-

2179 3939 2399 4008 citixus,
2422 3949 2481 3997 et
2519 3941 2886 4015 expiationem
2927 3944 3044 4003 sive
3086 3946 3545 4023 propinationem
3586 3946 3754 4021 generi

2176 4032 2414 4091 humano
2455 4034 2729 4105 prastitit,
2771 4034 3042 4106 primitias
3066 4033 3323 4101 otIerens.
3367 4037 3597 4110 Propter
3621 4037 3757 4117 qugd

2176 4132 2323 4181 recte
2355 4123 2484 4179 dicit
2509 4142 2526 4179 :
2550 4122 2623 4178 Et
2668 4126 2885 4197 sanguis
2917 4142 3011 4198 pro
3041 4127 3233 4183 animo:
3258 4128 3492 4201 [piaculo
3521 4130 3606 4187 sit.

2176 4230 2267 4275 ma
2294 4214 2439 4271 enim
2466 4214 2585 4286 ejus
2616 4214 2850 4287 primum
2876 4217 3119 4287 quidem,
3149 4233 3269 4288 quae
3293 4218 3362 4273 ab
3385 4232 3452 4275 eo
3482 4220 3753 4293 plasmata.

2177 4306 2371 4367 deinde
2396 4307 2545 4377 .quia
2589 4316 2790 4367 nostra
2830 4322 2954 4367 eam
3002 4312 3526 4371 consubstantialem
3577 4313 3755 4377 anim:

2178 4411 2302 4453 cum
2338 4396 2719 4455 incarnaretur
2764 4400 2995 4472 accepit,
3030 4409 3092 4457 ut
3144 4403 3259 4473 ipse
3303 4418 3407 4473 pro
3443 4405 3603 4461 nobis
3640 4403 3753 4473 red-

481 4475 700 4568 guinem
726 4475 866 4568 z-hoc
890 4474 1124 4568 enimet
1159 4475 1430 4568 apostolos
1458 4476 1698 4537 invenies
1732 4482 2073 4553 praecepisse,
2094 4535 2153 4568 qn
2178 4484 2353 4555 deret,
2400 4502 2568 4558 quam
2611 4503 2713 4545 nos
2754 4489 3107 4557 debebamus,
3150 4503 3407 4551 mortem.
3458 4495 3598 4565 Quia
3638 4509 3752 4568 ergo

484 4535 698 4636 quando
732 4565 799 4621 de
824 4566 1146 4636 quibusdam
1176 4535 1413 4623 Iudaicis
1441 4535 2073 4633 observationibustcon:
2094 4535 2153 4596 Β

485 4657 727 4713 tentione
748 4658 808 4713 in
829 4658 1181 4717 Antiochensi
1204 4659 1451 4719 Ecclesia
1481 4660 1623 4717 facta
1665 4663 1737 4720 ad
1772 4679 1867 4721 eos
1901 4666 2073 4725 relata

484 4752 570 4801 est
587 4745 837 4814 quaestui,
867 4747 963 4818 qui
986 4748 1161 4821 legem
1182 4758 1496 4821 posuerunt,
1526 4752 1798 4811 solventes
1826 4757 2073 4826 quaestio-

483 4849 611 4893 nem
657 4836 799 4895 hanc
840 4848 895 4893 et
944 4838 1303 4897 deﬁnientes:
1342 4840 1522 4898 Visum
1566 4854 1643 4899 est
1692 4862 1813 4916 ergo
1850 4845 2073 4917 Spiritui

480 4934 689 4992 sancto,
722 4934 770 4981 et
806 4926 975 4993 nobis,
1010 4928 1139 4983 nihil
1166 4932 1391 5000 amplius
1434 4934 1696 5003 imponere
1722 4936 1863 4993 vobis
1900 4940 2072 4997 oneris

481 5028 644 5087 quam
667 5014 781 5068 haec
802 5006 1113 5081 necessaria,
1157 5028 1212 5072 ut
1253 5021 1555 5079 abstineatis
1586 5039 1672 5077 vos
1698 5024 1763 5081 ab
1792 5026 2074 5084 immolatis

482 5100 887 5165 simulacrorum
912 5114 961 5157 et
987 5109 1261 5175 sanguine,
1282 5121 1329 5164 et
1354 5112 1634 5180 suﬂ'ocato,
1657 5123 1705 5166 et
1727 5113 2073 5183 fornicatione

487 5192 628 5266 (Act.
654 5193 767 5265 xv).
799 5193 910 5266 [Ex
953 5195 1291 5270 Augustina.]
1330 5200 1502 5259 Vitalc
1530 5202 1738 5273 aliquid
1762 5213 1844 5261 est
1865 5205 1921 5261 in
1946 5223 2071 5265 san-

485 5285 669 5356 guine,
694 5282 819 5355 quia
845 5298 943 5354 per
969 5282 1145 5353 ipsum
1172 5287 1405 5343 maxime
1428 5289 1484 5344 in
1509 5290 1610 5347 hac
1643 5307 1811 5350 carne
1848 5294 2065 5363 vivitur,

486 5378 580 5447 qui
609 5378 663 5432 in
683 5376 938 5435 omnibus
954 5376 1109 5433 venis
1130 5391 1229 5447 per
1250 5382 1495 5449 corporis
1513 5392 1709 5440 cuncta
1728 5386 2060 5446 dill‘unditur.

486 5472 662 5542 Ipsam
690 5471 861 5526 vitam
907 5471 1156 5540 corporis
1192 5473 1406 5527 vocavit
1450 5475 1711 5543 animam,
1755 5495 1862 5535 non
1898 5482 2063 5539 vitam

485 5578 605 5631 qua:
632 5562 829 5633 migrat
854 5577 920 5618 ex
949 5576 1200 5632 corpore.
1228 5563 1324 5618 sed
1349 5579 1469 5632 quae
1488 5576 1662 5623 morte
1702 5566 1926 5636 linitur,-
1956 5588 2061 5641 qua

487 5653 753 5710 locutione
771 5654 1000 5711 dicimus
1024 5654 1188 5711 istam
1215 5657 1383 5713 vitam
1407 5660 1755 5729 temporalem
1784 5679 1926 5731 esse,
1950 5681 2060 5723 non

489 5752 783 5815 aeternam;
817 5750 1123 5819 mortalem,
1163 5768 1271 5811 non
1304 5753 1684 5823 immortalem,
1710 5771 1834 5815 cum
1861 5758 1935 5815 sit
1960 5760 2062 5815 im-

2177 4574 2426 4635 Christus
2448 4577 2767 4649 sanguinem
2791 4595 2949 4637 suum
2966 4582 3038 4637 ad
3063 4584 3432 4653 expiationem
3457 4587 3753 4659 animat-up

2177 4672 2491 4723 nostrarum
2506 4667 2676 4737 dedit,
2706 4677 2762 4725 et
2786 4670 2860 4726 ab
2885 4672 3034 4727 omni
3057 4688 3157 4731 nos
3186 4674 3486 4737 homicidio
3504 4679 3752 4749 omniin:

2175 4753 2279 4811 alia
2303 4754 2607 4828 iniquitate,
2633 4774 2755 4829 quas
2781 4759 3071 4818 homicidio
3092 4763 3341 4833 proxima
3379 4774 3490 4835 est.
3518 4768 3752 4833 docetut

2175 4846 2581 4906 abstineamus:
2634 4851 2937 4908 communis
2979 4853 3124 4908 enim
3170 4854 3264 4910 lex
3313 4864 3419 4924 est,
3465 4866 3753 4929 etwcoutn

2171 4951 2362 4994 omnes
2384 4940 2737 5001 extenditur:
2786 4941 2959 4999 Homo
2985 4946 3281 5023 quicunque
3314 4947 3381 5005 de
3415 4940 3559 5017 ﬁliis
3590 4948 3755 5007 Israel

2175 5040 2225 5084 et
2252 5030 2316 5085 de
2335 5031 2547 5089 advenis
2568 5035 2658 5104 qui
2686 5037 3090 5106 peregrinantur
3103 5039 3245 5110 apud
3270 5056 3383 5106 eos,
3406 5042 3453 5097 si
3493 5044 3757 5101 venatione

2172 5133 2331 5194 atque
2346 5126 2577 5197 aucupia
2607 5127 2794 5198 ceperit
2814 5127 2984 5197 {eram
3008 5130 3087 5185 vel
3123 5146 3269 5189 avem
3303 5132 3495 5202 quibus
3536 5134 3757 5195 aemili.

2172 5218 2335 5272 citum
2380 5225 2481 5283 est,
2522 5216 2712 5287 fundat
2744 5218 3051 5289 sanguinem
3094 5222 3236 5291 ejus,
3283 5232 3333 5295 et
3377 5225 3597 5293 aperiat.
3624 5225 3756 5281 illud

2168 5314 2331 5361 terra.
2357 5307 2550 5363 Anima
2568 5309 2707 5365 enim
2732 5310 2899 5365 omnis
2925 5312 3101 5366 carnis
3124 5313 3176 5371 in
3196 5316 3547 5385 sanguineas
3566 5329 3587 5369 :
3622 5318 3757 5387 unde

2168 5397 2283 5452 dixi
2308 5397 2436 5467 ﬁliis
2466 5397 2669 5454 Israel:
2703 5399 3024 5470 Sanguinem
3054 5404 3307 5461 universa
3328 5407 3508 5465 carnis
3536 5423 3651 5463 non
3670 5424 3755 5463 cs-

2167 5490 2401 5557 medetis,
2431 5492 2556 5561 quia
2577 5494 2756 5548 anima
2776 5496 2950 5549 carnis
2974 5496 3030 5549 in
3056 5498 3309 5567 sanguine
3340 5509 3440 5566 est,
3459 5510 3510 5554 et
3530 5504 3759 5571 quicu-

2161 5599 2261 5655 que
2287 5584 2565 5638 comederit
2585 5584 2720 5640 illud
2745 5586 2974 5641 interibit
2991 5602 3009 5639 :
3036 5588 3259 5647 Multum
3283 5607 3415 5648 cura
3438 5603 3527 5650 est
3550 5595 3677 5653 Deo
3701 5607 3757 5652 ut

2163 5672 2480 5728 alterutrum
2509 5674 2661 5730 nobis
2689 5674 2912 5730 minime
2954 5693 3269 5736 noceamus.
3300 5681 3410 5753 (Ea:
3440 5682 3754 5757 Hesychia.)

2161 5763 2452 5836 Propterea
2475 5767 2798 5837 percutienti
2823 5770 3118 5840 maxillam,
3148 5773 3291 5840 cedi.
3323 5781 3383 5831 et
3400 5793 3512 5835 non
3536 5794 3671 5837 cum
3688 5795 3756 5837 eo
