3892 6344
155 397 246 466 ἰω
1033 383 1530 452 ΕΧΡΟΞΙἸῚΟΝΕΞ
1568 391 1636 450 1N
1672 393 1694 452 l

1800 379 2064 451 meum.
2101 423 2173 436 --
2209 387 2337 452 LIB.
2382 387 2448 451 v.

156 517 324 590 iudicio
347 498 688 577 contendere,
728 509 1077 580 similiterque
1102 518 1156 564 et
1183 510 1247 564 de
1271 523 1336 563 eo
1360 508 1453 578 qui
1485 507 1691 562 auferet
1717 514 1771 575 Α

160 614 288 669 nobis
306 605 519 678 pallium
549 604 704 660 Jcsus
723 601 1000 674 prtecepit,
1031 610 1090 656 ut
1113 617 1181 656 ne
1214 601 1428 670 quidem
1460 613 1523 655 ex
1560 614 1693 654 con-

161 702 367 757 tention‘e'
384 695 451 751 ad
475 693 774 750 nocendum
801 693 1046 764 proximo
1065 707 1438 761 provocemur,
1468 691 1561 746 sed
1588 692 1696 745 imo

154 791 205 849 't'tt
231 805 337 846 eum
366 789 455 858 qui
487 787 682 857 injuste
720 793 906 841 contra
941 799 1039 839 nos
1069 785 1179 854 agit
1209 798 1303 854 per
1326 790 1567 838 nostram
1601 797 1697 851 pa-

141 884 364 939 "ticntiam
402 880 758 949 corrigamus.
805 870 947 931 Nihil
971 878 1118 931 enim
1152 876 1380 944 amplius
1425 889 1584 944 quam
1615 873 1697 927 in-

152 975 326 1046 justitia
359 981 409 1027 et
466 969 691 1026 avaritia
721 980 774 1025 et
806 969 1070 1024 alternum
1120 978 1360 1023 coarctat
1401 967 1568 1044 vitam
1600 983 1696 1021 no-

157 1079 292 1122 stram
318 1084 330 1129 ;
363 1063 426 1122 ad
455 1052 560 1120 hoc
593 1053 875 1118 intendens
913 1061 1208 1132 legislator,
1237 1057 1514 1129 sanguinis
1543 1073 1697 1112 man-

153 1153 308 1211 datum
350 1152 452 1209 non
485 1154 683 1209 frustra
717 1154 1105 1222 recapitulavit.
1164 1149 1270 1208 Sed
1321 1153 1443 1221 quia
1475 1152 1695 1220 quidam

152 1241 342 1318 quidem
382 1245 660 1301 fraudibus
711 1236 1028 1315 quibusdam
1081 1255 1134 1300 ct
1184 1243 1692 1306 machinationibus,

149 1337 396 1405 variisque“
418 1329 555 1389 dolis
585 1349 780 1389 nocere
807 1329 1177 1404 populatibus,
1208 1333 1361 1402 quasi
1386 1331 1700 1401 ignorantes

147 1427 296 1481 solent
337 1424 628 1497 perimere,
683 1429 844 1481 etiam
901 1425 1208 1493 huiusmodi
1256 1425 1533 1486 molimina
1577 1439 1702 1491 per-

144 1516 334 1584 spexit;
361 1533 483 1569 nam
513 1516 636 1569 vide
661 1517 786 1585 quid
823 1516 1099 1584 praecipiat
1124 1531 1136 1567 :
1167 1513 1222 1568 Si
1247 1514 1518 1566 venatione
1550 1523 1702 1581 atque

142 1607 338 1676 aucupio
359 1607 543 1676 ceperit
565 1606 728 1674 feram
752 1605 827 1659 vel
851 1621 993 1658 avent
1022 1605 1207 1674 quibus
1229 1605 1362 1657 vesci
1387 1603 1582 1654 licitum
1603 1611 1698 1666 est,

139 1695 306 1766 fundat
331 1699 634 1767 sanguinem
655 1698 772 1767 ejus
805 1705 852 1750 et
881 1697 1081 1764 aperiat
1103 1693 1420 1746 illud'terra.
1443 1693 1592 1760 Quod
1614 1707 1700 1744 ve-

135 1787 264 1841 natio
276 1789 506 1842 maxime
523 1787 808 1855 iniustitia,
824 1785 1144 1852 iniustitiam
1163 1793 1340 1838 autem
1355 1799 1460 1837 non
1478 1783 1698 1852 quamli-

133 1877 227 1943 bet,
245 1881 470 1933 sedeam
485 1894 602 1947 quae
620 1877 685 1931 ad
703 1877 1017 1945 sanguinem
1034 1876 1220 1939 tendit,
1239 1876 1512 1945 vitamque
1528 1876 1694 1944 ipsam

127 1970 514 2038 quodammodo
539 1986 636 2039 per
661 1969 842 2023 dolum
883 1965 1224 2035 fraudemque
1255 1965 1568 2034 iniustitiam
1596 1983 1692 2036 pa—

124 2062 303 2115 tientis
332 2069 506 2126 nocet,
555 2060 609 2114 in
659 2059 837 2113 divina
877 2056 1152 2126 Scriptura
1198 2057 1368 2124 accipi
1402 2057 1595 2119 soleat,
1630 2057 1695 2110 de

120 2167 229 2221 quo
255 2151 379 2204 audi
412 2149 573 2203 David
595 2147 860 2202 dicentem
886 2164 900 2200 ε
944 2145 1237 2215 Captabunt
1272 2145 1326 2198 in
1354 2146 1585 2197 animam
1605 2145 1696 2214 ju-

125 2244 202 2307 sti,
254 2252 302 2296 et
357 2243 658 2310 sanguinem
700 2239 1021 2292 innocentem
1067 2236 1480 2291 condemnabam
1517 2233 1688 2305 (I’sal.

125 2331 286 2404 XCIII).
325 2333 394 2386 Et
423 2346 642 2386 rursus:
697 2330 887 2384 Anima
930 2339 1109 2384 nostra
1139 2330 1271 2382 sicut
1311 2343 1491 2398 passer
1519 2340 1693 2398 erepta

128 2436 192 2478 est
219 2427 279 2478 de
307 2424 490 2499 laqueo
517 2424 815 2478 venantium
859 2420 1031 2493 (Psal.
1074 2419 1288 2490 cxxIII).
1335 2419 1393 2474 Si
1419 2421 1540 2489 quis
1565 2435 1694 2490 ergo

125 2517 446 2570 venationem
498 2514 721 2584 ceperit,
776 2514 830 2568 id
858 2522 960 2578 est,
1011 2519 1326 2581 peccantem
1355 2511 1546 2566 viderit
1571 2527 1694 2566 eum

129 2607 206 2674 qui
229 2601 517 2660 venatione
545 2620 612 2660 ex
639 2603 960 2658 infirmitate
989 2603 1071 2656 vel
1099 2618 1166 2657 ex
1204 2603 1503 2672 simplicate
1528 2617 1694 2672 expo-

127 2695 250 2750 situs
280 2706 381 2762 est,
408 2697 557 2750 hunc
585 2695 728 2750 enim
756 2693 986 2748 dicimus
1015 2708 1136 2748 esse
1166 2695 1255 2763 qui
1297 2694 1527 2764 capitur,
1564 2709 1694 2764 pro-

126 2793 232 2855 pter
254 2788 390 2857 quod
419 2787 598 2842 dixit:
629 2787 794 2856 feram
820 2796 910 2839 aut
951 2803 1091 2840 avem
1119 2786 1303 2856 quibus
1336 2787 1471 2840 vesci
1495 2784 1694 2839 licitum

127 2888 206 2930 est.
232 2877 330 2933 Per
353 2879 553 2945 feram,
583 2877 650 2933 de
680 2877 836 2947 vulgo
870 2876 1198 2945 quempiam,
1221 2875 1492 2930 carnalem
1517 2883 1696 2928 tamen

127 2979 174 3023 et
215 2969 552 3039 pastionibus
601 2967 979 3032 incubantem,
1032 2965 1360 3035 significans,
1395 2974 1698 3034 expertem-

127 3074 216 3128 que
247 3061 683 3115 commistionem
706 3071 991 3111 causarum
1017 3073 1031 3121 ;
1059 3071 1159 3125 per
1179 3068 1332 3109 avem
1365 3061 1542 3108 autem
1573 3067 1694 3108 eum

127 3148 206 3217 qui
237 3166 266 3203 a
296 3149 536 3204 terrenis
590 3145 946 3216 semetipsum
989 3153 1231 3199 removet
1277 3144 1477 3210 rebus;
1533 3142 1695 3212 huius

124 3241 250 3295 modi
285 3242 428 3296 enim
470 3240 727 3295 homines
753 3253 784 3293 a
819 3237 1069 3292 violentis
1111 3243 1166 3291 et
1209 3236 1387 3291 avaris
1417 3235 1470 3290 in
1515 3235 1695 3291 causis
1722 3220 1766 3283 C

124 3331 456 3386 saecularibus
503 3337 920 3394 consumuntur,
977 3325 1068 3381 illa
1113 3326 1364 3382 videlicet
1399 3327 1694 3398 incongrua

123 3420 446 3491 malignaque
477 3421 874 3476 comessatione
913 3419 978 3474 de
1007 3435 1111 3489 qua
1146 3417 1345 3472 Paulus
1374 3419 1696 3489 prohibebat

121 3508 327 3564 dicens:
364 3510 420 3566 Si
453 3520 632 3564 autem
665 3509 734 3562 ad
767 3511 985 3563 invicem
1007 3508 1299 3572 comeditis,
1331 3508 1496 3562 videte
1535 3525 1596 3562 ne
1628 3509 1693 3561 ab

119 3599 323 3655 invicem
343 3602 725 3658 consumamini
744 3600 888 3673 (Gal.
910 3599 989 3670 v).
1021 3600 1148 3664 Aut,
1172 3608 1232 3652 ut
1255 3599 1345 3668 qui
1367 3601 1518 3670 prius
1541 3607 1698 3655 erant

117 3688 251 3758 justi,
284 3694 424 3748 inter
451 3708 519 3748 ea
547 3692 746 3761 quibus
788 3690 934 3746 vesci
975 3689 1181 3744 licitum
1225 3696 1329 3752 est,
1366 3689 1420 3743 id
1445 3698 1531 3742 est
1557 3690 1698 3742 inter

122 3785 317 3851 munda,
343 3794 502 3840 recte
529 3787 879 3840 nominantur
903 3802 918 3852 ;
944 3792 1321 3840 verumtamen
1353 3782 1399 3837 si
1422 3782 1543 3850 quis
1572 3794 1698 3850 pec-

123 3869 293 3941 cantis,
323 3878 486 3931 velut
523 3876 748 3930 inferius
777 3878 1007 3946 jacentis
1035 3887 1088 3931 et
1114 3877 1434 3946 poenitentia
1473 3874 1693 3944 sepulti,

125 3962 327 4020 elfundit
361 3966 588 4036 quidem
637 3969 979 4036 sanguinem,
1024 3969 1077 4021 id
1107 3975 1208 4031 est,
1239 3977 1523 4036 peccatum
1553 3968 1696 4035 quod

123 4057 366 4121 peccavit,
396 4055 635 4111 etl‘undit
661 4066 839 4111 autem
870 4056 996 4112 illud
1021 4059 1086 4112 ad
1115 4059 1414 4112 orationem
1438 4059 1698 4112 accedens

124 4154 165 4199 et
187 4148 605 4212 confessionem,
637 4148 1087 4217 quemadmodum
1109 4149 1185 4204 ait
1207 4157 1261 4202 et
1281 4149 1480 4203 David:
1513 4147 1701 4218 Effun-

125 4236 223 4290 dam
248 4240 300 4293 in
341 4239 771 4310 conspectu'ejus
809 4240 1098 4293 orationem
1128 4255 1296 4293 nteant
1327 4237 1501 4310 (Psal.
1525 4240 1692 4310 CXLI),

126 4328 304 4393 oper-lat
323 4329 469 4384 illud.
503 4337 651 4384 terra
679 4347 691 4383 :
732 4338 953 4399 peccata
981 4331 1123 4385 enim
1147 4330 1517 4385 confitentium
1543 4336 1691 4384 terra

126 4419 298 4486 operit,
344 4429 414 4475 ut"
452 4428 589 4490 pote
638 4420 867 4475 inferius
921 4421 1257 4476 remanentia
1289 4429 1342 4476 et
1375 4421 1691 4491 ptenitentia

129 4509 445 4577 mortiﬁcata,
500 4518 560 4566 et
609 4524 838 4579 quorum
881 4511 1190 4581 prohibitus
1240 4518 1322 4566 est
1369 4512 1576 4566 clamor
1623 4509 1693 4566 ad

128 4598 270 4654 celos
291 4601 618 4665 ascendere,
642 4602 1091 4670 quemadmodum
1120 4601 1480 4657 Sodomorum
1510 4616 1692 4656 ascen-

129 4682 284 4753 debat,
309 4703 410 4745 nec
435 4690 595 4744 enim
616 4689 870 4744 volebant
889 4690 1258 4759 paenitentiam
1283 4703 1461 4761 agere.
1493 4685 1693 4745 Secun-

130 4775 232 4831 dum
260 4779 397 4835 hanc
417 4781 596 4852 igitur
620 4779 992 4846 intentionem,
1016 4781 1291 4852 legislator
1312 4799 1374 4837 ea
1406 4797 1523 4851 quae
1550 4783 1691 4837 dicta

131 4873 232 4920 sunt
259 4883 463 4938 ponens
492 4869 744 4926 addidit:
791 4871 979 4925 Anima
1013 4872 1148 4926 enim
1202 4875 1369 4928 omnis
1410 4874 1584 4927 carnis
1633 4873 1690 4927 in

131 4960 350 5026 sanguine
385 4970 501 5027 est;
533 4958 736 5016 deinde
763 4959 980 5029 adjicit:
1016 4960 1163 5017 Unde
1192 4963 1306 5017 dixi
1332 4962 1460 5032 ﬁliis
1493 4963 1687 5029 Israel,

131 5043 172 5098 id
201 5060 293 5117 est,
323 5054 463 5121 dico,
510 5055 598 5108 De
622 5053 878 5123 sanguine
901 5053 1152 5108 universa:
1183 5056 1354 5110 carnis
1381 5073 1485 5110 non
1517 5072 1689 5110 come-

131 5135 256 5206 detis,
285 5145 406 5213 quia
432 5146 627 5200 anima
651 5143 836 5199 carnis
870 5144 924 5197 in
963 5144 1221 5215 sanguine
1249 5156 1354 5210 est,
1385 5155 1692 5202 contestans

134 5227 188 5282 ab
207 5236 338 5289 omni
379 5237 678 5307 iniquitate
719 5235 999 5290 abstineri.
1030 5234 1354 5290 Contestans
1380 5245 1558 5314 autem
1583 5255 1690 5294 non

132 5329 368 5391 exponere
391 5343 458 5382 ea
500 5340 630 5399 quae
659 5334 845 5381 contra
876 5327 1209 5382 voluntatem
1254 5326 1541 5382 commissa
1568 5338 1692 5384 sunt

133 5408 332 5472 fratrum
357 5428 617 5489 peccata,
658 5419 750 5473 sed
778 5419 992 5474 tradere
1019 5426 1181 5474 terrae
1216 5419 1332 5489 ejus
1367 5419 1458 5489 qui
1504 5428 1692 5490 captus

131 5510 221 5568 est,
239 5505 288 5561 id
306 5516 411 5573 est,
441 5509 624 5571 visus,
657 5508 972 5577 sanguinem
994 5511 1368 5578 cooperientes
1387 5508 1516 5564 illud
1536 5510 1691 5564 venia

133 5600 180 5643 et
205 5599 595 5667 eompassione.
638 5597 964 5666 Sanguinem
993 5601 1138 5654 enim
1169 5602 1455 5657 comedens
1495 5609 1551 5656 et
1579 5603 1694 5656 ani-

135 5696 258 5741 mam
277 5688 365 5759 qui
391 5687 642 5745 ditl'amat
664 5689 894 5758 proximi
931 5699 1236 5762 peccatum,
1267 5701 1414 5750 recte
1445 5701 1690 5764 putatur,

134 5776 244 5843 quia
265 5783 456 5839 anim
485 5796 640 5845 mors
662 5793 944 5855 peccatum
975 5793 1079 5844 est.
1176 5787 1244 5838 4»

3261 392 3370 452 634

2410 507 2638 566 CAPUT
2672 507 2763 565 IX.

1835 623 1956 678 Non
1984 625 2350 679 comedendum
2380 619 2441 678 de
2467 625 2741 677 morticina
2774 634 2864 678 aut
2890 643 2919 677 (ι
2961 625 3121 679 bestia
3162 633 3334 695 capto.

1869 714 2044 787 (Imm)
2069 718 2257 772 Anima
2287 734 2402 786 (μίαν
2435 717 2710 770 comederit
2750 719 3082 771 morticinunt
3120 729 3208 772 aut
3247 729 3371 786 cap-

1798 816 1908 861 tum
1933 826 1964 861 a
1991 807 2172 872 bestia,
2206 816 2310 859 tam
2353 807 2414 860 de
2455 808 2710 876 indigenis
2736 825 2889 878 quam
2938 809 3000 861 de
3032 808 3263 871 advenis,
3292 808 3369 862 [τις

1797 898 1932 952 vabit
1957 906 2115 952 vestes
2155 915 2295 959 suas,
2339 907 2383 949 et
2416 899 2760 966 semetipsum,
2791 916 2949 968 (qua,
2974 910 3018 950 et
3045 901 3370 952 centensim-

1796 997 1877 1042 tus
1892 989 1990 1041 erit
2013 1005 2173 1059 usque
2205 993 2271 1041 ad
2303 1003 2582 1055 vesperum,
2611 1000 2656 1040 et
2682 990 2776 1041 hoc
2805 990 2986 1041 ordine
3012 991 3235 1041 mundus
3259 991 3366 1057 βυτ.

1797 1076 1952 1142 Quod
1978 1078 2161 1147 sinon
2205 1077 2384 1128 laverit
2423 1077 2721 1128 vestimenta
2752 1092 2866 1136 sua,
2897 1094 2987 1128 nec
3015 1091 3220 1146 corpus,
3251 1093 3370 1146 pcr-

1795 1167 1922 1220 tabit
1960 1168 2281 1236 iniquitatem
2306 1183 2473 1219 suam.
2506 1165 2611 1234 (lix
2637 1165 2854 1238 eadem.)
2889 1166 3225 1221 biorticinum
3253 1184 3370 1220 esse.

1793 1269 2153 1329 peccatorum,
2191 1267 2246 1311 ut
2287 1269 2411 1326 pote.
2453 1257 2542 1324 qui
2589 1256 2859 1310 crudelem
2896 1259 3100 1324 peccati
3139 1260 3372 1312 sustth

1798 1357 2045 1412 mortem,
2093 1365 2120 1401 a
2152 1351 2336 1402 bestiis
2387 1357 2566 1400 autem
2603 1357 2819 1414 captum
2861 1362 2965 1399 non
3009 1357 3212 1400 tantum
3243 1351 3370 1402 sim-

1799 1438 2010 1506 pliciter
2036 1438 2126 1491 sed
2157 1437 2309 1490 valde
2349 1444 2708 1507 peccatorcm,
2745 1436 2794 1488 in
2827 1446 3032 1489 tantum
3076 1447 3134 1489 ut
3154 1439 3372 1506 maligni

1803 1529 1854 1581 in
1879 1542 1942 1580 co
1969 1537 2258 1596 operentur
2284 1529 2576 1591 daeumncs,
2606 1527 2744 1580 sicut
2776 1527 2871 1581 fuit
2917 1527 3099 1591 δμὼς,
3147 1530 3238 1595 qui
3266 1530 3376 1582 dia-

1800 1621 1922 1674 bolo
1971 1622 2289 1691 ingrcdicnti
2340 1621 2390 1675 in
2437 1623 2599 1675 corde
2653 1637 2750 1675 suo
2805 1621 3077 1674 Christum
3131 1622 3373 1686 tradidit,

1799 1698 1925 1764 oliui
1964 1712 2219 1774 diximus,
2253 1728 2372 1764 cum
2420 1712 2772 1779 pollutionum
2804 1711 3066 1763 sacrificia
3101 1710 3375 1780 lcgislator

1799 1808 2112 1870 exponeret,
2145 1802 2236 1854 sed
2280 1802 2387 1854 illic
2415 1801 2629 1869 quidem
2673 1816 2792 1853 cum
2844 1801 2932 1868 qui
2974 1802 3144 1868 tetigit
3186 1803 3376 1854 morti-

1725 1863 1770 1923 Β
1799 1893 1917 1946 cina
1959 1899 2105 1944 auta
2151 1892 2334 1944 bestiis
2362 1900 2536 1961 capta,
2586 1891 2762 1952 idest,
2816 1891 2903 1959 qui
2956 1892 3375 1945 communicavit

1798 1980 1911 2038 sive
1950 1981 2216 2052 particeps
2245 1981 2341 2034 fuit
2367 1997 2488 2035 cuzn
2532 1981 2616 2035 bis
2643 1981 2731 2050 qui
2768 1981 3008 2050 praedicti
3042 1991 3204 2046 sunt;
3239 1983 3373 2036 dicit

1795 2075 1885 2129 hic
1915 2084 2096 2127 autem
2126 2089 2247 2127 eum
2277 2074 2369 2142 qui
2396 2074 2648 2136 comedit,
2697 2073 2944 2128 videlicet
2978 2076 3067 2145 qui
3111 2084 3282 2129 totum
3308 2076 3376 2130 il-

1793 2165 1897 2220 lius
1923 2175 2202 2234 peccatum
2245 2181 2400 2219 suum
2443 2166 2720 2234 pr0prinm
2762 2166 2910 2229 fecit,
2959 2182 3216 2235 suamque
3259 2183 3374 2221 ma~

1793 2257 1994 2328 lignam
2019 2257 2371 2310 intentionem
2395 2257 2647 2326 explevit,
2675 2272 2741 2311 ex
2765 2257 2907 2310 malo
2936 2256 3077 2326 quod
3112 2257 3197 2310 ille
3228 2272 3376 2312 com-

1793 2353 1940 2406 misit
1965 2369 1977 2405 :
2018 2352 2156 2406 sicut
2187 2349 2401 2406 fuerunt
2425 2351 2608 2406 Antias
2631 2361 2683 2407 et
2704 2352 2975 2422 Cayphas,
3003 2354 3092 2422 qui
3113 2369 3218 2407 non
3237 2353 3370 2408 sim-

1793 2442 2006 2512 pliciter
2038 2440 2187 2496 Juda:
2211 2443 2504 2512 participes
2546 2451 2672 2497 sunt
2694 2443 3016 2512 proditionis
3043 2442 3240 2510 allecti,
3269 2439 3372 2513 ipsi

1795 2536 1940 2590 enim
1967 2544 2231 2600 ementes,
2259 2536 2582 2607 proditionis
2618 2537 2667 2591 ei
2700 2536 2964 2592 dederunt
2983 2538 3289 2606 pecuniam,
3321 2546 3378 2590 et

1793 2628 1919 2684 olim
1952 2630 2272 2695 esurientes,
2319 2628 2403 2684 vel
2451 2629 2820 2684 desiderantes
2860 2637 3089 2684 mortem
3139 2627 3376 2692 Domini,

1795 2721 1860 2776 ad
1892 2722 2213 2790 pascendam
2249 2722 2656 2776 nutriendamvc
2705 2737 2858 2775 suam
2900 2721 3296 2790 intentionem,’
3323 2729 3380 2774 et

1798 2813 1862 2866 ad
1887 2811 2327 2868 satisfaciendum
2345 2811 2616 2867 desiderio
2635 2811 2934 2880 perJudam
2954 2809 3373 2882 prrcvaluerunt.

1799 2901 2120 2970 Huiusmodi
2170 2904 2453 2958 comedere
2499 2903 2782 2956 morticina
2815 2911 2869 2955 et
2916 2917 2947 2955 a
2993 2901 3186 2956 bestiis
3222 2907 3378 2970 capta

1799 2995 2071 3059 dicuntur,
2098 2995 2189 3065 qui
2230 3009 2451 3048 necesse
2492 2995 2695 3047 habent
2725 2993 2906 3047 lavare
2931 2991 3253 3046 vestimenta
3281 3007 3377 3045 sua

1800 3093 1854 3140 et
1881 3099 2115 3155 corpus;
2145 3085 2290 3138 lavat
2318 3089 2496 3138 autem
2527 3088 2735 3136 vestem
2777 3095 2928 3136 suam
2956 3091 3013 3137 et
3036 3096 3254 3151 corpus,
3285 3081 3380 3152 qui

1799 3176 2023 3230 mundat
2064 3175 2412 3245 semetipsum
2452 3182 2641 3240 totum,
2699 3174 2750 3229 id
2788 3179 2893 3240 est,
2923 3173 3240 3228 interiorem
3281 3189 3380 3229 ex-

1801 3265 2161 3335 terioremque
2187 3281 2343 3322 suum
2375 3266 2668 3331 hominem,
2714 3265 2839 3334 quia
2879 3267 3020 3320 intra
3054 3265 3375 3320 vestimenta

1799 3371 1995 3426 corpus
2024 3365 2125 3422 est,
2174 3358 2314 3411 sicut
2354 3357 2494 3411 intra
2537 3357 2860 3412 exteriorem
2901 3357 3175 3411 hominem
3216 3357 3379 3412 homo

1798 3447 2041 3512 interior,
2068 3448 2336 3516 quomodo
2364 3455 2541 3502 autem
2571 3448 2715 3502 lavat
2733 3448 2756 3501 ?
2777 3448 2887 3501 Aut
2904 3461 3000 3516 per
3029 3448 3372 3517 baptismum,

1797 3545 1891 3592 aut
1910 3553 2008 3608 per
2033 3539 2419 3593 abundantiam
2447 3539 2834 3609 lacrymarum,
2859 3538 3182 3592 imitantium
3207 3553 3378 3608 aquas

1795 3627 2175 3697 baptismatis;
2206 3630 2298 3697 qui
2326 3637 2506 3684 autem
2540 3629 2642 3682 hoc
2669 3643 2777 3682 non
2812 3623 2960 3692 facit,
2998 3627 3233 3696 portabit
3267 3628 3374 3681 ini-

1797 3719 2060 3787 quitatem
2109 3734 2280 3782 suam,
2326 3716 2733 3772 retributionem
2781 3716 3029 3771 videlicet
3061 3717 3377 3784 iniustitiae:

1796 3809 1875 3864 sic
1895 3809 2040 3862 cnim
2071 3808 2305 3862 divinam
2337 3805 2675 3877 Scripturam
2703 3807 2756 3860 in
2789 3807 3024 3876 peccatis
3068 3819 3260 3876 pmnas
3290 3821 3377 3861 re-

1796 3902 2020 3956 stituere
2052 3901 2290 3956 invenies
2309 3899 2748 3956 comminantem.
2769 3896 2922 3952 Unde
2941 3897 3190 3953 Ezechiel
3211 3898 3377 3952 Deum

1801 3992 2332 4048 induxitdicentcm:
2370 3989 2493 4045 Non
2530 4000 2705 4063 parcet
2730 3989 2910 4045 oculus
2948 4009 3090 4046 meus
3131 4009 3286 4063 super
3308 4003 3376 4056 te,

1797 4094 1845 4139 et
1871 4101 1974 4139 non
2015 4085 2360 4149 miserebitur,
2391 4085 2479 4138 sed
2516 4085 2624 4138 vias
2654 4094 2769 4138 tuas
2807 4101 2999 4156 ponam
3045 4103 3200 4156 super
3233 4095 3298 4150 te,
3326 4097 3377 4141 et

1796 4176 2208 4231 ubaminationes
2232 4186 2335 4231 tua:
2356 4177 2409 4230 in
2432 4175 2601 4229 medio
2637 4176 2713 4228 tui
2736 4185 2906 4230 erunt.

2422 4289 2647 4346 CAPUT
2687 4290 2752 4344 Χ.

1937 4401 2012 4456 De
2032 4403 2364 4458 observandis
2384 4405 2653 4474 prazceptis
2679 4414 2725 4459 et
2755 4405 2977 4474 judiciis
3002 4406 3232 4460 Domini.

1869 4510 2018 4582 (Car.
2060 4512 2237 4582 xvm.)
2285 4511 2352 4566 Et
2398 4512 2531 4566 dixit
2577 4512 2832 4566 Dominus
2881 4513 2949 4565 ad
2985 4511 3231 4583 Moysen:
3277 4514 3380 4570 Lo-

1795 4617 1950 4670 quere
1978 4600 2102 4668 [iliis
2132 4602 2322 4667 Israel,
2345 4611 2392 4656 et
2417 4604 2556 4656 dices
2580 4602 2648 4655 ad
2671 4616 2788 4656 eos:
2819 4601 2932 4672 Ego
2961 4601 3218 4659 Dominus
3237 4605 3379 4664 Deus

1796 4699 1992 4742 vester:
2030 4691 2189 4759 juxta
2234 4691 2658 4743 consuetudinem
2714 4699 2868 4744 terra:
2914 4689 3132 4762 Egypti
3174 4694 3228 4748 in
3273 4713 3376 4767 qua

1798 4780 2070 4832 habitastis
2095 4795 2197 4832 non
2216 4779 2417 4847 facietis
2442 4797 2459 4843 ;
2475 4779 2840 4848 juxtamorem
2862 4780 3082 4850 regionis
3097 4781 3375 4852 Chanaan,

1798 4869 1867 4923 ad
1896 4885 2052 4939 quam
2077 4885 2168 4940 ego
2195 4870 2589 4924 introductums
2610 4887 2724 4924 sum
2746 4887 2854 4937 vos,
2880 4888 2984 4926 non
3006 4876 3191 4944 agetis,
3216 4893 3378 4949 neque

1795 4962 1852 5016 in
1875 4960 2114 5031 legitimis
2154 4978 2332 5016 eorum
2375 4963 2725 5018 ambulabitis.
2756 4963 2984 5019 Facietis
3003 4967 3212 5037 judicia
3233 4987 3370 5035 mea,

1796 5060 1846 5106 et
1872 5063 2128 5124 pra’cepta
2155 5069 2269 5108 mea
2289 5054 2576 5119 servabitis,
2603 5063 2651 5108 et
2675 5054 3006 5110 ambulabitis
3042 5057 3097 5110 in
3137 5061 3231 5113 eis.
3262 5059 3373 5129 ligo

1795 5143 2053 5199 Dominus
2085 5145 2225 5199 Deus
2252 5155 2437 5200 vester.
2466 5143 2734 5201 Custodite
2770 5146 2903 5218 leges
2941 5164 3080 5203 meas
3105 5159 3258 5221 atque
3275 5153 3372 5219 ju-

1796 5237 1958 5300 dicia,
1993 5252 2110 5306 qua:
2133 5235 2329 5304 faciens
2350 5237 2523 5303 homo,
2553 5238 2682 5292 vivet
2722 5238 2777 5291 in
2810 5239 2903 5293 eis.
2939 5237 3045 5309 (Ea:
3068 5237 3373 5308 Hesychia.)

1796 5323 2123 5394 Praecipiens
2144 5340 2274 5396 ergo
2300 5341 2364 5381 ea
2412 5341 2532 5398 quae
2564 5343 2708 5384 nunc
2750 5329 2894 5384 dicta
2921 5335 3084 5383 sunt:
3116 5327 3228 5395 Ego
3256 5339 3373 5378 sum

1799 5413 2051 5469 Dominus
2073 5414 2214 5470 Deus
2232 5426 2414 5483 vester,
2459 5416 2654 5487 inquit,
2697 5426 2757 5472 ut
2785 5425 3079 5473 creatorem
3107 5422 3160 5469 et
3190 5411 3372 5466 Domi-

1797 5521 1926 5561 num
1957 5506 2224 5562 discentes
2246 5523 2368 5563 eum
2399 5508 2491 5578 qui
2531 5509 2824 5572 mandavit,
2869 5519 3078 5562 summo
3104 5501 3282 5558 studio
3301 5515 3370 5557 ea

1799 5614 1920 5670 quae
1963 5607 2228 5669 praecepta
2282 5607 2407 5654 sun-t
2447 5603 2516 5655 ab
2567 5615 2633 5655 eo
2677 5597 3077 5654 custodiamus:
3127 5594 3205 5649 sic
3239 5608 3369 5666 ergo

1800 5692 2093 5747 sanctionis
2139 5693 2303 5747 totius
2354 5692 2707 5749 intentionem
2750 5682 3074 5757 explanavit.
3128 5684 3257 5752 Qum
3286 5695 3374 5743 est

1799 5795 1980 5845 autem
2009 5787 2168 5844 haec?
2196 5794 2258 5844 ut
2278 5787 2346 5842 ab
2374 5785 2522 5843 omni
2565 5779 2849 5852 iniquitate
2894 5774 3280 5846 abstineamus,
3311 5787 3369 5834 et
