  <div class='ocr_page' id='page_1' title='image "/cluster/home/n/w/nwhite01/storage/ocr_20150623/108/hvd.32044015466840/227.png"; bbox 0 0 3892 6344; ppageno 0'>
   <div class='ocr_carea' id='block_1_1' title="bbox 475 297 3784 393">
    <p class='ocr_par' dir='ltr' id='par_1_1' title="bbox 475 297 3784 393">
     <span class='ocr_line' id='line_1_1' title="bbox 475 297 3784 393; baseline -0.007 0"><span class='ocrx_word' id='word_1_1' title='bbox 475 329 604 393; x_wconf 67' lang='grc' dir='ltr'><strong>ιω</strong></span> <span class='ocrx_word' id='word_1_2' title='bbox 1159 325 1220 383; x_wconf 89' lang='lat' dir='ltr'><strong>B.</strong></span> <span class='ocrx_word' id='word_1_3' title='bbox 1262 322 1534 383; x_wconf 63' lang='lat' dir='ltr'><strong>MBAN&quot;</strong></span> <span class='ocrx_word' id='word_1_4' title='bbox 1554 325 1780 386; x_wconf 69' lang='lat' dir='ltr'><strong>Mum</strong></span> <span class='ocrx_word' id='word_1_5' title='bbox 1807 297 2476 384; x_wconf 52' lang='lat' dir='ltr'><strong>amatamamatam</strong></span> <span class='ocrx_word' id='word_1_6' title='bbox 2501 316 3018 380; x_wconf 70' lang='lat' dir='ltr'><strong>’OPERUI.&quot;PARS</strong></span> <span class='ocrx_word' id='word_1_7' title='bbox 3049 316 3090 374; x_wconf 83' lang='lat' dir='ltr'><strong>l.</strong></span> <span class='ocrx_word' id='word_1_8' title='bbox 3638 321 3784 377; x_wconf 57' lang='grc' dir='ltr'><strong>μσς</strong></span> 
     </span>
    </p>
   </div>
   <div class='ocr_carea' id='block_1_2' title="bbox 476 436 3738 513">
    <p class='ocr_par' dir='ltr' id='par_1_2' title="bbox 476 436 3738 513">
     <span class='ocr_line' id='line_1_2' title="bbox 476 436 3738 513; baseline -0.003 -11"><span class='ocrx_word' id='word_1_9' title='bbox 476 445 786 510; x_wconf 87' lang='lat' dir='ltr'><strong>celebrare;</strong></span> <span class='ocrx_word' id='word_1_10' title='bbox 831 445 938 497; x_wconf 81' lang='lat' dir='ltr'><strong>nec</strong></span> <span class='ocrx_word' id='word_1_11' title='bbox 961 438 1312 498; x_wconf 78' lang='lat' dir='ltr'><strong>festivitatem</strong></span> <span class='ocrx_word' id='word_1_12' title='bbox 1355 457 1672 513; x_wconf 76' lang='lat' dir='ltr'><strong>azymorum</strong></span> <span class='ocrx_word' id='word_1_13' title='bbox 1691 441 2052 508; x_wconf 75' lang='lat' dir='ltr'><strong>celebrantes,</strong></span> <span class='ocrx_word' id='word_1_14' title='bbox 2079 439 2133 507; x_wconf 79' lang='grc' dir='ltr'><strong>Α</strong></span> <span class='ocrx_word' id='word_1_15' title='bbox 2155 441 2777 512; x_wconf 75' lang='lat' dir='ltr'><strong>cubitus-conua-legem</strong></span> <span class='ocrx_word' id='word_1_16' title='bbox 2800 439 3154 504; x_wconf 64' lang='lat' dir='ltr'><strong>misceri..sed</strong></span> <span class='ocrx_word' id='word_1_17' title='bbox 3179 436 3738 507; x_wconf 80' lang='lat' dir='ltr'><strong>neczusori</strong></span> 
     </span>
    </p>
   </div>
   <div class='ocr_carea' id='block_1_3' title="bbox 475 530 3789 604">
    <p class='ocr_par' dir='ltr' id='par_1_3' title="bbox 475 530 3789 604">
     <span class='ocr_line' id='line_1_3' title="bbox 475 530 3789 604; baseline -0.002 -11"><span class='ocrx_word' id='word_1_18' title='bbox 475 535 678 594; x_wconf 83' lang='lat' dir='ltr'><strong>Christi</strong></span> <span class='ocrx_word' id='word_1_19' title='bbox 700 533 857 604; x_wconf 88' lang='lat' dir='ltr'><strong>panis</strong></span> <span class='ocrx_word' id='word_1_20' title='bbox 875 547 1088 589; x_wconf 65' lang='lat' dir='ltr'><strong>cenam</strong></span> <span class='ocrx_word' id='word_1_21' title='bbox 1115 547 1351 598; x_wconf 82' lang='lat' dir='ltr'><strong>sumere,</strong></span> <span class='ocrx_word' id='word_1_22' title='bbox 1371 547 1509 602; x_wconf 75' lang='lat' dir='ltr'><strong>quia</strong></span> <span class='ocrx_word' id='word_1_23' title='bbox 1530 542 1661 588; x_wconf 81' lang='lat' dir='ltr'><strong>sunt</strong></span> <span class='ocrx_word' id='word_1_24' title='bbox 1681 548 1812 588; x_wconf 82' lang='lat' dir='ltr'><strong>vera</strong></span> <span class='ocrx_word' id='word_1_25' title='bbox 1829 547 2052 604; x_wconf 73' lang='lat' dir='ltr'><strong>azyma,</strong></span> <span class='ocrx_word' id='word_1_26' title='bbox 2156 533 2497 590; x_wconf 71' lang='lat' dir='ltr'><strong>Adulterium</strong></span> <span class='ocrx_word' id='word_1_27' title='bbox 2522 533 2668 590; x_wconf 83' lang='lat' dir='ltr'><strong>enim</strong></span> <span class='ocrx_word' id='word_1_28' title='bbox 2683 532 2798 590; x_wconf 85' lang='lat' dir='ltr'><strong>ista</strong></span> <span class='ocrx_word' id='word_1_29' title='bbox 2813 530 3128 588; x_wconf 79' lang='lat' dir='ltr'><strong>commistio</strong></span> <span class='ocrx_word' id='word_1_30' title='bbox 3145 546 3258 586; x_wconf 84' lang='lat' dir='ltr'><strong>non</strong></span> <span class='ocrx_word' id='word_1_31' title='bbox 3283 530 3592 602; x_wconf 53' lang='lat' dir='ltr'><strong>coniugium</strong></span> <span class='ocrx_word' id='word_1_32' title='bbox 3615 537 3740 586; x_wconf 67' lang='lat' dir='ltr'><strong>esst:</strong></span> <span class='ocrx_word' id='word_1_33' title='bbox 3787 557 3789 564; x_wconf 60' lang='grc' dir='ltr'>ε</span> 
     </span>
    </p>
   </div>
   <div class='ocr_carea' id='block_1_4' title="bbox 475 620 3786 692">
    <p class='ocr_par' dir='ltr' id='par_1_4' title="bbox 475 620 3786 692">
     <span class='ocr_line' id='line_1_4' title="bbox 475 620 3786 692; baseline -0.002 -11"><span class='ocrx_word' id='word_1_34' title='bbox 475 629 586 682; x_wconf 81' lang='lat' dir='ltr'><strong>nec</strong></span> <span class='ocrx_word' id='word_1_35' title='bbox 620 623 1086 680; x_wconf 87' lang='lat' dir='ltr'><strong>circumcisionem</strong></span> <span class='ocrx_word' id='word_1_36' title='bbox 1129 622 1293 678; x_wconf 88' lang='lat' dir='ltr'><strong>simul</strong></span> <span class='ocrx_word' id='word_1_37' title='bbox 1331 623 1629 692; x_wconf 62' lang='lat' dir='ltr'><strong>praedicare</strong></span> <span class='ocrx_word' id='word_1_38' title='bbox 1672 630 1729 678; x_wconf 80' lang='lat' dir='ltr'><strong>et</strong></span> <span class='ocrx_word' id='word_1_39' title='bbox 1763 623 2116 692; x_wconf 47' lang='lat' dir='ltr'><strong>baptismar-a</strong></span> <span class='ocrx_word' id='word_1_40' title='bbox 2157 622 2298 679; x_wconf 83' lang='lat' dir='ltr'><strong>unde</strong></span> <span class='ocrx_word' id='word_1_41' title='bbox 2347 633 2475 679; x_wconf 81' lang='lat' dir='ltr'><strong>cum</strong></span> <span class='ocrx_word' id='word_1_42' title='bbox 2518 622 2789 678; x_wconf 75' lang='lat' dir='ltr'><strong>dixisset:</strong></span> <span class='ocrx_word' id='word_1_43' title='bbox 2820 621 2958 677; x_wconf 83' lang='lat' dir='ltr'><strong>Cum</strong></span> <span class='ocrx_word' id='word_1_44' title='bbox 3001 636 3173 676; x_wconf 77' lang='lat' dir='ltr'><strong>uxore</strong></span> <span class='ocrx_word' id='word_1_45' title='bbox 3215 620 3451 691; x_wconf 70' lang='lat' dir='ltr'><strong>proximi</strong></span> <span class='ocrx_word' id='word_1_46' title='bbox 3501 620 3595 676; x_wconf 79' lang='lat' dir='ltr'><strong>tui</strong></span> <span class='ocrx_word' id='word_1_47' title='bbox 3631 636 3737 676; x_wconf 91' lang='lat' dir='ltr'><strong>non</strong></span> <span class='ocrx_word' id='word_1_48' title='bbox 3783 653 3786 658; x_wconf 95' lang='lat'><strong><em>-</em></strong></span> 
     </span>
    </p>
   </div>
   <div class='ocr_carea' id='block_1_5' title="bbox 476 710 3804 787">
    <p class='ocr_par' dir='ltr' id='par_1_5' title="bbox 476 710 3804 787">
     <span class='ocr_line' id='line_1_5' title="bbox 476 710 3804 787; baseline -0.002 -14"><span class='ocrx_word' id='word_1_49' title='bbox 476 715 849 773; x_wconf 78' lang='lat' dir='ltr'><strong>Memoramini</strong></span> <span class='ocrx_word' id='word_1_50' title='bbox 871 722 1051 770; x_wconf 83' lang='lat' dir='ltr'><strong>autem</strong></span> <span class='ocrx_word' id='word_1_51' title='bbox 1077 713 1220 770; x_wconf 87' lang='lat' dir='ltr'><strong>illius</strong></span> <span class='ocrx_word' id='word_1_52' title='bbox 1245 714 1338 784; x_wconf 85' lang='lat' dir='ltr'><strong>qui</strong></span> <span class='ocrx_word' id='word_1_53' title='bbox 1365 713 1503 769; x_wconf 74' lang='lat' dir='ltr'><strong>dixit</strong></span> <span class='ocrx_word' id='word_1_54' title='bbox 1527 731 1545 768; x_wconf 90' lang='lat'><strong>:</strong></span> <span class='ocrx_word' id='word_1_55' title='bbox 1570 712 1822 783; x_wconf 80' lang='lat' dir='ltr'><strong>Ecca-ego</strong></span> <span class='ocrx_word' id='word_1_56' title='bbox 1851 712 2082 787; x_wconf 47' lang='lat' dir='ltr'><strong>Paulus;</strong></span> <span class='ocrx_word' id='word_1_57' title='bbox 2115 747 2118 752; x_wconf 93' lang='lat'><strong><em>-</em></strong></span> <span class='ocrx_word' id='word_1_58' title='bbox 2155 714 2347 780; x_wconf 73' lang='lat' dir='ltr'><strong>coibis;</strong></span> <span class='ocrx_word' id='word_1_59' title='bbox 2371 713 2580 770; x_wconf 85' lang='lat' dir='ltr'><strong>addidit</strong></span> <span class='ocrx_word' id='word_1_60' title='bbox 2597 725 2950 778; x_wconf 88' lang='lat' dir='ltr'><strong>nomen,-nec</strong></span> <span class='ocrx_word' id='word_1_61' title='bbox 2976 712 3200 767; x_wconf 81' lang='lat' dir='ltr'><strong>seminis</strong></span> <span class='ocrx_word' id='word_1_62' title='bbox 3228 710 3610 767; x_wconf 74' lang='lat' dir='ltr'><strong>eorumistione</strong></span> <span class='ocrx_word' id='word_1_63' title='bbox 3627 724 3738 766; x_wconf 70' lang='grc' dir='ltr'><strong>ιιι-</strong></span> <span class='ocrx_word' id='word_1_64' title='bbox 3798 725 3804 731; x_wconf 85' lang='grc'><strong>’</strong></span> 
     </span>
    </p>
   </div>
   <div class='ocr_carea' id='block_1_6' title="bbox 476 803 3738 876">
    <p class='ocr_par' dir='ltr' id='par_1_6' title="bbox 476 803 3738 876">
     <span class='ocr_line' id='line_1_6' title="bbox 476 803 3738 876; baseline -0.001 -12"><span class='ocrx_word' id='word_1_65' title='bbox 476 809 596 864; x_wconf 82' lang='lat' dir='ltr'><strong>dico</strong></span> <span class='ocrx_word' id='word_1_66' title='bbox 629 807 772 863; x_wconf 78' lang='lat' dir='ltr'><strong>vobis</strong></span> <span class='ocrx_word' id='word_1_67' title='bbox 803 819 823 859; x_wconf 90' lang='lat'><strong><em>:</em></strong></span> <span class='ocrx_word' id='word_1_68' title='bbox 857 807 917 864; x_wconf 83' lang='lat' dir='ltr'><strong>Si</strong></span> <span class='ocrx_word' id='word_1_69' title='bbox 958 806 1427 869; x_wconf 75' lang='lat' dir='ltr'><strong>circumcidamini,</strong></span> <span class='ocrx_word' id='word_1_70' title='bbox 1463 803 1703 860; x_wconf 76' lang='lat' dir='ltr'><strong>Christus</strong></span> <span class='ocrx_word' id='word_1_71' title='bbox 1739 804 1901 858; x_wconf 65' lang='lat' dir='ltr'><strong>vobis</strong></span> <span class='ocrx_word' id='word_1_72' title='bbox 1926 803 2058 858; x_wconf 82' lang='lat' dir='ltr'><strong>nihil</strong></span> <span class='ocrx_word' id='word_1_73' title='bbox 2091 829 2114 842; x_wconf 91' lang='lat'><strong><em>--</em></strong></span> <span class='ocrx_word' id='word_1_74' title='bbox 2155 805 2440 870; x_wconf 78' lang='lat' dir='ltr'><strong>culaberis,</strong></span> <span class='ocrx_word' id='word_1_75' title='bbox 2468 807 2573 861; x_wconf 88' lang='lat' dir='ltr'><strong>hoc</strong></span> <span class='ocrx_word' id='word_1_76' title='bbox 2592 805 2912 875; x_wconf 71' lang='lat' dir='ltr'><strong>explanatis,</strong></span> <span class='ocrx_word' id='word_1_77' title='bbox 2935 805 3064 876; x_wconf 86' lang='lat' dir='ltr'><strong>quia</strong></span> <span class='ocrx_word' id='word_1_78' title='bbox 3086 803 3198 874; x_wconf 89' lang='lat' dir='ltr'><strong>jam</strong></span> <span class='ocrx_word' id='word_1_79' title='bbox 3233 819 3344 860; x_wconf 82' lang='lat' dir='ltr'><strong>non</strong></span> <span class='ocrx_word' id='word_1_80' title='bbox 3363 813 3453 860; x_wconf 81' lang='lat' dir='ltr'><strong>est</strong></span> <span class='ocrx_word' id='word_1_81' title='bbox 3487 805 3738 860; x_wconf 79' lang='lat' dir='ltr'><strong>hoccon-</strong></span> 
     </span>
    </p>
   </div>
   <div class='ocr_carea' id='block_1_7' title="bbox 475 893 3735 972">
    <p class='ocr_par' dir='ltr' id='par_1_7' title="bbox 475 893 3735 972">
     <span class='ocr_line' id='line_1_7' title="bbox 475 893 3735 972; baseline -0.001 -17"><span class='ocrx_word' id='word_1_82' title='bbox 475 899 866 972; x_wconf 64' lang='lat' dir='ltr'><strong>prodestwal.</strong></span> <span class='ocrx_word' id='word_1_83' title='bbox 903 899 980 971; x_wconf 73' lang='grc' dir='ltr'><strong>ν).</strong></span> <span class='ocrx_word' id='word_1_84' title='bbox 1008 897 1138 954; x_wconf 81' lang='lat' dir='ltr'><strong>Sed</strong></span> <span class='ocrx_word' id='word_1_85' title='bbox 1165 906 1224 952; x_wconf 87' lang='lat' dir='ltr'><strong>et</strong></span> <span class='ocrx_word' id='word_1_86' title='bbox 1255 897 1304 951; x_wconf 90' lang='lat' dir='ltr'><strong>si</strong></span> <span class='ocrx_word' id='word_1_87' title='bbox 1336 895 1474 952; x_wconf 83' lang='lat' dir='ltr'><strong>forte</strong></span> <span class='ocrx_word' id='word_1_88' title='bbox 1499 896 1622 965; x_wconf 91' lang='lat' dir='ltr'><strong>quis</strong></span> <span class='ocrx_word' id='word_1_89' title='bbox 1667 893 1893 950; x_wconf 71' lang='lat' dir='ltr'><strong>Iudaica</strong></span> <span class='ocrx_word' id='word_1_90' title='bbox 1925 909 2056 950; x_wconf 81' lang='lat' dir='ltr'><strong>con-</strong></span> <span class='ocrx_word' id='word_1_91' title='bbox 2091 933 2094 936; x_wconf 88' lang='lat'><strong><em>-</em></strong></span> <span class='ocrx_word' id='word_1_92' title='bbox 2150 897 2394 970; x_wconf 81' lang='lat' dir='ltr'><strong>jugium;</strong></span> <span class='ocrx_word' id='word_1_93' title='bbox 2424 911 2599 967; x_wconf 87' lang='lat' dir='ltr'><strong>neque</strong></span> <span class='ocrx_word' id='word_1_94' title='bbox 2617 898 2764 954; x_wconf 80' lang='lat' dir='ltr'><strong>enim</strong></span> <span class='ocrx_word' id='word_1_95' title='bbox 2787 897 3054 968; x_wconf 85' lang='lat' dir='ltr'><strong>polluerat</strong></span> <span class='ocrx_word' id='word_1_96' title='bbox 3079 913 3200 953; x_wconf 90' lang='lat' dir='ltr'><strong>eum</strong></span> <span class='ocrx_word' id='word_1_97' title='bbox 3232 897 3326 968; x_wconf 91' lang='lat' dir='ltr'><strong>qui</strong></span> <span class='ocrx_word' id='word_1_98' title='bbox 3353 899 3735 953; x_wconf 81' lang='lat' dir='ltr'><strong>commisceba—</strong></span> 
     </span>
    </p>
   </div>
   <div class='ocr_carea' id='block_1_8' title="bbox 475 983 2094 1058">
    <p class='ocr_par' dir='ltr' id='par_1_8' title="bbox 475 983 2094 1058">
     <span class='ocr_line' id='line_1_8' title="bbox 475 983 2094 1058; baseline -0.006 -12"><span class='ocrx_word' id='word_1_99' title='bbox 475 991 780 1046; x_wconf 79' lang='lat' dir='ltr'><strong>versatione</strong></span> <span class='ocrx_word' id='word_1_100' title='bbox 815 1005 950 1045; x_wconf 85' lang='lat' dir='ltr'><strong>usus</strong></span> <span class='ocrx_word' id='word_1_101' title='bbox 981 998 1086 1055; x_wconf 89' lang='lat' dir='ltr'><strong>est,</strong></span> <span class='ocrx_word' id='word_1_102' title='bbox 1127 985 1446 1058; x_wconf 81' lang='lat' dir='ltr'><strong>negligentie</strong></span> <span class='ocrx_word' id='word_1_103' title='bbox 1487 1001 1608 1042; x_wconf 84' lang='lat' dir='ltr'><strong>eam</strong></span> <span class='ocrx_word' id='word_1_104' title='bbox 1648 983 1960 1050; x_wconf 77' lang='lat' dir='ltr'><strong>mortiﬁcet,</strong></span> <span class='ocrx_word' id='word_1_105' title='bbox 1999 983 2058 1038; x_wconf 80' lang='lat' dir='ltr'><strong>id</strong></span> <span class='ocrx_word' id='word_1_106' title='bbox 2091 1021 2094 1028; x_wconf 83' lang='lat'><strong>.</strong></span> 
     </span>
    </p>
   </div>
   <div class='ocr_carea' id='block_1_9' title="bbox 476 1077 2057 1151">
    <p class='ocr_par' dir='ltr' id='par_1_9' title="bbox 476 1077 2057 1151">
     <span class='ocr_line' id='line_1_9' title="bbox 476 1077 2057 1151; baseline -0.006 -11"><span class='ocrx_word' id='word_1_107' title='bbox 476 1091 580 1148; x_wconf 90' lang='lat' dir='ltr'><strong>est,</strong></span> <span class='ocrx_word' id='word_1_108' title='bbox 609 1083 925 1141; x_wconf 84' lang='lat' dir='ltr'><strong>intutiorem</strong></span> <span class='ocrx_word' id='word_1_109' title='bbox 961 1090 1123 1151; x_wconf 88' lang='lat' dir='ltr'><strong>atque</strong></span> <span class='ocrx_word' id='word_1_110' title='bbox 1147 1080 1480 1136; x_wconf 71' lang='lat' dir='ltr'><strong>inefﬁcacem</strong></span> <span class='ocrx_word' id='word_1_111' title='bbox 1505 1079 1716 1146; x_wconf 78' lang='lat' dir='ltr'><strong>reddat,</strong></span> <span class='ocrx_word' id='word_1_112' title='bbox 1743 1087 1802 1135; x_wconf 86' lang='lat' dir='ltr'><strong>et</strong></span> <span class='ocrx_word' id='word_1_113' title='bbox 1836 1085 1966 1133; x_wconf 84' lang='lat' dir='ltr'><strong>tunc</strong></span> <span class='ocrx_word' id='word_1_114' title='bbox 2001 1077 2057 1132; x_wconf 85' lang='lat' dir='ltr'><strong>ei</strong></span> 
     </span>
    </p>
   </div>
   <div class='ocr_carea' id='block_1_10' title="bbox 477 1168 2053 1242">
    <p class='ocr_par' dir='ltr' id='par_1_10' title="bbox 477 1168 2053 1242">
     <span class='ocr_line' id='line_1_10' title="bbox 477 1168 2053 1242; baseline -0.001 -16"><span class='ocrx_word' id='word_1_115' title='bbox 477 1186 599 1242; x_wconf 67' lang='lat' dir='ltr'><strong>quas</strong></span> <span class='ocrx_word' id='word_1_116' title='bbox 616 1180 698 1227; x_wconf 88' lang='lat' dir='ltr'><strong>est</strong></span> <span class='ocrx_word' id='word_1_117' title='bbox 721 1172 975 1229; x_wconf 86' lang='lat' dir='ltr'><strong>Ecclesiae</strong></span> <span class='ocrx_word' id='word_1_118' title='bbox 999 1172 1311 1236; x_wconf 75' lang='lat' dir='ltr'><strong>misceatur,</strong></span> <span class='ocrx_word' id='word_1_119' title='bbox 1335 1185 1456 1240; x_wconf 73' lang='lat' dir='ltr'><strong>quae</strong></span> <span class='ocrx_word' id='word_1_120' title='bbox 1473 1184 1630 1226; x_wconf 90' lang='lat' dir='ltr'><strong>soror</strong></span> <span class='ocrx_word' id='word_1_121' title='bbox 1647 1169 1864 1240; x_wconf 83' lang='lat' dir='ltr'><strong>quidem</strong></span> <span class='ocrx_word' id='word_1_122' title='bbox 1889 1168 2053 1233; x_wconf 85' lang='lat' dir='ltr'><strong>illius,</strong></span> 
     </span>
    </p>
   </div>
   <div class='ocr_carea' id='block_1_11' title="bbox 478 1261 2053 1333">
    <p class='ocr_par' dir='ltr' id='par_1_11' title="bbox 478 1261 2053 1333">
     <span class='ocr_line' id='line_1_11' title="bbox 478 1261 2053 1333; baseline -0.002 -16"><span class='ocrx_word' id='word_1_123' title='bbox 478 1263 603 1333; x_wconf 85' lang='lat' dir='ltr'><strong>quia</strong></span> <span class='ocrx_word' id='word_1_124' title='bbox 633 1263 890 1318; x_wconf 80' lang='lat' dir='ltr'><strong>eamdem</strong></span> <span class='ocrx_word' id='word_1_125' title='bbox 934 1262 1106 1332; x_wconf 81' lang='lat' dir='ltr'><strong>legem</strong></span> <span class='ocrx_word' id='word_1_126' title='bbox 1141 1263 1327 1328; x_wconf 85' lang='lat' dir='ltr'><strong>habet,</strong></span> <span class='ocrx_word' id='word_1_127' title='bbox 1374 1261 1704 1332; x_wconf 84' lang='lat' dir='ltr'><strong>eosdemque</strong></span> <span class='ocrx_word' id='word_1_128' title='bbox 1742 1261 2053 1331; x_wconf 84' lang='lat' dir='ltr'><strong>prophetas,</strong></span> 
     </span>
    </p>
   </div>
   <div class='ocr_carea' id='block_1_12' title="bbox 477 1352 2056 1425">
    <p class='ocr_par' dir='ltr' id='par_1_12' title="bbox 477 1352 2056 1425">
     <span class='ocr_line' id='line_1_12' title="bbox 477 1352 2056 1425; baseline -0.002 -15"><span class='ocrx_word' id='word_1_129' title='bbox 477 1356 575 1410; x_wconf 87' lang='lat' dir='ltr'><strong>scd</strong></span> <span class='ocrx_word' id='word_1_130' title='bbox 614 1356 805 1411; x_wconf 77' lang='lat' dir='ltr'><strong>tem&#39;nla</strong></span> <span class='ocrx_word' id='word_1_131' title='bbox 842 1365 969 1412; x_wconf 90' lang='lat' dir='ltr'><strong>est:</strong></span> <span class='ocrx_word' id='word_1_132' title='bbox 1001 1371 1109 1410; x_wconf 92' lang='lat' dir='ltr'><strong>non</strong></span> <span class='ocrx_word' id='word_1_133' title='bbox 1148 1355 1291 1425; x_wconf 90' lang='lat' dir='ltr'><strong>quod</strong></span> <span class='ocrx_word' id='word_1_134' title='bbox 1337 1355 1452 1425; x_wconf 88' lang='lat' dir='ltr'><strong>ipsa</strong></span> <span class='ocrx_word' id='word_1_135' title='bbox 1493 1354 1716 1418; x_wconf 79' lang='lat' dir='ltr'><strong>zelatur,</strong></span> <span class='ocrx_word' id='word_1_136' title='bbox 1767 1354 1863 1409; x_wconf 86' lang='lat' dir='ltr'><strong>sed</strong></span> <span class='ocrx_word' id='word_1_137' title='bbox 1909 1352 2056 1424; x_wconf 89' lang='lat' dir='ltr'><strong>quod</strong></span> 
     </span>
    </p>
   </div>
   <div class='ocr_carea' id='block_1_13' title="bbox 475 1443 2056 1516">
    <p class='ocr_par' dir='ltr' id='par_1_13' title="bbox 475 1443 2056 1516">
     <span class='ocr_line' id='line_1_13' title="bbox 475 1443 2056 1516; baseline 0 -16"><span class='ocrx_word' id='word_1_138' title='bbox 475 1443 594 1501; x_wconf 60' lang='lat' dir='ltr'><strong>haec</strong></span> <span class='ocrx_word' id='word_1_139' title='bbox 623 1445 764 1501; x_wconf 88' lang='lat' dir='ltr'><strong>illius</strong></span> <span class='ocrx_word' id='word_1_140' title='bbox 799 1446 974 1502; x_wconf 79' lang='lat' dir='ltr'><strong>zelum</strong></span> <span class='ocrx_word' id='word_1_141' title='bbox 1003 1445 1263 1516; x_wconf 84' lang='lat' dir='ltr'><strong>patiatur,</strong></span> <span class='ocrx_word' id='word_1_142' title='bbox 1291 1445 1418 1515; x_wconf 83' lang='lat' dir='ltr'><strong>quia</strong></span> <span class='ocrx_word' id='word_1_143' title='bbox 1456 1444 1657 1500; x_wconf 66' lang='lat' dir='ltr'><strong>divitias</strong></span> <span class='ocrx_word' id='word_1_144' title='bbox 1688 1443 1804 1512; x_wconf 90' lang='lat' dir='ltr'><strong>ejus</strong></span> <span class='ocrx_word' id='word_1_145' title='bbox 1843 1444 1911 1498; x_wconf 90' lang='lat' dir='ltr'><strong>ad</strong></span> <span class='ocrx_word' id='word_1_146' title='bbox 1955 1458 2056 1500; x_wconf 82' lang='lat' dir='ltr'><strong>nos</strong></span> 
     </span>
    </p>
   </div>
   <div class='ocr_carea' id='block_1_14' title="bbox 472 1533 2057 1611">
    <p class='ocr_par' dir='ltr' id='par_1_14' title="bbox 472 1533 2057 1611">
     <span class='ocr_line' id='line_1_14' title="bbox 472 1533 2057 1611; baseline -0.003 -20"><span class='ocrx_word' id='word_1_147' title='bbox 472 1553 575 1611; x_wconf 86' lang='lat' dir='ltr'><strong>per</strong></span> <span class='ocrx_word' id='word_1_148' title='bbox 605 1538 775 1608; x_wconf 85' lang='lat' dir='ltr'><strong>ipsam</strong></span> <span class='ocrx_word' id='word_1_149' title='bbox 807 1537 1070 1593; x_wconf 65' lang='lat' dir='ltr'><strong>devoluta:</strong></span> <span class='ocrx_word' id='word_1_150' title='bbox 1097 1545 1242 1601; x_wconf 90' lang='lat' dir='ltr'><strong>sunt,</strong></span> <span class='ocrx_word' id='word_1_151' title='bbox 1261 1536 1316 1590; x_wconf 89' lang='lat' dir='ltr'><strong>in</strong></span> <span class='ocrx_word' id='word_1_152' title='bbox 1339 1544 1546 1590; x_wconf 90' lang='lat' dir='ltr'><strong>tantum</strong></span> <span class='ocrx_word' id='word_1_153' title='bbox 1575 1545 1634 1590; x_wconf 91' lang='lat' dir='ltr'><strong>ut</strong></span> <span class='ocrx_word' id='word_1_154' title='bbox 1652 1534 1852 1590; x_wconf 86' lang='lat' dir='ltr'><strong>Paulus</strong></span> <span class='ocrx_word' id='word_1_155' title='bbox 1879 1535 1944 1590; x_wconf 92' lang='lat' dir='ltr'><strong>de</strong></span> <span class='ocrx_word' id='word_1_156' title='bbox 1969 1533 2057 1588; x_wconf 88' lang='lat' dir='ltr'><strong>his</strong></span> 
     </span>
    </p>
   </div>
   <div class='ocr_carea' id='block_1_15' title="bbox 474 1625 2052 1699">
    <p class='ocr_par' dir='ltr' id='par_1_15' title="bbox 474 1625 2052 1699">
     <span class='ocr_line' id='line_1_15' title="bbox 474 1625 2052 1699; baseline -0.003 -16"><span class='ocrx_word' id='word_1_157' title='bbox 474 1629 566 1699; x_wconf 89' lang='lat' dir='ltr'><strong>qui</strong></span> <span class='ocrx_word' id='word_1_158' title='bbox 606 1643 674 1684; x_wconf 77' lang='lat' dir='ltr'><strong>ex</strong></span> <span class='ocrx_word' id='word_1_159' title='bbox 699 1627 1111 1682; x_wconf 83' lang='lat' dir='ltr'><strong>circumcisione</strong></span> <span class='ocrx_word' id='word_1_160' title='bbox 1139 1635 1286 1692; x_wconf 89' lang='lat' dir='ltr'><strong>sunt,</strong></span> <span class='ocrx_word' id='word_1_161' title='bbox 1317 1628 1384 1680; x_wconf 91' lang='lat' dir='ltr'><strong>ad</strong></span> <span class='ocrx_word' id='word_1_162' title='bbox 1419 1626 1636 1682; x_wconf 83' lang='lat' dir='ltr'><strong>Galatas</strong></span> <span class='ocrx_word' id='word_1_163' title='bbox 1663 1627 1753 1695; x_wconf 89' lang='lat' dir='ltr'><strong>qui</strong></span> <span class='ocrx_word' id='word_1_164' title='bbox 1782 1642 1852 1681; x_wconf 80' lang='lat' dir='ltr'><strong>ex</strong></span> <span class='ocrx_word' id='word_1_165' title='bbox 1876 1625 2052 1694; x_wconf 82' lang='lat' dir='ltr'><strong>genti-</strong></span> 
     </span>
    </p>
   </div>
   <div class='ocr_carea' id='block_1_16' title="bbox 473 1715 2055 1783">
    <p class='ocr_par' dir='ltr' id='par_1_16' title="bbox 473 1715 2055 1783">
     <span class='ocr_line' id='line_1_16' title="bbox 473 1715 2055 1783; baseline -0.004 -9"><span class='ocrx_word' id='word_1_166' title='bbox 473 1721 574 1774; x_wconf 88' lang='lat' dir='ltr'><strong>bus</strong></span> <span class='ocrx_word' id='word_1_167' title='bbox 613 1727 791 1783; x_wconf 86' lang='lat' dir='ltr'><strong>erant,</strong></span> <span class='ocrx_word' id='word_1_168' title='bbox 835 1719 1078 1772; x_wconf 83' lang='lat' dir='ltr'><strong>diceret:</strong></span> <span class='ocrx_word' id='word_1_169' title='bbox 1126 1717 1477 1771; x_wconf 63' lang='lat' dir='ltr'><strong>Emulantur</strong></span> <span class='ocrx_word' id='word_1_170' title='bbox 1515 1735 1602 1771; x_wconf 83' lang='lat' dir='ltr'><strong>vos</strong></span> <span class='ocrx_word' id='word_1_171' title='bbox 1645 1733 1748 1770; x_wconf 86' lang='lat' dir='ltr'><strong>non</strong></span> <span class='ocrx_word' id='word_1_172' title='bbox 1781 1716 1928 1782; x_wconf 84' lang='lat' dir='ltr'><strong>bene,</strong></span> <span class='ocrx_word' id='word_1_173' title='bbox 1963 1715 2055 1768; x_wconf 87' lang='lat' dir='ltr'><strong>sed</strong></span> 
     </span>
    </p>
   </div>
   <div class='ocr_carea' id='block_1_17' title="bbox 472 1805 2055 1879">
    <p class='ocr_par' dir='ltr' id='par_1_17' title="bbox 472 1805 2055 1879">
     <span class='ocr_line' id='line_1_17' title="bbox 472 1805 2055 1879; baseline -0.003 -14"><span class='ocrx_word' id='word_1_174' title='bbox 472 1809 748 1865; x_wconf 79' lang='lat' dir='ltr'><strong>excludere</strong></span> <span class='ocrx_word' id='word_1_175' title='bbox 770 1825 858 1863; x_wconf 85' lang='lat' dir='ltr'><strong>vos</strong></span> <span class='ocrx_word' id='word_1_176' title='bbox 884 1808 1059 1863; x_wconf 81' lang='lat' dir='ltr'><strong>volunt</strong></span> <span class='ocrx_word' id='word_1_177' title='bbox 1079 1806 1285 1879; x_wconf 74' lang='lat' dir='ltr'><strong>(Galat.</strong></span> <span class='ocrx_word' id='word_1_178' title='bbox 1315 1808 1411 1878; x_wconf 81' lang='lat' dir='ltr'><strong>tv).</strong></span> <span class='ocrx_word' id='word_1_179' title='bbox 1441 1807 1575 1874; x_wconf 82' lang='lat' dir='ltr'><strong>Quia</strong></span> <span class='ocrx_word' id='word_1_180' title='bbox 1603 1818 1783 1861; x_wconf 88' lang='lat' dir='ltr'><strong>autem</strong></span> <span class='ocrx_word' id='word_1_181' title='bbox 1813 1820 1922 1861; x_wconf 91' lang='lat' dir='ltr'><strong>non</strong></span> <span class='ocrx_word' id='word_1_182' title='bbox 1951 1805 2055 1860; x_wconf 87' lang='lat' dir='ltr'><strong>Ec-</strong></span> 
     </span>
    </p>
   </div>
   <div class='ocr_carea' id='block_1_18' title="bbox 473 1895 2060 1968">
    <p class='ocr_par' dir='ltr' id='par_1_18' title="bbox 473 1895 2060 1968">
     <span class='ocr_line' id='line_1_18' title="bbox 473 1895 2060 1968; baseline -0.002 -15"><span class='ocrx_word' id='word_1_183' title='bbox 473 1898 638 1953; x_wconf 86' lang='lat' dir='ltr'><strong>clesia</strong></span> <span class='ocrx_word' id='word_1_184' title='bbox 659 1897 1000 1968; x_wconf 83' lang='lat' dir='ltr'><strong>Synagogam</strong></span> <span class='ocrx_word' id='word_1_185' title='bbox 1020 1897 1244 1961; x_wconf 81' lang='lat' dir='ltr'><strong>zelatur,</strong></span> <span class='ocrx_word' id='word_1_186' title='bbox 1266 1897 1361 1951; x_wconf 88' lang='lat' dir='ltr'><strong>sed</strong></span> <span class='ocrx_word' id='word_1_187' title='bbox 1379 1897 1495 1968; x_wconf 88' lang='lat' dir='ltr'><strong>ipsa</strong></span> <span class='ocrx_word' id='word_1_188' title='bbox 1521 1913 1553 1952; x_wconf 88' lang='lat' dir='ltr'><strong>a</strong></span> <span class='ocrx_word' id='word_1_189' title='bbox 1575 1896 1860 1968; x_wconf 80' lang='lat' dir='ltr'><strong>Synagoga</strong></span> <span class='ocrx_word' id='word_1_190' title='bbox 1881 1895 2060 1951; x_wconf 86' lang='lat' dir='ltr'><strong>zelum</strong></span> 
     </span>
    </p>
   </div>
   <div class='ocr_carea' id='block_1_19' title="bbox 471 1987 2058 2059">
    <p class='ocr_par' dir='ltr' id='par_1_19' title="bbox 471 1987 2058 2059">
     <span class='ocr_line' id='line_1_19' title="bbox 471 1987 2058 2059; baseline 0.002 -18"><span class='ocrx_word' id='word_1_191' title='bbox 471 1989 692 2057; x_wconf 89' lang='lat' dir='ltr'><strong>patitur,</strong></span> <span class='ocrx_word' id='word_1_192' title='bbox 720 1987 1065 2043; x_wconf 84' lang='lat' dir='ltr'><strong>manifestum</strong></span> <span class='ocrx_word' id='word_1_193' title='bbox 1080 1997 1164 2044; x_wconf 88' lang='lat' dir='ltr'><strong>est</strong></span> <span class='ocrx_word' id='word_1_194' title='bbox 1187 2005 1254 2044; x_wconf 86' lang='lat' dir='ltr'><strong>ex</strong></span> <span class='ocrx_word' id='word_1_195' title='bbox 1275 2004 1340 2043; x_wconf 86' lang='lat' dir='ltr'><strong>eo</strong></span> <span class='ocrx_word' id='word_1_196' title='bbox 1365 1990 1507 2059; x_wconf 90' lang='lat' dir='ltr'><strong>quod</strong></span> <span class='ocrx_word' id='word_1_197' title='bbox 1530 2005 1636 2044; x_wconf 92' lang='lat' dir='ltr'><strong>non</strong></span> <span class='ocrx_word' id='word_1_198' title='bbox 1665 1989 1900 2045; x_wconf 89' lang='lat' dir='ltr'><strong>secunda</strong></span> <span class='ocrx_word' id='word_1_199' title='bbox 1921 2003 2058 2044; x_wconf 79' lang='lat' dir='ltr'><strong>uxor</strong></span> 
     </span>
    </p>
   </div>
   <div class='ocr_carea' id='block_1_20' title="bbox 470 2079 2056 2148">
    <p class='ocr_par' dir='ltr' id='par_1_20' title="bbox 470 2079 2056 2148">
     <span class='ocr_line' id='line_1_20' title="bbox 470 2079 2056 2148; baseline 0.003 -17"><span class='ocrx_word' id='word_1_200' title='bbox 470 2079 723 2146; x_wconf 84' lang='lat' dir='ltr'><strong>primum,</strong></span> <span class='ocrx_word' id='word_1_201' title='bbox 750 2080 846 2134; x_wconf 87' lang='lat' dir='ltr'><strong>sed</strong></span> <span class='ocrx_word' id='word_1_202' title='bbox 863 2080 1036 2148; x_wconf 89' lang='lat' dir='ltr'><strong>prima</strong></span> <span class='ocrx_word' id='word_1_203' title='bbox 1062 2080 1349 2135; x_wconf 59' lang='lat' dir='ltr'><strong>aemulatur</strong></span> <span class='ocrx_word' id='word_1_204' title='bbox 1364 2083 1654 2137; x_wconf 88' lang='lat' dir='ltr'><strong>secundam</strong></span> <span class='ocrx_word' id='word_1_205' title='bbox 1679 2100 1692 2136; x_wconf 89' lang='lat'><strong>:</strong></span> <span class='ocrx_word' id='word_1_206' title='bbox 1719 2082 1858 2137; x_wconf 90' lang='lat' dir='ltr'><strong>sicut</strong></span> <span class='ocrx_word' id='word_1_207' title='bbox 1874 2097 1941 2137; x_wconf 87' lang='lat' dir='ltr'><strong>ex</strong></span> <span class='ocrx_word' id='word_1_208' title='bbox 1963 2081 2056 2136; x_wconf 89' lang='lat' dir='ltr'><strong>de-</strong></span> 
     </span>
    </p>
   </div>
   <div class='ocr_carea' id='block_1_21' title="bbox 471 2168 2056 2241">
    <p class='ocr_par' dir='ltr' id='par_1_21' title="bbox 471 2168 2056 2241">
     <span class='ocr_line' id='line_1_21' title="bbox 471 2168 2056 2241; baseline 0.003 -20"><span class='ocrx_word' id='word_1_209' title='bbox 471 2168 672 2223; x_wconf 88' lang='lat' dir='ltr'><strong>siderio</strong></span> <span class='ocrx_word' id='word_1_210' title='bbox 691 2169 795 2224; x_wconf 85' lang='lat' dir='ltr'><strong>viri</strong></span> <span class='ocrx_word' id='word_1_211' title='bbox 821 2170 1254 2241; x_wconf 84' lang='lat' dir='ltr'><strong>subingrediente</strong></span> <span class='ocrx_word' id='word_1_212' title='bbox 1281 2172 1434 2237; x_wconf 87' lang='lat' dir='ltr'><strong>solet,</strong></span> <span class='ocrx_word' id='word_1_213' title='bbox 1463 2173 1606 2228; x_wconf 89' lang='lat' dir='ltr'><strong>unde</strong></span> <span class='ocrx_word' id='word_1_214' title='bbox 1637 2181 1695 2228; x_wconf 89' lang='lat' dir='ltr'><strong>et</strong></span> <span class='ocrx_word' id='word_1_215' title='bbox 1717 2172 1814 2228; x_wconf 88' lang='lat' dir='ltr'><strong>Lia</strong></span> <span class='ocrx_word' id='word_1_216' title='bbox 1843 2172 2056 2229; x_wconf 86' lang='lat' dir='ltr'><strong>zelaba—</strong></span> 
     </span>
    </p>
   </div>
   <div class='ocr_carea' id='block_1_22' title="bbox 471 2258 812 2313">
    <p class='ocr_par' dir='ltr' id='par_1_22' title="bbox 471 2258 812 2313">
     <span class='ocr_line' id='line_1_22' title="bbox 471 2258 812 2313; baseline 0.009 -3"><span class='ocrx_word' id='word_1_217' title='bbox 471 2266 564 2311; x_wconf 90' lang='lat' dir='ltr'><strong>tur</strong></span> <span class='ocrx_word' id='word_1_218' title='bbox 589 2258 812 2313; x_wconf 82' lang='lat' dir='ltr'><strong>Rachel.</strong></span> 
     </span>
    </p>
   </div>
   <div class='ocr_carea' id='block_1_23' title="bbox 541 2349 2052 2423">
    <p class='ocr_par' dir='ltr' id='par_1_23' title="bbox 541 2349 2052 2423">
     <span class='ocr_line' id='line_1_23' title="bbox 541 2349 2052 2423; baseline 0.004 -21"><span class='ocrx_word' id='word_1_219' title='bbox 541 2349 622 2403; x_wconf 81' lang='lat' dir='ltr'><strong>Ad</strong></span> <span class='ocrx_word' id='word_1_220' title='bbox 644 2350 918 2406; x_wconf 78' lang='lat' dir='ltr'><strong>mulierem</strong></span> <span class='ocrx_word' id='word_1_221' title='bbox 952 2369 1069 2422; x_wconf 77' lang='lat' dir='ltr'><strong>qua:</strong></span> <span class='ocrx_word' id='word_1_222' title='bbox 1093 2354 1294 2423; x_wconf 85' lang='lat' dir='ltr'><strong>patitur</strong></span> <span class='ocrx_word' id='word_1_223' title='bbox 1325 2362 1646 2408; x_wconf 80' lang='lat' dir='ltr'><strong>menstruam</strong></span> <span class='ocrx_word' id='word_1_224' title='bbox 1676 2369 1778 2408; x_wconf 86' lang='lat' dir='ltr'><strong>non</strong></span> <span class='ocrx_word' id='word_1_225' title='bbox 1815 2355 2052 2421; x_wconf 88' lang='lat' dir='ltr'><strong>accedes,</strong></span> 
     </span>
    </p>
   </div>
   <div class='ocr_carea' id='block_1_24' title="bbox 470 2440 2053 2514">
    <p class='ocr_par' dir='ltr' id='par_1_24' title="bbox 470 2440 2053 2514">
     <span class='ocr_line' id='line_1_24' title="bbox 470 2440 2053 2514; baseline 0.004 -21"><span class='ocrx_word' id='word_1_226' title='bbox 470 2455 564 2493; x_wconf 87' lang='lat' dir='ltr'><strong>nec</strong></span> <span class='ocrx_word' id='word_1_227' title='bbox 598 2440 788 2496; x_wconf 81' lang='lat' dir='ltr'><strong>reueles</strong></span> <span class='ocrx_word' id='word_1_228' title='bbox 828 2441 1109 2510; x_wconf 71' lang='lat' dir='ltr'><strong>faditatem</strong></span> <span class='ocrx_word' id='word_1_229' title='bbox 1133 2443 1266 2514; x_wconf 83' lang='lat' dir='ltr'><strong>ejus.</strong></span> <span class='ocrx_word' id='word_1_230' title='bbox 1308 2444 1366 2499; x_wconf 93' lang='lat' dir='ltr'><strong>ld</strong></span> <span class='ocrx_word' id='word_1_231' title='bbox 1403 2453 1504 2509; x_wconf 87' lang='lat' dir='ltr'><strong>est,</strong></span> <span class='ocrx_word' id='word_1_232' title='bbox 1542 2445 1610 2499; x_wconf 89' lang='lat' dir='ltr'><strong>ad</strong></span> <span class='ocrx_word' id='word_1_233' title='bbox 1661 2452 2053 2500; x_wconf 78' lang='lat' dir='ltr'><strong>menstruatam</strong></span> 
     </span>
    </p>
   </div>
   <div class='ocr_carea' id='block_1_25' title="bbox 471 2531 2054 2607">
    <p class='ocr_par' dir='ltr' id='par_1_25' title="bbox 471 2531 2054 2607">
     <span class='ocr_line' id='line_1_25' title="bbox 471 2531 2054 2607; baseline 0.005 -23"><span class='ocrx_word' id='word_1_234' title='bbox 471 2531 752 2588; x_wconf 81' lang='lat' dir='ltr'><strong>mulierem</strong></span> <span class='ocrx_word' id='word_1_235' title='bbox 793 2548 901 2588; x_wconf 92' lang='lat' dir='ltr'><strong>non</strong></span> <span class='ocrx_word' id='word_1_236' title='bbox 943 2534 1212 2590; x_wconf 88' lang='lat' dir='ltr'><strong>accedes:</strong></span> <span class='ocrx_word' id='word_1_237' title='bbox 1242 2535 1628 2607; x_wconf 79' lang='lat' dir='ltr'><strong>segregabatur</strong></span> <span class='ocrx_word' id='word_1_238' title='bbox 1667 2537 1813 2592; x_wconf 90' lang='lat' dir='ltr'><strong>enim</strong></span> <span class='ocrx_word' id='word_1_239' title='bbox 1853 2551 2054 2592; x_wconf 75' lang='lat' dir='ltr'><strong>secun~</strong></span> 
     </span>
    </p>
   </div>
   <div class='ocr_carea' id='block_1_26' title="bbox 469 2624 2053 2698">
    <p class='ocr_par' dir='ltr' id='par_1_26' title="bbox 469 2624 2053 2698">
     <span class='ocr_line' id='line_1_26' title="bbox 469 2624 2053 2698; baseline 0.003 -19"><span class='ocrx_word' id='word_1_240' title='bbox 469 2624 598 2680; x_wconf 90' lang='lat' dir='ltr'><strong>dum</strong></span> <span class='ocrx_word' id='word_1_241' title='bbox 629 2626 800 2696; x_wconf 81' lang='lat' dir='ltr'><strong>legem</strong></span> <span class='ocrx_word' id='word_1_242' title='bbox 827 2635 1048 2697; x_wconf 86' lang='lat' dir='ltr'><strong>propter</strong></span> <span class='ocrx_word' id='word_1_243' title='bbox 1070 2628 1484 2683; x_wconf 86' lang='lat' dir='ltr'><strong>immunditiam.</strong></span> <span class='ocrx_word' id='word_1_244' title='bbox 1515 2627 1628 2683; x_wconf 87' lang='lat' dir='ltr'><strong>Hoc</strong></span> <span class='ocrx_word' id='word_1_245' title='bbox 1654 2644 1776 2684; x_wconf 90' lang='lat' dir='ltr'><strong>cum</strong></span> <span class='ocrx_word' id='word_1_246' title='bbox 1803 2629 2053 2698; x_wconf 82' lang='lat' dir='ltr'><strong>superius</strong></span> 
     </span>
    </p>
   </div>
   <div class='ocr_carea' id='block_1_27' title="bbox 468 2717 2052 2790">
    <p class='ocr_par' dir='ltr' id='par_1_27' title="bbox 468 2717 2052 2790">
     <span class='ocr_line' id='line_1_27' title="bbox 468 2717 2052 2790; baseline 0.001 -18"><span class='ocrx_word' id='word_1_247' title='bbox 468 2717 605 2772; x_wconf 83' lang='lat' dir='ltr'><strong>satis</strong></span> <span class='ocrx_word' id='word_1_248' title='bbox 646 2717 976 2774; x_wconf 81' lang='lat' dir='ltr'><strong>suilicienter</strong></span> <span class='ocrx_word' id='word_1_249' title='bbox 1003 2718 1389 2790; x_wconf 88' lang='lat' dir='ltr'><strong>prohibuisset,</strong></span> <span class='ocrx_word' id='word_1_250' title='bbox 1421 2719 1549 2789; x_wconf 89' lang='lat' dir='ltr'><strong>quid</strong></span> <span class='ocrx_word' id='word_1_251' title='bbox 1592 2719 1694 2774; x_wconf 86' lang='lat' dir='ltr'><strong>sibi</strong></span> <span class='ocrx_word' id='word_1_252' title='bbox 1734 2719 1866 2784; x_wconf 84' lang='lat' dir='ltr'><strong>vult,</strong></span> <span class='ocrx_word' id='word_1_253' title='bbox 1906 2719 2052 2789; x_wconf 89' lang='lat' dir='ltr'><strong>quod</strong></span> 
     </span>
    </p>
   </div>
   <div class='ocr_carea' id='block_1_28' title="bbox 469 2809 2052 2884">
    <p class='ocr_par' dir='ltr' id='par_1_28' title="bbox 469 2809 2052 2884">
     <span class='ocr_line' id='line_1_28' title="bbox 469 2809 2052 2884; baseline 0.003 -20"><span class='ocrx_word' id='word_1_254' title='bbox 469 2809 634 2864; x_wconf 87' lang='lat' dir='ltr'><strong>etiam</strong></span> <span class='ocrx_word' id='word_1_255' title='bbox 677 2811 768 2865; x_wconf 83' lang='lat' dir='ltr'><strong>hic</strong></span> <span class='ocrx_word' id='word_1_256' title='bbox 808 2811 910 2866; x_wconf 92' lang='lat' dir='ltr'><strong>hoc</strong></span> <span class='ocrx_word' id='word_1_257' title='bbox 935 2810 1127 2866; x_wconf 82' lang='lat' dir='ltr'><strong>iisdem</strong></span> <span class='ocrx_word' id='word_1_258' title='bbox 1173 2812 1456 2882; x_wconf 80' lang='lat' dir='ltr'><strong>praeceptis</strong></span> <span class='ocrx_word' id='word_1_259' title='bbox 1502 2812 1672 2868; x_wconf 85' lang='lat' dir='ltr'><strong>voluit</strong></span> <span class='ocrx_word' id='word_1_260' title='bbox 1715 2811 2052 2884; x_wconf 77' lang='lat' dir='ltr'><strong>adiungere?</strong></span> 
     </span>
    </p>
   </div>
   <div class='ocr_carea' id='block_1_29' title="bbox 467 2899 2052 2973">
    <p class='ocr_par' dir='ltr' id='par_1_29' title="bbox 467 2899 2052 2973">
     <span class='ocr_line' id='line_1_29' title="bbox 467 2899 2052 2973; baseline 0.004 -19"><span class='ocrx_word' id='word_1_261' title='bbox 467 2899 550 2954; x_wconf 89' lang='lat' dir='ltr'><strong>An</strong></span> <span class='ocrx_word' id='word_1_262' title='bbox 578 2899 718 2956; x_wconf 75' lang='lat' dir='ltr'><strong>forte</strong></span> <span class='ocrx_word' id='word_1_263' title='bbox 740 2917 812 2957; x_wconf 87' lang='lat' dir='ltr'><strong>ne</strong></span> <span class='ocrx_word' id='word_1_264' title='bbox 849 2902 904 2956; x_wconf 91' lang='lat' dir='ltr'><strong>in</strong></span> <span class='ocrx_word' id='word_1_265' title='bbox 931 2902 1301 2972; x_wconf 85' lang='lat' dir='ltr'><strong>superioribus</strong></span> <span class='ocrx_word' id='word_1_266' title='bbox 1324 2904 1579 2973; x_wconf 87' lang='lat' dir='ltr'><strong>quoniam</strong></span> <span class='ocrx_word' id='word_1_267' title='bbox 1610 2905 1812 2960; x_wconf 90' lang='lat' dir='ltr'><strong>dictum</strong></span> <span class='ocrx_word' id='word_1_268' title='bbox 1842 2913 1949 2971; x_wconf 87' lang='lat' dir='ltr'><strong>est,</strong></span> <span class='ocrx_word' id='word_1_269' title='bbox 1981 2920 2052 2962; x_wconf 90' lang='lat' dir='ltr'><strong>ne</strong></span> 
     </span>
    </p>
   </div>
   <div class='ocr_carea' id='block_1_30' title="bbox 468 2994 2048 3067">
    <p class='ocr_par' dir='ltr' id='par_1_30' title="bbox 468 2994 2048 3067">
     <span class='ocr_line' id='line_1_30' title="bbox 468 2994 2048 3067; baseline 0.003 -19"><span class='ocrx_word' id='word_1_270' title='bbox 468 2994 696 3064; x_wconf 82' lang='lat' dir='ltr'><strong>ﬁgurate</strong></span> <span class='ocrx_word' id='word_1_271' title='bbox 723 2994 1108 3066; x_wconf 79' lang='lat' dir='ltr'><strong>accipiendum</strong></span> <span class='ocrx_word' id='word_1_272' title='bbox 1154 3002 1456 3065; x_wconf 87' lang='lat' dir='ltr'><strong>putaretur,</strong></span> <span class='ocrx_word' id='word_1_273' title='bbox 1481 2996 1647 3051; x_wconf 86' lang='lat' dir='ltr'><strong>etiam</strong></span> <span class='ocrx_word' id='word_1_274' title='bbox 1685 2996 1776 3051; x_wconf 90' lang='lat' dir='ltr'><strong>hic</strong></span> <span class='ocrx_word' id='word_1_275' title='bbox 1808 2997 2048 3067; x_wconf 90' lang='lat' dir='ltr'><strong>positum</strong></span> 
     </span>
    </p>
   </div>
   <div class='ocr_carea' id='block_1_31' title="bbox 465 3083 2046 3157">
    <p class='ocr_par' dir='ltr' id='par_1_31' title="bbox 465 3083 2046 3157">
     <span class='ocr_line' id='line_1_31' title="bbox 465 3083 2046 3157; baseline 0.003 -19"><span class='ocrx_word' id='word_1_276' title='bbox 465 3091 570 3147; x_wconf 90' lang='lat' dir='ltr'><strong>est,</strong></span> <span class='ocrx_word' id='word_1_277' title='bbox 593 3084 688 3138; x_wconf 88' lang='lat' dir='ltr'><strong>ubi</strong></span> <span class='ocrx_word' id='word_1_278' title='bbox 713 3083 841 3138; x_wconf 90' lang='lat' dir='ltr'><strong>talia</strong></span> <span class='ocrx_word' id='word_1_279' title='bbox 867 3085 1138 3154; x_wconf 86' lang='lat' dir='ltr'><strong>prohibita</strong></span> <span class='ocrx_word' id='word_1_280' title='bbox 1159 3093 1288 3140; x_wconf 87' lang='lat' dir='ltr'><strong>sunt</strong></span> <span class='ocrx_word' id='word_1_281' title='bbox 1305 3101 1428 3154; x_wconf 72' lang='lat' dir='ltr'><strong>qum</strong></span> <span class='ocrx_word' id='word_1_282' title='bbox 1450 3087 1616 3142; x_wconf 85' lang='lat' dir='ltr'><strong>etiam</strong></span> <span class='ocrx_word' id='word_1_283' title='bbox 1647 3094 1886 3157; x_wconf 87' lang='lat' dir='ltr'><strong>tempore</strong></span> <span class='ocrx_word' id='word_1_284' title='bbox 1911 3086 2046 3142; x_wconf 84' lang='lat' dir='ltr'><strong>Novi</strong></span> 
     </span>
    </p>
   </div>
   <div class='ocr_carea' id='block_1_32' title="bbox 2155 987 3734 1059">
    <p class='ocr_par' dir='ltr' id='par_1_32' title="bbox 2155 987 3734 1059">
     <span class='ocr_line' id='line_1_32' title="bbox 2155 987 3734 1059; baseline 0 -17"><span class='ocrx_word' id='word_1_285' title='bbox 2155 995 2248 1042; x_wconf 88' lang='lat' dir='ltr'><strong>tur</strong></span> <span class='ocrx_word' id='word_1_286' title='bbox 2271 1006 2285 1041; x_wconf 86' lang='lat'><strong>:</strong></span> <span class='ocrx_word' id='word_1_287' title='bbox 2316 987 2443 1057; x_wconf 84' lang='lat' dir='ltr'><strong>quia</strong></span> <span class='ocrx_word' id='word_1_288' title='bbox 2465 987 2770 1042; x_wconf 78' lang='lat' dir='ltr'><strong>honorabile</strong></span> <span class='ocrx_word' id='word_1_289' title='bbox 2787 997 2865 1042; x_wconf 81' lang='lat' dir='ltr'><strong>est</strong></span> <span class='ocrx_word' id='word_1_290' title='bbox 2887 989 3193 1059; x_wconf 71' lang='lat' dir='ltr'><strong>confugium</strong></span> <span class='ocrx_word' id='word_1_291' title='bbox 3217 998 3268 1042; x_wconf 85' lang='lat' dir='ltr'><strong>et</strong></span> <span class='ocrx_word' id='word_1_292' title='bbox 3287 989 3473 1042; x_wconf 80' lang='lat' dir='ltr'><strong>thorus</strong></span> <span class='ocrx_word' id='word_1_293' title='bbox 3492 989 3734 1042; x_wconf 71' lang='lat' dir='ltr'><strong>inmacu-</strong></span> 
     </span>
    </p>
   </div>
   <div class='ocr_carea' id='block_1_33' title="bbox 2105 1080 3733 1154">
    <p class='ocr_par' dir='ltr' id='par_1_33' title="bbox 2105 1080 3733 1154">
     <span class='ocr_line' id='line_1_33' title="bbox 2105 1080 3733 1154; baseline -0.001 -19"><span class='ocrx_word' id='word_1_294' title='bbox 2105 1125 2110 1127; x_wconf 93' lang='lat'><strong>.</strong></span> <span class='ocrx_word' id='word_1_295' title='bbox 2156 1080 2295 1137; x_wconf 71' lang='lat' dir='ltr'><strong>latas</strong></span> <span class='ocrx_word' id='word_1_296' title='bbox 2318 1080 2504 1152; x_wconf 84' lang='lat' dir='ltr'><strong>(Hebr.</strong></span> <span class='ocrx_word' id='word_1_297' title='bbox 2532 1082 2656 1154; x_wconf 77' lang='lat' dir='ltr'><strong>xm)</strong></span> <span class='ocrx_word' id='word_1_298' title='bbox 2685 1099 2700 1135; x_wconf 91' lang='lat'><strong>:</strong></span> <span class='ocrx_word' id='word_1_299' title='bbox 2735 1081 2828 1137; x_wconf 90' lang='lat' dir='ltr'><strong>sed</strong></span> <span class='ocrx_word' id='word_1_300' title='bbox 2856 1093 2984 1136; x_wconf 84' lang='lat' dir='ltr'><strong>cum</strong></span> <span class='ocrx_word' id='word_1_301' title='bbox 3009 1080 3252 1136; x_wconf 86' lang='lat' dir='ltr'><strong>sensibili</strong></span> <span class='ocrx_word' id='word_1_302' title='bbox 3283 1081 3660 1144; x_wconf 80' lang='lat' dir='ltr'><strong>fornicatione,</strong></span> <span class='ocrx_word' id='word_1_303' title='bbox 3686 1089 3733 1134; x_wconf 86' lang='lat' dir='ltr'><strong>et</strong></span> 
     </span>
    </p>
   </div>
   <div class='ocr_carea' id='block_1_34' title="bbox 2157 1170 3726 1243">
    <p class='ocr_par' dir='ltr' id='par_1_34' title="bbox 2157 1170 3726 1243">
     <span class='ocr_line' id='line_1_34' title="bbox 2157 1170 3726 1243; baseline -0.003 -16"><span class='ocrx_word' id='word_1_304' title='bbox 2157 1173 2226 1227; x_wconf 88' lang='lat' dir='ltr'><strong>ab</strong></span> <span class='ocrx_word' id='word_1_305' title='bbox 2259 1170 2578 1243; x_wconf 84' lang='lat' dir='ltr'><strong>intelligibili</strong></span> <span class='ocrx_word' id='word_1_306' title='bbox 2605 1176 2712 1226; x_wconf 64' lang='lat' dir='ltr'><strong>nos&quot;</strong></span> <span class='ocrx_word' id='word_1_307' title='bbox 2729 1185 3011 1227; x_wconf 82' lang='lat' dir='ltr'><strong>removere</strong></span> <span class='ocrx_word' id='word_1_308' title='bbox 3044 1173 3286 1225; x_wconf 83' lang='lat' dir='ltr'><strong>maximo</strong></span> <span class='ocrx_word' id='word_1_309' title='bbox 3321 1171 3502 1225; x_wconf 85' lang='lat' dir='ltr'><strong>studio</strong></span> <span class='ocrx_word' id='word_1_310' title='bbox 3529 1170 3726 1230; x_wconf 86' lang='lat' dir='ltr'><strong>nititur,</strong></span> 
     </span>
    </p>
   </div>
   <div class='ocr_carea' id='block_1_35' title="bbox 2154 1261 3732 1334">
    <p class='ocr_par' dir='ltr' id='par_1_35' title="bbox 2154 1261 3732 1334">
     <span class='ocr_line' id='line_1_35' title="bbox 2154 1261 3732 1334; baseline -0.004 -16"><span class='ocrx_word' id='word_1_311' title='bbox 2154 1271 2374 1334; x_wconf 83' lang='lat' dir='ltr'><strong>propter</strong></span> <span class='ocrx_word' id='word_1_312' title='bbox 2389 1264 2532 1333; x_wconf 80' lang='lat' dir='ltr'><strong>quod</strong></span> <span class='ocrx_word' id='word_1_313' title='bbox 2549 1263 2783 1320; x_wconf 83' lang='lat' dir='ltr'><strong>subdidit</strong></span> <span class='ocrx_word' id='word_1_314' title='bbox 2802 1282 2814 1316; x_wconf 92' lang='lat'><strong>:</strong></span> <span class='ocrx_word' id='word_1_315' title='bbox 2839 1263 2916 1317; x_wconf 86' lang='lat' dir='ltr'><strong>De</strong></span> <span class='ocrx_word' id='word_1_316' title='bbox 2936 1263 3132 1317; x_wconf 87' lang='lat' dir='ltr'><strong>semine</strong></span> <span class='ocrx_word' id='word_1_317' title='bbox 3151 1272 3242 1316; x_wconf 87' lang='lat' dir='ltr'><strong>tuo</strong></span> <span class='ocrx_word' id='word_1_318' title='bbox 3255 1278 3362 1316; x_wconf 82' lang='lat' dir='ltr'><strong>non</strong></span> <span class='ocrx_word' id='word_1_319' title='bbox 3379 1261 3533 1314; x_wconf 85' lang='lat' dir='ltr'><strong>dabis</strong></span> <span class='ocrx_word' id='word_1_320' title='bbox 3557 1261 3732 1313; x_wconf 63' lang='lat' dir='ltr'><strong>servire</strong></span> 
     </span>
    </p>
   </div>
   <div class='ocr_carea' id='block_1_36' title="bbox 2158 1349 3730 1423">
    <p class='ocr_par' dir='ltr' id='par_1_36' title="bbox 2158 1349 3730 1423">
     <span class='ocr_line' id='line_1_36' title="bbox 2158 1349 3730 1423; baseline -0.001 -16"><span class='ocrx_word' id='word_1_321' title='bbox 2158 1351 2399 1417; x_wconf 79' lang='lat' dir='ltr'><strong>Moloch;</strong></span> <span class='ocrx_word' id='word_1_322' title='bbox 2442 1352 2556 1407; x_wconf 82' lang='lat' dir='ltr'><strong>sive</strong></span> <span class='ocrx_word' id='word_1_323' title='bbox 2599 1361 2664 1407; x_wconf 84' lang='lat' dir='ltr'><strong>ut</strong></span> <span class='ocrx_word' id='word_1_324' title='bbox 2707 1352 3077 1423; x_wconf 77' lang='lat' dir='ltr'><strong>Septuaginta,</strong></span> <span class='ocrx_word' id='word_1_325' title='bbox 3123 1351 3366 1422; x_wconf 77' lang='lat' dir='ltr'><strong>principi.</strong></span> <span class='ocrx_word' id='word_1_326' title='bbox 3419 1349 3522 1405; x_wconf 86' lang='lat' dir='ltr'><strong>Cui</strong></span> <span class='ocrx_word' id='word_1_327' title='bbox 3566 1359 3730 1405; x_wconf 75' lang='lat' dir='ltr'><strong>auten</strong></span> 
     </span>
    </p>
   </div>
   <div class='ocr_carea' id='block_1_37' title="bbox 2093 1440 3728 1512">
    <p class='ocr_par' dir='ltr' id='par_1_37' title="bbox 2093 1440 3728 1512">
     <span class='ocr_line' id='line_1_37' title="bbox 2093 1440 3728 1512; baseline -0.001 -16"><span class='ocrx_word' id='word_1_328' title='bbox 2093 1449 2097 1456; x_wconf 93' lang='lat'><em>‘</em></span> <span class='ocrx_word' id='word_1_329' title='bbox 2155 1443 2386 1512; x_wconf 90' lang='lat' dir='ltr'><strong>principi</strong></span> <span class='ocrx_word' id='word_1_330' title='bbox 2433 1451 2618 1498; x_wconf 85' lang='lat' dir='ltr'><strong>nostra</strong></span> <span class='ocrx_word' id='word_1_331' title='bbox 2650 1443 2931 1497; x_wconf 88' lang='lat' dir='ltr'><strong>translatio</strong></span> <span class='ocrx_word' id='word_1_332' title='bbox 2971 1450 3027 1497; x_wconf 92' lang='lat' dir='ltr'><strong>et</strong></span> <span class='ocrx_word' id='word_1_333' title='bbox 3063 1441 3255 1510; x_wconf 89' lang='lat' dir='ltr'><strong>reliqui</strong></span> <span class='ocrx_word' id='word_1_334' title='bbox 3291 1440 3620 1510; x_wconf 88' lang='lat' dir='ltr'><strong>interpretes</strong></span> <span class='ocrx_word' id='word_1_335' title='bbox 3649 1455 3728 1495; x_wconf 88' lang='lat' dir='ltr'><strong>os-</strong></span> 
     </span>
    </p>
   </div>
   <div class='ocr_carea' id='block_1_38' title="bbox 2156 1533 3728 1604">
    <p class='ocr_par' dir='ltr' id='par_1_38' title="bbox 2156 1533 3728 1604">
     <span class='ocr_line' id='line_1_38' title="bbox 2156 1533 3728 1604; baseline 0.001 -17"><span class='ocrx_word' id='word_1_336' title='bbox 2156 1535 2462 1590; x_wconf 89' lang='lat' dir='ltr'><strong>tenderunt.</strong></span> <span class='ocrx_word' id='word_1_337' title='bbox 2500 1535 2605 1604; x_wconf 90' lang='lat' dir='ltr'><strong>Ipsi</strong></span> <span class='ocrx_word' id='word_1_338' title='bbox 2633 1535 2777 1589; x_wconf 89' lang='lat' dir='ltr'><strong>enim</strong></span> <span class='ocrx_word' id='word_1_339' title='bbox 2808 1533 3016 1590; x_wconf 84' lang='lat' dir='ltr'><strong>Moloch</strong></span> <span class='ocrx_word' id='word_1_340' title='bbox 3044 1549 3144 1604; x_wconf 87' lang='lat' dir='ltr'><strong>pro</strong></span> <span class='ocrx_word' id='word_1_341' title='bbox 3173 1548 3263 1599; x_wconf 89' lang='lat' dir='ltr'><strong>eo,</strong></span> <span class='ocrx_word' id='word_1_342' title='bbox 3292 1533 3440 1602; x_wconf 90' lang='lat' dir='ltr'><strong>quod</strong></span> <span class='ocrx_word' id='word_1_343' title='bbox 3479 1541 3566 1587; x_wconf 90' lang='lat' dir='ltr'><strong>est</strong></span> <span class='ocrx_word' id='word_1_344' title='bbox 3592 1533 3728 1603; x_wconf 87' lang='lat' dir='ltr'><strong>prin-</strong></span> 
     </span>
    </p>
   </div>
   <div class='ocr_carea' id='block_1_39' title="bbox 2155 1624 3726 1696">
    <p class='ocr_par' dir='ltr' id='par_1_39' title="bbox 2155 1624 3726 1696">
     <span class='ocr_line' id='line_1_39' title="bbox 2155 1624 3726 1696; baseline -0.003 -14"><span class='ocrx_word' id='word_1_345' title='bbox 2155 1626 2283 1696; x_wconf 87' lang='lat' dir='ltr'><strong>cipi,</strong></span> <span class='ocrx_word' id='word_1_346' title='bbox 2309 1641 2545 1682; x_wconf 90' lang='lat' dir='ltr'><strong>consone</strong></span> <span class='ocrx_word' id='word_1_347' title='bbox 2588 1627 2908 1692; x_wconf 88' lang='lat' dir='ltr'><strong>ediderunt;</strong></span> <span class='ocrx_word' id='word_1_348' title='bbox 2939 1626 3142 1682; x_wconf 90' lang='lat' dir='ltr'><strong>idolum</strong></span> <span class='ocrx_word' id='word_1_349' title='bbox 3183 1633 3364 1680; x_wconf 90' lang='lat' dir='ltr'><strong>autem</strong></span> <span class='ocrx_word' id='word_1_350' title='bbox 3407 1626 3515 1680; x_wconf 83' lang='lat' dir='ltr'><strong>hoc</strong></span> <span class='ocrx_word' id='word_1_351' title='bbox 3559 1624 3726 1688; x_wconf 80' lang='lat' dir='ltr'><strong>fuisse,</strong></span> 
     </span>
    </p>
   </div>
   <div class='ocr_carea' id='block_1_40' title="bbox 2157 1718 3726 1789">
    <p class='ocr_par' dir='ltr' id='par_1_40' title="bbox 2157 1718 3726 1789">
     <span class='ocr_line' id='line_1_40' title="bbox 2157 1718 3726 1789; baseline -0.002 -14"><span class='ocrx_word' id='word_1_352' title='bbox 2157 1720 2320 1775; x_wconf 88' lang='lat' dir='ltr'><strong>etiam</strong></span> <span class='ocrx_word' id='word_1_353' title='bbox 2347 1719 2655 1789; x_wconf 87' lang='lat' dir='ltr'><strong>Stephanus</strong></span> <span class='ocrx_word' id='word_1_354' title='bbox 2693 1720 3044 1785; x_wconf 88' lang='lat' dir='ltr'><strong>concionans,</strong></span> <span class='ocrx_word' id='word_1_355' title='bbox 3093 1718 3330 1772; x_wconf 80' lang='lat' dir='ltr'><strong>maxime</strong></span> <span class='ocrx_word' id='word_1_356' title='bbox 3368 1726 3551 1772; x_wconf 89' lang='lat' dir='ltr'><strong>autem</strong></span> <span class='ocrx_word' id='word_1_357' title='bbox 3585 1719 3726 1772; x_wconf 80' lang='lat' dir='ltr'><strong>Amos</strong></span> 
     </span>
    </p>
   </div>
   <div class='ocr_carea' id='block_1_41' title="bbox 2083 1805 3726 1880">
    <p class='ocr_par' dir='ltr' id='par_1_41' title="bbox 2083 1805 3726 1880">
     <span class='ocr_line' id='line_1_41' title="bbox 2083 1805 3726 1880; baseline -0.004 -16"><span class='ocrx_word' id='word_1_358' title='bbox 2083 1819 2133 1880; x_wconf 79' lang='grc' dir='ltr'><strong>Β</strong></span> <span class='ocrx_word' id='word_1_359' title='bbox 2159 1817 2286 1864; x_wconf 88' lang='lat' dir='ltr'><strong>ante</strong></span> <span class='ocrx_word' id='word_1_360' title='bbox 2325 1824 2474 1874; x_wconf 88' lang='lat' dir='ltr'><strong>eum,</strong></span> <span class='ocrx_word' id='word_1_361' title='bbox 2511 1809 2843 1878; x_wconf 87' lang='lat' dir='ltr'><strong>prophetans</strong></span> <span class='ocrx_word' id='word_1_362' title='bbox 2883 1807 3302 1871; x_wconf 82' lang='lat' dir='ltr'><strong>demonstravit;</strong></span> <span class='ocrx_word' id='word_1_363' title='bbox 3345 1807 3422 1861; x_wconf 88' lang='lat' dir='ltr'><strong>ait</strong></span> <span class='ocrx_word' id='word_1_364' title='bbox 3459 1807 3605 1861; x_wconf 90' lang='lat' dir='ltr'><strong>enim</strong></span> <span class='ocrx_word' id='word_1_365' title='bbox 3631 1827 3644 1859; x_wconf 91' lang='lat'><strong>:</strong></span> <span class='ocrx_word' id='word_1_366' title='bbox 3669 1805 3726 1858; x_wconf 81' lang='lat' dir='ltr'><strong>Et</strong></span> 
     </span>
    </p>
   </div>
   <div class='ocr_carea' id='block_1_42' title="bbox 2160 1897 3724 1971">
    <p class='ocr_par' dir='ltr' id='par_1_42' title="bbox 2160 1897 3724 1971">
     <span class='ocr_line' id='line_1_42' title="bbox 2160 1897 3724 1971; baseline -0.004 -17"><span class='ocrx_word' id='word_1_367' title='bbox 2160 1901 2408 1971; x_wconf 83' lang='lat' dir='ltr'><strong>portastis</strong></span> <span class='ocrx_word' id='word_1_368' title='bbox 2448 1898 2843 1954; x_wconf 72' lang='lat' dir='ltr'><strong>tabernaculum</strong></span> <span class='ocrx_word' id='word_1_369' title='bbox 2882 1897 3093 1952; x_wconf 72' lang='grc' dir='ltr'><strong>Ποιοεὴ</strong></span> <span class='ocrx_word' id='word_1_370' title='bbox 3144 1906 3344 1963; x_wconf 81' lang='lat' dir='ltr'><strong>oestro,</strong></span> <span class='ocrx_word' id='word_1_371' title='bbox 3380 1906 3428 1950; x_wconf 89' lang='lat' dir='ltr'><strong>et</strong></span> <span class='ocrx_word' id='word_1_372' title='bbox 3463 1898 3724 1965; x_wconf 67' lang='lat' dir='ltr'><strong>imaginem</strong></span> 
     </span>
    </p>
   </div>
   <div class='ocr_carea' id='block_1_43' title="bbox 2159 1986 3723 2057">
    <p class='ocr_par' dir='ltr' id='par_1_43' title="bbox 2159 1986 3723 2057">
     <span class='ocr_line' id='line_1_43' title="bbox 2159 1986 3723 2057; baseline -0.004 -13"><span class='ocrx_word' id='word_1_373' title='bbox 2159 1989 2420 2044; x_wconf 84' lang='lat' dir='ltr'><strong>idolorum</strong></span> <span class='ocrx_word' id='word_1_374' title='bbox 2447 1998 2733 2044; x_wconf 83' lang='lat' dir='ltr'><strong>vestrorum</strong></span> <span class='ocrx_word' id='word_1_375' title='bbox 2751 1988 2897 2042; x_wconf 85' lang='lat' dir='ltr'><strong>sidus</strong></span> <span class='ocrx_word' id='word_1_376' title='bbox 2915 1987 3012 2042; x_wconf 89' lang='lat' dir='ltr'><strong>Dei</strong></span> <span class='ocrx_word' id='word_1_377' title='bbox 3035 1989 3212 2053; x_wconf 82' lang='lat' dir='ltr'><strong>vestri,</strong></span> <span class='ocrx_word' id='word_1_378' title='bbox 3233 2003 3350 2057; x_wconf 72' lang='lat' dir='ltr'><strong>qua:</strong></span> <span class='ocrx_word' id='word_1_379' title='bbox 3373 1986 3574 2055; x_wconf 82' lang='lat' dir='ltr'><strong>fecistis</strong></span> <span class='ocrx_word' id='word_1_380' title='bbox 3603 1987 3723 2039; x_wconf 73' lang='lat' dir='ltr'><strong>vobis</strong></span> 
     </span>
    </p>
   </div>
   <div class='ocr_carea' id='block_1_44' title="bbox 2161 2077 3722 2152">
    <p class='ocr_par' dir='ltr' id='par_1_44' title="bbox 2161 2077 3722 2152">
     <span class='ocr_line' id='line_1_44' title="bbox 2161 2077 3722 2152; baseline -0.001 -20"><span class='ocrx_word' id='word_1_381' title='bbox 2161 2078 2340 2152; x_wconf 89' lang='lat' dir='ltr'><strong>(Amos</strong></span> <span class='ocrx_word' id='word_1_382' title='bbox 2365 2078 2440 2152; x_wconf 75' lang='grc' dir='ltr'><strong>ν).</strong></span> <span class='ocrx_word' id='word_1_383' title='bbox 2465 2077 2659 2134; x_wconf 89' lang='lat' dir='ltr'><strong>Semen</strong></span> <span class='ocrx_word' id='word_1_384' title='bbox 2682 2087 2860 2133; x_wconf 85' lang='lat' dir='ltr'><strong>autem</strong></span> <span class='ocrx_word' id='word_1_385' title='bbox 2881 2092 2990 2133; x_wconf 92' lang='lat' dir='ltr'><strong>non</strong></span> <span class='ocrx_word' id='word_1_386' title='bbox 3009 2078 3185 2133; x_wconf 91' lang='lat' dir='ltr'><strong>solum</strong></span> <span class='ocrx_word' id='word_1_387' title='bbox 3206 2086 3490 2148; x_wconf 83' lang='lat' dir='ltr'><strong>cognatos,</strong></span> <span class='ocrx_word' id='word_1_388' title='bbox 3511 2077 3605 2131; x_wconf 89' lang='lat' dir='ltr'><strong>sed</strong></span> <span class='ocrx_word' id='word_1_389' title='bbox 3622 2091 3722 2132; x_wconf 84' lang='lat' dir='ltr'><strong>om-</strong></span> 
     </span>
    </p>
   </div>
   <div class='ocr_carea' id='block_1_45' title="bbox 2158 2171 3725 2242">
    <p class='ocr_par' dir='ltr' id='par_1_45' title="bbox 2158 2171 3725 2242">
     <span class='ocr_line' id='line_1_45' title="bbox 2158 2171 3725 2242; baseline -0.002 -18"><span class='ocrx_word' id='word_1_390' title='bbox 2158 2185 2282 2224; x_wconf 89' lang='lat' dir='ltr'><strong>nem</strong></span> <span class='ocrx_word' id='word_1_391' title='bbox 2305 2179 2543 2225; x_wconf 90' lang='lat' dir='ltr'><strong>nostram</strong></span> <span class='ocrx_word' id='word_1_392' title='bbox 2571 2171 2840 2227; x_wconf 89' lang='lat' dir='ltr'><strong>actionem</strong></span> <span class='ocrx_word' id='word_1_393' title='bbox 2865 2180 2920 2226; x_wconf 89' lang='lat' dir='ltr'><strong>et</strong></span> <span class='ocrx_word' id='word_1_394' title='bbox 2943 2172 3243 2227; x_wconf 87' lang='lat' dir='ltr'><strong>doctrinam</strong></span> <span class='ocrx_word' id='word_1_395' title='bbox 3270 2171 3651 2242; x_wconf 74' lang='lat' dir='ltr'><strong>intelligamus,</strong></span> <span class='ocrx_word' id='word_1_396' title='bbox 3677 2177 3725 2222; x_wconf 92' lang='lat' dir='ltr'><strong>nt</strong></span> 
     </span>
    </p>
   </div>
   <div class='ocr_carea' id='block_1_46' title="bbox 2157 2254 3722 2317">
    <p class='ocr_par' dir='ltr' id='par_1_46' title="bbox 2157 2254 3722 2317">
     <span class='ocr_line' id='line_1_46' title="bbox 2157 2254 3722 2317; baseline -0.003 -2"><span class='ocrx_word' id='word_1_397' title='bbox 2157 2254 2260 2315; x_wconf 83' lang='lat' dir='ltr'><strong>nec</strong></span> <span class='ocrx_word' id='word_1_398' title='bbox 2301 2262 2570 2316; x_wconf 84' lang='lat' dir='ltr'><strong>actionem</strong></span> <span class='ocrx_word' id='word_1_399' title='bbox 2602 2269 2846 2316; x_wconf 89' lang='lat' dir='ltr'><strong>nostram</strong></span> <span class='ocrx_word' id='word_1_400' title='bbox 2881 2262 3070 2317; x_wconf 90' lang='lat' dir='ltr'><strong>demus</strong></span> <span class='ocrx_word' id='word_1_401' title='bbox 3093 2261 3162 2317; x_wconf 88' lang='lat' dir='ltr'><strong>ad</strong></span> <span class='ocrx_word' id='word_1_402' title='bbox 3181 2260 3528 2317; x_wconf 81' lang='lat' dir='ltr'><strong>serviendum</strong></span> <span class='ocrx_word' id='word_1_403' title='bbox 3547 2258 3722 2314; x_wconf 84' lang='lat' dir='ltr'><strong>idolis:</strong></span> 
     </span>
    </p>
   </div>
   <div class='ocr_carea' id='block_1_47' title="bbox 2158 2349 3724 2423">
    <p class='ocr_par' dir='ltr' id='par_1_47' title="bbox 2158 2349 3724 2423">
     <span class='ocr_line' id='line_1_47' title="bbox 2158 2349 3724 2423; baseline -0.001 -18"><span class='ocrx_word' id='word_1_404' title='bbox 2158 2350 2283 2420; x_wconf 87' lang='lat' dir='ltr'><strong>quia</strong></span> <span class='ocrx_word' id='word_1_405' title='bbox 2301 2351 2453 2404; x_wconf 66' lang='lat' dir='ltr'><strong>radiat</strong></span> <span class='ocrx_word' id='word_1_406' title='bbox 2465 2353 2694 2406; x_wconf 73' lang='lat' dir='ltr'><strong>manium</strong></span> <span class='ocrx_word' id='word_1_407' title='bbox 2711 2351 3244 2423; x_wconf 84' lang='lat' dir='ltr'><strong>malorumcupiditas</strong></span> <span class='ocrx_word' id='word_1_408' title='bbox 3265 2350 3349 2423; x_wconf 81' lang='lat' dir='ltr'><strong>(Il</strong></span> <span class='ocrx_word' id='word_1_409' title='bbox 3370 2349 3724 2420; x_wconf 65' lang='lat' dir='ltr'><strong>Tim.vr),qn8</strong></span> 
     </span>
    </p>
   </div>
   <div class='ocr_carea' id='block_1_48' title="bbox 2156 2439 3722 2512">
    <p class='ocr_par' dir='ltr' id='par_1_48' title="bbox 2156 2439 3722 2512">
     <span class='ocr_line' id='line_1_48' title="bbox 2156 2439 3722 2512; baseline -0.004 -12"><span class='ocrx_word' id='word_1_410' title='bbox 2156 2450 2241 2500; x_wconf 90' lang='lat' dir='ltr'><strong>est</strong></span> <span class='ocrx_word' id='word_1_411' title='bbox 2260 2443 2522 2498; x_wconf 90' lang='lat' dir='ltr'><strong>idolorum</strong></span> <span class='ocrx_word' id='word_1_412' title='bbox 2543 2445 2803 2510; x_wconf 78' lang='lat' dir='ltr'><strong>servitus;</strong></span> <span class='ocrx_word' id='word_1_413' title='bbox 2829 2445 2922 2499; x_wconf 89' lang='lat' dir='ltr'><strong>sed</strong></span> <span class='ocrx_word' id='word_1_414' title='bbox 2944 2444 3075 2499; x_wconf 85' lang='lat' dir='ltr'><strong>talia</strong></span> <span class='ocrx_word' id='word_1_415' title='bbox 3097 2445 3387 2499; x_wconf 85' lang='lat' dir='ltr'><strong>doceamus</strong></span> <span class='ocrx_word' id='word_1_416' title='bbox 3407 2457 3528 2512; x_wconf 74' lang='lat' dir='ltr'><strong>qua:</strong></span> <span class='ocrx_word' id='word_1_417' title='bbox 3547 2457 3647 2498; x_wconf 84' lang='lat' dir='ltr'><strong>non</strong></span> <span class='ocrx_word' id='word_1_418' title='bbox 3666 2439 3722 2495; x_wconf 84' lang='lat' dir='ltr'><strong>ad</strong></span> 
     </span>
    </p>
   </div>
   <div class='ocr_carea' id='block_1_49' title="bbox 2157 2530 3719 2604">
    <p class='ocr_par' dir='ltr' id='par_1_49' title="bbox 2157 2530 3719 2604">
     <span class='ocr_line' id='line_1_49' title="bbox 2157 2530 3719 2604; baseline -0.003 -16"><span class='ocrx_word' id='word_1_419' title='bbox 2157 2534 2363 2588; x_wconf 90' lang='lat' dir='ltr'><strong>erroris</strong></span> <span class='ocrx_word' id='word_1_420' title='bbox 2385 2533 2656 2589; x_wconf 83' lang='lat' dir='ltr'><strong>idolorum</strong></span> <span class='ocrx_word' id='word_1_421' title='bbox 2681 2535 3015 2604; x_wconf 83' lang='lat' dir='ltr'><strong>impietatem</strong></span> <span class='ocrx_word' id='word_1_422' title='bbox 3038 2535 3328 2604; x_wconf 83' lang='lat' dir='ltr'><strong>pertinent.</strong></span> <span class='ocrx_word' id='word_1_423' title='bbox 3354 2531 3446 2588; x_wconf 88' lang='lat' dir='ltr'><strong>Sic</strong></span> <span class='ocrx_word' id='word_1_424' title='bbox 3473 2532 3616 2587; x_wconf 88' lang='lat' dir='ltr'><strong>enim</strong></span> <span class='ocrx_word' id='word_1_425' title='bbox 3648 2530 3719 2585; x_wconf 88' lang='lat' dir='ltr'><strong>in-</strong></span> 
     </span>
    </p>
   </div>
   <div class='ocr_carea' id='block_1_50' title="bbox 2157 2626 3722 2699">
    <p class='ocr_par' dir='ltr' id='par_1_50' title="bbox 2157 2626 3722 2699">
     <span class='ocr_line' id='line_1_50' title="bbox 2157 2626 3722 2699; baseline 0 -19"><span class='ocrx_word' id='word_1_426' title='bbox 2157 2626 2364 2698; x_wconf 86' lang='lat' dir='ltr'><strong>telliges</strong></span> <span class='ocrx_word' id='word_1_427' title='bbox 2391 2640 2497 2682; x_wconf 90' lang='lat' dir='ltr'><strong>non</strong></span> <span class='ocrx_word' id='word_1_428' title='bbox 2523 2637 2774 2699; x_wconf 87' lang='lat' dir='ltr'><strong>oportere</strong></span> <span class='ocrx_word' id='word_1_429' title='bbox 2811 2629 2878 2684; x_wconf 87' lang='lat' dir='ltr'><strong>ad</strong></span> <span class='ocrx_word' id='word_1_430' title='bbox 2915 2628 3198 2685; x_wconf 88' lang='lat' dir='ltr'><strong>mulierem</strong></span> <span class='ocrx_word' id='word_1_431' title='bbox 3226 2643 3345 2698; x_wconf 67' lang='lat' dir='ltr'><strong>quae</strong></span> <span class='ocrx_word' id='word_1_432' title='bbox 3369 2629 3425 2683; x_wconf 91' lang='lat' dir='ltr'><strong>in</strong></span> <span class='ocrx_word' id='word_1_433' title='bbox 3450 2628 3722 2683; x_wconf 77' lang='lat' dir='ltr'><strong>menstruis</strong></span> 
     </span>
    </p>
   </div>
   <div class='ocr_carea' id='block_1_51' title="bbox 2155 2718 3722 2792">
    <p class='ocr_par' dir='ltr' id='par_1_51' title="bbox 2155 2718 3722 2792">
     <span class='ocr_line' id='line_1_51' title="bbox 2155 2718 3722 2792; baseline -0.002 -17"><span class='ocrx_word' id='word_1_434' title='bbox 2155 2718 2453 2775; x_wconf 88' lang='lat' dir='ltr'><strong>constituta</strong></span> <span class='ocrx_word' id='word_1_435' title='bbox 2487 2729 2570 2776; x_wconf 83' lang='lat' dir='ltr'><strong>est</strong></span> <span class='ocrx_word' id='word_1_436' title='bbox 2605 2720 2810 2792; x_wconf 80' lang='lat' dir='ltr'><strong>ingredi</strong></span> <span class='ocrx_word' id='word_1_437' title='bbox 2853 2721 2920 2775; x_wconf 89' lang='lat' dir='ltr'><strong>ad</strong></span> <span class='ocrx_word' id='word_1_438' title='bbox 2970 2721 3314 2776; x_wconf 83' lang='lat' dir='ltr'><strong>revelandam</strong></span> <span class='ocrx_word' id='word_1_439' title='bbox 3351 2719 3722 2790; x_wconf 78' lang='lat' dir='ltr'><strong>turpitudinem</strong></span> 
     </span>
    </p>
   </div>
   <div class='ocr_carea' id='block_1_52' title="bbox 2155 2807 3726 2883">
    <p class='ocr_par' dir='ltr' id='par_1_52' title="bbox 2155 2807 3726 2883">
     <span class='ocr_line' id='line_1_52' title="bbox 2155 2807 3726 2883; baseline -0.001 -18"><span class='ocrx_word' id='word_1_440' title='bbox 2155 2807 2292 2878; x_wconf 86' lang='lat' dir='ltr'><strong>ejus,</strong></span> <span class='ocrx_word' id='word_1_441' title='bbox 2307 2819 2370 2865; x_wconf 92' lang='lat' dir='ltr'><strong>ut</strong></span> <span class='ocrx_word' id='word_1_442' title='bbox 2382 2823 2489 2866; x_wconf 92' lang='lat' dir='ltr'><strong>non</strong></span> <span class='ocrx_word' id='word_1_443' title='bbox 2505 2811 2560 2864; x_wconf 89' lang='lat' dir='ltr'><strong>in</strong></span> <span class='ocrx_word' id='word_1_444' title='bbox 2581 2824 2771 2867; x_wconf 90' lang='lat' dir='ltr'><strong>errore</strong></span> <span class='ocrx_word' id='word_1_445' title='bbox 2790 2825 3122 2883; x_wconf 76' lang='lat' dir='ltr'><strong>paganorum</strong></span> <span class='ocrx_word' id='word_1_446' title='bbox 3139 2825 3239 2867; x_wconf 91' lang='lat' dir='ltr'><strong>nos</strong></span> <span class='ocrx_word' id='word_1_447' title='bbox 3260 2812 3620 2866; x_wconf 82' lang='lat' dir='ltr'><strong>misceamus:</strong></span> <span class='ocrx_word' id='word_1_448' title='bbox 3640 2810 3726 2864; x_wconf 85' lang='lat' dir='ltr'><strong>hu-</strong></span> 
     </span>
    </p>
   </div>
   <div class='ocr_carea' id='block_1_53' title="bbox 2148 2901 3741 2976">
    <p class='ocr_par' dir='ltr' id='par_1_53' title="bbox 2148 2901 3741 2976">
     <span class='ocr_line' id='line_1_53' title="bbox 2148 2901 3741 2976; baseline -0.001 -18"><span class='ocrx_word' id='word_1_449' title='bbox 2148 2901 2240 2972; x_wconf 89' lang='lat' dir='ltr'><strong>jus</strong></span> <span class='ocrx_word' id='word_1_450' title='bbox 2265 2904 2412 2960; x_wconf 86' lang='lat' dir='ltr'><strong>enim</strong></span> <span class='ocrx_word' id='word_1_451' title='bbox 2432 2904 2660 2975; x_wconf 82' lang='lat' dir='ltr'><strong>ﬁguram</strong></span> <span class='ocrx_word' id='word_1_452' title='bbox 2691 2917 2886 2976; x_wconf 80' lang='lat' dir='ltr'><strong>gerere</strong></span> <span class='ocrx_word' id='word_1_453' title='bbox 2907 2919 3029 2960; x_wconf 86' lang='lat' dir='ltr'><strong>eam</strong></span> <span class='ocrx_word' id='word_1_454' title='bbox 3061 2918 3183 2975; x_wconf 67' lang='lat' dir='ltr'><strong>quae</strong></span> <span class='ocrx_word' id='word_1_455' title='bbox 3211 2903 3264 2958; x_wconf 91' lang='lat' dir='ltr'><strong>in</strong></span> <span class='ocrx_word' id='word_1_456' title='bbox 3291 2903 3592 2959; x_wconf 73' lang='lat' dir='ltr'><strong>menstruis</strong></span> <span class='ocrx_word' id='word_1_457' title='bbox 3615 2901 3741 2958; x_wconf 41' lang='lat' dir='ltr'><strong>con;</strong></span> 
     </span>
    </p>
   </div>
   <div class='ocr_carea' id='block_1_54' title="bbox 2101 2990 3724 3064">
    <p class='ocr_par' dir='ltr' id='par_1_54' title="bbox 2101 2990 3724 3064">
     <span class='ocr_line' id='line_1_54' title="bbox 2101 2990 3724 3064; baseline 0 -19"><span class='ocrx_word' id='word_1_458' title='bbox 2101 3013 2104 3018; x_wconf 83' lang='lat'><strong><em>-</em></strong></span> <span class='ocrx_word' id='word_1_459' title='bbox 2156 2992 2342 3047; x_wconf 90' lang='lat' dir='ltr'><strong>stituta</strong></span> <span class='ocrx_word' id='word_1_460' title='bbox 2371 3002 2474 3060; x_wconf 90' lang='lat' dir='ltr'><strong>est,</strong></span> <span class='ocrx_word' id='word_1_461' title='bbox 2517 2995 2770 3064; x_wconf 89' lang='lat' dir='ltr'><strong>superius</strong></span> <span class='ocrx_word' id='word_1_462' title='bbox 2795 2993 3145 3058; x_wconf 88' lang='lat' dir='ltr'><strong>ostendimus,</strong></span> <span class='ocrx_word' id='word_1_463' title='bbox 3174 3008 3297 3049; x_wconf 73' lang='lat' dir='ltr'><strong>uim</strong></span> <span class='ocrx_word' id='word_1_464' title='bbox 3317 2993 3389 3048; x_wconf 90' lang='lat' dir='ltr'><strong>de</strong></span> <span class='ocrx_word' id='word_1_465' title='bbox 3424 2990 3724 3048; x_wconf 75' lang='lat' dir='ltr'><strong>menti-uatis</strong></span> 
     </span>
    </p>
   </div>
   <div class='ocr_carea' id='block_1_55' title="bbox 2156 3082 3722 3156">
    <p class='ocr_par' dir='ltr' id='par_1_55' title="bbox 2156 3082 3722 3156">
     <span class='ocr_line' id='line_1_55' title="bbox 2156 3082 3722 3156; baseline 0 -19"><span class='ocrx_word' id='word_1_466' title='bbox 2156 3089 2210 3137; x_wconf 89' lang='lat' dir='ltr'><strong>et</strong></span> <span class='ocrx_word' id='word_1_467' title='bbox 2265 3082 2470 3139; x_wconf 80' lang='lat' dir='ltr'><strong>ﬂuxum</strong></span> <span class='ocrx_word' id='word_1_468' title='bbox 2516 3084 2793 3156; x_wconf 75' lang='lat' dir='ltr'><strong>sanguinis</strong></span> <span class='ocrx_word' id='word_1_469' title='bbox 2839 3084 3168 3154; x_wconf 89' lang='lat' dir='ltr'><strong>patientibus</strong></span> <span class='ocrx_word' id='word_1_470' title='bbox 3213 3084 3537 3140; x_wconf 87' lang='lat' dir='ltr'><strong>mulieribus</strong></span> <span class='ocrx_word' id='word_1_471' title='bbox 3579 3084 3722 3138; x_wconf 84' lang='lat' dir='ltr'><strong>inter-</strong></span> 
     </span>
    </p>
   </div>
   <div class='ocr_carea' id='block_1_56' title="bbox 468 3173 3722 3244">
    <p class='ocr_par' dir='ltr' id='par_1_56' title="bbox 468 3173 3722 3244">
     <span class='ocr_line' id='line_1_56' title="bbox 468 3173 3722 3244; baseline 0.001 -17"><span class='ocrx_word' id='word_1_472' title='bbox 468 3173 824 3235; x_wconf 85' lang='lat' dir='ltr'><strong>Testamenti,</strong></span> <span class='ocrx_word' id='word_1_473' title='bbox 873 3183 1078 3228; x_wconf 87' lang='lat' dir='ltr'><strong>remota</strong></span> <span class='ocrx_word' id='word_1_474' title='bbox 1135 3175 1450 3230; x_wconf 87' lang='lat' dir='ltr'><strong>umbrarum</strong></span> <span class='ocrx_word' id='word_1_475' title='bbox 1498 3185 1746 3232; x_wconf 82' lang='lat' dir='ltr'><strong>veterum</strong></span> <span class='ocrx_word' id='word_1_476' title='bbox 1789 3179 2051 3234; x_wconf 86' lang='lat' dir='ltr'><strong>observa-</strong></span> <span class='ocrx_word' id='word_1_477' title='bbox 2080 3179 2125 3242; x_wconf 89' lang='lat' dir='ltr'>C</span> <span class='ocrx_word' id='word_1_478' title='bbox 2156 3175 2404 3244; x_wconf 89' lang='lat' dir='ltr'><strong>pretandi</strong></span> <span class='ocrx_word' id='word_1_479' title='bbox 2435 3176 2760 3230; x_wconf 88' lang='lat' dir='ltr'><strong>necessitate</strong></span> <span class='ocrx_word' id='word_1_480' title='bbox 2790 3189 2972 3230; x_wconf 86' lang='lat' dir='ltr'><strong>sermo</strong></span> <span class='ocrx_word' id='word_1_481' title='bbox 2997 3175 3216 3231; x_wconf 89' lang='lat' dir='ltr'><strong>habitus</strong></span> <span class='ocrx_word' id='word_1_482' title='bbox 3247 3183 3350 3231; x_wconf 88' lang='lat' dir='ltr'><strong>est.</strong></span> <span class='ocrx_word' id='word_1_483' title='bbox 3391 3173 3504 3230; x_wconf 87' lang='lat' dir='ltr'><strong>Sed</strong></span> <span class='ocrx_word' id='word_1_484' title='bbox 3528 3189 3623 3231; x_wconf 88' lang='lat' dir='ltr'><strong>nec</strong></span> <span class='ocrx_word' id='word_1_485' title='bbox 3644 3189 3722 3229; x_wconf 82' lang='lat' dir='ltr'><strong>re-</strong></span> 
     </span>
    </p>
   </div>
   <div class='ocr_carea' id='block_1_57' title="bbox 470 3263 2051 3340">
    <p class='ocr_par' dir='ltr' id='par_1_57' title="bbox 470 3263 2051 3340">
     <span class='ocr_line' id='line_1_57' title="bbox 470 3263 2051 3340; baseline 0.006 -23"><span class='ocrx_word' id='word_1_486' title='bbox 470 3263 636 3328; x_wconf 89' lang='lat' dir='ltr'><strong>tione,</strong></span> <span class='ocrx_word' id='word_1_487' title='bbox 681 3264 797 3318; x_wconf 87' lang='lat' dir='ltr'><strong>sine</strong></span> <span class='ocrx_word' id='word_1_488' title='bbox 833 3263 998 3318; x_wconf 88' lang='lat' dir='ltr'><strong>dubio</strong></span> <span class='ocrx_word' id='word_1_489' title='bbox 1037 3266 1385 3322; x_wconf 88' lang='lat' dir='ltr'><strong>custodienda</strong></span> <span class='ocrx_word' id='word_1_490' title='bbox 1432 3279 1556 3323; x_wconf 91' lang='lat' dir='ltr'><strong>sunt</strong></span> <span class='ocrx_word' id='word_1_491' title='bbox 1589 3284 1606 3323; x_wconf 87' lang='lat'><strong>:</strong></span> <span class='ocrx_word' id='word_1_492' title='bbox 1643 3270 1789 3340; x_wconf 90' lang='lat' dir='ltr'><strong>quod</strong></span> <span class='ocrx_word' id='word_1_493' title='bbox 1834 3271 2051 3327; x_wconf 84' lang='lat' dir='ltr'><strong>videtur</strong></span> 
     </span>
    </p>
   </div>
   <div class='ocr_carea' id='block_1_58' title="bbox 466 3354 2046 3433">
    <p class='ocr_par' dir='ltr' id='par_1_58' title="bbox 466 3354 2046 3433">
     <span class='ocr_line' id='line_1_58' title="bbox 466 3354 2046 3433; baseline 0.006 -24"><span class='ocrx_word' id='word_1_494' title='bbox 466 3354 631 3409; x_wconf 90' lang='lat' dir='ltr'><strong>etiam</strong></span> <span class='ocrx_word' id='word_1_495' title='bbox 681 3369 780 3424; x_wconf 90' lang='lat' dir='ltr'><strong>per</strong></span> <span class='ocrx_word' id='word_1_496' title='bbox 807 3357 1127 3426; x_wconf 87' lang='lat' dir='ltr'><strong>prophetam</strong></span> <span class='ocrx_word' id='word_1_497' title='bbox 1177 3356 1515 3413; x_wconf 84' lang='lat' dir='ltr'><strong>Ezechielem</strong></span> <span class='ocrx_word' id='word_1_498' title='bbox 1563 3360 1919 3431; x_wconf 78' lang='lat' dir='ltr'><strong>signiﬁcasse,</strong></span> <span class='ocrx_word' id='word_1_499' title='bbox 1952 3365 2046 3433; x_wconf 91' lang='lat' dir='ltr'><strong>qui</strong></span> 
     </span>
    </p>
   </div>
   <div class='ocr_carea' id='block_1_59' title="bbox 465 3443 2048 3518">
    <p class='ocr_par' dir='ltr' id='par_1_59' title="bbox 465 3443 2048 3518">
     <span class='ocr_line' id='line_1_59' title="bbox 465 3443 2048 3518; baseline 0.006 -19"><span class='ocrx_word' id='word_1_500' title='bbox 465 3445 608 3499; x_wconf 87' lang='lat' dir='ltr'><strong>inter</strong></span> <span class='ocrx_word' id='word_1_501' title='bbox 638 3443 726 3499; x_wconf 89' lang='lat' dir='ltr'><strong>illa</strong></span> <span class='ocrx_word' id='word_1_502' title='bbox 761 3453 982 3515; x_wconf 88' lang='lat' dir='ltr'><strong>peccata</strong></span> <span class='ocrx_word' id='word_1_503' title='bbox 1028 3461 1150 3516; x_wconf 87' lang='lat' dir='ltr'><strong>quae</strong></span> <span class='ocrx_word' id='word_1_504' title='bbox 1191 3462 1301 3501; x_wconf 93' lang='lat' dir='ltr'><strong>non</strong></span> <span class='ocrx_word' id='word_1_505' title='bbox 1346 3446 1576 3518; x_wconf 85' lang='lat' dir='ltr'><strong>ﬁgurate</strong></span> <span class='ocrx_word' id='word_1_506' title='bbox 1620 3450 1712 3505; x_wconf 87' lang='lat' dir='ltr'><strong>scd</strong></span> <span class='ocrx_word' id='word_1_507' title='bbox 1763 3452 2048 3508; x_wconf 81' lang='lat' dir='ltr'><strong>manifeste</strong></span> 
     </span>
    </p>
   </div>
   <div class='ocr_carea' id='block_1_60' title="bbox 463 3537 2046 3608">
    <p class='ocr_par' dir='ltr' id='par_1_60' title="bbox 463 3537 2046 3608">
     <span class='ocr_line' id='line_1_60' title="bbox 463 3537 2046 3608; baseline 0.006 -18"><span class='ocrx_word' id='word_1_508' title='bbox 463 3537 775 3606; x_wconf 88' lang='lat' dir='ltr'><strong>iniquitates</strong></span> <span class='ocrx_word' id='word_1_509' title='bbox 823 3546 970 3603; x_wconf 89' lang='lat' dir='ltr'><strong>sunt,</strong></span> <span class='ocrx_word' id='word_1_510' title='bbox 1014 3538 1181 3592; x_wconf 87' lang='lat' dir='ltr'><strong>etiam</strong></span> <span class='ocrx_word' id='word_1_511' title='bbox 1219 3549 1628 3608; x_wconf 86' lang='lat' dir='ltr'><strong>commemorat,</strong></span> <span class='ocrx_word' id='word_1_512' title='bbox 1665 3542 1734 3597; x_wconf 92' lang='lat' dir='ltr'><strong>ad</strong></span> <span class='ocrx_word' id='word_1_513' title='bbox 1764 3543 2046 3600; x_wconf 87' lang='lat' dir='ltr'><strong>mulierem</strong></span> 
     </span>
    </p>
   </div>
   <div class='ocr_carea' id='block_1_61' title="bbox 462 3629 2048 3703">
    <p class='ocr_par' dir='ltr' id='par_1_61' title="bbox 462 3629 2048 3703">
     <span class='ocr_line' id='line_1_61' title="bbox 462 3629 2048 3703; baseline 0.007 -22"><span class='ocrx_word' id='word_1_514' title='bbox 462 3636 856 3693; x_wconf 76' lang='lat' dir='ltr'><strong>menstruatam</strong></span> <span class='ocrx_word' id='word_1_515' title='bbox 901 3629 947 3684; x_wconf 90' lang='lat' dir='ltr'><strong>si</strong></span> <span class='ocrx_word' id='word_1_516' title='bbox 971 3629 1094 3700; x_wconf 84' lang='lat' dir='ltr'><strong>quis</strong></span> <span class='ocrx_word' id='word_1_517' title='bbox 1121 3629 1363 3697; x_wconf 88' lang='lat' dir='ltr'><strong>accedat,</strong></span> <span class='ocrx_word' id='word_1_518' title='bbox 1395 3640 1451 3687; x_wconf 88' lang='lat' dir='ltr'><strong>et</strong></span> <span class='ocrx_word' id='word_1_519' title='bbox 1496 3632 1638 3688; x_wconf 85' lang='lat' dir='ltr'><strong>inter</strong></span> <span class='ocrx_word' id='word_1_520' title='bbox 1673 3633 1898 3703; x_wconf 68' lang='lat' dir='ltr'><strong>justitia:</strong></span> <span class='ocrx_word' id='word_1_521' title='bbox 1934 3651 2048 3692; x_wconf 84' lang='lat' dir='ltr'><strong>me-</strong></span> 
     </span>
    </p>
   </div>
   <div class='ocr_carea' id='block_1_62' title="bbox 463 3720 2043 3794">
    <p class='ocr_par' dir='ltr' id='par_1_62' title="bbox 463 3720 2043 3794">
     <span class='ocr_line' id='line_1_62' title="bbox 463 3720 2043 3794; baseline 0.006 -20"><span class='ocrx_word' id='word_1_522' title='bbox 463 3720 568 3774; x_wconf 88' lang='lat' dir='ltr'><strong>rita</strong></span> <span class='ocrx_word' id='word_1_523' title='bbox 595 3721 640 3776; x_wconf 90' lang='lat' dir='ltr'><strong>si</strong></span> <span class='ocrx_word' id='word_1_524' title='bbox 666 3737 773 3777; x_wconf 92' lang='lat' dir='ltr'><strong>non</strong></span> <span class='ocrx_word' id='word_1_525' title='bbox 797 3722 1039 3778; x_wconf 87' lang='lat' dir='ltr'><strong>accedat.</strong></span> <span class='ocrx_word' id='word_1_526' title='bbox 1065 3720 1182 3789; x_wconf 83' lang='lat' dir='ltr'><strong>Qua</strong></span> <span class='ocrx_word' id='word_1_527' title='bbox 1207 3721 1265 3777; x_wconf 87' lang='lat' dir='ltr'><strong>in</strong></span> <span class='ocrx_word' id='word_1_528' title='bbox 1287 3738 1347 3778; x_wconf 91' lang='lat' dir='ltr'><strong>re</strong></span> <span class='ocrx_word' id='word_1_529' title='bbox 1369 3739 1475 3778; x_wconf 92' lang='lat' dir='ltr'><strong>non</strong></span> <span class='ocrx_word' id='word_1_530' title='bbox 1500 3734 1696 3780; x_wconf 87' lang='lat' dir='ltr'><strong>natura</strong></span> <span class='ocrx_word' id='word_1_531' title='bbox 1735 3727 2043 3794; x_wconf 85' lang='lat' dir='ltr'><strong>damnatur,</strong></span> 
     </span>
    </p>
   </div>
   <div class='ocr_carea' id='block_1_63' title="bbox 463 3811 2046 3883">
    <p class='ocr_par' dir='ltr' id='par_1_63' title="bbox 463 3811 2046 3883">
     <span class='ocr_line' id='line_1_63' title="bbox 463 3811 2046 3883; baseline 0.004 -17"><span class='ocrx_word' id='word_1_532' title='bbox 463 3813 557 3867; x_wconf 89' lang='lat' dir='ltr'><strong>sed</strong></span> <span class='ocrx_word' id='word_1_533' title='bbox 579 3812 942 3882; x_wconf 59' lang='lat' dir='ltr'><strong>concipienda:</strong></span> <span class='ocrx_word' id='word_1_534' title='bbox 963 3811 1100 3883; x_wconf 87' lang='lat' dir='ltr'><strong>proli</strong></span> <span class='ocrx_word' id='word_1_535' title='bbox 1124 3812 1346 3867; x_wconf 78' lang='lat' dir='ltr'><strong>noxium</strong></span> <span class='ocrx_word' id='word_1_536' title='bbox 1365 3813 1697 3882; x_wconf 88' lang='lat' dir='ltr'><strong>perhibetur.</strong></span> <span class='ocrx_word' id='word_1_537' title='bbox 1727 3812 1862 3870; x_wconf 87' lang='lat' dir='ltr'><strong>Cum</strong></span> <span class='ocrx_word' id='word_1_538' title='bbox 1882 3832 2046 3872; x_wconf 70' lang='lat' dir='ltr'><strong>uxore</strong></span> 
     </span>
    </p>
   </div>
   <div class='ocr_carea' id='block_1_64' title="bbox 459 3904 2046 3973">
    <p class='ocr_par' dir='ltr' id='par_1_64' title="bbox 459 3904 2046 3973">
     <span class='ocr_line' id='line_1_64' title="bbox 459 3904 2046 3973; baseline 0.003 -16"><span class='ocrx_word' id='word_1_539' title='bbox 459 3904 682 3973; x_wconf 75' lang='lat' dir='ltr'><strong>proximi</strong></span> <span class='ocrx_word' id='word_1_540' title='bbox 719 3905 796 3958; x_wconf 86' lang='lat' dir='ltr'><strong>tui</strong></span> <span class='ocrx_word' id='word_1_541' title='bbox 821 3921 929 3958; x_wconf 85' lang='lat' dir='ltr'><strong>non</strong></span> <span class='ocrx_word' id='word_1_542' title='bbox 962 3904 1143 3969; x_wconf 70' lang='lat' dir='ltr'><strong>coibit,</strong></span> <span class='ocrx_word' id='word_1_543' title='bbox 1175 3921 1268 3959; x_wconf 87' lang='lat' dir='ltr'><strong>nec</strong></span> <span class='ocrx_word' id='word_1_544' title='bbox 1297 3905 1507 3960; x_wconf 83' lang='lat' dir='ltr'><strong>seminis</strong></span> <span class='ocrx_word' id='word_1_545' title='bbox 1541 3907 1902 3961; x_wconf 80' lang='lat' dir='ltr'><strong>commistione</strong></span> <span class='ocrx_word' id='word_1_546' title='bbox 1941 3923 2046 3962; x_wconf 86' lang='lat' dir='ltr'><strong>non</strong></span> 
     </span>
    </p>
   </div>
   <div class='ocr_carea' id='block_1_65' title="bbox 459 3995 2044 4067">
    <p class='ocr_par' dir='ltr' id='par_1_65' title="bbox 459 3995 2044 4067">
     <span class='ocr_line' id='line_1_65' title="bbox 459 3995 2044 4067; baseline 0.002 -19"><span class='ocrx_word' id='word_1_547' title='bbox 459 3995 826 4050; x_wconf 83' lang='lat' dir='ltr'><strong>maculaberis.</strong></span> <span class='ocrx_word' id='word_1_548' title='bbox 878 3995 1017 4051; x_wconf 88' lang='lat' dir='ltr'><strong>Ecce</strong></span> <span class='ocrx_word' id='word_1_549' title='bbox 1066 3996 1160 4051; x_wconf 90' lang='lat' dir='ltr'><strong>ubi</strong></span> <span class='ocrx_word' id='word_1_550' title='bbox 1199 4011 1390 4052; x_wconf 88' lang='lat' dir='ltr'><strong>rursus</strong></span> <span class='ocrx_word' id='word_1_551' title='bbox 1430 3996 1680 4067; x_wconf 87' lang='lat' dir='ltr'><strong>prohibet</strong></span> <span class='ocrx_word' id='word_1_552' title='bbox 1719 3996 2044 4053; x_wconf 88' lang='lat' dir='ltr'><strong>adulterium</strong></span> 
     </span>
    </p>
   </div>
   <div class='ocr_carea' id='block_1_66' title="bbox 461 4087 2042 4160">
    <p class='ocr_par' dir='ltr' id='par_1_66' title="bbox 461 4087 2042 4160">
     <span class='ocr_line' id='line_1_66' title="bbox 461 4087 2042 4160; baseline 0.004 -22"><span class='ocrx_word' id='word_1_553' title='bbox 461 4088 604 4155; x_wconf 88' lang='lat' dir='ltr'><strong>quod</strong></span> <span class='ocrx_word' id='word_1_554' title='bbox 637 4102 760 4141; x_wconf 90' lang='lat' dir='ltr'><strong>cum</strong></span> <span class='ocrx_word' id='word_1_555' title='bbox 793 4087 973 4143; x_wconf 85' lang='lat' dir='ltr'><strong>aliena</strong></span> <span class='ocrx_word' id='word_1_556' title='bbox 1000 4104 1169 4144; x_wconf 81' lang='lat' dir='ltr'><strong>uxore</strong></span> <span class='ocrx_word' id='word_1_557' title='bbox 1198 4090 1586 4155; x_wconf 89' lang='lat' dir='ltr'><strong>committitur;</strong></span> <span class='ocrx_word' id='word_1_558' title='bbox 1617 4089 1761 4160; x_wconf 88' lang='lat' dir='ltr'><strong>quod</strong></span> <span class='ocrx_word' id='word_1_559' title='bbox 1784 4089 1951 4144; x_wconf 89' lang='lat' dir='ltr'><strong>etiam</strong></span> <span class='ocrx_word' id='word_1_560' title='bbox 1985 4089 2042 4144; x_wconf 91' lang='lat' dir='ltr'><strong>in</strong></span> 
     </span>
    </p>
   </div>
   <div class='ocr_carea' id='block_1_67' title="bbox 461 4177 2036 4253">
    <p class='ocr_par' dir='ltr' id='par_1_67' title="bbox 461 4177 2036 4253">
     <span class='ocr_line' id='line_1_67' title="bbox 461 4177 2036 4253; baseline 0.004 -23"><span class='ocrx_word' id='word_1_561' title='bbox 461 4177 727 4248; x_wconf 88' lang='lat' dir='ltr'><strong>Decalogo</strong></span> <span class='ocrx_word' id='word_1_562' title='bbox 743 4179 1078 4246; x_wconf 83' lang='lat' dir='ltr'><strong>prohibetur.</strong></span> <span class='ocrx_word' id='word_1_563' title='bbox 1107 4180 1260 4234; x_wconf 87' lang='lat' dir='ltr'><strong>Unde</strong></span> <span class='ocrx_word' id='word_1_564' title='bbox 1284 4191 1507 4252; x_wconf 89' lang='lat' dir='ltr'><strong>apparet</strong></span> <span class='ocrx_word' id='word_1_565' title='bbox 1525 4182 1617 4237; x_wconf 89' lang='lat' dir='ltr'><strong>illa</strong></span> <span class='ocrx_word' id='word_1_566' title='bbox 1642 4182 1719 4238; x_wconf 87' lang='lat' dir='ltr'><strong>ita</strong></span> <span class='ocrx_word' id='word_1_567' title='bbox 1743 4183 2036 4253; x_wconf 88' lang='lat' dir='ltr'><strong>prohibita,</strong></span> 
     </span>
    </p>
   </div>
   <div class='ocr_carea' id='block_1_68' title="bbox 461 4266 2044 4343">
    <p class='ocr_par' dir='ltr' id='par_1_68' title="bbox 461 4266 2044 4343">
     <span class='ocr_line' id='line_1_68' title="bbox 461 4266 2044 4343; baseline 0.006 -23"><span class='ocrx_word' id='word_1_568' title='bbox 461 4275 520 4320; x_wconf 92' lang='lat' dir='ltr'><strong>ut</strong></span> <span class='ocrx_word' id='word_1_569' title='bbox 547 4266 711 4322; x_wconf 88' lang='lat' dir='ltr'><strong>etiam</strong></span> <span class='ocrx_word' id='word_1_570' title='bbox 738 4268 964 4322; x_wconf 89' lang='lat' dir='ltr'><strong>mortuis</strong></span> <span class='ocrx_word' id='word_1_571' title='bbox 989 4268 1125 4323; x_wconf 82' lang='lat' dir='ltr'><strong>viris</strong></span> <span class='ocrx_word' id='word_1_572' title='bbox 1149 4269 1282 4336; x_wconf 90' lang='lat' dir='ltr'><strong>suis,</strong></span> <span class='ocrx_word' id='word_1_573' title='bbox 1317 4285 1424 4325; x_wconf 89' lang='lat' dir='ltr'><strong>non</strong></span> <span class='ocrx_word' id='word_1_574' title='bbox 1451 4273 1650 4328; x_wconf 88' lang='lat' dir='ltr'><strong>ducant</strong></span> <span class='ocrx_word' id='word_1_575' title='bbox 1671 4287 1891 4338; x_wconf 76' lang='lat' dir='ltr'><strong>uxores,</strong></span> <span class='ocrx_word' id='word_1_576' title='bbox 1917 4287 2044 4343; x_wconf 88' lang='lat' dir='ltr'><strong>qua-</strong></span> 
     </span>
    </p>
   </div>
   <div class='ocr_carea' id='block_1_69' title="bbox 460 4345 1575 4430">
    <p class='ocr_par' dir='ltr' id='par_1_69' title="bbox 460 4345 1575 4430">
     <span class='ocr_line' id='line_1_69' title="bbox 460 4345 1575 4430; baseline 0.004 -16"><span class='ocrx_word' id='word_1_577' title='bbox 460 4373 580 4415; x_wconf 89' lang='lat' dir='ltr'><strong>rum</strong></span> <span class='ocrx_word' id='word_1_578' title='bbox 616 4345 864 4430; x_wconf 79' lang='lat' dir='ltr'><strong>prohibet</strong></span> <span class='ocrx_word' id='word_1_579' title='bbox 901 4359 1288 4430; x_wconf 87' lang='lat' dir='ltr'><strong>turpitudinem</strong></span> <span class='ocrx_word' id='word_1_580' title='bbox 1324 4363 1575 4419; x_wconf 82' lang='lat' dir='ltr'><strong>revelari.</strong></span> 
     </span>
    </p>
   </div>
   <div class='ocr_carea' id='block_1_70' title="bbox 1060 4449 1436 4506">
    <p class='ocr_par' dir='ltr' id='par_1_70' title="bbox 1060 4449 1436 4506">
     <span class='ocr_line' id='line_1_70' title="bbox 1060 4449 1436 4506; baseline -0.003 -2"><span class='ocrx_word' id='word_1_581' title='bbox 1060 4449 1286 4506; x_wconf 61' lang='lat' dir='ltr'><strong>CAPUT</strong></span> <span class='ocrx_word' id='word_1_582' title='bbox 1324 4449 1436 4506; x_wconf 83' lang='lat' dir='ltr'><strong>XII.</strong></span> 
     </span>
    </p>
   </div>
   <div class='ocr_carea' id='block_1_71' title="bbox 555 4543 1946 4600">
    <p class='ocr_par' dir='ltr' id='par_1_71' title="bbox 555 4543 1946 4600">
     <span class='ocr_line' id='line_1_71' title="bbox 555 4543 1946 4600; baseline 0.003 -4"><span class='ocrx_word' id='word_1_583' title='bbox 555 4543 806 4599; x_wconf 78' lang='lat' dir='ltr'><strong>Prohibet</strong></span> <span class='ocrx_word' id='word_1_584' title='bbox 833 4559 1037 4599; x_wconf 75' lang='lat' dir='ltr'><strong>cantem</strong></span> <span class='ocrx_word' id='word_1_585' title='bbox 1061 4543 1448 4598; x_wconf 81' lang='lat' dir='ltr'><strong>immunditiam</strong></span> <span class='ocrx_word' id='word_1_586' title='bbox 1475 4552 1659 4599; x_wconf 87' lang='lat' dir='ltr'><strong>contra</strong></span> <span class='ocrx_word' id='word_1_587' title='bbox 1683 4553 1946 4600; x_wconf 84' lang='lat' dir='ltr'><strong>naturam.</strong></span> 
     </span>
    </p>
   </div>
   <div class='ocr_carea' id='block_1_72' title="bbox 527 4633 2044 4706">
    <p class='ocr_par' dir='ltr' id='par_1_72' title="bbox 527 4633 2044 4706">
     <span class='ocr_line' id='line_1_72' title="bbox 527 4633 2044 4706; baseline 0.003 -19"><span class='ocrx_word' id='word_1_588' title='bbox 527 4635 743 4706; x_wconf 81' lang='lat' dir='ltr'><strong>(anrr.</strong></span> <span class='ocrx_word' id='word_1_589' title='bbox 769 4633 949 4704; x_wconf 77' lang='lat' dir='ltr'><strong>xvur.)</strong></span> <span class='ocrx_word' id='word_1_590' title='bbox 985 4635 1064 4690; x_wconf 88' lang='lat' dir='ltr'><strong>De</strong></span> <span class='ocrx_word' id='word_1_591' title='bbox 1091 4634 1286 4690; x_wconf 75' lang='lat' dir='ltr'><strong>sentiae</strong></span> <span class='ocrx_word' id='word_1_592' title='bbox 1317 4643 1410 4688; x_wconf 90' lang='lat' dir='ltr'><strong>tuo</strong></span> <span class='ocrx_word' id='word_1_593' title='bbox 1447 4651 1552 4690; x_wconf 89' lang='lat' dir='ltr'><strong>non</strong></span> <span class='ocrx_word' id='word_1_594' title='bbox 1575 4635 1748 4702; x_wconf 83' lang='lat' dir='ltr'><strong>dabis,</strong></span> <span class='ocrx_word' id='word_1_595' title='bbox 1777 4645 1833 4691; x_wconf 82' lang='lat' dir='ltr'><strong>ut</strong></span> <span class='ocrx_word' id='word_1_596' title='bbox 1859 4653 2044 4693; x_wconf 85' lang='lat' dir='ltr'><strong>conse-</strong></span> 
     </span>
    </p>
   </div>
   <div class='ocr_carea' id='block_1_73' title="bbox 457 4723 2039 4799">
    <p class='ocr_par' dir='ltr' id='par_1_73' title="bbox 457 4723 2039 4799">
     <span class='ocr_line' id='line_1_73' title="bbox 457 4723 2039 4799; baseline 0.003 -20"><span class='ocrx_word' id='word_1_597' title='bbox 457 4731 634 4779; x_wconf 87' lang='lat' dir='ltr'><strong>cretur</strong></span> <span class='ocrx_word' id='word_1_598' title='bbox 677 4723 820 4778; x_wconf 87' lang='lat' dir='ltr'><strong>idolo</strong></span> <span class='ocrx_word' id='word_1_599' title='bbox 869 4723 1102 4790; x_wconf 76' lang='lat' dir='ltr'><strong>Moloch,</strong></span> <span class='ocrx_word' id='word_1_600' title='bbox 1151 4723 1240 4780; x_wconf 88' lang='lat' dir='ltr'><strong>vel</strong></span> <span class='ocrx_word' id='word_1_601' title='bbox 1290 4724 1588 4782; x_wconf 89' lang='lat' dir='ltr'><strong>secundum</strong></span> <span class='ocrx_word' id='word_1_602' title='bbox 1633 4724 1985 4799; x_wconf 85' lang='lat' dir='ltr'><strong>Septuaginta</strong></span> <span class='ocrx_word' id='word_1_603' title='bbox 2023 4744 2039 4783; x_wconf 89' lang='lat'><strong>:</strong></span> 
     </span>
    </p>
   </div>
   <div class='ocr_carea' id='block_1_74' title="bbox 457 4814 2041 4888">
    <p class='ocr_par' dir='ltr' id='par_1_74' title="bbox 457 4814 2041 4888">
     <span class='ocr_line' id='line_1_74' title="bbox 457 4814 2041 4888; baseline 0.004 -21"><span class='ocrx_word' id='word_1_604' title='bbox 457 4814 664 4867; x_wconf 72' lang='lat' dir='ltr'><strong>Praesto</strong></span> <span class='ocrx_word' id='word_1_605' title='bbox 683 4829 792 4868; x_wconf 80' lang='lat' dir='ltr'><strong>esse</strong></span> <span class='ocrx_word' id='word_1_606' title='bbox 815 4814 1058 4883; x_wconf 84' lang='lat' dir='ltr'><strong>principi,</strong></span> <span class='ocrx_word' id='word_1_607' title='bbox 1096 4830 1188 4869; x_wconf 85' lang='lat' dir='ltr'><strong>nec</strong></span> <span class='ocrx_word' id='word_1_608' title='bbox 1211 4814 1410 4885; x_wconf 84' lang='lat' dir='ltr'><strong>pollues</strong></span> <span class='ocrx_word' id='word_1_609' title='bbox 1438 4832 1626 4871; x_wconf 82' lang='lat' dir='ltr'><strong>nomen</strong></span> <span class='ocrx_word' id='word_1_610' title='bbox 1653 4816 1752 4871; x_wconf 88' lang='lat' dir='ltr'><strong>Dei</strong></span> <span class='ocrx_word' id='word_1_611' title='bbox 1776 4818 1855 4871; x_wconf 84' lang='lat' dir='ltr'><strong>tui</strong></span> <span class='ocrx_word' id='word_1_612' title='bbox 1877 4833 1897 4872; x_wconf 90' lang='lat'><strong><em>:</em></strong></span> <span class='ocrx_word' id='word_1_613' title='bbox 1924 4817 2041 4888; x_wconf 84' lang='lat' dir='ltr'><strong>Ego</strong></span> 
     </span>
    </p>
   </div>
   <div class='ocr_carea' id='block_1_75' title="bbox 457 4901 2069 4976">
    <p class='ocr_par' dir='ltr' id='par_1_75' title="bbox 457 4901 2069 4976">
     <span class='ocr_line' id='line_1_75' title="bbox 457 4901 2069 4976; baseline 0.005 -21"><span class='ocrx_word' id='word_1_614' title='bbox 457 4903 735 4957; x_wconf 83' lang='lat' dir='ltr'><strong>Dominus.</strong></span> <span class='ocrx_word' id='word_1_615' title='bbox 766 4901 898 4956; x_wconf 83' lang='lat' dir='ltr'><strong>Cum</strong></span> <span class='ocrx_word' id='word_1_616' title='bbox 937 4902 1168 4958; x_wconf 85' lang='lat' dir='ltr'><strong>masculo</strong></span> <span class='ocrx_word' id='word_1_617' title='bbox 1202 4920 1307 4958; x_wconf 87' lang='lat' dir='ltr'><strong>non</strong></span> <span class='ocrx_word' id='word_1_618' title='bbox 1345 4906 1574 4960; x_wconf 86' lang='lat' dir='ltr'><strong>dormies</strong></span> <span class='ocrx_word' id='word_1_619' title='bbox 1613 4909 1755 4962; x_wconf 85' lang='lat' dir='ltr'><strong>coitu</strong></span> <span class='ocrx_word' id='word_1_620' title='bbox 1794 4907 2069 4976; x_wconf 79' lang='lat' dir='ltr'><strong>femineo,</strong></span> 
     </span>
    </p>
   </div>
   <div class='ocr_carea' id='block_1_76' title="bbox 453 4993 2040 5065">
    <p class='ocr_par' dir='ltr' id='par_1_76' title="bbox 453 4993 2040 5065">
     <span class='ocr_line' id='line_1_76' title="bbox 453 4993 2040 5065; baseline 0.003 -17"><span class='ocrx_word' id='word_1_621' title='bbox 453 4995 576 5065; x_wconf 86' lang='lat' dir='ltr'><strong>quia</strong></span> <span class='ocrx_word' id='word_1_622' title='bbox 605 4993 924 5048; x_wconf 86' lang='lat' dir='ltr'><strong>abominatio</strong></span> <span class='ocrx_word' id='word_1_623' title='bbox 957 5001 1056 5058; x_wconf 80' lang='lat' dir='ltr'><strong>est,</strong></span> <span class='ocrx_word' id='word_1_624' title='bbox 1087 5009 1206 5046; x_wconf 86' lang='lat' dir='ltr'><strong>cum</strong></span> <span class='ocrx_word' id='word_1_625' title='bbox 1231 4995 1371 5048; x_wconf 88' lang='lat' dir='ltr'><strong>omni</strong></span> <span class='ocrx_word' id='word_1_626' title='bbox 1399 5010 1581 5063; x_wconf 81' lang='lat' dir='ltr'><strong>pecore</strong></span> <span class='ocrx_word' id='word_1_627' title='bbox 1609 5012 1716 5050; x_wconf 85' lang='lat' dir='ltr'><strong>non</strong></span> <span class='ocrx_word' id='word_1_628' title='bbox 1735 4997 1919 5061; x_wconf 83' lang='lat' dir='ltr'><strong>coibis,</strong></span> <span class='ocrx_word' id='word_1_629' title='bbox 1947 5013 2040 5052; x_wconf 85' lang='lat' dir='ltr'><strong>nec</strong></span> 
     </span>
    </p>
   </div>
   <div class='ocr_carea' id='block_1_77' title="bbox 454 5082 2040 5157">
    <p class='ocr_par' dir='ltr' id='par_1_77' title="bbox 454 5082 2040 5157">
     <span class='ocr_line' id='line_1_77' title="bbox 454 5082 2040 5157; baseline 0.002 -17"><span class='ocrx_word' id='word_1_630' title='bbox 454 5083 802 5140; x_wconf 72' lang='lat' dir='ltr'><strong>macalaberis</strong></span> <span class='ocrx_word' id='word_1_631' title='bbox 830 5101 947 5138; x_wconf 80' lang='lat' dir='ltr'><strong>cum</strong></span> <span class='ocrx_word' id='word_1_632' title='bbox 981 5100 1077 5146; x_wconf 88' lang='lat' dir='ltr'><strong>eo;</strong></span> <span class='ocrx_word' id='word_1_633' title='bbox 1107 5082 1296 5139; x_wconf 84' lang='lat' dir='ltr'><strong>mulier</strong></span> <span class='ocrx_word' id='word_1_634' title='bbox 1323 5100 1429 5139; x_wconf 80' lang='lat' dir='ltr'><strong>non</strong></span> <span class='ocrx_word' id='word_1_635' title='bbox 1459 5085 1756 5141; x_wconf 81' lang='lat' dir='ltr'><strong>succumbet</strong></span> <span class='ocrx_word' id='word_1_636' title='bbox 1775 5087 2040 5157; x_wconf 82' lang='lat' dir='ltr'><strong>jumento,</strong></span> 
     </span>
    </p>
   </div>
   <div class='ocr_carea' id='block_1_78' title="bbox 455 5175 2038 5252">
    <p class='ocr_par' dir='ltr' id='par_1_78' title="bbox 455 5175 2038 5252">
     <span class='ocr_line' id='line_1_78' title="bbox 455 5175 2038 5252; baseline 0.001 -19"><span class='ocrx_word' id='word_1_637' title='bbox 455 5193 548 5234; x_wconf 86' lang='lat' dir='ltr'><strong>nec</strong></span> <span class='ocrx_word' id='word_1_638' title='bbox 597 5176 901 5231; x_wconf 79' lang='lat' dir='ltr'><strong>miscebitur</strong></span> <span class='ocrx_word' id='word_1_639' title='bbox 937 5175 1015 5238; x_wconf 89' lang='lat' dir='ltr'><strong>ei,</strong></span> <span class='ocrx_word' id='word_1_640' title='bbox 1062 5175 1187 5244; x_wconf 87' lang='lat' dir='ltr'><strong>quia</strong></span> <span class='ocrx_word' id='word_1_641' title='bbox 1225 5175 1394 5230; x_wconf 84' lang='lat' dir='ltr'><strong>scelus</strong></span> <span class='ocrx_word' id='word_1_642' title='bbox 1425 5187 1521 5233; x_wconf 84' lang='lat' dir='ltr'><strong>est.</strong></span> <span class='ocrx_word' id='word_1_643' title='bbox 1560 5177 1681 5249; x_wconf 75' lang='lat' dir='ltr'><strong>(Ea:</strong></span> <span class='ocrx_word' id='word_1_644' title='bbox 1718 5177 2038 5252; x_wconf 81' lang='lat' dir='ltr'><strong>Hesychia.)</strong></span> 
     </span>
    </p>
   </div>
   <div class='ocr_carea' id='block_1_79' title="bbox 452 5266 2032 5340">
    <p class='ocr_par' dir='ltr' id='par_1_79' title="bbox 452 5266 2032 5340">
     <span class='ocr_line' id='line_1_79' title="bbox 452 5266 2032 5340; baseline 0.002 -14"><span class='ocrx_word' id='word_1_645' title='bbox 452 5267 600 5326; x_wconf 87' lang='lat' dir='ltr'><strong>Bene</strong></span> <span class='ocrx_word' id='word_1_646' title='bbox 647 5270 732 5326; x_wconf 63' lang='lat' dir='ltr'><strong>hac</strong></span> <span class='ocrx_word' id='word_1_647' title='bbox 785 5266 1258 5338; x_wconf 80' lang='lat' dir='ltr'><strong>interpretationes</strong></span> <span class='ocrx_word' id='word_1_648' title='bbox 1305 5269 1445 5340; x_wconf 89' lang='lat' dir='ltr'><strong>stylo</strong></span> <span class='ocrx_word' id='word_1_649' title='bbox 1499 5270 1800 5340; x_wconf 68' lang='lat' dir='ltr'><strong>conjuncta:</strong></span> <span class='ocrx_word' id='word_1_650' title='bbox 1852 5281 1978 5329; x_wconf 91' lang='lat' dir='ltr'><strong>sunt</strong></span> <span class='ocrx_word' id='word_1_651' title='bbox 2017 5291 2032 5329; x_wconf 89' lang='lat'><strong>:</strong></span> 
     </span>
    </p>
   </div>
   <div class='ocr_carea' id='block_1_80' title="bbox 449 5362 2036 5438">
    <p class='ocr_par' dir='ltr' id='par_1_80' title="bbox 449 5362 2036 5438">
     <span class='ocr_line' id='line_1_80' title="bbox 449 5362 2036 5438; baseline 0.002 -17"><span class='ocrx_word' id='word_1_652' title='bbox 449 5377 696 5438; x_wconf 65' lang='lat' dir='ltr'><strong>praesens</strong></span> <span class='ocrx_word' id='word_1_653' title='bbox 733 5365 878 5420; x_wconf 90' lang='lat' dir='ltr'><strong>enim</strong></span> <span class='ocrx_word' id='word_1_654' title='bbox 907 5362 1233 5433; x_wconf 83' lang='lat' dir='ltr'><strong>legislatoris</strong></span> <span class='ocrx_word' id='word_1_655' title='bbox 1274 5363 1506 5420; x_wconf 87' lang='lat' dir='ltr'><strong>intentio</strong></span> <span class='ocrx_word' id='word_1_656' title='bbox 1534 5375 1617 5421; x_wconf 92' lang='lat' dir='ltr'><strong>est</strong></span> <span class='ocrx_word' id='word_1_657' title='bbox 1650 5382 1681 5420; x_wconf 87' lang='lat' dir='ltr'><strong>a</strong></span> <span class='ocrx_word' id='word_1_658' title='bbox 1723 5367 2036 5424; x_wconf 86' lang='lat' dir='ltr'><strong>libidinibus</strong></span> 
     </span>
    </p>
   </div>
   <div class='ocr_carea' id='block_1_81' title="bbox 452 5455 2032 5518">
    <p class='ocr_par' dir='ltr' id='par_1_81' title="bbox 452 5455 2032 5518">
     <span class='ocr_line' id='line_1_81' title="bbox 452 5455 2032 5518; baseline 0 -4"><span class='ocrx_word' id='word_1_659' title='bbox 452 5465 510 5514; x_wconf 87' lang='lat' dir='ltr'><strong>et</strong></span> <span class='ocrx_word' id='word_1_660' title='bbox 534 5471 564 5512; x_wconf 89' lang='lat' dir='ltr'><strong>a</strong></span> <span class='ocrx_word' id='word_1_661' title='bbox 593 5456 815 5514; x_wconf 85' lang='lat' dir='ltr'><strong>nefariis</strong></span> <span class='ocrx_word' id='word_1_662' title='bbox 853 5455 1338 5518; x_wconf 87' lang='lat' dir='ltr'><strong>commistionibus,</strong></span> <span class='ocrx_word' id='word_1_663' title='bbox 1380 5465 1436 5510; x_wconf 91' lang='lat' dir='ltr'><strong>et</strong></span> <span class='ocrx_word' id='word_1_664' title='bbox 1460 5472 1490 5509; x_wconf 91' lang='lat' dir='ltr'><strong>a</strong></span> <span class='ocrx_word' id='word_1_665' title='bbox 1528 5457 1884 5515; x_wconf 81' lang='lat' dir='ltr'><strong>fornicatione</strong></span> <span class='ocrx_word' id='word_1_666' title='bbox 1923 5467 2032 5514; x_wconf 90' lang='lat' dir='ltr'><strong>tam</strong></span> 
     </span>
    </p>
   </div>
   <div class='ocr_carea' id='block_1_82' title="bbox 452 5546 2032 5620">
    <p class='ocr_par' dir='ltr' id='par_1_82' title="bbox 452 5546 2032 5620">
     <span class='ocr_line' id='line_1_82' title="bbox 452 5546 2032 5620; baseline 0.001 -16"><span class='ocrx_word' id='word_1_667' title='bbox 452 5550 691 5604; x_wconf 85' lang='lat' dir='ltr'><strong>sensibili</strong></span> <span class='ocrx_word' id='word_1_668' title='bbox 738 5563 898 5618; x_wconf 86' lang='lat' dir='ltr'><strong>quam</strong></span> <span class='ocrx_word' id='word_1_669' title='bbox 947 5546 1264 5617; x_wconf 87' lang='lat' dir='ltr'><strong>intelligibili</strong></span> <span class='ocrx_word' id='word_1_670' title='bbox 1297 5547 1551 5602; x_wconf 87' lang='lat' dir='ltr'><strong>cohibere</strong></span> <span class='ocrx_word' id='word_1_671' title='bbox 1594 5565 1715 5605; x_wconf 88' lang='lat' dir='ltr'><strong>eum</strong></span> <span class='ocrx_word' id='word_1_672' title='bbox 1747 5551 1838 5620; x_wconf 87' lang='lat' dir='ltr'><strong>qui</strong></span> <span class='ocrx_word' id='word_1_673' title='bbox 1890 5552 2032 5606; x_wconf 88' lang='lat' dir='ltr'><strong>acci—</strong></span> 
     </span>
    </p>
   </div>
   <div class='ocr_carea' id='block_1_83' title="bbox 449 5641 2029 5714">
    <p class='ocr_par' dir='ltr' id='par_1_83' title="bbox 449 5641 2029 5714">
     <span class='ocr_line' id='line_1_83' title="bbox 449 5641 2029 5714; baseline 0.003 -19"><span class='ocrx_word' id='word_1_674' title='bbox 449 5643 533 5711; x_wconf 88' lang='lat' dir='ltr'><strong>pit</strong></span> <span class='ocrx_word' id='word_1_675' title='bbox 554 5641 744 5711; x_wconf 86' lang='lat' dir='ltr'><strong>legem,</strong></span> <span class='ocrx_word' id='word_1_676' title='bbox 775 5651 831 5698; x_wconf 87' lang='lat' dir='ltr'><strong>et</strong></span> <span class='ocrx_word' id='word_1_677' title='bbox 850 5650 1137 5712; x_wconf 81' lang='lat' dir='ltr'><strong>propterea</strong></span> <span class='ocrx_word' id='word_1_678' title='bbox 1163 5655 1268 5693; x_wconf 90' lang='lat' dir='ltr'><strong>non</strong></span> <span class='ocrx_word' id='word_1_679' title='bbox 1299 5654 1420 5695; x_wconf 87' lang='lat' dir='ltr'><strong>eum</strong></span> <span class='ocrx_word' id='word_1_680' title='bbox 1452 5643 1704 5711; x_wconf 58' lang='lat' dir='ltr'><strong>praecepit</strong></span> <span class='ocrx_word' id='word_1_681' title='bbox 1746 5645 1792 5697; x_wconf 85' lang='lat' dir='ltr'><strong>ei</strong></span> <span class='ocrx_word' id='word_1_682' title='bbox 1825 5661 1944 5714; x_wconf 73' lang='lat' dir='ltr'><strong>quze</strong></span> <span class='ocrx_word' id='word_1_683' title='bbox 1975 5645 2029 5699; x_wconf 88' lang='lat' dir='ltr'><strong>in</strong></span> 
     </span>
    </p>
   </div>
   <div class='ocr_carea' id='block_1_84' title="bbox 449 5732 2028 5804">
    <p class='ocr_par' dir='ltr' id='par_1_84' title="bbox 449 5732 2028 5804">
     <span class='ocr_line' id='line_1_84' title="bbox 449 5732 2028 5804; baseline 0.004 -20"><span class='ocrx_word' id='word_1_684' title='bbox 449 5732 744 5788; x_wconf 85' lang='lat' dir='ltr'><strong>menstruis</strong></span> <span class='ocrx_word' id='word_1_685' title='bbox 784 5734 1076 5790; x_wconf 82' lang='lat' dir='ltr'><strong>constituta</strong></span> <span class='ocrx_word' id='word_1_686' title='bbox 1126 5741 1212 5789; x_wconf 85' lang='lat' dir='ltr'><strong>est</strong></span> <span class='ocrx_word' id='word_1_687' title='bbox 1253 5740 1473 5803; x_wconf 86' lang='lat' dir='ltr'><strong>propter</strong></span> <span class='ocrx_word' id='word_1_688' title='bbox 1515 5733 1863 5804; x_wconf 86' lang='lat' dir='ltr'><strong>pollutionem</strong></span> <span class='ocrx_word' id='word_1_689' title='bbox 1902 5751 2028 5792; x_wconf 88' lang='lat' dir='ltr'><strong>con-</strong></span> 
     </span>
    </p>
   </div>
   <div class='ocr_carea' id='block_1_85' title="bbox 2149 3264 3722 3336">
    <p class='ocr_par' dir='ltr' id='par_1_85' title="bbox 2149 3264 3722 3336">
     <span class='ocr_line' id='line_1_85' title="bbox 2149 3264 3722 3336; baseline 0.001 -16"><span class='ocrx_word' id='word_1_690' title='bbox 2149 3266 2390 3322; x_wconf 85' lang='lat' dir='ltr'><strong>velemus</strong></span> <span class='ocrx_word' id='word_1_691' title='bbox 2413 3267 2711 3323; x_wconf 72' lang='lat' dir='ltr'><strong>fmditatem</strong></span> <span class='ocrx_word' id='word_1_692' title='bbox 2735 3266 2873 3336; x_wconf 87' lang='lat' dir='ltr'><strong>ejus,</strong></span> <span class='ocrx_word' id='word_1_693' title='bbox 2895 3275 2954 3321; x_wconf 88' lang='lat' dir='ltr'><strong>ut</strong></span> <span class='ocrx_word' id='word_1_694' title='bbox 2979 3281 3089 3322; x_wconf 91' lang='lat' dir='ltr'><strong>non</strong></span> <span class='ocrx_word' id='word_1_695' title='bbox 3115 3268 3362 3321; x_wconf 84' lang='lat' dir='ltr'><strong>dicamus</strong></span> <span class='ocrx_word' id='word_1_696' title='bbox 3385 3281 3565 3336; x_wconf 86' lang='lat' dir='ltr'><strong>neque</strong></span> <span class='ocrx_word' id='word_1_697' title='bbox 3587 3264 3722 3321; x_wconf 85' lang='lat' dir='ltr'><strong>dedu-</strong></span> 
     </span>
    </p>
   </div>
   <div class='ocr_carea' id='block_1_86' title="bbox 2147 3356 3719 3430">
    <p class='ocr_par' dir='ltr' id='par_1_86' title="bbox 2147 3356 3719 3430">
     <span class='ocr_line' id='line_1_86' title="bbox 2147 3356 3719 3430; baseline -0.004 -13"><span class='ocrx_word' id='word_1_698' title='bbox 2147 3375 2335 3417; x_wconf 88' lang='lat' dir='ltr'><strong>camus</strong></span> <span class='ocrx_word' id='word_1_699' title='bbox 2370 3361 2437 3414; x_wconf 88' lang='lat' dir='ltr'><strong>ad</strong></span> <span class='ocrx_word' id='word_1_700' title='bbox 2465 3360 2700 3415; x_wconf 83' lang='lat' dir='ltr'><strong>medium</strong></span> <span class='ocrx_word' id='word_1_701' title='bbox 2729 3360 2972 3415; x_wconf 91' lang='lat' dir='ltr'><strong>actiones</strong></span> <span class='ocrx_word' id='word_1_702' title='bbox 3000 3374 3190 3414; x_wconf 90' lang='lat' dir='ltr'><strong>eorum</strong></span> <span class='ocrx_word' id='word_1_703' title='bbox 3223 3359 3419 3424; x_wconf 85' lang='lat' dir='ltr'><strong>malas,</strong></span> <span class='ocrx_word' id='word_1_704' title='bbox 3448 3374 3560 3414; x_wconf 85' lang='lat' dir='ltr'><strong>non</strong></span> <span class='ocrx_word' id='word_1_705' title='bbox 3583 3356 3719 3430; x_wconf 86' lang='lat' dir='ltr'><strong>quasi</strong></span> 
     </span>
    </p>
   </div>
   <div class='ocr_carea' id='block_1_87' title="bbox 2147 3449 3718 3522">
    <p class='ocr_par' dir='ltr' id='par_1_87' title="bbox 2147 3449 3718 3522">
     <span class='ocr_line' id='line_1_87' title="bbox 2147 3449 3718 3522; baseline -0.003 -15"><span class='ocrx_word' id='word_1_706' title='bbox 2147 3453 2228 3508; x_wconf 89' lang='lat' dir='ltr'><strong>eis</strong></span> <span class='ocrx_word' id='word_1_707' title='bbox 2247 3459 2550 3522; x_wconf 81' lang='lat' dir='ltr'><strong>parcentes,</strong></span> <span class='ocrx_word' id='word_1_708' title='bbox 2599 3451 2694 3507; x_wconf 87' lang='lat' dir='ltr'><strong>sed</strong></span> <span class='ocrx_word' id='word_1_709' title='bbox 2718 3458 2942 3522; x_wconf 88' lang='lat' dir='ltr'><strong>propter</strong></span> <span class='ocrx_word' id='word_1_710' title='bbox 2967 3465 3061 3506; x_wconf 89' lang='lat' dir='ltr'><strong>eos</strong></span> <span class='ocrx_word' id='word_1_711' title='bbox 3090 3450 3185 3520; x_wconf 87' lang='lat' dir='ltr'><strong>qui</strong></span> <span class='ocrx_word' id='word_1_712' title='bbox 3227 3449 3457 3507; x_wconf 88' lang='lat' dir='ltr'><strong>audiunt</strong></span> <span class='ocrx_word' id='word_1_713' title='bbox 3485 3451 3614 3519; x_wconf 84' lang='lat' dir='ltr'><strong>quia</strong></span> <span class='ocrx_word' id='word_1_714' title='bbox 3636 3463 3718 3502; x_wconf 90' lang='lat' dir='ltr'><strong>no—</strong></span> 
     </span>
    </p>
   </div>
   <div class='ocr_carea' id='block_1_88' title="bbox 2147 3539 3720 3612">
    <p class='ocr_par' dir='ltr' id='par_1_88' title="bbox 2147 3539 3720 3612">
     <span class='ocr_line' id='line_1_88' title="bbox 2147 3539 3720 3612; baseline -0.002 -15"><span class='ocrx_word' id='word_1_715' title='bbox 2147 3550 2234 3597; x_wconf 91' lang='lat' dir='ltr'><strong>cet</strong></span> <span class='ocrx_word' id='word_1_716' title='bbox 2279 3541 2641 3597; x_wconf 87' lang='lat' dir='ltr'><strong>andientibus.</strong></span> <span class='ocrx_word' id='word_1_717' title='bbox 2687 3542 2915 3612; x_wconf 89' lang='lat' dir='ltr'><strong>Propter</strong></span> <span class='ocrx_word' id='word_1_718' title='bbox 2945 3543 3090 3611; x_wconf 91' lang='lat' dir='ltr'><strong>quod</strong></span> <span class='ocrx_word' id='word_1_719' title='bbox 3133 3541 3267 3596; x_wconf 89' lang='lat' dir='ltr'><strong>dicit</strong></span> <span class='ocrx_word' id='word_1_720' title='bbox 3310 3540 3511 3597; x_wconf 86' lang='lat' dir='ltr'><strong>Paulus</strong></span> <span class='ocrx_word' id='word_1_721' title='bbox 3549 3559 3563 3594; x_wconf 86' lang='lat'><strong>:</strong></span> <span class='ocrx_word' id='word_1_722' title='bbox 3605 3539 3720 3605; x_wconf 68' lang='lat' dir='ltr'><strong>Qua</strong></span> 
     </span>
    </p>
   </div>
   <div class='ocr_carea' id='block_1_89' title="bbox 2145 3630 3720 3704">
    <p class='ocr_par' dir='ltr' id='par_1_89' title="bbox 2145 3630 3720 3704">
     <span class='ocr_line' id='line_1_89' title="bbox 2145 3630 3720 3704; baseline -0.004 -15"><span class='ocrx_word' id='word_1_723' title='bbox 2145 3635 2284 3689; x_wconf 87' lang='lat' dir='ltr'><strong>enim</strong></span> <span class='ocrx_word' id='word_1_724' title='bbox 2309 3634 2364 3688; x_wconf 88' lang='lat' dir='ltr'><strong>in</strong></span> <span class='ocrx_word' id='word_1_725' title='bbox 2401 3633 2602 3688; x_wconf 85' lang='lat' dir='ltr'><strong>occulto</strong></span> <span class='ocrx_word' id='word_1_726' title='bbox 2630 3634 2696 3688; x_wconf 84' lang='lat' dir='ltr'><strong>ab</strong></span> <span class='ocrx_word' id='word_1_727' title='bbox 2724 3635 2797 3688; x_wconf 85' lang='lat' dir='ltr'><strong>eis</strong></span> <span class='ocrx_word' id='word_1_728' title='bbox 2831 3634 2986 3703; x_wconf 76' lang='lat' dir='ltr'><strong>ﬁunt,</strong></span> <span class='ocrx_word' id='word_1_729' title='bbox 3015 3642 3166 3704; x_wconf 81' lang='lat' dir='ltr'><strong>turpe</strong></span> <span class='ocrx_word' id='word_1_730' title='bbox 3200 3642 3275 3688; x_wconf 80' lang='lat' dir='ltr'><strong>est</strong></span> <span class='ocrx_word' id='word_1_731' title='bbox 3317 3633 3489 3687; x_wconf 83' lang='lat' dir='ltr'><strong>dicere</strong></span> <span class='ocrx_word' id='word_1_732' title='bbox 3512 3630 3720 3702; x_wconf 78' lang='lat' dir='ltr'><strong>(Ephes.</strong></span> 
     </span>
    </p>
   </div>
   <div class='ocr_carea' id='block_1_90' title="bbox 2145 3719 3723 3797">
    <p class='ocr_par' dir='ltr' id='par_1_90' title="bbox 2145 3719 3723 3797">
     <span class='ocr_line' id='line_1_90' title="bbox 2145 3719 3723 3797; baseline -0.001 -19"><span class='ocrx_word' id='word_1_733' title='bbox 2145 3725 2223 3797; x_wconf 89' lang='lat' dir='ltr'><strong>v).</strong></span> <span class='ocrx_word' id='word_1_734' title='bbox 2267 3723 2377 3781; x_wconf 84' lang='lat' dir='ltr'><strong>Sed</strong></span> <span class='ocrx_word' id='word_1_735' title='bbox 2420 3740 2644 3780; x_wconf 78' lang='lat' dir='ltr'><strong>uxorem</strong></span> <span class='ocrx_word' id='word_1_736' title='bbox 2674 3725 2906 3794; x_wconf 79' lang='lat' dir='ltr'><strong>proximi</strong></span> <span class='ocrx_word' id='word_1_737' title='bbox 2939 3723 3268 3796; x_wconf 84' lang='lat' dir='ltr'><strong>refugiamus</strong></span> <span class='ocrx_word' id='word_1_738' title='bbox 3301 3731 3489 3779; x_wconf 88' lang='lat' dir='ltr'><strong>utnon</strong></span> <span class='ocrx_word' id='word_1_739' title='bbox 3513 3719 3723 3791; x_wconf 85' lang='lat' dir='ltr'><strong>pollua-</strong></span> 
     </span>
    </p>
   </div>
   <div class='ocr_carea' id='block_1_91' title="bbox 2145 3811 3719 3887">
    <p class='ocr_par' dir='ltr' id='par_1_91' title="bbox 2145 3811 3719 3887">
     <span class='ocr_line' id='line_1_91' title="bbox 2145 3811 3719 3887; baseline -0.005 -14"><span class='ocrx_word' id='word_1_740' title='bbox 2145 3833 2276 3873; x_wconf 89' lang='lat' dir='ltr'><strong>mnr</strong></span> <span class='ocrx_word' id='word_1_741' title='bbox 2301 3819 2357 3872; x_wconf 91' lang='lat' dir='ltr'><strong>in</strong></span> <span class='ocrx_word' id='word_1_742' title='bbox 2389 3830 2475 3882; x_wconf 91' lang='lat' dir='ltr'><strong>ea,</strong></span> <span class='ocrx_word' id='word_1_743' title='bbox 2501 3815 2716 3887; x_wconf 87' lang='lat' dir='ltr'><strong>gentilis</strong></span> <span class='ocrx_word' id='word_1_744' title='bbox 2740 3814 2992 3872; x_wconf 85' lang='lat' dir='ltr'><strong>videlicet</strong></span> <span class='ocrx_word' id='word_1_745' title='bbox 3016 3823 3072 3872; x_wconf 84' lang='lat' dir='ltr'><strong>et</strong></span> <span class='ocrx_word' id='word_1_746' title='bbox 3092 3814 3411 3880; x_wconf 63' lang='lat' dir='ltr'><strong>idololatria,</strong></span> <span class='ocrx_word' id='word_1_747' title='bbox 3441 3811 3530 3882; x_wconf 86' lang='lat' dir='ltr'><strong>qui</strong></span> <span class='ocrx_word' id='word_1_748' title='bbox 3551 3811 3719 3883; x_wconf 77' lang='lat' dir='ltr'><strong>prosi-</strong></span> 
     </span>
    </p>
   </div>
   <div class='ocr_carea' id='block_1_92' title="bbox 2147 3903 3721 3978">
    <p class='ocr_par' dir='ltr' id='par_1_92' title="bbox 2147 3903 3721 3978">
     <span class='ocr_line' id='line_1_92' title="bbox 2147 3903 3721 3978; baseline -0.003 -14"><span class='ocrx_word' id='word_1_749' title='bbox 2147 3925 2272 3966; x_wconf 89' lang='lat' dir='ltr'><strong>mns</strong></span> <span class='ocrx_word' id='word_1_750' title='bbox 2297 3916 2485 3966; x_wconf 86' lang='lat' dir='ltr'><strong>noster</strong></span> <span class='ocrx_word' id='word_1_751' title='bbox 2507 3916 2733 3978; x_wconf 77' lang='lat' dir='ltr'><strong>propter</strong></span> <span class='ocrx_word' id='word_1_752' title='bbox 2757 3915 3012 3963; x_wconf 86' lang='lat' dir='ltr'><strong>naturam</strong></span> <span class='ocrx_word' id='word_1_753' title='bbox 3042 3915 3099 3963; x_wconf 90' lang='lat' dir='ltr'><strong>et</strong></span> <span class='ocrx_word' id='word_1_754' title='bbox 3124 3913 3348 3976; x_wconf 85' lang='lat' dir='ltr'><strong>propter</strong></span> <span class='ocrx_word' id='word_1_755' title='bbox 3365 3903 3721 3975; x_wconf 83' lang='lat' dir='ltr'><strong>cognationem</strong></span> 
     </span>
    </p>
   </div>
   <div class='ocr_carea' id='block_1_93' title="bbox 2146 3993 3719 4067">
    <p class='ocr_par' dir='ltr' id='par_1_93' title="bbox 2146 3993 3719 4067">
     <span class='ocr_line' id='line_1_93' title="bbox 2146 3993 3719 4067; baseline -0.006 -12"><span class='ocrx_word' id='word_1_756' title='bbox 2146 4000 2364 4055; x_wconf 89' lang='lat' dir='ltr'><strong>dicitur.</strong></span> <span class='ocrx_word' id='word_1_757' title='bbox 2424 3997 2653 4067; x_wconf 86' lang='lat' dir='ltr'><strong>Propter</strong></span> <span class='ocrx_word' id='word_1_758' title='bbox 2715 3997 2861 4066; x_wconf 84' lang='lat' dir='ltr'><strong>quod</strong></span> <span class='ocrx_word' id='word_1_759' title='bbox 2927 4003 2982 4052; x_wconf 87' lang='lat' dir='ltr'><strong>et</strong></span> <span class='ocrx_word' id='word_1_760' title='bbox 3046 3995 3304 4051; x_wconf 86' lang='lat' dir='ltr'><strong>Dominus</strong></span> <span class='ocrx_word' id='word_1_761' title='bbox 3355 3993 3642 4064; x_wconf 79' lang='lat' dir='ltr'><strong>inquisitos</strong></span> <span class='ocrx_word' id='word_1_762' title='bbox 3688 4004 3719 4044; x_wconf 80' lang='lat' dir='ltr'><strong>a</strong></span> 
     </span>
    </p>
   </div>
   <div class='ocr_carea' id='block_1_94' title="bbox 2147 4080 3719 4158">
    <p class='ocr_par' dir='ltr' id='par_1_94' title="bbox 2147 4080 3719 4158">
     <span class='ocr_line' id='line_1_94' title="bbox 2147 4080 3719 4158; baseline -0.006 -14"><span class='ocrx_word' id='word_1_763' title='bbox 2147 4089 2326 4144; x_wconf 74' lang='lat' dir='ltr'><strong>scriba</strong></span> <span class='ocrx_word' id='word_1_764' title='bbox 2376 4105 2392 4142; x_wconf 91' lang='lat'><strong>:</strong></span> <span class='ocrx_word' id='word_1_765' title='bbox 2424 4087 2494 4142; x_wconf 87' lang='lat' dir='ltr'><strong>Et</strong></span> <span class='ocrx_word' id='word_1_766' title='bbox 2525 4087 2643 4158; x_wconf 80' lang='lat' dir='ltr'><strong>quis</strong></span> <span class='ocrx_word' id='word_1_767' title='bbox 2671 4095 2744 4141; x_wconf 84' lang='lat' dir='ltr'><strong>est</strong></span> <span class='ocrx_word' id='word_1_768' title='bbox 2778 4084 3046 4156; x_wconf 74' lang='lat' dir='ltr'><strong>proximus</strong></span> <span class='ocrx_word' id='word_1_769' title='bbox 3092 4083 3280 4138; x_wconf 71' lang='lat' dir='ltr'><strong>naeus?</strong></span> <span class='ocrx_word' id='word_1_770' title='bbox 3321 4081 3476 4154; x_wconf 86' lang='lat' dir='ltr'><strong>(Luc.</strong></span> <span class='ocrx_word' id='word_1_771' title='bbox 3519 4080 3577 4152; x_wconf 74' lang='grc' dir='ltr'><strong>ι)</strong></span> <span class='ocrx_word' id='word_1_772' title='bbox 3612 4094 3719 4137; x_wconf 83' lang='lat' dir='ltr'><strong>eum</strong></span> 
     </span>
    </p>
   </div>
   <div class='ocr_carea' id='block_1_95' title="bbox 2146 4171 3721 4250">
    <p class='ocr_par' dir='ltr' id='par_1_95' title="bbox 2146 4171 3721 4250">
     <span class='ocr_line' id='line_1_95' title="bbox 2146 4171 3721 4250; baseline -0.006 -15"><span class='ocrx_word' id='word_1_773' title='bbox 2146 4179 2239 4250; x_wconf 91' lang='lat' dir='ltr'><strong>qui</strong></span> <span class='ocrx_word' id='word_1_774' title='bbox 2280 4177 2640 4234; x_wconf 84' lang='lat' dir='ltr'><strong>descenderat</strong></span> <span class='ocrx_word' id='word_1_775' title='bbox 2667 4176 2736 4231; x_wconf 88' lang='lat' dir='ltr'><strong>ab</strong></span> <span class='ocrx_word' id='word_1_776' title='bbox 2760 4175 3096 4232; x_wconf 83' lang='lat' dir='ltr'><strong>Hierusalem</strong></span> <span class='ocrx_word' id='word_1_777' title='bbox 3135 4173 3192 4230; x_wconf 89' lang='lat' dir='ltr'><strong>in</strong></span> <span class='ocrx_word' id='word_1_778' title='bbox 3226 4171 3468 4240; x_wconf 82' lang='lat' dir='ltr'><strong>Jericho,</strong></span> <span class='ocrx_word' id='word_1_779' title='bbox 3502 4173 3636 4227; x_wconf 86' lang='lat' dir='ltr'><strong>etin</strong></span> <span class='ocrx_word' id='word_1_780' title='bbox 3655 4171 3721 4225; x_wconf 80' lang='lat' dir='ltr'><strong>la-</strong></span> 
     </span>
    </p>
   </div>
   <div class='ocr_carea' id='block_1_96' title="bbox 2147 4271 3721 4341">
    <p class='ocr_par' dir='ltr' id='par_1_96' title="bbox 2147 4271 3721 4341">
     <span class='ocr_line' id='line_1_96' title="bbox 2147 4271 3721 4341; baseline -0.003 -14"><span class='ocrx_word' id='word_1_781' title='bbox 2147 4281 2329 4328; x_wconf 89' lang='lat' dir='ltr'><strong>trones</strong></span> <span class='ocrx_word' id='word_1_782' title='bbox 2368 4271 2654 4337; x_wconf 89' lang='lat' dir='ltr'><strong>inciderat,</strong></span> <span class='ocrx_word' id='word_1_783' title='bbox 2680 4271 2936 4327; x_wconf 81' lang='lat' dir='ltr'><strong>videlicet</strong></span> <span class='ocrx_word' id='word_1_784' title='bbox 2978 4271 3274 4336; x_wconf 66' lang='lat' dir='ltr'><strong>daemones,</strong></span> <span class='ocrx_word' id='word_1_785' title='bbox 3303 4279 3362 4326; x_wconf 89' lang='lat' dir='ltr'><strong>et</strong></span> <span class='ocrx_word' id='word_1_786' title='bbox 3384 4285 3566 4341; x_wconf 88' lang='lat' dir='ltr'><strong>neque</strong></span> <span class='ocrx_word' id='word_1_787' title='bbox 3592 4285 3622 4326; x_wconf 85' lang='lat' dir='ltr'><strong>a</strong></span> <span class='ocrx_word' id='word_1_788' title='bbox 3647 4283 3721 4323; x_wconf 82' lang='lat' dir='ltr'><strong>sa-</strong></span> 
     </span>
    </p>
   </div>
   <div class='ocr_carea' id='block_1_97' title="bbox 2140 4358 3715 4432">
    <p class='ocr_par' dir='ltr' id='par_1_97' title="bbox 2140 4358 3715 4432">
     <span class='ocr_line' id='line_1_97' title="bbox 2140 4358 3715 4432; baseline -0.003 -14"><span class='ocrx_word' id='word_1_789' title='bbox 2140 4363 2380 4428; x_wconf 88' lang='lat' dir='ltr'><strong>cerdote,</strong></span> <span class='ocrx_word' id='word_1_790' title='bbox 2411 4375 2586 4432; x_wconf 87' lang='lat' dir='ltr'><strong>neque</strong></span> <span class='ocrx_word' id='word_1_791' title='bbox 2626 4377 2655 4417; x_wconf 94' lang='lat' dir='ltr'><strong>a</strong></span> <span class='ocrx_word' id='word_1_792' title='bbox 2696 4361 2863 4418; x_wconf 87' lang='lat' dir='ltr'><strong>levita</strong></span> <span class='ocrx_word' id='word_1_793' title='bbox 2906 4370 3128 4418; x_wconf 87' lang='lat' dir='ltr'><strong>sanatus</strong></span> <span class='ocrx_word' id='word_1_794' title='bbox 3166 4371 3272 4426; x_wconf 86' lang='lat' dir='ltr'><strong>est,</strong></span> <span class='ocrx_word' id='word_1_795' title='bbox 3301 4361 3397 4417; x_wconf 86' lang='lat' dir='ltr'><strong>sed</strong></span> <span class='ocrx_word' id='word_1_796' title='bbox 3425 4376 3458 4416; x_wconf 89' lang='lat' dir='ltr'><strong>a</strong></span> <span class='ocrx_word' id='word_1_797' title='bbox 3485 4358 3715 4417; x_wconf 85' lang='lat' dir='ltr'><strong>Samari-</strong></span> 
     </span>
    </p>
   </div>
   <div class='ocr_carea' id='block_1_98' title="bbox 2145 4451 3721 4525">
    <p class='ocr_par' dir='ltr' id='par_1_98' title="bbox 2145 4451 3721 4525">
     <span class='ocr_line' id='line_1_98' title="bbox 2145 4451 3721 4525; baseline -0.002 -17"><span class='ocrx_word' id='word_1_798' title='bbox 2145 4461 2294 4520; x_wconf 91' lang='lat' dir='ltr'><strong>tano,</strong></span> <span class='ocrx_word' id='word_1_799' title='bbox 2318 4453 2628 4525; x_wconf 75' lang='lat' dir='ltr'><strong>proximum</strong></span> <span class='ocrx_word' id='word_1_800' title='bbox 2665 4453 2821 4508; x_wconf 78' lang='lat' dir='ltr'><strong>dixit.</strong></span> <span class='ocrx_word' id='word_1_801' title='bbox 2844 4451 2978 4510; x_wconf 90' lang='lat' dir='ltr'><strong>Cum</strong></span> <span class='ocrx_word' id='word_1_802' title='bbox 3007 4451 3313 4521; x_wconf 87' lang='lat' dir='ltr'><strong>hujusmodi</strong></span> <span class='ocrx_word' id='word_1_803' title='bbox 3353 4467 3489 4521; x_wconf 84' lang='lat' dir='ltr'><strong>ergo</strong></span> <span class='ocrx_word' id='word_1_804' title='bbox 3513 4451 3721 4508; x_wconf 84' lang='lat' dir='ltr'><strong>muliere</strong></span> 
     </span>
    </p>
   </div>
   <div class='ocr_carea' id='block_1_99' title="bbox 2067 4524 3719 4611">
    <p class='ocr_par' dir='ltr' id='par_1_99' title="bbox 2067 4524 3719 4611">
     <span class='ocr_line' id='line_1_99' title="bbox 2067 4524 3719 4611; baseline -0.001 -11"><span class='ocrx_word' id='word_1_805' title='bbox 2067 4524 2125 4586; x_wconf 79' lang='grc' dir='ltr'>Ῑ)</span> <span class='ocrx_word' id='word_1_806' title='bbox 2149 4559 2261 4600; x_wconf 92' lang='lat' dir='ltr'><strong>non</strong></span> <span class='ocrx_word' id='word_1_807' title='bbox 2287 4524 2620 4611; x_wconf 86' lang='lat' dir='ltr'><strong>concumbis,</strong></span> <span class='ocrx_word' id='word_1_808' title='bbox 2667 4552 2729 4599; x_wconf 90' lang='lat' dir='ltr'><strong>ut</strong></span> <span class='ocrx_word' id='word_1_809' title='bbox 2764 4542 2858 4599; x_wconf 88' lang='lat' dir='ltr'><strong>tali</strong></span> <span class='ocrx_word' id='word_1_810' title='bbox 2891 4543 3115 4600; x_wconf 86' lang='lat' dir='ltr'><strong>seminis</strong></span> <span class='ocrx_word' id='word_1_811' title='bbox 3142 4543 3518 4600; x_wconf 84' lang='lat' dir='ltr'><strong>commistione</strong></span> <span class='ocrx_word' id='word_1_812' title='bbox 3547 4557 3719 4598; x_wconf 83' lang='lat' dir='ltr'><strong>macu-</strong></span> 
     </span>
    </p>
   </div>
   <div class='ocr_carea' id='block_1_100' title="bbox 2133 4629 3720 4707">
    <p class='ocr_par' dir='ltr' id='par_1_100' title="bbox 2133 4629 3720 4707">
     <span class='ocr_line' id='line_1_100' title="bbox 2133 4629 3720 4707; baseline -0.003 -16"><span class='ocrx_word' id='word_1_813' title='bbox 2133 4630 2311 4693; x_wconf 85' lang='lat' dir='ltr'><strong>leris:</strong></span> <span class='ocrx_word' id='word_1_814' title='bbox 2332 4645 2511 4692; x_wconf 90' lang='lat' dir='ltr'><strong>utnon</strong></span> <span class='ocrx_word' id='word_1_815' title='bbox 2532 4650 2862 4707; x_wconf 85' lang='lat' dir='ltr'><strong>paganorum</strong></span> <span class='ocrx_word' id='word_1_816' title='bbox 2883 4635 3180 4706; x_wconf 73' lang='lat' dir='ltr'><strong>sapientiae,</strong></span> <span class='ocrx_word' id='word_1_817' title='bbox 3202 4634 3472 4689; x_wconf 69' lang='lat' dir='ltr'><strong>intentum</strong></span> <span class='ocrx_word' id='word_1_818' title='bbox 3492 4629 3720 4690; x_wconf 48' lang='lat' dir='ltr'><strong>comma.</strong></span> 
     </span>
    </p>
   </div>
   <div class='ocr_carea' id='block_1_101' title="bbox 2149 4720 3724 4798">
    <p class='ocr_par' dir='ltr' id='par_1_101' title="bbox 2149 4720 3724 4798">
     <span class='ocr_line' id='line_1_101' title="bbox 2149 4720 3724 4798; baseline -0.006 -12"><span class='ocrx_word' id='word_1_819' title='bbox 2149 4730 2418 4795; x_wconf 87' lang='lat' dir='ltr'><strong>nicemus,</strong></span> <span class='ocrx_word' id='word_1_820' title='bbox 2439 4742 2614 4798; x_wconf 86' lang='lat' dir='ltr'><strong>neque</strong></span> <span class='ocrx_word' id='word_1_821' title='bbox 2637 4728 2906 4784; x_wconf 76' lang='lat' dir='ltr'><strong>intumum</strong></span> <span class='ocrx_word' id='word_1_822' title='bbox 2934 4727 2991 4783; x_wconf 90' lang='lat' dir='ltr'><strong>in</strong></span> <span class='ocrx_word' id='word_1_823' title='bbox 3024 4741 3091 4782; x_wconf 88' lang='lat' dir='ltr'><strong>ea</strong></span> <span class='ocrx_word' id='word_1_824' title='bbox 3130 4725 3530 4791; x_wconf 88' lang='lat' dir='ltr'><strong>incumbamus,</strong></span> <span class='ocrx_word' id='word_1_825' title='bbox 3555 4732 3617 4779; x_wconf 89' lang='lat' dir='ltr'><strong>ut</strong></span> <span class='ocrx_word' id='word_1_826' title='bbox 3641 4720 3724 4776; x_wconf 83' lang='lat' dir='ltr'><strong>ali-</strong></span> 
     </span>
    </p>
   </div>
   <div class='ocr_carea' id='block_1_102' title="bbox 2148 4815 3724 4892">
    <p class='ocr_par' dir='ltr' id='par_1_102' title="bbox 2148 4815 3724 4892">
     <span class='ocr_line' id='line_1_102' title="bbox 2148 4815 3724 4892; baseline -0.004 -16"><span class='ocrx_word' id='word_1_827' title='bbox 2148 4837 2311 4892; x_wconf 81' lang='lat' dir='ltr'><strong>quam</strong></span> <span class='ocrx_word' id='word_1_828' title='bbox 2321 4820 2673 4892; x_wconf 87' lang='lat' dir='ltr'><strong>pollutionem</strong></span> <span class='ocrx_word' id='word_1_829' title='bbox 2690 4833 2759 4873; x_wconf 82' lang='lat' dir='ltr'><strong>ex</strong></span> <span class='ocrx_word' id='word_1_830' title='bbox 2779 4832 2845 4874; x_wconf 86' lang='lat' dir='ltr'><strong>ea</strong></span> <span class='ocrx_word' id='word_1_831' title='bbox 2862 4817 3180 4888; x_wconf 86' lang='lat' dir='ltr'><strong>indogmate</strong></span> <span class='ocrx_word' id='word_1_832' title='bbox 3193 4815 3613 4884; x_wconf 86' lang='lat' dir='ltr'><strong>conquiramus;</strong></span> <span class='ocrx_word' id='word_1_833' title='bbox 3634 4825 3724 4870; x_wconf 85' lang='lat' dir='ltr'><strong>nec</strong></span> 
     </span>
    </p>
   </div>
   <div class='ocr_carea' id='block_1_103' title="bbox 2148 4901 3720 4983">
    <p class='ocr_par' dir='ltr' id='par_1_103' title="bbox 2148 4901 3720 4983">
     <span class='ocr_line' id='line_1_103' title="bbox 2148 4901 3720 4983; baseline -0.006 -17"><span class='ocrx_word' id='word_1_834' title='bbox 2148 4912 2450 4983; x_wconf 87' lang='lat' dir='ltr'><strong>polluamus</strong></span> <span class='ocrx_word' id='word_1_835' title='bbox 2488 4922 2684 4965; x_wconf 89' lang='lat' dir='ltr'><strong>nomen</strong></span> <span class='ocrx_word' id='word_1_836' title='bbox 2726 4907 2822 4964; x_wconf 87' lang='lat' dir='ltr'><strong>Dei</strong></span> <span class='ocrx_word' id='word_1_837' title='bbox 2852 4906 3044 4972; x_wconf 89' lang='lat' dir='ltr'><strong>nostri,</strong></span> <span class='ocrx_word' id='word_1_838' title='bbox 3095 4905 3238 4976; x_wconf 79' lang='lat' dir='ltr'><strong>quod</strong></span> <span class='ocrx_word' id='word_1_839' title='bbox 3285 4904 3648 4960; x_wconf 81' lang='lat' dir='ltr'><strong>communiter</strong></span> <span class='ocrx_word' id='word_1_840' title='bbox 3674 4901 3720 4956; x_wconf 81' lang='lat' dir='ltr'><strong>in</strong></span> 
     </span>
    </p>
   </div>
   <div class='ocr_carea' id='block_1_104' title="bbox 2147 4993 3721 5072">
    <p class='ocr_par' dir='ltr' id='par_1_104' title="bbox 2147 4993 3721 5072">
     <span class='ocr_line' id='line_1_104' title="bbox 2147 4993 3721 5072; baseline -0.008 -16"><span class='ocrx_word' id='word_1_841' title='bbox 2147 5003 2328 5057; x_wconf 86' lang='lat' dir='ltr'><strong>omnia</strong></span> <span class='ocrx_word' id='word_1_842' title='bbox 2349 5016 2470 5072; x_wconf 83' lang='lat' dir='ltr'><strong>quae</strong></span> <span class='ocrx_word' id='word_1_843' title='bbox 2488 5001 2631 5056; x_wconf 89' lang='lat' dir='ltr'><strong>dicta</strong></span> <span class='ocrx_word' id='word_1_844' title='bbox 2671 5006 2798 5054; x_wconf 89' lang='lat' dir='ltr'><strong>sunt</strong></span> <span class='ocrx_word' id='word_1_845' title='bbox 2821 4997 3184 5068; x_wconf 83' lang='lat' dir='ltr'><strong>intelligamus</strong></span> <span class='ocrx_word' id='word_1_846' title='bbox 3207 5013 3222 5050; x_wconf 87' lang='lat'><strong>:</strong></span> <span class='ocrx_word' id='word_1_847' title='bbox 3249 4994 3377 5066; x_wconf 89' lang='lat' dir='ltr'><strong>quia</strong></span> <span class='ocrx_word' id='word_1_848' title='bbox 3415 4993 3612 5065; x_wconf 88' lang='lat' dir='ltr'><strong>polluit</strong></span> <span class='ocrx_word' id='word_1_849' title='bbox 3638 5005 3721 5045; x_wconf 88' lang='lat' dir='ltr'><strong>no-</strong></span> 
     </span>
    </p>
   </div>
   <div class='ocr_carea' id='block_1_105' title="bbox 2143 5071 3722 5158">
    <p class='ocr_par' dir='ltr' id='par_1_105' title="bbox 2143 5071 3722 5158">
     <span class='ocr_line' id='line_1_105' title="bbox 2143 5071 3722 5158; baseline -0.008 -9"><span class='ocrx_word' id='word_1_850' title='bbox 2143 5111 2266 5149; x_wconf 86' lang='lat' dir='ltr'><strong>men</strong></span> <span class='ocrx_word' id='word_1_851' title='bbox 2295 5071 2412 5158; x_wconf 89' lang='lat' dir='ltr'><strong>Dei,</strong></span> <span class='ocrx_word' id='word_1_852' title='bbox 2444 5108 2552 5148; x_wconf 92' lang='lat' dir='ltr'><strong>non</strong></span> <span class='ocrx_word' id='word_1_853' title='bbox 2590 5092 2765 5146; x_wconf 90' lang='lat' dir='ltr'><strong>solum</strong></span> <span class='ocrx_word' id='word_1_854' title='bbox 2793 5088 3170 5145; x_wconf 83' lang='lat' dir='ltr'><strong>fornicationis</strong></span> <span class='ocrx_word' id='word_1_855' title='bbox 3200 5087 3536 5157; x_wconf 87' lang='lat' dir='ltr'><strong>turpitudine</strong></span> <span class='ocrx_word' id='word_1_856' title='bbox 3559 5094 3616 5141; x_wconf 89' lang='lat' dir='ltr'><strong>et</strong></span> <span class='ocrx_word' id='word_1_857' title='bbox 3641 5071 3722 5137; x_wconf 78' lang='lat' dir='ltr'><strong>ali-</strong></span> 
     </span>
    </p>
   </div>
   <div class='ocr_carea' id='block_1_106' title="bbox 2143 5177 3720 5255">
    <p class='ocr_par' dir='ltr' id='par_1_106' title="bbox 2143 5177 3720 5255">
     <span class='ocr_line' id='line_1_106' title="bbox 2143 5177 3720 5255; baseline -0.006 -17"><span class='ocrx_word' id='word_1_858' title='bbox 2143 5184 2339 5255; x_wconf 87' lang='lat' dir='ltr'><strong>quibus</strong></span> <span class='ocrx_word' id='word_1_859' title='bbox 2383 5182 2688 5238; x_wconf 89' lang='lat' dir='ltr'><strong>actionibus</strong></span> <span class='ocrx_word' id='word_1_860' title='bbox 2712 5180 2980 5237; x_wconf 87' lang='lat' dir='ltr'><strong>idolorum</strong></span> <span class='ocrx_word' id='word_1_861' title='bbox 3005 5188 3190 5245; x_wconf 90' lang='lat' dir='ltr'><strong>utens,</strong></span> <span class='ocrx_word' id='word_1_862' title='bbox 3219 5179 3315 5234; x_wconf 90' lang='lat' dir='ltr'><strong>sed</strong></span> <span class='ocrx_word' id='word_1_863' title='bbox 3341 5187 3398 5233; x_wconf 91' lang='lat' dir='ltr'><strong>et</strong></span> <span class='ocrx_word' id='word_1_864' title='bbox 3439 5177 3486 5233; x_wconf 90' lang='lat' dir='ltr'><strong>si</strong></span> <span class='ocrx_word' id='word_1_865' title='bbox 3513 5177 3635 5246; x_wconf 86' lang='lat' dir='ltr'><strong>quis</strong></span> <span class='ocrx_word' id='word_1_866' title='bbox 3660 5188 3720 5229; x_wconf 80' lang='lat' dir='ltr'><strong>ex</strong></span> 
     </span>
    </p>
   </div>
   <div class='ocr_carea' id='block_1_107' title="bbox 2141 5275 3719 5352">
    <p class='ocr_par' dir='ltr' id='par_1_107' title="bbox 2141 5275 3719 5352">
     <span class='ocr_line' id='line_1_107' title="bbox 2141 5275 3719 5352; baseline -0.004 -17"><span class='ocrx_word' id='word_1_867' title='bbox 2141 5295 2470 5352; x_wconf 85' lang='lat' dir='ltr'><strong>paganorum</strong></span> <span class='ocrx_word' id='word_1_868' title='bbox 2515 5293 2702 5336; x_wconf 87' lang='lat' dir='ltr'><strong>errore</strong></span> <span class='ocrx_word' id='word_1_869' title='bbox 2740 5287 2798 5336; x_wconf 88' lang='lat' dir='ltr'><strong>et</strong></span> <span class='ocrx_word' id='word_1_870' title='bbox 2833 5293 2898 5334; x_wconf 89' lang='lat' dir='ltr'><strong>ea</strong></span> <span class='ocrx_word' id='word_1_871' title='bbox 2939 5294 3061 5348; x_wconf 66' lang='lat' dir='ltr'><strong>quae</strong></span> <span class='ocrx_word' id='word_1_872' title='bbox 3095 5277 3398 5349; x_wconf 88' lang='lat' dir='ltr'><strong>appellatur</strong></span> <span class='ocrx_word' id='word_1_873' title='bbox 3457 5275 3604 5345; x_wconf 87' lang='lat' dir='ltr'><strong>apud</strong></span> <span class='ocrx_word' id='word_1_874' title='bbox 3633 5287 3719 5328; x_wconf 88' lang='lat' dir='ltr'><strong>eos</strong></span> 
     </span>
    </p>
   </div>
   <div class='ocr_carea' id='block_1_108' title="bbox 2139 5365 3715 5444">
    <p class='ocr_par' dir='ltr' id='par_1_108' title="bbox 2139 5365 3715 5444">
     <span class='ocr_line' id='line_1_108' title="bbox 2139 5365 3715 5444; baseline -0.005 -16"><span class='ocrx_word' id='word_1_875' title='bbox 2139 5373 2500 5444; x_wconf 82' lang='lat' dir='ltr'><strong>phiIOSOphia,</strong></span> <span class='ocrx_word' id='word_1_876' title='bbox 2540 5370 2936 5426; x_wconf 87' lang='lat' dir='ltr'><strong>subintroducit</strong></span> <span class='ocrx_word' id='word_1_877' title='bbox 2983 5369 3037 5424; x_wconf 93' lang='lat' dir='ltr'><strong>in</strong></span> <span class='ocrx_word' id='word_1_878' title='bbox 3075 5369 3253 5424; x_wconf 85' lang='lat' dir='ltr'><strong>divina</strong></span> <span class='ocrx_word' id='word_1_879' title='bbox 3289 5367 3547 5423; x_wconf 73' lang='lat' dir='ltr'><strong>Ecclesia:</strong></span> <span class='ocrx_word' id='word_1_880' title='bbox 3593 5365 3715 5434; x_wconf 83' lang='lat' dir='ltr'><strong>dog-</strong></span> 
     </span>
    </p>
   </div>
   <div class='ocr_carea' id='block_1_109' title="bbox 2138 5458 3718 5534">
    <p class='ocr_par' dir='ltr' id='par_1_109' title="bbox 2138 5458 3718 5534">
     <span class='ocr_line' id='line_1_109' title="bbox 2138 5458 3718 5534; baseline -0.004 -15"><span class='ocrx_word' id='word_1_881' title='bbox 2138 5474 2315 5529; x_wconf 86' lang='lat' dir='ltr'><strong>mata;</strong></span> <span class='ocrx_word' id='word_1_882' title='bbox 2341 5463 2484 5534; x_wconf 91' lang='lat' dir='ltr'><strong>quod</strong></span> <span class='ocrx_word' id='word_1_883' title='bbox 2507 5463 2728 5532; x_wconf 86' lang='lat' dir='ltr'><strong>quidam</strong></span> <span class='ocrx_word' id='word_1_884' title='bbox 2748 5463 3018 5532; x_wconf 87' lang='lat' dir='ltr'><strong>patientes</strong></span> <span class='ocrx_word' id='word_1_885' title='bbox 3038 5462 3095 5516; x_wconf 91' lang='lat' dir='ltr'><strong>in</strong></span> <span class='ocrx_word' id='word_1_886' title='bbox 3115 5469 3320 5517; x_wconf 87' lang='lat' dir='ltr'><strong>sortem</strong></span> <span class='ocrx_word' id='word_1_887' title='bbox 3341 5458 3718 5516; x_wconf 71' lang='lat' dir='ltr'><strong>haereticorum</strong></span> 
     </span>
    </p>
   </div>
   <div class='ocr_carea' id='block_1_110' title="bbox 2138 5551 3720 5625">
    <p class='ocr_par' dir='ltr' id='par_1_110' title="bbox 2138 5551 3720 5625">
     <span class='ocr_line' id='line_1_110' title="bbox 2138 5551 3720 5625; baseline -0.006 -16"><span class='ocrx_word' id='word_1_888' title='bbox 2138 5555 2273 5625; x_wconf 85' lang='lat' dir='ltr'><strong>lapsi</strong></span> <span class='ocrx_word' id='word_1_889' title='bbox 2316 5563 2460 5618; x_wconf 84' lang='lat' dir='ltr'><strong>sunt,</strong></span> <span class='ocrx_word' id='word_1_890' title='bbox 2504 5561 2559 5607; x_wconf 89' lang='lat' dir='ltr'><strong>et</strong></span> <span class='ocrx_word' id='word_1_891' title='bbox 2603 5553 2729 5607; x_wconf 78' lang='lat' dir='ltr'><strong>lacti</strong></span> <span class='ocrx_word' id='word_1_892' title='bbox 2762 5561 2890 5606; x_wconf 88' lang='lat' dir='ltr'><strong>sunt</strong></span> <span class='ocrx_word' id='word_1_893' title='bbox 2934 5561 3089 5608; x_wconf 81' lang='lat' dir='ltr'><strong>extra</strong></span> <span class='ocrx_word' id='word_1_894' title='bbox 3123 5551 3456 5617; x_wconf 76' lang='lat' dir='ltr'><strong>Ecclesium;</strong></span> <span class='ocrx_word' id='word_1_895' title='bbox 3497 5558 3558 5606; x_wconf 90' lang='lat' dir='ltr'><strong>ut</strong></span> <span class='ocrx_word' id='word_1_896' title='bbox 3600 5554 3720 5618; x_wconf 83' lang='lat' dir='ltr'><strong>pote</strong></span> 
     </span>
    </p>
   </div>
   <div class='ocr_carea' id='block_1_111' title="bbox 2135 5641 3718 5716">
    <p class='ocr_par' dir='ltr' id='par_1_111' title="bbox 2135 5641 3718 5716">
     <span class='ocr_line' id='line_1_111' title="bbox 2135 5641 3718 5716; baseline -0.003 -20"><span class='ocrx_word' id='word_1_897' title='bbox 2135 5647 2436 5716; x_wconf 80' lang='lat' dir='ltr'><strong>polluentes</strong></span> <span class='ocrx_word' id='word_1_898' title='bbox 2462 5659 2654 5699; x_wconf 87' lang='lat' dir='ltr'><strong>nomen</strong></span> <span class='ocrx_word' id='word_1_899' title='bbox 2683 5644 2799 5709; x_wconf 88' lang='lat' dir='ltr'><strong>Dei,</strong></span> <span class='ocrx_word' id='word_1_900' title='bbox 2827 5644 2877 5698; x_wconf 88' lang='lat' dir='ltr'><strong>id</strong></span> <span class='ocrx_word' id='word_1_901' title='bbox 2903 5653 3005 5709; x_wconf 87' lang='lat' dir='ltr'><strong>est,</strong></span> <span class='ocrx_word' id='word_1_902' title='bbox 3031 5641 3348 5711; x_wconf 82' lang='lat' dir='ltr'><strong>injuriantcs</strong></span> <span class='ocrx_word' id='word_1_903' title='bbox 3376 5653 3432 5696; x_wconf 82' lang='lat' dir='ltr'><strong>et</strong></span> <span class='ocrx_word' id='word_1_904' title='bbox 3461 5641 3718 5712; x_wconf 86' lang='lat' dir='ltr'><strong>quodam-</strong></span> 
     </span>
    </p>
   </div>
   <div class='ocr_carea' id='block_1_112' title="bbox 2136 5735 3712 5806">
    <p class='ocr_par' dir='ltr' id='par_1_112' title="bbox 2136 5735 3712 5806">
     <span class='ocr_line' id='line_1_112' title="bbox 2136 5735 3712 5806; baseline -0.003 -14"><span class='ocrx_word' id='word_1_905' title='bbox 2136 5736 2296 5792; x_wconf 87' lang='lat' dir='ltr'><strong>modo</strong></span> <span class='ocrx_word' id='word_1_906' title='bbox 2319 5735 2750 5805; x_wconf 86' lang='lat' dir='ltr'><strong>coinquinantes.</strong></span> <span class='ocrx_word' id='word_1_907' title='bbox 2798 5735 2925 5806; x_wconf 87' lang='lat' dir='ltr'><strong>quia</strong></span> <span class='ocrx_word' id='word_1_908' title='bbox 2969 5749 3074 5790; x_wconf 90' lang='lat' dir='ltr'><strong>non</strong></span> <span class='ocrx_word' id='word_1_909' title='bbox 3100 5741 3311 5804; x_wconf 85' lang='lat' dir='ltr'><strong>oportet</strong></span> <span class='ocrx_word' id='word_1_910' title='bbox 3339 5747 3406 5790; x_wconf 86' lang='lat' dir='ltr'><strong>ea</strong></span> <span class='ocrx_word' id='word_1_911' title='bbox 3445 5748 3566 5806; x_wconf 64' lang='lat' dir='ltr'><strong>qua:</strong></span> <span class='ocrx_word' id='word_1_912' title='bbox 3594 5736 3712 5787; x_wconf 78' lang='lat' dir='ltr'><strong>sum</strong></span> 
     </span>
    </p>
   </div>
  </div>
