3994 6352
190 342 340 403 ως..
905 331 2538 394 ,ι-.;κεχροειτινιοιηωειωυωνωουιιτ-«υβεοιτα
2595 345 2642 384 τί
2750 333 2756 342 ’
3209 339 3212 342 ’
3312 328 3488 400 μω

191 457 500 520 mortuorum
513 463 696 520 super
709 448 898 505 sitam.
912 447 1184 516 inducere,
1213 451 1310 506 sed
1333 449 1740 508 custodiomlum

1857 447 2076 520 legitima
2093 463 2212 507 mea
2231 449 2635 521 atque-judicia.
2658 447 3236 521 (Emﬂesychiod-NM
3251 459 3424 520 parm
3477 491 3486 500 .

191 562 265 611 est
287 544 764 604 Paulimandstum
786 543 1054 612 scripula).
1069 541 1351 612 aSpiritn,
1381 541 1518 608 Quae
1533 542 1743 612 panicio
1785 553 1792 568 '
1849 542 2020 604 modo:
2057 542 2224 613 pollui
2269 542 2342 598 ia
2379 543 2978 612 .prmdiotisapeccutis,
3027 541 3326 614 indignatio
3365 546 3480 600 ot.’

192 643 316 720 patio
329 635 658 709 justitiazrad
685 634 1055 704 iniquitatem?
1072 633 1186 689 Aut.
1207 631 1750 705 quasocietamChri~
1801 653 1806 674 τ
1845 633 2270 704 pacm-quinia
2305 633 2393 689 eis
2407 633 2636 690 deﬁnito
2665 633 3148 689 estdemoastrat-
3175 634 3234 688 ln
3273 631 3429 692 nullo
3456 657 3484 686 ρτ

179 736 250 794 ἐιὶ
272 733 332 788 sd
547 725 687 797 NII
714 723 1216 797 Corinth.~VL)=-H0c
1235 725 1382 780 enim
1399 732 1466 780 et
1489 724 1602 794 ipse
1621 735 1752 792 quo.

1857 723 1992 778 enim
2027 737 2218 780 eorum
2239 731 2453 794 oportet
2475 723 2665 794 pollui.
2697 723 2834 778 Nam
2857 725 2948 794 qui
2976 725 3038 778 in-
3057 739 3169 779 uno
3191 722 3429 794 pullum
3461 739 3480 766 η·

197 816 756 889 ἁθιιιωοὸοιᾳίδιηωιθ
775 815 1272 887 significarisinhis
1293 830 1410 884 (pne
1433 815 1744 876 dictatum,
1791 835 1798 838 ·
1846 812 2026 879 fuerit,
2061 815 2116 870 in
2155 814 2408 871 omnibus
2445 815 2724 886 polluitur,
2766 815 2894 885 quia
2927 830 3011 879 ea,
3057 825 3180 885 qua:
3215 814 3322 870 sibi
3360 810 3429 872 ad
3463 857 3468 864 .

195 929 308 970 cum.
323 907 596 965 subdidit:
635 905 748 976 Ego
773 905 1178 979 Dominus,-qui
1201 904 1422 976 gloriam
1445 904 1750 962 habeaom-
1782 927 1810 972 -ε
1847 907 2088 963 invicem
2121 905 2408 978 conjuncta
2453 916 2626 974 sunt,
2647 907 2734 964 lex
2775 907 3061 964 ostendere
3096 906 3337 976 cupiens,
3371 905 3428 962 in
3479 953 3486 974 τ

197 1006 326 1060 nibus
359 997 1152 1069 incommunicabilem,.quanto
1175 997 1361 1065 magis
1387 994 1744 1058 «temonibus,
1777 1015 1808 1046 .·
1848 1012 2018 1054 unum
2038 999 2220 1054 omnia
2245 999 2482 1071 collegit,
2513 1001 2946 1070 qum-innatum
2971 1006 3101 1054 sunt
3133 1000 3338 1069 gravia,
3370 1005 3430 1053 ut
3473 1021 3484 1044 ί

195 1096 278 1166 qui
313 1100 648 1162 corruptores
696 1097 826 1145 sunt
868 1090 1198 1155 anulorum,
1242 1097 1297 1144 et
1335 1087 1492 1144 idolis
1533 1099 1744 1144 earum.
1848 1099 2036 1160 gentes
2071 1092 2238 1146 etiam
2268 1092 2856 1163 integras-perderent,
2899 1077 2960 1148 et
2983 1099 3192 1146 terram
3222 1089 3440 1161 pollues,
3463 1115 3488 1142 οι

195 1185 514 1257 ιρςὶδςαιιίειη
541 1180 726 1236 verbis
753 1181 1088 1238 sanctionem
1117 1179 1498 1236 terribiliorem
1527 1176 1746 1234 facitex
1849 1187 1994 1246 rent;
2019 1182 2386 1254 pollutamque
2419 1184 2630 1253 respui-
2649 1182 2909 1248 facerent,
2939 1191 3001 1238 et
3015 1195 3130 1238 eos
3161 1180 3255 1252 qui
3281 1179 3350 1235 in
3369 1193 3486 1250 eaq:

196 1273 404 1343 ecquod
419 1271 654 1326 mediam
675 1285 795 1326 eam
822 1268 1164 1328 sicutcernis
1189 1268 1278 1326 his
1292 1269 1369 1326 de
1381 1269 1584 1338 quibus
1607 1282 1751 1326 nunc
1802 1301 1808 1312 ι
1851 1271 1994 1328 talia.
2013 1273 2420 1338 commiserunt.
2453 1281 2767 1329 ovomeretr.
2789 1281 2978 1343 atque,
3003 1279 3300 1336 retineret,
3326 1283 3435 1326 non
3460 1290 3488 1340 ίι

196 1364 410 1434 loquitur
430 1362 642 1433 posuit:
671 1361 1108 1432 praecedentibus
1123 1360 1322 1430 quippe
1339 1360 1428 1415 bis
1447 1375 1566 1429 quae
1587 1358 1749 1415 modo
1785 1371 1788 1376 '
1851 1362 1974 1432 quia
2010 1371 2225 1433 poterat
2269 1363 2615 1434 erpellere-t1
2658 1373 2722 1420 se
2757 1363 2844 1418 vel
2869 1378 3142 1428 evomere,
3173 1363 3486 1419 velusicut.»

195 1459 410 1515 discussa
442 1464 586 1520 sunt,
629 1469 818 1510 rursus
840 1454 1096 1525 proponit
1121 1453 1248 1524 quia
1287 1469 1395 1508 non
1424 1452 1586 1508 debet
1627 1467 1748 1507 cum

193 1546 408 1605 masculo
437 1546 579 1602 virili
611 1546 758 1602 coitu
790 1544 1109 1609 concumbi,
1152 1543 1244 1599 sed
1272 1557 1374 1598 nec
1397 1557 1520 1598 cum
1555 1555 1752 1611 pecore

195 1642 310 1698 coiri
334 1639 636 1695 necessario
681 1639 736 1692 in
782 1638 887 1692 boc
925 1645 1155 1706 utroque
1203 1634 1468 1690 mandans
1495 1643 1754 1703 tanquam

193 1742 460 1802 utrumque
485 1740 670 1786 contra
695 1737 944 1784 naturam
989 1737 1094 1793 est,
1117 1727 1212 1783 sed
1251 1726 1470 1795 insuper
1503 1723 1628 1792 quia
1663 1721 1750 1790 jn-

1852 1452 2186 1509 Theodotion
2217 1454 2352 1519 edit,
2381 1469 2621 1525 respuere
2651 1472 2760 1521 eos,
2787 1455 2882 1511 sed
2905 1456 3126 1512 eosdem
3151 1459 3432 1519 nocentes,
3463 1491 3488 1504 ..

1851 1543 2006 1613 quasi
2063 1544 2372 1615 ingemiscit
2427 1545 2748 1602 naturaliter
2797 1546 2854 1601 in
2909 1545 3432 1618 transgressionibus

1852 1634 1984 1698 suis,
2025 1635 2478 1702 quemadmodum
2509 1636 2707 1691 Paulus
2743 1637 2916 1692 dicit:
2945 1636 3083 1703 Quia
3123 1638 3236 1708 ipsa
3281 1637 3438 1691 etiam

1852 1737 2095 1782 creatura
2107 1729 2396 1799 ingemiscit
2411 1740 2459 1784 et
2479 1732 2705 1800 parturit
2723 1748 2889 1802 usque
2910 1731 3082 1786 adhuc
3096 1731 3275 1802 (Rom.
3294 1729 3434 1802 vm).

192 1833 478 1880 mentorum
503 1829 606 1887 est,
635 1830 688 1876 et
715 1829 777 1875 ut
800 1821 885 1874 vir
907 1819 1048 1883 viro,
1085 1816 1229 1873 fmdo
1258 1816 1403 1871 coitu
1435 1815 1744 1877 misceatur,
1775 1818 1823 1878 Β
1849 1817 1994 1874 Deus
2020 1827 2200 1873 autem
2227 1827 2336 1873 iam
2362 1820 2622 1890 gemitum
2644 1817 2761 1888 ejus
2781 1819 3228 1889 ﬁnding-quam
3260 1819 3434 1889 legem

193 1915 317 1985 quod
360 1912 670 1984 fugiendum
722 1919 885 1979 atque
928 1908 1323 1964 adversantium
1377 1914 1482 1962 est.
1539 1903 1646 1960 Sed
1697 1911 1753 1957 et

193 2004 367 2060 Paulus
404 2004 524 2058 inec
564 2000 980 2065 demonstravit,
1019 1997 1090 2053 ad
1123 2011 1340 2069 pcenam
1379 2011 1446 2051 ea
1473 1995 1674 2052 docens
1696 2000 1752 2048 et

192 2096 312 2150 iram
335 2093 428 2148 Dei
454 2101 510 2146 et
545 2091 900 2160 perditionem
929 2086 1384 2144 committentium
1408 2085 1611 2155 peragi.
1645 2083 1752 2139 Sed

192 2196 240 2241 et
263 2186 444 2256 reliqui
483 2183 812 2254 lnterpretes
848 2197 948 2252 pro
975 2179 1342 2244 abominabili,
1393 2177 1751 2248 Symmachus

191 2275 463 2345 immittite,
508 2273 704 2343 Aquila
745 2271 996 2340 infectum
1037 2269 1344 2332 ediderunt,
1389 2267 1492 2322 hoc
1531 2265 1750 2335 quidem

191 2368 397 2431 actione,
426 2365 558 2421 illud
583 2369 762 2418 autem
783 2363 948 2417 etiam
969 2359 1134 2416 verbo
1160 2359 1247 2414 vel
1275 2357 1610 2422 narratione,
1639 2369 1751 2412 non

188 2469 291 2510 esse
330 2455 616 2526 portabile,
663 2467 768 2510 nec
809 2452 1110 2523 legitimum
1137 2450 1398 2506 dicentes.
1425 2447 1536 2504 Nos
1570 2454 1749 2502 autem

188 2556 364 2616 praeter
399 2548 520 2602 hmo
555 2544 854 2601 masculum
897 2544 989 2615 qui
1020 2542 1194 2598 virilia
1236 2542 1348 2609 agit
1391 2539 1750 2610 intelligamus

187 2639 466 2704 hominem,
497 2638 566 2692 de
595 2652 702 2707 quo
729 2635 898 2690 David
926 2634 1140 2690 dicebat
1167 2652 1180 2687 :
1213 2631 1410 2687 Beatus
1437 2631 1515 2685 vir
1533 2629 1624 2701 qui
1647 2645 1750 2684 non

185 2731 304 2785 abiit
337 2732 393 2785 in
423 2729 641 2786 consilio
664 2730 946 2800 itnpiorunt
975 2725 1146 2798 (Psal.
1175 2725 1238 2800 ι).
1267 2725 1338 2781 Et
1363 2738 1551 2780 rursus
1577 2741 1590 2778 :
1622 2721 1750 2776 Fiat

185 2837 358 2877 manus
399 2831 498 2877 tua
539 2838 696 2892 super
734 2822 904 2878 virum
938 2821 1168 2876 dextera
1196 2827 1304 2874 tua
1330 2814 1502 2888 (Psal.
1538 2813 1746 2886 nxxtx).

185 2910 324 2968 lianc
341 2911 643 2969 eﬂeminari
669 2926 778 2968 non
793 2919 1029 2982 oportet,
1054 2924 1160 2967 nec
1183 2907 1401 2968 dissolvi
1421 2905 1560 2975 ejus,
1585 2919 1750 2975 quam

185 3007 332 3064 habet
345 3008 402 3063 in
422 3007 630 3062 virtute
645 3006 1126 3077 perseverantiam.
1151 3004 1265 3060 Hoc
1285 3004 1434 3060 enim
1447 3010 1750 3073 opportune

183 3111 294 3152 cum
335 3098 474 3166 viro,
519 3097 770 3154 muliebri
817 3096 966 3153 coitu
1007 3094 1224 3152 misceri
1264 3093 1614 3165 intelligitur;
1653 3091 1748 3147 sed

1857 1924 2008 1964 suam
2035 1918 2091 1965 et
2111 1918 2438 1975 creaturam,
2452 1918 2513 1965 ut
2523 1919 2650 1981 pote
2663 1911 2940 1981 propriam
2961 1924 3084 1980 quae
3102 1910 3441 1966 demonstrat

1853 2017 1921 2056 ex
1946 2001 2032 2056 bis
2063 2016 2184 2070 qua
2205 2017 2350 2057 nunc
2372 2001 2528 2066 dixit,
2559 2001 2713 2071 cujus
2747 2017 2842 2071 ego
2875 1999 3072 2056 scelera
3095 1998 3352 2063 visitabo;
3382 2006 3440 2054 et

1856 2093 1974 2148 haec
1992 2093 2208 2162 quidem
2229 2109 2328 2149 nos
2341 2094 2502 2149 docet
2515 2108 2612 2164 per
2622 2092 2860 2148 litteram
2880 2092 2987 2148 lex.
3008 2091 3104 2148 His
3118 2099 3297 2146 autem
3311 2104 3441 2146 con-

1851 2182 2042 2252 juncta
2055 2190 2184 2238 sunt
2194 2191 2249 2239 et
2271 2200 2379 2239 non
2403 2183 2702 2250 contraria,
2727 2185 2773 2240 si
2792 2199 2890 2254 per
2909 2181 3211 2254 spiritalem
3233 2179 3444 2236 intelle-

1852 2283 2000 2331 ctum
2023 2284 2210 2347 gentes
2245 2278 2298 2332 in
2322 2277 2408 2332 his
2435 2277 2685 2333 omnibus
2715 2276 2946 2348 pollutas
2977 2275 3246 2331 daemones
3287 2271 3446 2328 intel-
3487 2303 3492 2308 -

1851 2366 2162 2433 lexerimus,
2194 2375 2384 2439 gentes
2415 2367 2679 2438 siquidem
2700 2367 2756 2422 hi
2787 2375 3009 2438 propter
3043 2363 3440 2420 multitudinem

1853 2455 2124 2512 dicuntur.
2145 2457 2282 2512 Cum
2310 2459 2454 2512 enim
2489 2457 2652 2513 nimis
2675 2458 2783 2512 sint
2807 2457 2976 2528 iniqui
2999 2462 3056 2512 et
3080 2455 3226 2510 omni
3255 2454 3460 2509 laetan-~

1854 2556 1942 2603 tur
1975 2550 2205 2616 malitia,
2238 2553 2476 2607 maxime
2511 2560 2688 2607 tamen
2721 2549 3098 2616 fornicatione,
3139 2557 3196 2604 et
3233 2545 3443 2602 nefaria

1853 2637 2228 2708 fornicatione,
2241 2657 2309 2697 ac
2321 2642 2490 2697 multo
2511 2641 2682 2714 magis
2707 2640 3030 2705 idololatria,
3047 2637 3444 2708 gaudent.quia

1855 2729 1907 2784 in
1921 2729 2006 2786 bis
2026 2746 2224 2800 corpus
2241 2737 2296 2787 et
2315 2732 2496 2786 anima
2519 2731 2843 2796 maculatur,
2863 2738 2920 2786 et
2935 2737 3080 2785 totus
3091 2731 3253 2784 homo
3277 2727 3368 2799 qui
3389 2734 3448 2783 et

1855 2828 1998 2876 terra
2025 2821 2324 2891 appellatur
2354 2836 2454 2892 per
2479 2821 2582 2876 hoc
2619 2819 2878 2890 polluitur
2905 2837 2920 2874 :
2952 2817 3048 2874 sed
3085 2817 3270 2872 visitat
3301 2815 3444 2872 Deus

1854 2919 2075 2976 terram,
2097 2911 2350 2968 videlicet
2391 2912 2670 2968 hominum
2699 2927 2888 2984 genus,
2914 2921 2972 2968 et
2998 2912 3196 2966 scelus.
3223 2907 3350 2964 Sive
3380 2914 3447 2962 ut
3471 2915 3486 2944 θ

1853 3000 2206 3074 Septuaginta
2231 3022 2245 3058 :
2268 3003 2580 3074 lnjustitt'am
2591 3004 2707 3074 ejus
2727 3004 2786 3058 in
2803 3019 2942 3068 eun,
2957 3002 3012 3058 id
3031 3011 3135 3066 est,
3150 3015 3268 3071 qua:
3279 3008 3362 3056 est
3375 3001 3445 3056 ab
3491 3033 3494 3036 ~

1853 3092 1969 3164 ipsa
1997 3101 2053 3148 et
2082 3094 2136 3149 in
2158 3095 2852 3165 semetipsa'committitur.
2874 3094 2958 3151 Ab
2983 3109 3048 3151 ea
3073 3092 3292 3164 quidem
3312 3093 3445 3164 quia
3495 3137 3498 3140 .

184 3191 618 3260 quemadmodum
639 3189 806 3244 alium
831 3187 1198 3244 effeminatum
1216 3185 1336 3241 ﬁeri
1355 3201 1465 3241 non
1483 3184 1744 3255 oportuit,
1775 3184 1820 3248 C
1851 3184 2239 3240 abominabiles
2271 3192 2399 3241 sunt
2425 3193 2734 3254 peccantes,
2769 3192 2828 3240 et
2853 3184 2901 3240 si
2931 3199 2966 3241 a
3003 3183 3336 3242 daemonibus
3375 3184 3446 3240 ad
3481 3189 3484 3230 ἐ

183 3279 248 3334 ita
283 3296 381 3337 nec
410 3297 514 3338 nos
554 3281 776 3336 nefariis
813 3279 1178 3351 voluptatibus
1220 3277 1588 3348 acquiescere,
1630 3291 1752 3346 qua:

184 3374 748 3446 recte-quadrupedis,
786 3383 848 3430 ut
888 3382 1016 3445 pote
1043 3375 1098 3428 in
1143 3382 1346 3428 terram
1390 3370 1750 3435 intendentia,

181 3476 228 3522 et
283 3470 524 3526 actiones
581 3481 702 3538 quae
747 3467 928 3522 virum
987 3467 1216 3522 deceant
1279 3479 1387 3520 non
1439 3464 1702 3519 habentes
1734 3501 1750 3528 ,

180 3557 328 3612 dicta
353 3567 484 3615 sunt
523 3576 540 3613 :
585 3559 643 3613 in
683 3565 883 3612 terram
904 3571 1138 3625 namque
1183 3554 1469 3609 intendunt
1513 3552 1754 3622 quadru-

177 3651 317 3721 podia
369 3659 428 3709 et
479 3665 740 3707 manuum
793 3657 982 3705 carent
1032 3661 1137 3702 usu
1159 3687 1174 3712 ,
1231 3661 1352 3716 qua
1405 3646 1460 3699 in
1514 3645 1756 3698 actiones

179 3739 351 3812 dignas
365 3741 687 3800 hominibus
707 3739 1068 3812 accipiuntur,
1081 3739 1216 3810 quia
1234 3736 1456 3809 proprie
1473 3735 1756 3792 hominum

179 3839 250 3888 est
280 3832 542 3888 manibus
589 3833 860 3888 laborare.
913 3832 1032 3888 Non
1078 3845 1210 3902 ergo
1236 3836 1454 3901 oportet
1497 3843 1628 3883 cum.
1669 3826 1760 3881 his

179 3923 330 3988 coire,
369 3935 438 3976 ex
467 3921 670 3989 quibus
693 3922 816 3991 quis
862 3920 1154 3990 polluitur:
1187 3919 1282 3989 qui
1317 3919 1468 3974 enim
1511 3924 1762 3973 moratur

177 4011 222 4068 in
239 4013 740 4080 delectationibus,
767 4012 884 4068 sive
907 4011 1288 4082 voluptatibus,
1318 4010 1390 4064 ita
1416 4017 1477 4064 ut
1505 4023 1759 4064 concum-

178 4103 256 4158 bat
291 4105 348 4160 in
376 4105 487 4169 eis,
517 4103 607 4158 hic
647 4110 703 4158 et
741 4115 926 4160 semen
969 4102 1258 4158 ell'undere~
1287 4101 1505 4167 dicitur,
1535 4107 1764 4171 propter

178 4195 270 4253 hoc
287 4197 415 4268 quia
439 4195 700 4267 polluitur
727 4197 798 4251 ab
817 4197 918 4262 eis,
946 4195 1062 4250 sive
1088 4196 1214 4265 quia
1245 4194 1546 4250 delectatur
1568 4193 1624 4247 in
1651 4192 1755 4258 eis,

179 4297 226 4341 et
246 4287 520 4360 frequenti
551 4303 652 4342 usu
692 4287 927 4342 seminat
965 4301 1060 4342 eas
1107 4285 1502 4356 quodammodo
1545 4294 1639 4338 aut
1688 4284 1756 4338 ab

180 4378 250 4432 eis
263 4380 568 4434 seminatur
591 4379 798 4434 semine
819 4377 1021 4448 aliquo,
1045 4375 1190 4448 quod
1211 4375 1471 4431 inimicus
1485 4374 1758 4430 dormien-

180 4468 310 4524 tibus
343 4470 503 4526 nobis
535 4477 596 4525 et
621 4467 1032 4540 negligentibus,
1069 4468 1128 4522 in
1155 4468 1413 4522 mundum
1444 4464 1752 4528 seminavit,

1853 3277 1958 3334 hoc
1993 3279 2405 3346 protrahuntur.
2451 3277 2512 3332 In
2559 3277 2849 3348 semetipsa
2895 3284 3098 3342 autem,
3133 3275 3261 3345 quia
3299 3274 3474 3330 acci-u

1853 3369 2063 3439 pientes
2085 3369 2429 3426 occasionem
2459 3368 2535 3424 illi
2571 3385 2636 3424 ex
2669 3375 2852 3424 nostra
2882 3367 3227 3440 negligentia,
3255 3373 3449 3422 contu-o

1855 3460 2072 3518 meliam
2095 3461 2348 3530 ingerunt
2372 3467 2572 3515 nostra:
2597 3468 2826 3514 naturae.
2859 3457 3118 3529 Sequitur
3148 3475 3160 3510 :

1927 3551 1998 3606 Et
2049 3565 2154 3604 non
2194 3551 2349 3620 faciet
2407 3566 2472 3605 ea:
2517 3549 2754 3604 omnibus
2799 3546 3280 3602 abominationibus
3326 3546 3447 3604 istis

1857 3649 1967 3694 tam
1994 3640 2268 3709 indigena,
2303 3656 2462 3710 quam
2501 3638 2716 3693 colonus
2745 3639 2836 3709 qui
2875 3639 3279 3707 peregrinantur
3305 3637 3450 3707 apud

1857 3742 1984 3784 eos:
2011 3726 2204 3783 Omnes
2226 3730 2368 3782 enim
2401 3729 2778 3783 exsecrationes
2812 3729 2942 3780 istas
2981 3727 3216 3794 fecerunt
3255 3725 3450 3780 accolte
3497 3755 3500 3766 -

1859 3830 2032 3885 teme,
2055 3820 2144 3890 qui
2164 3819 2378 3888 fuerunt
2404 3827 2526 3874 ante
2545 3835 2638 3873 vos
2677 3827 2725 3873 et
2758 3816 3060 3883 polluerunt
3099 3833 3237 3872 eam.
3263 3815 3450 3872 Cavete

1857 3929 1978 3984 ergo
2013 3929 2080 3966 ne
2105 3921 2155 3967 et
2197 3928 2284 3967 vos
2313 3910 2558 3967 similiter
2585 3918 2811 3976 evomat,
2851 3925 2967 3964 cum
3007 3909 3159 3979 paria
3199 3907 3448 3976 feceritis,
3503 3951 3506 3958 .

1857 4006 1992 4060 sicut
2017 4005 2241 4059 evomuit
2269 4009 2492 4075 gentem,
2517 4019 2636 4075 qua
2659 4003 2761 4074 fuit
2790 4012 2909 4058 ante
2931 4019 3039 4058 vos.
3065 4000 3250 4055 Omnis
3271 4001 3450 4054 anima

1857 4099 1980 4168 quae
2000 4097 2176 4164 fecerit
2205 4095 2270 4150 de
2291 4094 2768 4150 abominationibus
2805 4094 2920 4148 istis
2940 4093 3228 4165 quippiam,
3259 4090 3451 4162 peribit

1858 4188 1923 4241 de
1957 4186 2127 4242 media
2159 4184 2339 4256 populi
2375 4186 2478 4240 sui.
2509 4184 2619 4256 (Ea:
2651 4183 2962 4256 Hesychia.)
3010 4183 3142 4238 Tam
3187 4181 3446 4249 incolam,-

1859 4277 1914 4332 id
1941 4285 2048 4341 est,
2088 4291 2212 4332 eum
2237 4277 2332 4346 qui
2372 4293 2404 4330 a
2441 4276 2686 4345 patribus
2719 4277 2776 4330 in
2822 4274 2942 4346 lege
2977 4275 3216 4330 nutritus
3246 4283 3346 4337 est,
3393 4281 3448 4329 et

1859 4368 1928 4424 ab
1975 4366 2204 4422 infantia
2243 4367 2446 4422 'doctus
2481 4375 2571 4424 est
2613 4367 2846 4433 litteras,
2884 4381 3047 4437 quam
3093 4365 3445 4436 proselytum,

1821 4479 1826 4482 ·
1857 4467 1914 4514 et
1937 4459 2031 4528 qui
2061 4457 2346 4526 adjunctus
2387 4466 2471 4512 est
2499 4457 2676 4524 nobis,
2705 4458 2778 4513 'id
2823 4463 2908 4512 est
2952 4470 3077 4510 eum
3119 4455 3210 4524 qui
3247 4452 3449 4508 deforis

179 4559 408 4628 polluens
434 4559 616 4626 valde,
645 4535 722 4616 ita
755 4535 820 4615 ut
860 4569 917 4616 et
941 4575 972 4615 a
1001 4575 1158 4617 sacro
1184 4557 1532 4616 tabernaculo
1561 4557 1758 4613 debeat
1777 4535 1835 4595 Ῑ)
1855 4553 2018 4608 nobis
2042 4553 2286 4622 adjectus
2308 4560 2410 4616 est,
2445 4551 2540 4621 qui
2567 4550 2800 4605 interius
2842 4562 3048 4612 sumus,
3095 4545 3348 4602 recedere
3371 4544 3447 4600 ab

179 4651 260 4708 hic
281 4655 369 4724 qui
397 4653 530 4710 talis
551 4661 658 4720 est,
683 4660 744 4709 ut
771 4651 1018 4724 polluens
1050 4652 1266 4721 expelli,
1297 4652 1614 4720 alienusque
1631 4663 1760 4705 esse

179 4756 207 4796 a
231 4743 506 4802 Dominica
539 4758 689 4810 area,
733 4745 827 4814 qui
873 4757 971 4816 per
1005 4742 1208 4798 malum
1235 4751 1422 4798 semen
1461 4739 1635 4816 factus
1671 4745 1760 4794 est

181 4832 393 4890 zizania.
435 4835 642 4908 Legem
678 4841 996 4890 autemnon
1032 4833 1119 4888 vir
1143 4833 1312 4897 solus,
1342 4829 1438 4886 sed
1475 4838 1535 4884 et
1563 4827 1760 4884 mulier

182 4929 474 4987 necessario
499 4928 757 4994 custodit,
791 4927 882 4982 illa
913 4927 1103 4997 utique
1138 4941 1300 4996 quam
1344 4923 1601 4980 Salomon
1641 4921 1762 4976 lau-

183 5016 301 5074 dat:
333 5019 532 5078 lfulier
575 5020 711 5075 bona
751 5018 1111 5086 benedicetur,
1160 5017 1402 5071 timerent
1437 5022 1618 5070 autem
1659 5010 1762 5065 Dei

186 5105 378 5166 laudat.
1113 5116 1118 5120 ⁷

771 5197 1000 5256 CAPUT
1034 5194 1172 5253 XIII.

193 5291 411 5363 Populus
445 5295 552 5352 Dei
585 5309 690 5351 non
710 5301 952 5366 sequetur
975 5289 1448 5366 contendentium
1470 5291 1523 5355 et
1559 5298 1761 5340 errores

845 5365 1096 5435 gentium.

255 5480 428 5551 (Imm)
468 5481 556 5536 Ne
587 5478 898 5552 polluamini
931 5477 988 5529 in
1025 5471 1266 5528 omnibus
1301 5470 1384 5524 his
1415 5467 1610 5540 quibus.
1633 5481 1762 5520 conv-

193 5573 454 5627 tantinstre
479 5580 604 5626 sunt
629 5579 818 5641 gentes,
847 5583 982 5638 quas
1014 5581 1106 5636 ego
1144 5565 1354 5635 eiiciam
1397 5570 1517 5615 ante
1554 5574 1774 5626 compte.

195 5669 322 5715 ctum
363 5671 616 5726 oestrum,
647 5679 674 5716 e
693 5661 880 5733 quibus
916 5658 1117 5730 polluta
1139 5665 1229 5711 est
1267 5663 1442 5719 terra;
1485 5652 1639 5722 cujus
1673 5663 1765 5717 ego

192 5754 379 5811 scelera
409 5753 634 5811 uisitabo
658 5761 716 5807 ut
739 5759 942 5808 evomat
973 5749 1289 5806 habitatores
1313 5763 1456 5804 suos.
1497 5741 1776 5801 Custodite-

1864 4645 2358 4705 abominationibus
2383 4652 2616 4715 oportet,
2646 4651 2704 4697 et
2741 4642 3050 4697 nullatenus
3096 4639 3212 4695 hanc
3243 4638 3446 4706 facere,

1864 4753 1983 4808 qua:
2010 4736 2264 4792 colebant
2295 4733 2630 4804 antiquiores
2669 4732 2768 4802 qui
2811 4740 3012 4788 terram
3056 4735 3297 4787 nostram
3331 4729 3474 4800 pol-~
3509 4771 3512 4774 .

1863 4830 2098 4886 luerunt.
2141 4827 2208 4882 lii
2245 4827 2390 4881 enim
2427 4825 2765 4896 antiquiores
2807 4825 3026 4894 quidem
3053 4823 3208 4880 nobis
3237 4831 3364 4879 sunt
3393 4823 3454 4878 in:
3491 4827 3504 4868 ἐ

1868 4918 2198 4985 conditione,
2243 4917 2373 4988 quia
2414 4915 2714 4972 invisibiles
2758 4922 2887 4970 sunt
2921 4922 3202 4970 creaturae.
3233 4912 3447 4968 Pollue—
3497 4921 3506 4952 ἰ

1867 5017 1998 5066 runt
2015 5017 2197 5064 autem
2233 5007 2513 5062 hominum
2539 5019 2730 5076 genus,
2761 5003 3180 5059 inobedientiam
3201 5002 3250 5057 ei
3274 5001 3468 5056 Adam.

1862 5111 1920 5160 et
1937 5103 2048 5158 alia
2073 5109 2197 5172 post
2238 5099 2390 5156 illum
2433 5097 2576 5153 mala
2615 5105 2982 5168 suggerentes,
3023 5097 3189 5152 veluti
3225 5092 3448 5150 menda-
3503 5117 3508 5126 ο

1765 5225 1768 5228 ~
1862 5195 2031 5260 cium,
2065 5191 2418 5250 homicidium
2451 5199 2508 5247 et
2541 5203 2876 5261 quaecunque
2922 5190 3009 5245 bis
3043 5187 3239 5244 similia
3281 5193 3444 5250 sunt;

1864 5287 1940 5342 ita
1965 5294 2028 5341 ut
2053 5282 2314 5339 Dominus
2361 5283 2429 5338 de
2467 5281 2683 5338 diabolo
2723 5281 2936 5338 diceret
2979 5297 2993 5334 :
3050 5279 3150 5333 Ille
3192 5276 3256 5329 ab
3295 5275 3484 5328 initio.

1765 5429 1770 5432 .
1866 5376 2095 5432 mendas
2134 5385 2184 5429 et
2212 5373 2476 5428 homicida
2511 5383 2590 5428 est
2631 5371 2815 5444 (Joan.
2861 5369 3008 5441 vin).
3049 5368 3449 5436 Suggesserunt
3499 5422 3502 5426 ,

1867 5477 2050 5526 autem
2093 5467 2173 5522 eis
2201 5465 2298 5536 qui
2343 5473 2584 5522 ruentem
2623 5463 2886 5520 lubricam
2919 5468 2976 5516 et
3020 5462 3332 5527 vergentem
3379 5453 3449 5509 ad

1869 5559 2070 5616 malum
2115 5557 2412 5622 habebant;
2465 5569 2604 5609 nam
2643 5567 2744 5608 nec
2786 5550 2940 5614 Abel,
2986 5563 3086 5602 nec
3133 5544 3292 5606 Seth,
3343 5555 3448 5600 nec

1827 5685 1846 5700 .—
1870 5652 2190 5713 Enocb,.neo
2215 5647 2343 5711 Noe,
2369 5662 2472 5700 nec
2495 5645 2618 5700 aliis
2631 5643 2792 5712 iustis
2821 5653 3106 5710 suggerere
3131 5641 3452 5706 potuerunt,

1873 5741 1955 5799 vel
1989 5739 2162 5812 magis
2189 5744 2596 5809 suggesseruut,
2643 5732 2739 5790 sed
2777 5746 2888 5788 non
2919 5728 3300 5799 obtinuerunt,
3347 5726 3450 5784 sed
