3892 6344
154 369 242 428 445

1043 357 1540 419 EXBOSITIONES
1574 355 1646 412 ἸΝ
1683 351 2189 412 LEVITICUM.‘—-—
2229 351 2352 410 ΜΒ.
2399 351 2486 412 Vi.

3279 349 3380 409 uti

154 487 260 552 stio,
288 483 370 554 qui
398 495 465 538 es
497 477 666 538 nihilo
694 476 819 546 feci,
857 475 1105 549 factaque
1143 477 1364 544 nutriri,
1398 485 1558 548 atque
1589 476 1704 529 11ίεῦ
1730 473 1782 531 Α
1807 472 2095 528 (lecitlentia
2128 473 2481 545 conqregabis,
2527 474 2616 526 sed
2651 471 2966 544 pauperibus
3011 481 3057 526 et
3100 473 3379 546 peregrinis

152 580 307 637 omnia
339 593 525 639 rursus
543 577 611 634 ad
639 575 989 645 indigentiam
1021 573 1258 641 redigere
1290 573 1462 626 valeo.

212 669 266 725 Si
292 667 675 722 imntolaveritis
714 667 938 720 hostiam
977 665 1317 734 paciﬁcorum
1365 662 1608 727 Domino,
1645 669 1701 716 ut

150 763 206 815 sit
228 759 574 830 acceptabilis,
599 775 655 812 eo
686 759 769 811 die
789 774 889 828 quo
912 757 1067 827 fuerit
1099 757 1395 824 immolata,
1427 754 1702 809 comedetis

149 867 263 915 eam,
296 858 343 903 et
377 850 468 903 die
492 847 673 902 altera.
717 847 988 918 Quidquid
1013 855 1184 899 autem
1218 847 1480 899 residuum
1521 845 1697 914 fuerit,

146 943 191 995 in
209 941 331 994 diem
359 941 592 1001 tertium,
623 939 741 1008 igne
769 938 1100 991 eomburetis.
1127 934 1188 990 Si
1213 937 1326 1005 quis
1347 945 1459 1006 post
1487 935 1700 988 biduum

145 1030 392 1086 comederit
427 1046 490 1084 ex
522 1046 584 1083 ea
610 1029 863 1102 profanus
895 1030 1011 1092 erit,
1039 1035 1086 1080 et
1121 1028 1402 1096 impietatis
1436 1044 1551 1080 reus
1582 1044 1702 1096 por-

145 1123 256 1174 tabit
285 1122 614 1192 iniquitatem
638 1137 807 1184 suam,
842 1121 964 1190 quia
989 1128 1229 1173 sanctum
1255 1119 1466 1171 Domini
1492 1118 1698 1188 polluit,

144 1220 184 1265 et
216 1213 390 1280 peribit
430 1213 608 1266 anima
631 1210 725 1263 illa
768 1210 831 1263 de
869 1208 1057 1280 papula
1098 1225 1210 1261 suo.
1255 1207 1362 1280 (Ea:
1395 1206 1698 1277 Hesychia.)

144 1300 310 1356 Omnia
338 1303 586 1372 quidem,
619 1313 677 1356 ut
703 1303 773 1355 ita
807 1300 1004 1363 dicam,
1039 1299 1248 1369 Moyses
1279 1298 1411 1368 legis
1441 1297 1696 1366 capitula,

141 1395 214 1448 bis
235 1403 413 1464 terque
433 1393 628 1464 populo
653 1394 905 1463 prtecepit
934 1410 944 1444 :
973 1391 1240 1461 frequenti
1267 1391 1561 1444 traditione
1587 1404 1702 1441 me-

142 1486 349 1540 moriam
378 1500 566 1540 eorum
603 1484 938 1538 auditoribus
966 1482 1259 1554 proﬁigans
1279 1522 1292 1546 ,
1327 1479 1495 1535 multo
1532 1478 1704 1547 magis

141 1589 304 1634 tamen
329 1579 583 1633 mandata
610 1593 728 1647 qua-3
750 1577 1121 1632 necessariora
1148 1584 1292 1638 sunt,
1326 1575 1466 1627 sicut
1493 1582 1544 1626 et
1565 1587 1703 1641 prce-

136 1687 246 1725 sens
288 1672 601 1726 mandatum
625 1712 638 1738 ,
688 1678 910 1740 prepter
948 1670 1090 1737 quod
1120 1677 1174 1720 et
1214 1667 1342 1720 illud
1373 1680 1698 1737 proponens,

132 1765 326 1834 pridem
374 1779 496 1818 cum
536 1764 603 1817 de
640 1762 926 1817 sacriﬁciis
964 1761 1308 1831 praeciperet,
1353 1774 1475 1813 cum
1517 1767 1568 1812 et
1603 1773 1698 1810 nos

1810 567 2068 635 carpenda
2099 566 2323 620 dimittes
2363 579 2379 616 :
2417 565 2528 635 Ego
2571 563 2828 618 Dominus
2875 561 3012 618 Deus
3058 575 3238 619 vester.
3279 565 3384 637 (Ex

1812 654 2117 728 Hesychia.)
2144 656 2272 712 Vult
2294 655 2571 726 legislator
2598 665 2656 708 ut
2683 670 2782 709 nos
2808 654 3042 710 invicem
3075 655 3384 730 diligamus,

1806 758 2183 819 amatoresque
2211 765 2508 820 pauperum
2543 764 2640 802 nos
2672 761 2793 803 esse
2819 748 3111 815 desiderat,
3145 766 3386 822 semper-

1803 858 1906 913 que
1938 841 2288 912 eleemosynm
2313 843 2542 905 studere,
2578 857 2717 895 nunc
2748 841 2963 912 quidem
3005 841 3194 897 dantes
3221 859 3386 914 egen-

1803 935 1964 998 tibus,
1994 949 2136 988 nunc
2167 943 2343 987 autem
2379 949 2482 986 non
2515 933 2789 1004 exigentes
2817 948 2935 1003 qum
2964 932 3118 987 nobis
3162 935 3376 998 debent,

1802 1027 1897 1080 sed
1950 1035 2004 1079 et
2043 1026 2401 1080 concedentes
2440 1026 2518 1078 eis
2559 1025 2811 1093 colligere
2855 1040 3206 1094 quascunque
3256 1026 3384 1080 reli-

1800 1118 1955 1188 quias
1982 1115 2223 1169 omnium
2246 1117 2508 1169 bonorum
2533 1130 2650 1183 qute
2673 1131 2700 1167 a
2718 1114 2829 1169 Deo
2855 1124 2982 1169 sunt
3005 1118 3200 1173 donata
3226 1117 3382 1172 nobis

1799 1207 2121 1275 repercrint,
2157 1213 2212 1260 et
2254 1205 2454 1258 imitari
2493 1220 2636 1268 eum,
2663 1205 2754 1273 qui
2778 1203 2998 1259 donavit
3035 1224 3143 1261 non
3172 1216 3380 1262 tantum

1798 1298 2205 1353 misericordem
2225 1338 2239 1362 ,
2271 1295 2363 1351 sed
2392 1305 2445 1350 et
2473 1296 2563 1364 qui
2600 1296 2779 1349 multm
2807 1297 3166 1352 miserationis
3193 1309 3274 1352 est
3301 1308 3381 1356 at-

1803 1403 1907 1456 que
1943 1389 2169 1452 dicitur;
2200 1397 2255 1441 et
2278 1397 2564 1456 propterea
2598 1394 2865 1440 metentes
2896 1395 2987 1440 aut
3015 1390 3233 1441 (nnnino
3263 1389 3380 1442 vin-

1805 1480 2133 1544 demiautes,
2164 1480 2360 1533 iterare
2389 1480 2578 1533 eodem
2607 1488 2848 1548 tempore
2883 1478 3051 1548 ipsam
3079 1494 3378 1532 messuram

1803 1572 2238 1640 vindemiamun
2287 1586 2392 1624 non
2433 1572 2710 1640 prteccpit,
2760 1569 2854 1623 sed
2888 1585 2987 1624 nec
3023 1585 3089 1624 ex
3127 1578 3238 1623 toto
3270 1585 3382 1623 me-

1803 1669 1935 1724 tere,
1973 1668 2064 1713 ant
2092 1661 2422 1714 vindemiarc
2458 1660 2718 1722 sancivit,
2761 1659 2855 1712 sed
2887 1658 3196 1727 relinquere
3224 1674 3384 1728 quas-

1800 1754 1922 1807 dam
1956 1754 2259 1806 omnimode
2308 1753 2548 1822 pauperi,
2583 1761 2636 1806 et
2678 1752 2950 1822 proselyto
2995 1753 3059 1807 de
3111 1754 3380 1806 pressione

127 1854 273 1924 plene
317 1855 385 1909 de
419 1855 522 1908 hoc
557 1854 612 1907 in
649 1853 828 1923 primo
864 1851 1001 1905 libro
1043 1849 1200 1918 hujus
1242 1851 1493 1904 Leviticae
1532 1849 1697 1902 inter-
1727 1821 1775 1879 Β
1800 1852 1853 1897 et
1885 1842 2152 1895 vindemia
2187 1841 2463 1909 reliquias,
2486 1851 2542 1895 et
2571 1841 2684 1895 Deo
2712 1842 2803 1910 qui
2833 1821 3041 1896 fruetus
3066 1842 3210 1910 ipsos
3248 1842 3379 1895 oriri

124 1946 442 2015 pretationis
478 1943 834 1998 discussimus
867 1963 880 1995 :
916 1957 1040 1997 ecce
1079 1955 1217 1994 nunc
1259 1956 1447 1994 rursus
1479 1939 1693 2008 recapi-

124 2039 315 2092 tulavit
336 2079 352 2103 ,
383 2047 444 2092 ut
471 2044 524 2092 et
561 2052 658 2090 nos
695 2035 931 2090 breviter
961 2033 1375 2103 recapitulemus
1408 2047 1526 2099 qua:
1571 2042 1697 2085 tunc

117 2128 390 2198 permulta
421 2128 668 2182 diximus.
709 2123 1041 2181 Sacriﬁcium
1079 2125 1222 2178 enim
1250 2122 1480 2177 salutare
1504 2123 1696 2175 inuno-

123 2219 216 2274 lari
244 2219 567 2290 praecipiens
589 2260 602 2284 ,
635 2219 809 2288 ipsum
838 2225 982 2270 recte
1014 2215 1219 2279 innuit,
1265 2214 1316 2267 in
1346 2229 1450 2283 quo
1486 2229 1548 2267 ea
1578 2229 1696 2283 qure

123 2311 391 2383 pertinent
423 2309 488 2364 ad
516 2309 741 2363 salutem
770 2321 1061 2379 operantur
1091 2325 1101 2358 :
1135 2304 1259 2358 huic
1295 2313 1496 2368 autem,
1533 2312 1592 2357 ut
1625 2305 1697 2357 sit

127 2402 418 2474 placabilis,
448 2410 656 2472 oportet
684 2400 950 2456 immolari
985 2414 1000 2454 :
1028 2400 1145 2454 haec
1178 2399 1365 2467 utique
1386 2397 1696 2453 omnimodo

130 2504 504 2566 assequenles,
546 2511 664 2567 quae
723 2493 1070 2563 acceptabilia
1118 2492 1224 2546 Deo
1272 2502 1417 2545 sunt.
1471 2491 1545 2545 De
1591 2505 1697 2559 quo

131 2589 250 2646 dixit
271 2586 493 2651 Paulus,
522 2601 642 2640 cum
673 2584 939 2654 quomodo
962 2591 1237 2653 oporteret
1266 2581 1692 2650 assequi-remo-

130 2688 232 2742 tam
269 2687 319 2734 et
352 2679 597 2748 quietam
640 2677 805 2730 vitam
847 2675 901 2730 in
928 2674 1073 2730 omni
1111 2674 1310 2743 pietate
1345 2681 1398 2726 et
1436 2671 1696 2743 pudicitia

131 2769 713 2836 Timotheoscribens,
763 2768 1040 2822 ostendit:
1074 2766 1188 2820 Hoc
1228 2767 1416 2819 bonum
1463 2774 1509 2819 et
1552 2781 1698 2816 acce-

129 2872 255 2934 ptum
278 2881 452 2917 coram
479 2860 756 2917 Saluatore
785 2871 958 2914 nostro
987 2859 1118 2926 Deo,
1140 2859 1227 2930 qui
1257 2875 1429 2912 omnes
1461 2856 1697 2908 homines

131 2954 224 3012 vult
271 2955 438 3010 salvos
475 2954 628 3024 ﬁeri,
673 2961 719 3004 et
770 2953 836 3004 ad
881 2951 1198 3022 agnitionem
1245 2947 1479 3002 veritatis
1526 2946 1698 2998 venire

133 3043 179 3119 (Ι
213 3045 340 3101 Tim.
382 3046 466 3120 η).
523 3044 818 3099 Comedere
867 3052 1047 3095 autem
1086 3040 1152 3095 de
1197 3037 1466 3095 sacrilicio
1508 3051 1572 3090 eo
1610 3034 1696 3088 die

133 3155 225 3217 quo
249 3140 590 3196 immolatum
615 3147 717 3202 est,
746 3146 800 3192 et
832 3134 954 3196 alio,
991 3142 1095 3199 est,
1129 3142 1185 3186 ut
1219 3132 1270 3185 in
1301 3128 1550 3201 prmsenti
1582 3128 1692 3182 vita

133 3249 446 3306 quaecunque
473 3234 548 3288 ad
583 3230 807 3286 salutem
839 3225 1146 3299 pertineant
1172 3239 1455 3296 operemur
1488 3240 1500 3274 :
1535 3220 1692 3274 hodie

135 3334 294 3382 autem
323 3333 376 3382 et
398 3323 698 3386 crastinum
730 3320 784 3374 in
809 3316 1062 3390 praesenti
1090 3315 1283 3371 seculo
1302 3355 1314 3376 ,
1343 3311 1521 3368 divina
1547 3309 1692 3365 Scri—

132 3423 272 3488 ptura
300 3416 435 3472 solet
454 3412 725 3483 accipere.
759 3408 830 3464 De
854 3426 957 3479 qua
983 3423 1042 3462 re
1074 3399 1264 3462 testem
1288 3399 1544 3458 Jacobum
1569 3416 1694 3470 pro.

134 3507 376 3570 ducamus
421 3504 772 3568 scribentem,
815 3501 948 3556 Ecce
994 3515 1130 3554 nunc
1167 3497 1254 3568 qui
1300 3495 1492 3558 dicitis,
1540 3491 1694 3545 hodie

133 3599 445 3664 autcrgstino
467 3598 660 3657 ibimus
688 3595 741 3648 in
765 3593 911 3648 illam
934 3593 1215 3654 civitatem,
1241 3597 1342 3642 etc.
1364 3585 1570 3660 (Jacob.
1597 3583 1692 3654 Iv).

133 3689 243 3752 Dies
277 3698 459 3748 autem
505 3688 661 3750 tertia
700 3687 822 3758 quia
859 3684 915 3738 in
953 3685 1069 3753 ipsa
1116 3697 1146 3735 a
1180 3679 1405 3734 mortuis
1436 3676 1698 3730 Dominus

135 3791 298 3844 noster
332 3780 662 3844 resurrexit,
701 3777 926 3850 ﬁguram
953 3773 1119 3828 futuri
1149 3770 1329 3826 saeculi
1368 3775 1423 3822 et
1460 3774 1699 3820 mortuo-

136 3890 231 3930 rum
275 3869 700 3928 resurrectionis
724 3867 885 3938 gerit,
913 3865 968 3918 in
999 3880 1106 3938 quo
1131 3861 1244 3932 jam
1276 3876 1382 3914 non
1418 3857 1543 3912 licet
1573 3869 1700 3924 ope-

137 3969 246 4036 rari,
275 3964 375 4026 sed
400 3962 496 4035 qu’i
525 3977 666 4015 nunc
692 3958 897 4030 operati
913 3964 1039 4010 sunt
1068 3955 1178 4008 illic
1199 3952 1267 4006 ad
1290 3948 1700 4017 retributionem

138 4045 362 4124 veniunt.
389 4055 496 4125 Qui
523 4069 650 4126 ergo
676 4051 753 4106 sic
769 4051 857 4104 hic
879 4046 1030 4114 vivit,
1055 4051 1308 4112 tanquam
1331 4039 1442 4092 illic
1459 4036 1703 4108 quadam

137 4150 463 4220 presentium
512 4151 833 4216 operaturus
877 4139 979 4206 sit,
1021 4145 1076 4191 et
1106 4140 1391 4207 pr0pterea
1423 4127 1704 4184 comedere

143 4217 275 4294 iertia
300 4239 389 4293 die
420 4233 752 4296 sacriﬁcium
783 4229 1135 4302 paciﬁcorum
1157 4266 1170 4292 ,
1214 4223 1326 4278 sive
1356 4220 1594 4277 salutare
1627 4217 1705 4272 di-

144 4330 279 4397 citur,
307 4344 445 4402 opus
473 4332 730 4380 attrectat
757 4337 786 4376 a
815 4319 1122 4390 legislatore
1149 4313 1500 4386 prohibitum,
1531 4311 1702 4363 virtu—

145 4429 232 4476 tem
258 4417 636 4492 imperfectam
664 4414 992 4485 relinquens,
1033 4409 1179 4465 velut
1214 4406 1342 4462 illuc
1376 4411 1700 4474 operaturus

147 4511 220 4588 sit,
253 4521 304 4570 et
333 4511 497 4582 hujus
540 4505 864 4563 sacriﬁcium
913 4501 1216 4559 rectissime
1267 4505 1543 4569 acceptum
1591 4509 1698 4550 non
1726 4520 1780 4582 Ι)

149 4585 231 4670 est,
257 4619 353 4670 nec
374 4603 489 4658 vita
518 4605 767 4655 correcta
796 4603 876 4650 est
900 4636 914 4661 ,
944 4593 1042 4650 sed
1077 4592 1168 4662 qui
1192 4589 1354 4645 talem
1380 4585 1699 4654 sibimetipsi

148 4703 370 4762 operatur
392 4691 680 4754 virtutem,
712 4685 1054 4756 iniquitatem
1079 4697 1238 4736 suam
1271 4678 1526 4750 portabit,
1554 4675 1702 4746 prius

149 4781 334 4852 quidem
373 4781 694 4855 imperfecte
725 4795 975 4850 operans,
1010 4773 1207 4831 deinde
1235 4783 1295 4826 ut
1321 4771 1578 4842 ingerens
1614 4782 1704 4822 ca-

149 4869 376 4930 lumniam
401 4874 607 4930 divina:
635 4869 759 4944 legi,
789 4877 843 4924 et
866 4868 1057 4940 dogma
1085 4862 1446 4919 disseminans
1474 4857 1704 4928 impium

152 4972 286 5036 atque
309 4966 574 5026 alienum.
614 4960 791 5032 Hujus
824 4960 997 5013 anima
1035 4955 1218 5028 peribit
1256 4954 1317 5007 de
1345 4949 1534 5030 populo
1567 4965 1703 5012 suo;

153 5057 196 5116 in
224 5062 404 5133 populo
439 5067 633 5116 autem
664 5053 756 5125 qui
787 5050 1022 5118 salvetur
1053 5065 1158 5104 non
1189 5045 1548 5109 ordinabitur,
1580 5041 1707 5113 quia

157 5152 343 5226 reliquit
358 5149 741 5228 imperfectam
764 5147 954 5211 vitam,
978 5157 1096 5213 quae
1119 5154 1241 5195 eum
1265 5137 1475 5192 salvare
1497 5141 1710 5205 poterat

157 5243 322 5304 sicam
348 5249 806 5316 consummasset.

770 5325 999 5387 CAPUT
1025 5324 1087 5381 Il.

161 5409 224 5487 De
246 5446 524 5504 pauperum
555 5434 607 5485 et
631 5423 1020 5543 peregrinplrum
1050 5433 1176 5473 cura
1204 5420 1430 5484 tempore
1458 5409 1636 5465 messis
1667 5417 1714 5462 et

784 5508 868 5546 inn
910 5505 1075 5543 emue.

225 5609 539 5684 (1310.)Cum
561 5605 838 5664 messueris
855 5610 1048 5673 segetes
1065 5610 1216 5654 terrm
1232 5605 1464 5663 ltltU,ttOtt
1481 5593 1714 5648 tondebis

164 5717 305 5782 Itaque
334 5705 400 5760 ad
434 5703 629 5768 solum,
661 5713 814 5772 super
835 5693 1021 5770 faciem
1054 5700 1224 5753 terrm,
1267 5706 1354 5742 nec
1395 5695 1714 5740 remuneratus

169 5795 320 5850 suicas
346 5794 587 5862 colliges;
627 5805 784 5862 neque
818 5795 870 5846 in
910 5787 1057 5841 vinea
1087 5791 1176 5837 tua
1200 5794 1432 5835 recentes
1461 5789 1508 5834 et
1544 5792 1714 5850 grana

1798 1933 1956 1997 facit,
1989 1933 2312 2001 operatoriis
2341 1933 2635 2002 gratiarum
2669 1933 2972 1987 actionibus
3005 1948 3374 2002 compensare.

1798 2024 2021 2098 Mystice
2050 2039 2177 2091 ergo
2205 2039 2300 2092 per
2338 2039 2398 2077 ea
2424 2039 2543 2092 qua:
2576 2039 2722 2076 nunc
2751 2024 2892 2076 dicta
2922 2031 3069 2086 sunt,
3102 2022 3404 2098 legislator.

1799 2118 2108 2172 doctoribus
2153 2115 2460 2169 Judaeorum
2513 2116 2769 2185 prtecepit
2819 2129 3157 2184 nequaquam
3211 2113 3375 2168 totius

1797 2207 1929 2278 legis
1973 2207 2468 2274 interpretationem
2517 2221 2611 2260 eos
2657 2214 2985 2269 attrectare,
3038 2203 3133 2257 sed
3184 2203 3376 2257 cedere

1797 2300 2039 2369 quzedam
2083 2299 2303 2367 pauperi
2345 2305 2399 2351 et
2431 2297 2737 2368 proselyto,
2777 2296 3090 2351 doctoribus
3127 2293 3377 2348 videlicet

1796 2391 2037 2460 gentium
2088 2408 2100 2441 :
2152 2388 2424 2457 Pauperes
2469 2388 2670 2442 etenim
2721 2387 2776 2441 hi
2823 2395 2966 2451 sunt,
3019 2385 3144 2456 quia
3183 2383 3374 2454 spiritu

1795 2496 2059 2553 pauperes
2099 2494 2219 2534 esse
2253 2479 2507 2549 pnecepti
2545 2487 2697 2542 sunt,
2744 2486 2797 2532 et
2823 2477 2890 2530 ad
2919 2491 3013 2531 eos
3051 2475 3372 2530 dicebatur:

1795 2571 1947 2626 Beati
1967 2587 2222 2642 pauperes
2253 2569 2441 2640 spiritu
2460 2608 2476 2633 ,
2509 2569 2633 2638 quia
2677 2569 2906 2638 ipsorum
2933 2575 3007 2620 est
3036 2581 3250 2636 regnum
3280 2577 3378 2616 etz-

1795 2665 1966 2719 lorum
2006 2662 2219 2735 (Matth.
2254 2660 2342 2733 v);
2382 2659 2638 2730 proselyti
2671 2664 2852 2711 autem
2895 2664 2956 2708 ut
2993 2669 3139 2708 nunc
3175 2661 3374 2707 seruet-

1795 2757 1941 2826 ipsos
1967 2753 2274 2825 cogitationi
2305 2751 2536 2808 Abrahae
2561 2748 2975 2810 subinferentes,
3007 2753 3063 2799 et
3091 2744 3157 2798 ad
3195 2743 3370 2795 Deum

1799 2849 2137 2912 accedentes,
2161 2845 2321 2901 modo
2346 2859 2442 2914 per
2467 2844 2646 2896 ﬁdem.
2672 2842 2815 2910 Ergo
2835 2840 2938 2892 hoc
2966 2836 3106 2906 quod
3135 2834 3330 2903 legitur
3354 2851 3368 2884 :

1800 2938 1923 2993 Non
1963 2937 2163 2990 occides
2181 2977 2194 3000 ,
2224 2952 2326 2989 non
2355 2932 2695 2996 adulterabis,
2736 2930 2963 2983 doceant
2989 2937 3042 2979 et
3063 2924 3371 2980 Iudaeorum

1796 3031 2066 3092 doctores,
2093 3040 2423 3097 quaecunque
2440 3032 2617 3079 autem
2644 3019 3000 3076 necessariam
3027 3019 3224 3072 habent
3247 3031 3375 3070 con-

1797 3119 2200 3190 templationem
2246 3125 2299 3172 et
2345 3115 2847 3186 interpretationem
2876 3152 2889 3177 ,
2940 3107 3106 3164 veluti
3145 3122 3210 3162 ea
3255 3122 3373 3178 quae

1796 3223 1921 3269 sunt
1951 3214 2016 3268 de
2051 3211 2510 3275 mundationibus,
2535 3207 2600 3262 de
2630 3204 2912 3262 sacriﬁciis
2938 3212 2991 3256 et
3024 3202 3128 3256 alia
3154 3199 3370 3263 similia,

1792 3305 2107 3362 doctoribus
2133 3303 2387 3358 Ecclesiae
2409 3302 2621 3356 cedant.
2649 3298 2715 3352 Et
2732 3313 2850 3368 qua:
2872 3294 3129 3351 decidunt
3147 3293 3211 3346 de
3231 3277 3375 3345 mes-

1793 3415 1919 3456 sura
1954 3413 2173 3463 eorum,
2204 3397 2257 3451 id
2296 3404 2396 3462 est,
2432 3407 2766 3464 quaecunque
2798 3396 3029 3444 cernunt
3065 3400 3159 3440 eos
3200 3391 3350 3438 trans

1797 3490 2095 3564 gredientia
2116 3529 2131 3553 ,
2173 3505 2292 3560 qua:
2327 3487 2576 3541 videlicet
2616 3485 2880 3554 ignorant.
2913 3480 3023 3535 Hos
3061 3492 3189 3548 ergo
3223 3490 3376 3531 race-

1797 3596 1914 3635 mos
1948 3580 2162 3634 sibimet
2184 3578 2435 3647 colligere
2457 3574 2626 3628 Judmi
2655 3582 2708 3626 et
2729 3573 2780 3625 in
2805 3573 2916 3626 suis
2938 3569 3138 3624 divitiis
3163 3567 3378 3620 thesau-

1800 3675 1977 3728 rizare
2005 3688 2113 3726 non
2146 3679 2403 3740 possunt,
2434 3669 2560 3737 quia
2589 3681 2776 3721 eorum
2806 3665 2971 3716 vitam
2998 3661 3221 3714 minime
3251 3664 3376 3712 sunt

1802 3765 1980 3830 zelati,
2025 3762 2245 3834 pauperi
2284 3768 2464 3814 autem
2507 3771 2600 3811 eos
2637 3764 2691 3810 et
2731 3753 3003 3824 proselyto
3045 3750 3374 3819 relinquunt.

1798 3855 2088 3912 Nobiscum
2137 3852 2281 3909 enim
2328 3857 2452 3906 sunt
2486 3846 2789 3919 prophetae,
2836 3851 2890 3898 et
2943 3846 3206 3912 quotquot
3247 3837 3378 3908 justi

1803 3951 1943 4020 apud
1971 3948 2225 4022 pepulum
2259 3943 2544 4001 Iudaicum
2590 3939 2824 4002 fuerunt,
2870 3935 3138 3990 intantum
3168 3937 3228 3984 ut
3263 3944 3377 3984 me-

1804 4044 1990 4098 moria:
2030 4056 2216 4096 eorum
2262 4053 2292 4092 a
2336 4035 2489 4091 nobis
2532 4031 2690 4088 annis
2730 4027 2953 4100 singulis
3001 4025 3376 4086 bonorentur,

1805 4134 1948 4206 quod
1974 4132 2112 4203 apud
2128 4129 2248 4184 illos
2293 4143 2400 4184 non
2430 4125 2509 4192 ﬁt,
2535 4133 2593 4178 ut
2619 4120 2988 4192 experimento
3023 4118 3382 4188 cognoscatur

1804 4227 2098 4281 veridicum
2124 4222 2364 4279 divinum
2389 4217 2685 4287 elquium.

2402 4305 2646 4365 CAPUT
2681 4303 2766 4359 III.

1808 4409 2089 4466 Ponuntur
2129 4404 2377 4460 mandata
2401 4444 2415 4468 ,
2453 4399 2774 4525 'etdiercigitur
2799 4396 3004 4465 justum
3041 4391 3106 4444 de
3142 4386 3381 4457 proximo

2445 4489 2499 4525 iu
2559 4485 2718 4524 ‘cunn.

2435 4485 2718 4542 JtttﬂCtttm.

1873 4568 2052 4644 (Imm)
2107 4567 2233 4622 Non
2271 4564 2472 4634 facietis
2505 4562 2740 4630 furtum,
2773 4571 2880 4609 non
2911 4547 3254 4612 mmiemim’,
3292 4559 3384 4598 nec

1807 4637 2398 4734 decipiet-unusquisque
2425 4653 2722 4724 promimum
2756 4660 2934 4709 suum,
2966 4659 3066 4697 non
3092 4637 3382 4711 perjurabis

1806 4758 1862 4810 in
1895 4728 2103 4809 nomine
2129 4728 2262 4804 meo.
2295 4745 2418 4800 Non
2454 4743 2651 4815 pollues
2681 4753 2866 4793 nomen
2887 4735 2981 4790 Dei
3015 4733 3094 4787 tui
3122 4751 3139 4786 :
3163 4746 3255 4801 ego
3278 4728 3386 4782 Do-

1809 4849 2002 4901 minus.
2029 4840 2150 4914 (Ea:
2179 4833 2524 4909 Augustino.)
2565 4832 2698 4887 Illud
2735 4831 2804 4885 de
2841 4829 2998 4909 furto
3022 4824 3258 4896 positum

1811 4940 1871 4994 in
1897 4910 2164 5006 Deealogo
2195 4951 2208 4986 :
2237 4931 2392 4999 Quod
2429 4933 2610 4981 autem
2632 4923 2795 4989 dicit',
2834 4933 3006 4989 neque
3031 4910 3384 4976 meutiernini,

1815 5045 1991 5100 neque
2029 5023 2355 5084 calumniam
2384 5015 2946 5084 faciet‘unusquisque
2979 5007 3247 5079 proximo,
3285 4999 3387 5055 mi:-

1815 5095 1936 5179 rum
1968 5123 2012 5178 si
2039 5134 2147 5174 non
2172 5132 2240 5172 eo
2264 5119 2533 5185 praecepto
2553 5108 2863 5165 continetur
2881 5102 3026 5174 quod
3049 5097 3124 5154 ibi
3154 5095 3386 5185 positum

1817 5224 1920 5280 est,
1961 5213 2142 5272 Neque
2179 5179 2371 5278 falsum
2402 5179 2754 5259 testimonium
2777 5199 2918 5252 dices
2941 5192 3192 5247 adversus
3212 5179 3366 5280 prius?

1815 5321 1961 5360 mum
1982 5313 2151 5366 tuum,
2179 5298 2434 5369 quoniam
2462 5309 2642 5364 neque
2673 5287 2942 5347 calumnia
2967 5283 3083 5339 sine
3110 5268 3388 5332 mendacio

1819 5397 1941 5452 ﬁeri
1969 5397 2182 5464 potest,
2224 5389 2370 5459 quod
2409 5387 2529 5443 falsi
2553 5382 2850 5441 testimonii
2886 5371 3236 5464 generalitate

1820 5455 2074 5546 cludiiur.
2115 5483 2220 5538 Sed
2240 5455 2428 5538 utrum
2460 5483 2576 5536 hac
2609 5477 2786 5545 aliqua
2819 5460 3261 5537 compensatione
3293 5455 3388 5546 ad-

1821 5578 2085 5636 mittenda
2108 5577 2234 5640 sint,
2260 5590 2453 5644 magna
2474 5570 2702 5642 quaestio
2724 5574 2829 5628 est,
2855 5561 2995 5615 sicut
3023 5553 3088 5608 de
3113 5545 3390 5644 mendacio

1822 5688 1958 5744 pene
1997 5670 2243 5724 omnibus
2270 5641 2507 5729 videtur,
2543 5659 2686 5731 (ιιιθά
2718 5655 2806 5708 ubi
2837 5660 2993 5704 nemo
3020 5641 3263 5744 ,
3292 5653 3390 5709 pro

1820 5732 1994 5827 salute
2017 5764 2384 5823 mentiendum
2414 5767 2513 5814 est.
2559 5751 2752 5810 Utrum
2787 5755 2916 5815 ergo
2941 5738 3019 5797 ita
3043 5743 3106 5796 et
3122 5733 3191 5793 de
3212 5732 3390 5792 furto?
