3892 6344
510 322 621 405 μγ

1151 315 1215 373 Β.
1253 310 1512 379 RABANI
1549 308 1772 371 MAURI
1807 299 2131 367 ARCHIEP.
2173 302 2485 363 MOGUNT.
2524 300 2811 364 OPERUM
2847 303 3030 364 PARS
3065 304 3108 365 Ι.

3688 312 3785 374 H8

520 442 606 501 An
644 436 851 505 furtum
878 432 996 491 ﬁeri
1030 438 1208 505 potest
1238 431 1331 486 ubi
1354 429 1532 485 nullus
1554 424 1800 482 laeditur?
1823 422 1954 493 quin
1986 421 2096 475 imo
2199 418 2344 488 quod
2364 419 2658 475 Zacharias
2678 419 2945 491 propheta
2969 417 3166 477 falcem
3189 435 3355 494 quam
3372 406 3782 505 contemplatus

511 535 628 591 ﬁeri
652 538 835 605 potest
867 531 1051 595 etiam,
1083 526 1301 598 quando
1330 524 1380 579 ei
1408 524 1494 578 cui
1528 521 1587 577 fit
1606 516 1935 581 consulitur,
1970 524 2093 569 tan-

507 638 672 699 quam
709 622 755 676 si
789 621 1017 693 quisque
1054 615 1337 672 hominum
1369 612 1570 669 volenti
1607 627 1664 666 se
1705 609 1951 665 occidere
1982 606 2095 678 gla-

508 715 663 783 dium,
685 712 914 769 furetur.
940 709 1073 765 Nam
1098 706 1392 770 calumnia,
1415 702 1600 760 nescio
1624 710 1809 759 utrum
1839 700 2093 780 cuiquam

509 782 581 877 id
624 804 739 877 ejus
766 794 1062 861 utilitatem
1105 799 1222 854 fieri
1248 795 1451 869 possit,
1503 793 1607 850 nisi
1636 790 1791 848 forte
1842 791 1984 862 quod
2024 789 2093 877 ad

524 876 614 975 diui
627 874 689 957 us
719 895 973 968 gaudium
1001 891 1181 959 fiebat,
1210 884 1321 962 quo
1344 895 1466 960 post
1488 902 1549 943 ea
1581 882 1916 950 fruerentur,
1946 874 2090 975 quod

522 970 709 1067 [oseph
737 988 809 1067 de
824 986 1027 1059 scypho
1050 980 1482 1039 calumniabatur
1509 974 1770 1033 fratribus
1795 976 1939 1067 suis,
1970 970 2093 1063 qui-

634 1058 809 1163 ξύειῐῇ
841 1074 1229 1157 explorationis
1265 1070 1461 1139 falsum
1504 1070 1708 1126 crimen
1748 1058 2087 1136 intenderat;

506 1144 815 1264 quaénquam
857 1144 1337 1253 si'delinitionibus
1375 1164 1481 1219 ista
1498 1156 1872 1251 Vdetcrrnina‘re
1916 1170 2091 1253 tente-

507 1232 908 1343 ιῖῂιὲίΐοιςξωββξ
928 1254 1130 1343 furtum
1154 1272 1263 1335 non
1290 1265 1405 1345 θείη
1422 1256 1527 1328 nisi
1556 1257 1773 1337 quando
1797 1236 1975 1339 alieno
1996 1273 2090 1341 oc:

504 1334 1150 1435 aditetablato'proximus
1178 1334 1411 1414 laeditur,
1446 1358 1502 1407 et
1526 1334 1799 1409 calumnia
1837 1334 1943 1409 non
1979 1334 2084 1423 est,

504 1446 610 1525 nisi
645 1448 858 1523 quando
902 1445 1024 1501 falsi
1062 1444 1308 1502 criminis
1348 1442 1649 1514 objectiouc
1678 1444 1959 1515 proximus
1996 1444 2089 1501 lae~

504 1536 686 1595 ditur:
711 1534 1053 1611 mendacium
1074 1543 1258 1590 autem
1283 1549 1388 1589 non
1412 1548 1705 1604 possumus
1727 1534 1930 1602 dicere,
1958 1541 2087 1589 tunc

505 1612 879 1684 tantummodo
925 1614 1047 1683 esse
1093 1626 1309 1695 quando
1346 1624 1628 1697 proximus
1670 1623 1901 1680 laeditur.
1951 1624 2088 1680 Cum

501 1721 647 1783 enim
680 1720 874 1799 falsum
909 1717 977 1773 ab
1008 1717 1213 1774 sciente
1243 1717 1443 1772 dicitur
1470 1757 1485 1785 ,
1516 1714 1705 1786 procul
1730 1714 1899 1770 dubio
1935 1730 2087 1770 men-

2197 520 2303 578 est,
2331 510 2686 582 longitudinis
2712 508 3019 568 cubitorum
3041 512 3253 583 viginti,
3283 518 3339 570 et
3366 502 3677 572 latitudinis
3699 524 3780 573 cn—

2192 603 2430 659 bitorum
2454 605 2666 671 decem,
2697 610 2886 659 contra
2912 605 3061 660 mres
3083 616 3202 661 eam
3227 613 3284 662 et
3316 617 3502 663 contra
3528 596 3777 679 periuros

2193 696 2477 752 exa'cutam
2525 690 2921 754 demOttStravit
2955 714 2967 753 :
3017 700 3094 756 ait
3140 702 3285 757 enim
3319 716 3334 757 :
3366 700 3707 775 Ingredietur
3727 706 3776 762 in

2194 791 2405 849 domum
2450 792 2584 866 furis
2618 803 2665 851 et
2690 790 2894 866 perjuri
2929 792 3119 869 (Zach.
3153 795 3259 871 ιιι).
3299 794 3409 853 Sed
3444 788 3500 852 et
3530 799 3771 857 omnibus

2193 884 2430 969 peccatis
2458 890 2781 955 cooperatur
2807 880 3171 942 mendacium.
3216 878 3235 891 ’“
3486 880 3492 889 ’
3652 886 3653 889 “
3702 894 3705 903 ’

2265 973 2583 1032 Devitemus
2609 983 2789 1032 autem
2832 986 2887 1031 et
2940 974 3306 1046 mendacium,
3335 978 3388 1034 in
3423 970 3536 1050 quo
3567 974 3766 1052 quidam

2193 1068 2293 1122 Sub
2326 1062 2507 1139 specie
2536 1068 2788 1124 veritatis
2814 1066 3170 1140 'delinquuut,
3196 1056 3199 1069 ’
3223 1070 3556 1127 calumniam
3583 1071 3765 1129 facien-

2196 1156 2280 1216 tes
2298 1161 2551 1239 proximo
2582 1163 2755 1233 magis
2778 1172 2959 1217 mente
2983 1160 3159 1234 quam
3188 1162 3393 1239 lingua,
3424 1164 3775 1239 quemadino-;

2192 1244 2317 1307 dum
2349 1250 2403 1306 lti
2431 1244 2524 1322 qui
2552 1252 2808 1311 dixerunt
2831 1254 2897 1308 de
2924 1252 3153 1308 Domino
3186 1271 3199 1307 :
3235 1246 3527 1319 llic‘diiit,
3559 1252 3759 1329 Possum

2190 1334 2660 1414 solrere'templum
2714 1344 2835 1411 hoc,
2880 1353 2929 1398 et
2982 1345 3037 1398 in
3078 1344 3244 1399 tribus
3282 1340 3487 1400 diebus
3514 1340 3758 1416 mdiﬁcar‘e

2189 1420 2327 1487 illud
2348 1420 2532 1503 (Joan.
2559 1434 2622 1508 tt)
2647 1453 2661 1503 ;
2694 1434 2908 1491 locutus
2935 1435 3114 1490 fuerat
3135 1438 3355 1507 quidem
3379 1438 3496 1492 haec
3520 1437 3757 1493 Dominus

2191 1527 2409 1598 quando
2436 1521 2609 1581 Judmi
2639 1524 2705 1581 ad
2736 1543 2863 1582 cum
2885 1525 3141 1582 dixerunt
3165 1546 3177 1581 :
3200 1527 3354 1594 Quod
3379 1530 3592 1599 signum
3612 1540 3754 1583 ostra-

2190 1614 2272 1669 dis
2313 1614 2460 1669 nobis
2490 1615 2613 1687 quia
2637 1615 2749 1671 Iure
2779 1616 2912 1689 facis
2936 1616 2961 1669 ?
2988 1617 3103 1687 ipse
3124 1626 3303 1671 autem
3335 1618 3402 1672 ad
3428 1634 3526 1673 eos
3556 1616 3755 1675 :Solrile

2190 1706 2437 1778 templum
2480 1706 2599 1772 hoc,
2630 1717 2676 1761 et
2704 1706 2759 1761 in
2790 1707 2954 1763 tribus
2985 1709 3169 1764 diebus
3199 1708 3477 1780 mdiﬁcabo
3502 1710 3651 1781 illud,
3676 1712 3753 1767 sed

502 1796 721 1871 dacium'
745 1818 829 1867 est
852 1810 967 1866 sive
1008 1807 1098 1864 illo
1135 1808 1421 1879 quisquam
1443 1848 1458 1873 ,
1500 1806 1615 1862 sive
1650 1820 1810 1860 nemo
1834 1803 2082 1861 laedatur.
2118 1805 2164 1869 Β
2191 1811 2296 1849 non
2330 1798 2625 1851 secundum
2650 1796 2801 1852 illam
2818 1798 3004 1855 dicens
3028 1798 3133 1854 hoc
3182 1799 3547 1855 intentionem
3592 1818 3752 1856 secun-

501 1902 736 1977 Broinde
762 1916 958 1974 magna
993 1900 1223 1971 quaestio
1258 1898 1325 1954 de
1355 1896 1667 1963 mendacio,
1703 1905 1891 1953 utrum.
1914 1898 2088 1966 possit

500 1996 792 2069 aliquando
814 1995 1018 2065 justum
1045 2009 1165 2049 esse
1197 1994 1565 2060 mendacium,
1600 1992 1756 2048 facile
1786 1991 2089 2047 solveretur

468 2074 732 2142 'fortasse
766 2086 812 2141 si
851 2085 966 2141 sola
1003 2093 1270 2157 praecepta
1313 2084 1648 2141 intueremur
1682 2099 1790 2139 non
1817 2081 2083 2153 exempla.

507 2174 643 2233 Nam
666 2178 795 2251 quid
818 2178 922 2234 isto
941 2186 1215 2250 praecepto
1235 2176 1555 2244 absolutius,
1579 2192 1687 2232 non
1708 2174 2089 2231 meutiemini?

505 2265 596 2327 Sic
620 2270 765 2325 enim
786 2271 989 2326 dictum
1016 2276 1101 2326 est
1122 2270 1389 2339 quomodo
1410 2285 1517 2324 non
1545 2268 1710 2325 facies
1738 2269 1835 2324 tibi
1859 2268 2084 2334 idolum,

500 2362 647 2433 quod
690 2360 890 2416 factum
931 2375 1042 2416 non
1078 2368 1257 2431 potest
1290 2359 1579 2429 aliquando
1608 2357 1814 2429 justum
1852 2373 1992 2425 esse,
2034 2367 2089 2414 et

500 2451 773 2521 quomodo
806 2451 1011 2507 dictum
1048 2457 1134 2504 est
1170 2465 1279 2506 non
1313 2449 1698 2507 mcecbaberis.
1741 2448 1873 2516 Quis
1902 2457 2086 2505 autem

499 2539 647 2596 dicat
694 2540 984 2611 aliquando
1035 2541 1328 2597 mmcbiam
1366 2539 1571 2609 justam
1611 2556 1734 2597 esse
1782 2540 1995 2611 posse?
2033 2548 2088 2596 et

499 2646 607 2686 non
649 2630 915 2687 furaberis
956 2632 1252 2688 secundum
1307 2632 1679 2689 deﬁnitionem
1724 2632 1870 2691 illam
1925 2632 2080 2700 furti,

494 2721 703 2793 justum
732 2737 852 2779 esse
880 2722 1083 2779 furtum
1110 2739 1387 2794 nunquam
1411 2733 1618 2797 potest;
1642 2732 1697 2779 et
1716 2739 1825 2779 non
1845 2724 2084 2791 occides,

2191 1885 2316 1941 dum
2365 1902 2527 1959 quam
2565 1888 2623 1942 lti
2650 1890 2743 1959 qui
2784 1896 2973 1945 contra
3002 1906 3127 1946 eum
3162 1891 3543 1948 testimonium
3583 1893 3751 1947 dabant

2188 1977 2464 2046 dixerunt,
2496 1979 2698 2037 dicebat
2722 1984 2859 2036 enim
2889 1983 2953 2036 de
2981 1983 3172 2054 templo
3189 1987 3426 2056 corporis
3447 1986 3556 2053 sui,
3590 1986 3655 2040 illi
3675 2003 3751 2040 au-

2193 2078 2303 2125 tem
2334 2071 2451 2127 haec
2480 2072 2619 2129 sicut
2661 2073 2727 2130 de
2758 2074 2958 2146 templo
2986 2075 3130 2131 dicta
3158 2074 3473 2132 Iudaeorum
3499 2092 3748 2133 assevera-

2190 2161 2327 2218 bant
2359 2183 2372 2218 :
2415 2166 2557 2220 unde
2597 2181 2692 2221 eos
2715 2175 2769 2220 et
2796 2166 2961 2223 falsos
2992 2176 3159 2224 testes
3208 2167 3447 2241 Spiritus
3470 2171 3748 2243 appellavit.

2190 2252 2299 2309 Pro‘
2322 2253 2562 2327 periurio
2582 2267 2766 2313 autem
2794 2256 3154 2332 Septuaginta
3184 2260 3353 2315 edunt
3387 2279 3400 2315 :
3438 2259 3568 2316 Non
3590 2258 3753 2339 leuabi-

2190 2348 2256 2403 tis
2300 2366 2487 2405 nomen
2531 2367 2706 2406 meum
2751 2351 2807 2405 in
2834 2351 3111 2421 injustam.
3154 2348 3549 2425 Jusjurandum
3573 2350 3751 2410 veroin

2190 2438 2390 2509 injusto
2416 2449 2517 2507 est,
2540 2457 2650 2497 non
2677 2441 2851 2497 solum
2871 2441 3017 2515 quod
3043 2444 3465 2512 praevaricatur,
3494 2445 3589 2501 sed
3614 2444 3749 2499 etiam

2193 2533 2337 2603 quod
2364 2533 2565 2604 injuste
2593 2534 2919 2600 custoditur,
2952 2533 3118 2590 veluti
3151 2533 3311 2606 quale
3351 2532 3487 2591 illud
3517 2535 3613 2590 fuit
3634 2536 3749 2606 quod

2186 2617 2432 2683 Herodes
2465 2625 2588 2682 ﬁliae
2618 2626 2944 2683 llerodiadis
2987 2626 3202 2696 jurans,
3258 2624 3492 2685 Joannis
3526 2624 3749 2700 Baptista

2188 2726 2352 2788 caput
2383 2715 2617 2773 abscidit
2632 2717 2850 2790 (Matth.
2876 2718 2988 2792 xxv)
3010 2736 3025 2788 ;
3051 2720 3339 2790 oportebat
3360 2720 3633 2801 enim’hoc
3650 2735 3748 2775 eum

2179 2804 2560 2876 jusjurandum
2588 2823 2697 2863 non
2722 2809 2998 2879 praebere;
3033 2818 3324 2882 postquam
3343 2819 3531 2868 tamen
3552 2810 3747 2884 juravit,

2185 2913 2294 2953 non
2345 2898 2637 2965 custodire,
2666 2899 2795 2970 quia
2822 2898 2986 2971 italia
3018 2908 3364 2956 sacramenta
3410 2917 3518 2956 nec
3566 2899 3746 2956 initium

501 2815 756 2887 quoniam
783 2829 906 2873 cum
939 2815 1105 2871 homo
1129 2811 1283 2884 juste
1308 2814 1594 2883 occiditur,
1624 2799 1721 2869 lex.
1738 2830 1863 2871 eum
1888 2815 2088 2872 occidit

499 2921 607 2977 non
646 2915 741 2964 tua
773 2906 1027 2979 Nunquid
1059 2907 1134 2962 ita
1176 2907 1283 2965 dici
1329 2915 1542 2979 potest,
1586 2923 1709 2964 cum
1736 2907 1898 2965 homo
1938 2908 2086 2979 iuste

499 2999 782 3065 mentitur.
823 2998 910 3054 lex
946 2998 1249 3059 mentitur?
1284 2999 1381 3059 sed
1411 3000 1659 3071 exempla
1700 2999 1907 3057 faciunt
1938 2998 2080 3055 dim-

2185 3004 2404 3047 sumcre
2431 2990 2576 3047 Deus
2600 2990 2735 3059 vult,
2784 2991 2880 3048 sed
2907 3006 3009 3048 nec
3038 2992 3311 3048 sumentia
3361 2993 3433 3048 ad
3464 2991 3624 3048 finem
3649 3005 3748 3063 per-

495 3085 781 3162 eillimam‘
811 3090 1186 3165 quaestionem.
1271 3089 1509 3148 Menum;
1572 3100 1700 3148 sum
1762 3091 2084 3150 obstetrices
2124 3160 2154 3165 _
2187 3084 2395 3139 venire.
2428 3083 2585 3140 Unde
2619 3084 2829 3153 dicens,
2858 3101 2962 3140 non
3000 3084 3234 3141 levabitis
3263 3099 3465 3142 nomen
3521 3100 3684 3143 meum
3702 3084 3746 3137 in

495 3160 787 3251 βεηυῄ
824 3188 879 3237 ει
910 3160 1054 3237 δορε
1081 3181 1191 3239 mis
1236 3182 1380 3240 Deus
1407 3184 1691 3252 ηυιδηίις
1729 3184 1957 3241 mentita
1996 3191 2084 3245 es;
2110 3160 2155 3225 C
2186 3173 2410 3245 injusto,
2443 3174 2670 3242 addidit,
2717 3184 2765 3231 et
2806 3192 2912 3232 non
2952 3174 3307 3248 profanabitis
3339 3193 3536 3232 nomen
3568 3173 3748 3265 Domini

496 3270 650 3333 Raab
674 3287 775 3344 pro
801 3272 1235 3344 exploratoribus
1262 3283 1445 3345 ωτι-ω,
1478 3285 1537 3335 ει
1563 3278 1684 3337 ideo
1716 3277 1947 3337 liberata
1972 3286 2080 3335 εει,
2185 3265 2287 3321 Dei
2339 3268 2515 3321 vestri.
2574 3265 2728 3335 Quod
2779 3267 3097 3341 Hieronymi
3146 3267 3433 3324 translatio
3462 3269 3577 3326 edit
3604 3283 3618 3322 :
3643 3264 3747 3322 Nan

494 3363 583 3431 An
611 3378 683 3421 ex
719 3380 831 3435 quo
856 3366 1065 3427 dictum
1086 3373 1173 3425 est
1211 3367 1268 3425 in
1298 3366 1439 3438 lege,
1477 3385 1586 3424 non
1624 3369 1981 3437 mentiemini,
2014 3386 2080 3427 ex

2184 3355 2383 3429 pollues
2430 3372 2619 3413 nomen
2643 3356 2762 3427 {Dei
2804 3357 2903 3413 tui.
2949 3356 3232 3425 Quomodo
3270 3365 3456 3414 autem
3484 3357 3609 3439 quis
3641 3352 3748 3410 illud

495 3454 589 3515 illo
623 3453 1033 3527 intelligendum
1064 3465 1178 3526 est,
1220 3472 1323 3514 nec
1346 3458 1403 3513 in
1429 3457 1526 3517 tali
1546 3473 1711 3516 causa
1738 3458 1906 3517 licere
1917 3475 2080 3519 .men-

2184 3449 2438 3525 profanat
2464 3450 2610 3517 dico,
2641 3450 2697 3507 id
2739 3459 2847 3521 est,
2894 3449 3312 3519 malefaciendo,
3334 3452 3463 3522 quia
3502 3448 3750 3522 jus'uran-

493 3546 730 3613 dacium,
756 3546 815 3603 in
852 3548 1000 3618 quali
1034 3563 1203 3605 causa
1236 3546 1438 3619 legitur
1462 3548 1615 3606 Raab
1651 3563 1775 3608 esse
1804 3548 2081 3607 mentita?
2182 3542 2310 3599 dum
2330 3536 2646 3613 ῖηιὶεειθάἰ
2676 3557 2785 3598 non
2834 3550 3039 3613 potest.
3085 3556 3214 3598 nam
3261 3541 3408 3598 Deus
3458 3557 3564 3615 per
3611 3553 3750 3613 quem

494 3634 807 3709 stud'magis
840 3636 1098 3695 credibile
1122 3644 1227 3706 est,
1262 3637 1393 3710 quia
1420 3636 1684 3709 injustam
1710 3648 1832 3697 erat
1854 3641 2082 3698 mania.
2175 3628 2382 3703 iuravit
2406 3631 2679 3699 intautum
2723 3633 2866 3689 bona
2888 3633 3023 3690 vult.
3063 3632 3167 3702 Qui
3197 3632 3302 3691 etsi
3340 3634 3647 3705 promiserit
3695 3631 3753 3692 de

490 3726 662 3797 cium,
692 3726 813 3797 ideo
847 3726 1224 3798 prohibitum?
1260 3744 1369 3789 non
1405 3728 1531 3802 quia
1572 3729 1929 3803 prohibitum,
1955 3730 2079 3788 ideo

490 3815 697 3881 factum
718 3818 1027 3897 iniustum?
1054 3818 1308 3897 fortassis
1332 3836 1463 3893 ergo
1488 3822 1632 3877 sicut
1666 3821 1737 3877 de
1772 3821 2080 3878 obstetricio

487 3907 590 3967 bus
627 3908 885 3979 diximus,
935 3926 1046 3970 non
1084 3911 1189 3969 hoc
1227 3911 1283 3968 in
1321 3912 1402 3971 eis
1444 3922 1885 3979 remuneratum,
1931 3914 2078 3986 quod

487 3997 730 4065 mentita:
761 4006 908 4065 sunt,
949 4000 1048 4058 sed
1076 4000 1221 4070 quod
1251 3999 1487 4058 infantes
1518 4000 1774 4061 Hebraeos
1812 4003 2077 4061 liberave-

486 4096 641 4161 runt,
658 4096 721 4145 ut
749 4097 972 4159 propter
998 4091 1140 4151 hanc
1168 4092 1600 4159 misericordiam
1630 4094 1761 4151 illud
1789 4105 2075 4167 peccatum

486 4180 720 4246 veniale,
744 4179 818 4236 sit
841 4179 1064 4245 factum,
1092 4198 1199 4238 non
1218 4194 1400 4243 tamen
1421 4187 1761 4243 existimetur
1780 4205 1890 4245 non
1909 4189 2077 4247 fuisse

486 4278 773 4342 peccatum
796 4288 813 4325 ε
838 4271 918 4328 sic
942 4272 1111 4327 etiam
1125 4274 1193 4329 de
1203 4273 1358 4331 Raab
1371 4276 1777 4346 intelligendum
1788 4285 2073 4342 canemu-

488 4372 730 4431 uet'atam
764 4365 820 4421 in
847 4364 944 4423 illa
969 4364 1293 4423 liberatione
1313 4366 1739 4437 exploratorum,
1772 4379 1833 4426 ut
1851 4380 2076 4443 propter

485 4458 733 4525 eamdem
760 4458 1192 4530 explorationem
1216 4460 1377 4515 venia
1396 4461 1467 4516 sit
1484 4462 1611 4518 data
1636 4464 1952 4531 mendacio,
1978 4468 2070 4523 ubi

2181 3723 2504 3795 quibusdam
2552 3724 2839 3793 terribilia,
2894 3725 2972 3782 illi
3021 3732 3206 3783 autem
3247 3725 3620 3798 pmnitueriut,
3653 3739 3751 3781 nou

2179 3817 2364 3873 tardat
2394 3824 2610 3874 mutare
2639 3817 2993 3886 sententiam,
3049 3834 3321 3891 suumque
3348 3833 3651 3876 sermonem
3676 3832 3751 3875 re-

2179 3905 2419 3979 fragare,
2435 3916 2497 3963 ut
2518 3907 2778 3981 quiddam
2805 3910 2963 3967 nobis
2988 3910 3210 3983 pietatis
3233 3912 3750 3984 impendat,prter

2178 4000 2326 4070 quod
2350 4000 2558 4058 addidit
2587 4016 2602 4056 :
2633 4000 2749 4074 Ego
2776 4002 3057 4071 Dominus,
3086 4004 3263 4074 qualis
3289 4006 3359 4061 de
3393 4022 3505 4076 quo
3533 4007 3600 4061 ait
3613 4002 3749 4063 Jonte

2177 4091 2484 4167 prophetia,
2537 4093 2755 4161 quando
2805 4093 3056 4151 Ninivitre
3076 4094 3470 4166 jejuuaverunt
3499 4106 3559 4153 et
3577 4111 3747 4154 orave-

2178 4190 2329 4250 runt,
2356 4191 2403 4237 et
2424 4184 2660 4254 pmnituit
2687 4184 2855 4240 Deum
2878 4182 2950 4239 de'
2967 4187 3196 4257 malitia,
3240 4204 3405 4259 quam
3443 4188 3646 4251 locutus
3664 4193 3745 4248 est,

2162 4281 2236 4327 'ut
2278 4273 2471 4344 faceret
2522 4276 2620 4342 eis,
2663 4284 2712 4331 et
2766 4293 2869 4331 non
2911 4277 3034 4348 fecit
3078 4278 3276 4350 (Jome.
3309 4278 3416 4352 ιιι).
3453 4280 3618 4337 Multa
3661 4295 3745 4334 au-

2177 4371 2287 4419 tem
2318 4418 2321 4423 ,
2356 4373 2413 4419 et
2462 4365 2569 4421 alia
2625 4366 2932 4453 hujusmodi
2993 4370 3275 4440 propheta:
3329 4371 3610 4431 dixerunt.
3660 4369 3746 4427 Se-

2176 4453 2365 4525 quitur
2403 4473 2415 4508 :

486 4561 668 4611 autem
694 4552 852 4609 venia
882 4553 1042 4610 damr
1060 4591 1076 4618 ,
1105 4552 1455 4610 manifestum
1495 4563 1581 4611 est
1613 4570 1735 4611 esse
1762 4566 2066 4627 peccatum,
2095 4534 2150 4597 Β
2249 4544 2373 4603 Νοη
2403 4548 2567 4617 {acies
2588 4550 2911 4606 calumniam
2934 4554 3179 4622 proximo
3227 4562 3339 4621 tuo,
3368 4571 3465 4611 nec
3494 4557 3551 4611 υἱ
3599 4549 3746 4627 oppri-

487 4641 615 4703 Sedv
637 4641 769 4707 illud
807 4643 1109 4700 cavendum
1142 4651 1259 4709 est,
1306 4660 1379 4700 ne
1417 4644 1491 4701 ita
1531 4646 1761 4718 quisque
1792 4648 2070 4709 existimet

486 4732 655 4787 etiam
681 4733 894 4789 caeteris
928 4734 1171 4803 peccatis
1196 4736 1239 4790 si
1266 4744 1491 4807 propter
1517 4736 1868 4797 liberationes
1894 4741 2071 4798 homi-

485 4838 623 4880 num
656 4823 825 4889 ﬁant,
880 4826 955 4881 ita
991 4828 1148 4883 venia
1196 4844 1357 4898 posse
1392 4831 1619 4887 concedi
1662 4850 1675 4886 :
1716 4833 1883 4889 multa
1921 4834 2064 4890 enim

487 4914 632 4972 mala
658 4914 1016 4973 intolerabilia
1045 4927 1102 4975 et
1137 4921 1369 4977 nimium
1394 4924 1710 4980 detestanda
1746 4927 1909 4983 istum
1936 4944 2069 4985 con-

487 5014 786 5077 sequuntur
809 5020 1070 5064 errorem.
1089 5010 1199 5082 (Ea:
1216 5011 1527 5087 Hesychia.)
1550 5016 1713 5072 Fines
1741 5018 1899 5075 nobis
1911 5022 2067 5079 bona

487 5096 914 5155 conversationis
946 5096 1221 5169 legislator
1245 5104 1516 5171 ostendit,
1552 5105 1823 5177 simulque
1858 5121 1916 5164 et
1947 5128 2068 5181 pee-

487 5198 609 5246 oata
637 5202 802 5258 quan
836 5187 909 5243 ad
935 5202 998 5243 se
1028 5188 1260 5246 invicem
1288 5194 1525 5251 habeant
1546 5200 1924 5269 cognationem
1956 5211 2067 5260 tra-

487 5278 589 5336 dit.
619 5277 752 5347 Quae
790 5279 939 5334 enim
973 5293 1074 5335 nos
1111 5294 1279 5349 parva
1318 5292 1603 5355 putamus,
1639 5290 1879 5347 maxima
1915 5303 2064 5362 sunt,

486 5369 754 5439 siquidem
784 5369 839 5424 in
872 5367 1182 5437 mendacio,
1216 5372 1443 5444 singulis
1475 5386 1536 5431 ut
1561 5379 1636 5434 ita
1667 5382 1843 5439 dicam
1873 5384 2065 5443 diebus

488 5459 721 5516 solemus
746 5458 1076 5530 delinquere,
1104 5461 1190 5518 vel
1210 5462 1352 5530 loco,
1375 5468 1460 5521 vel
1481 5470 1681 5539 studio,
1708 5474 2067 5547 similiterque

487 5550 833 5621 iurisjuramli
874 5555 1338 5624 pravaricatione.
1387 5558 1515 5614 Hmc
1561 5571 1742 5619 autem
1793 5567 2064 5623 intautum

487 5648 613 5729 sunt
656 5659 845 5713 prava,
874 5653 937 5701 ut
971 5663 1034 5703 ea
1066 5648 1210 5705 furto
1237 5650 1606 5721 conjungeret,
1641 5662 1697 5710 et
1738 5666 1904 5725 recte,
1935 5661 2061 5729 quia

2173 4653 2281 4691 mes
2319 4654 2459 4691 eum.
2500 4637 2627 4694 Non
2671 4641 2966 4696 morabitur
3011 4659 3142 4714 opus
3178 4645 3493 4700 mercenarii
3542 4644 3678 4717 apud
3708 4651 3745 4697 ts

2171 4720 2335 4798 usque
2361 4745 2534 4784 mane.
2588 4727 2711 4784 Non
2733 4730 3013 4789 maledicos
3047 4734 3232 4803 surdo,
3264 4751 3359 4791 nec
3394 4752 3587 4792 coram
3630 4749 3744 4793 am

2171 4840 2331 4894 pones
2355 4824 2750 4894 o/fendiculum,
2779 4826 2871 4881 sed
2902 4827 3106 4882 timebis
3130 4826 3303 4897 Deum
3330 4840 3509 4894 tuum,
3532 4830 3746 4900 φύσιν

2171 4930 2288 4970 sum
2342 4914 2624 4971 Dominus.
2681 4915 2792 4986 (Ea.
2830 4917 3173 4988 Augustino.)
3224 4917 3423 4975 Omnia
3463 4921 3618 4976 enim
3642 4929 3746 4987 qua:

2171 5006 2530 5077 prohibentur
2576 5008 2845 5066 committi
2893 5009 2953 5065 in
2993 5009 3323 5080 proximum,
3355 5011 3429 5067 ad
3462 5012 3575 5069 hoc
3598 5024 3748 5067 tutum

2172 5098 2458 5155 referenda
2489 5108 2619 5156 sunt
2642 5101 2786 5171 quod
2812 5101 3021 5159 dictum
3040 5110 3127 5168 est
3153 5122 3166 5159 :
3190 5101 3308 5158 Non
3336 5103 3570 5161 nocebis
3588 5100 3751 5174 proxi-

2170 5211 2291 5261 mo;
2322 5210 2449 5251 nam
2478 5197 2622 5267 quod
2642 5196 2910 5265 sequitur,
2943 5194 3062 5251 Non
3090 5194 3293 5267 rapies,
3315 5195 3421 5251 nisi
3448 5195 3521 5252 ad
3544 5196 3748 5259 δοεη-

2169 5286 2379 5344 feratur
2424 5301 2495 5343 ne
2545 5289 2805 5358 rapiendo
2844 5295 3129 5352 noceatur,
3172 5286 3468 5357 aliquando
3495 5288 3749 5345 evenitut

2167 5395 2277 5436 non
2298 5380 2559 5452 rapiendo
2588 5380 2820 5451 quisque
2846 5386 3057 5435 noceat.
3082 5376 3222 5433 Nam
3237 5377 3451 5450 gladius
3476 5378 3748 5435 insanien-

2170 5473 2239 5527 tis
2268 5472 2558 5542 rapiendus
2575 5481 2678 5539 est,
2696 5480 2753 5528 et
2774 5472 2820 5527 si
2842 5488 2951 5528 non
2981 5470 3174 5527 fecerit
3196 5469 3323 5541 quis
3348 5476 3411 5525 ut
3425 5466 3746 5539 oportuerit.

2165 5565 2339 5633 magis
2384 5565 2652 5618 nocuerit.
2714 5564 2823 5635 (Ea:
2852 5562 3162 5635 Hesychia.)
3209 5562 3376 5618 Vides
3398 5561 3747 5632 quernum)-

2165 5656 2291 5711 dum
2310 5653 2570 5723 paulatim
2594 5654 2680 5711 lex
2706 5653 2822 5724 ejus
2852 5655 2944 5726 qui
2973 5655 3149 5726 legem
3172 5653 3387 5723 accepit
3413 5652 3563 5708 colat
3598 5663 3747 5706 mon-

488 5728 695 5792 ftmutu
739 5744 999 5805 operatur
1049 5740 1370 5811 plerumque
1420 5743 1786 5814 mendacium,
1838 5728 2061 5819 propter
2162 5754 2293 5815 tem,
2327 5757 2385 5804 et
2405 5762 2468 5804 ea
2496 5762 2619 5820 qua:
2639 5747 2893 5805 videntur
2934 5746 3161 5821 parvula
3195 5752 3425 5818 Ρθοῦθιλ
3471 5736 3748 5813 coruunt“
