3892 6344
158 346 249 457 a9

960 308 1535 424 “cirrosrrlouus
1572 318 1647 419 11v
1676 314 2070 420 Luvmcuul
2108 320 2178 401 -ζ
2210 320 2342 416 im.
2381 320 2497 418 ai

2542 334 2691 367 :.l.

3257 338 3364 423 £30

157 452 367 562 magnis,
394 460 459 545 ut
502 483 697 539 timore
753 480 989 539 definita:
1028 481 1085 537 in
1132 480 1429 557 majoribus
1454 476 1696 551 peccatis
1716 458 1777 538 Ἀ
1798 478 2128 548 negligentes
2150 477 2399 533 dicuntur
2425 444 3364 562 demonstrat.DbminusL‘iiiseiimlis

152 584 363 657 ρωποι
384 592 419 632 a
452 576 753 633 minoribus
783 574 1172 630 abstineamus.
1233 573 1384 629 Sicut
1434 573 1578 628 enim
1607 571 1687 628 eis

158 673 400 733 sociantur
442 671 722 734 mandato,
767 668 846 723 ita
873 668 1004 723 etin
1026 680 1189 737 poena
1217 665 1513 721 sociantur.
1549 662 1688 729 Quia

154 765 227 838 qui
252 761 399 834 legent
426 766 589 823 totam
617 759 912 829 servaverit,
941 756 1246 829 peccaverit
1268 765 1441 811 autem
1462 754 1519 808 in
1554 770 1683 820 uno,

154 856 294 924 factus
328 860 402 906 est
453 851 686 905 omnium
733 866 852 905 reus
884 846 1089 921 (Iacob.
1119 847 1200 919 ιι).
1230 844 1336 903 Sed
1363 861 1463 903 nec
1485 844 1687 903 frustra

150 943 395 999 calumnia:
441 941 551 997 vim
596 939 906 1013 conjunxit;
953 955 1073 1010 quze
1105 940 1249 995 enim
1275 937 1577 994 differentia
1600 926 1687 993 est

152 1035 267 1108 apud
289 1049 407 1090 eum
434 1033 526 1105 qui
558 1034 719 1089 rebus
747 1033 860 1087 suis
894 1039 1066 1097 caret,
1098 1030 1213 1087 sive
1241 1029 1314 1101 vi,
1346 1028 1463 1085 sive
1493 1028 1682 1103 armis,

149 1130 340 1187 forsitan
366 1134 464 1182 aut
491 1125 731 1197 potentia
757 1123 1021 1197 qualibet,
1061 1122 1147 1180 vel
1194 1137 1293 1193 per
1339 1122 1684 1177 circumven-

149 1215 685 1288 tionemjudiciorum,
706 1222 800 1269 aut
828 1212 1036 1281 fraude,
1083 1210 1168 1267 vel
1211 1211 1450 1282 quolibet
1476 1210 1583 1265 alio
1612 1206 1685 1279 si-

147 1309 242 1364 mili
266 1308 418 1363 modo
445 1306 530 1363 his
554 1300 777 1373 careat;
833 1306 927 1360 sed
961 1312 1016 1360 et
1050 1303 1142 1375 qui
1168 1303 1252 1358 die
1278 1311 1390 1358 tota
1432 1308 1686 1371 operatus

145 1407 214 1454 est
238 1405 293 1452 ut
336 1397 607 1466 acciperet
640 1395 944 1461 mercedes,
998 1409 1063 1449 ex
1118 1393 1313 1463 quibus
1336 1405 1459 1445 cum
1483 1389 1609 1445 ﬁliis
1634 1395 1690 1445 et

146 1502 290 1542 uxore
306 1494 357 1542 et
367 1484 683 1556 parentibus
710 1483 1149 1554 exspectantibus
1169 1479 1390 1537 easdem
1412 1477 1690 1536 mercedes

143 1577 339 1643 viveret,
370 1583 424 1630 et
452 1591 558 1631 non
586 1575 815 1645 accepit,
852 1573 947 1629 sed
973 1571 1173 1627 dilatus
1218 1578 1322 1636 est,
1374 1584 1557 1624 nonne
1601 1582 1692 1623 ca-

141 1665 375 1722 lumniam
400 1675 456 1722 et
480 1667 594 1722 vim
614 1666 842 1736 patitur,
868 1679 977 1718 non
1002 1661 1179 1718 solum
1209 1659 1265 1714 in
1288 1656 1445 1725 cibo;
1494 1659 1589 1715 sed
1636 1664 1690 1714 et

136 1773 218 1827 per
237 1756 349 1813 haec
375 1758 536 1812 etiam
566 1757 624 1811 in
652 1755 802 1810 vita?
826 1752 938 1808 vita
966 1751 1114 1807 enim
1142 1748 1198 1803 in
1223 1749 1345 1805 cibo
1376 1747 1687 1818 quotidiano

1790 571 2097 625 mandatum
2127 570 2261 625 dans
2287 588 2300 624 :
2326 566 2576 641 Vigilate,
2604 571 2729 640 quia
2751 571 2959 625 nescitis
2980 588 3084 642 qua
3108 556 3237 625 hora
3258 552 3365 627 '08-!

1788 663 1962 717 minus
1986 673 2149 718 vester
2180 672 2422 718 venturus
2446 662 2512 716 sit
2525 644 2551 729 ;'
2578 661 2674 717 sed
2713 670 2764 718 et
2794 660 3008 735 quando
3049 650 3369 731 dormienti?

1787 746 1890 811 bus
1937 752 2266 818 hominibus,
2321 751 2574 808 videlicet
2614 748 3043 826 negligentibus,
3090 740 3368 813 seminarii

1788 838 2004 905 dicebat
2023 844 2305 900 inimicum
2331 842 2560 898 zizania.
2592 840 2768 900 Mane'
2789 846 2975 903 autem
2996 842 3366 904 futurum'séi

1788 932 1969 990 culum
1995 944 2096 999 est,
2122 933 2247 1005 quia
2262 936 2409 990 nocti
2434 938 2714 1007 praesentis
2739 938 2863 993 vita:
2892 938 3155 1006 succedit,
3182 944 3239 997 et
3265 928 3363 1043 ἰή

1787 1024 2240 1099 inexstinguibilis
2269 1026 2322 1081 in
2349 1042 2414 1082 eo
2435 1026 2659 1083 habitat.
2687 1027 2805 1084 Non
2826 1046 2956 1102 ergo
2970 1038 3197 1103 oportet
3212 1022 3365 1103 otio-'3

1785 1130 1906 1172 sum
1934 1133 2054 1173 esse
2083 1119 2223 1190 apud
2249 1134 2348 1175 nos
2372 1106 2924 1188 doctorum'verbum,
2950 1102 3048 1193 per
3069 1112 3231 1179 Omne
3256 1102 3364 1179 liba

1787 1214 1997 1277 tempus
2025 1209 2111 1264 cui
2160 1209 2327 1264 futuri
2372 1208 2634 1280 temporis
2674 1226 2834 1265 mane
2860 1213 3123 1279 succedit,
3148 1212 3273 1285 quia
3304 1200 3367 1271 et

1786 1294 1842 1353 in
1866 1297 1971 1354 hoc
2003 1298 2228 1355 avaritia
2244 1308 2298 1354 et
2320 1301 2584 1373 injustitia
2608 1302 2662 1357 in
2685 1302 2993 1359 doctoribus
3014 1290 3365 1374 exercentur?

1790 1390 2095 1445 mercedem
2127 1392 2475 1461 perdentibus
2500 1410 2619 1463 qua:
2645 1390 2727 1450 eis
2757 1410 2824 1449 ex
2845 1380 3104 1465 provectu
3125 1382 3369 1470 discipul'

1789 1477 1969 1534 lorum
2006 1480 2309 1537 deberetur.
2335 1481 2438 1539 Per
2457 1482 2682 1540 surdum
2708 1478 2885 1540 autem
2908 1494 2963 1542 et
3005 1501 3227 1553 aecum,
3270 1488 3363 1546 eos

1792 1568 1887 1640 qui
1913 1570 2287 1628 inobedientize
2307 1580 2362 1628 et
2388 1573 2705 1645 ignorantiae
2726 1574 2917 1630 morbo
2946 1575 3258 1632 detinentur
3272 1577 3361 1633 lex

1792 1658 1991 1727 innuit,
2023 1663 2089 1717 ad
2115 1678 2252 1732 quos
2276 1664 2443 1721 Isaias
2471 1665 2609 1720 dixit
2637 1684 2651 1721 :
2683 1665 2865 1733 Sardi,
2905 1666 3106 1734 audite,
3142 1676 3190 1722 et
3220 1669 3362 1733 cruci,

1787 1748 2065 1806 intuemini
2083 1754 2154 1805 ad
2169 1752 2445 1807 videndum
2467 1752 2601 1825 (Isa.
2624 1754 2781 1827 xui).
2798 1744 2985 1811 Hinbn
3010 1754 3365 1814 maledicendi

134 1842 359 1915 ducitur;
395 1861 522 1917 ergo
551 1854 608 1901 et
637 1845 685 1900 si
712 1843 953 1899 crastino
980 1841 1225 1911 recipiat,
1256 1839 1381 1911 quia
1414 1837 1688 1911 praeterito
1712 1842 1760 1905 B
1787 1849 1933 1908 sunt,
1953 1843 2049 1897 sed
2075 1842 2419 1911 admonendi,
2436 1846 2482 1901 si
2501 1854 2681 1902 tamen
2702 1860 2796 1903 eos
2820 1848 3065 1904 conveni
3091 1848 3360 1905 volumus.
3400 1860 3418 1876 ‘

129 1934 222 1999 die,
254 1933 310 1991 in
340 1950 449 2005 quo
495 1933 741 1989 laborem
788 1929 1059 1997 sustinuit,
1110 1928 1405 2001 permansit
1440 1926 1680 1999 jejunus,

125 2027 225 2080 vim
250 2026 477 2098 pertulit
503 2033 559 2081 et
583 2023 905 2080 calumniam
934 2035 1125 2092 passus
1149 2025 1251 2074 est.
1299 2017 1368 2075 Et
1391 2016 1534 2089 quod
1564 2017 1684 2074 aliis

120 2122 422 2177 substantia
474 2130 574 2188 est,
638 2121 738 2175 hoc
792 2125 916 2174 sunt
949 2115 1228 2171 mercedes
1284 2112 1680 2169 laborantibus.

126 2210 256 2283 Ergo
278 2218 426 2266 recte
452 2209 529 2264 vis
558 2208 720 2264 etiam
741 2210 935 2263 horum
964 2205 1202 2278 privatio
1226 2202 1444 2259 dicitur.
1476 2202 1583 2259 Sed
1628 2210 1686 2259 et

127 2301 205 2371 qui
246 2299 519 2355 maledicit
571 2300 751 2362 surdo,
785 2297 1013 2352 multum
1058 2304 1250 2363 nocet;
1304 2302 1359 2351 et
1402 2296 1492 2366 qui
1531 2296 1683 2366 ponit

132 2408 297 2449 coram
319 2390 475 2447 caecis
495 2389 897 2454 oil‘endiculum,
924 2388 977 2443 in
1004 2403 1110 2459 quo
1132 2386 1361 2458 pedibus
1385 2385 1680 2441 oil'endant.

74 2486 82 2495 '
129 2482 172 2538 is
197 2483 403 2556 quidem
431 2481 523 2553 qui
550 2479 746 2537 surdus
773 2488 878 2547 est,
910 2479 1039 2534 dum
1064 2476 1406 2534 maledicitur
1433 2484 1681 2544 nocetur,

132 2590 223 2629 nou
245 2572 410 2630 solum
427 2573 554 2645 quia
583 2572 649 2630 de
675 2584 740 2629 eo
757 2572 1081 2639 detrahitur,
1096 2572 1190 2629 sed
1218 2573 1343 2644 quia
1368 2571 1683 2640 emendare,

132 2672 213 2717 aut
260 2664 367 2720 haec
416 2678 610 2720 cavere
654 2665 712 2719 in
767 2663 964 2734 quibus
1016 2663 1081 2719 de
1120 2678 1185 2721 eo
1226 2662 1531 2719 detrahitur
1572 2677 1684 2718 non

130 2763 313 2824 potest;
341 2753 435 2811 sed
462 2770 568 2811 nec
592 2770 770 2810 czecus
795 2756 863 2809 ab
886 2752 1209 2810 oil'endiculo
1240 2752 1334 2825 qui
1360 2750 1410 2807 ei
1434 2746 1679 2824 ponitur,

130 2844 375 2901 custodire
421 2861 481 2901 se
536 2853 718 2916 potest
748 2863 761 2899 :
791 2846 972 2901 evenit
1018 2854 1224 2911 autem,
1257 2852 1313 2900 et
1336 2844 1469 2900 huic
1495 2851 1551 2898 et
1583 2840 1684 2908 illi,

130 2948 186 2988 ex
211 2944 425 3007 utroque
454 2951 643 3005 mors;
678 2951 823 2991 czrco
852 2936 1072 3007 quidem
1113 2936 1240 2992 dum
1268 2933 1568 2991 conteritur
1591 2948 1689 3006 per

130 3017 518 3092 oli‘éndiculum;
548 3024 714 3082 surdo
733 3033 913 3082 autem
944 3026 1253 3092 maledicto,
1280 3025 1435 3096 quasi
1458 3026 1522 3081 de
1541 3024 1689 3103 prin:-

120 3106 230 3184 ’θῆρε
254 3110 624 3183 detraxisset,
683 3123 778 3170 aut
803 3114 947 3171 aliud
976 3116 1249 3188 quidpiam
1278 3114 1513 3181 fecisset,
1544 3113 1688 3184 quod

1788 1931 1946 1990 Unde
1974 1933 2174 1992 Paulus
2202 1951 2325 1991 eum
2350 1937 2443 2006 qui
2464 1937 2623 1993 docet
2652 1934 2706 1993 in
2730 1926 3142 1996 mansuetudine
3167 1940 3363 1997 docere

1783 2042 1877 2083 eos
1905 2028 1997 2099 qui
2028 2030 2403 2087 contradicunt
2425 2031 2735 2089 doctoribus
2782 2032 3040 2089 Ecclesia!
3072 2032 3409 2109 praecepiti,

1784 2120 1880 2177 sed
1908 2136 2009 2177 nec
2033 2121 2415 2179 oll'endiculum
2438 2126 2519 2181 eis
2548 2124 2683 2181 falsa
2734 2126 2973 2183 dicentes
3018 2136 3112 2183 aut
3146 2138 3362 2200 agentes

1784 2210 2048 2267 debemus
2076 2210 2236 2268 efﬁci.
2290 2214 2405 2270 Hoc
2458 2214 2603 2270 enim
2659 2216 2773 2287 ipse
2827 2216 3027 2272 Paulus
3070 2218 3363 2288 prohibens

1791 2308 1955 2370 atque
1988 2302 2267 2374 corrigens
2296 2305 2513 2378 scripsit
2544 2326 2556 2361 :
2591 2305 2652 2363 Si
2674 2309 2788 2379 quis
2814 2307 3000 2361 viderit
3024 2324 3141 2362 eum
3167 2306 3255 2380 qui
3276 2310 3367 2362 ha-

1785 2388 1863 2445 bet
1878 2390 2147 2446 scientiam
2170 2393 2223 2447 in
2248 2394 2410 2450 idolio
2435 2398 2833 2464 recumbentem,
2858 2415 3027 2453 nonne
3041 2398 3361 2453 conscientia

1785 2480 1922 2551 ejus,
1950 2498 2067 2537 cum
2096 2484 2164 2537 sit
2198 2484 2433 2554 inﬁrma,
2459 2487 2808 2557 wdiﬁcabitur
2844 2487 2913 2543 ad
2938 2487 3362 2543 manducandum

1782 2572 2061 2630 idolothita
2092 2574 2145 2648 (ι
2192 2574 2312 2632 Cor.
2352 2576 2492 2649 vm).
2526 2578 2617 2636 Sic
2662 2580 2801 2653 legis
2848 2589 2959 2636 tam
2984 2579 3165 2637 littera
3198 2592 3362 2653 quam

1787 2667 1980 2738 spiritu
1998 2665 2176 2735 juvari
2199 2684 2505 2739 possumus.
2538 2669 2802 2742 Sequitur
2834 2691 2846 2726 :
3328 2670 3333 2677 ⁷
3362 2662 3367 2675 ’

1860 2756 1985 2812 Νοη
2013 2759 2175 2828 {acies
2211 2760 2350 2831 quod
2388 2761 2626 2833 iniquum
2662 2770 2762 2827 est,
2800 2778 2891 2815 nec
2930 2761 3123 2832 injuste
3156 2754 3367 2832 judica-

1790 2846 1888 2911 bis,
1926 2862 2018 2901 nec
2064 2847 2356 2903 consideres
2384 2865 2659 2919 personam
2698 2849 2962 2919 pauperis.
2998 2848 3112 2903 Nec
3146 2848 3365 2902 honores

1788 2935 1989 2990 vultum
2009 2938 2250 3006 potentis.
2279 2938 2430 2991 Juste
2444 2938 2631 3007 judica
2656 2938 2893 3007 proximo
2934 2940 3023 2991 tuo
3055 2951 3072 2988 :
3114 2938 3237 2991 Non
3266 2934 3367 2991 erit

1790 3025 2103 3080 criminator
2127 3034 2175 3079 et
2210 3040 2428 3081 susurro
2456 3028 2511 3080 in
2541 3025 2766 3096 populis.
2822 3024 2945 3080 Non
2986 3025 3150 3080 stabis
3186 3020 3370 3080 ωηιέᾶ

1789 3117 2099 3186 sanguinem
2124 3118 2354 3187 proximi
2376 3117 2471 3171 tui.
2500 3104 2616 3187 Ego
2628 3116 2906 3183 Dominus.
2925 3114 3035 3189 (Ea:
3060 3113 3369 3189 Hesychia.)

128 3202 171 3258 ei
215 3196 509 3274 periculum
564 3205 857 3277 ingereret,
900 3208 1246 3277 semetipsum
1271 3206 1495 3263 minime
1514 3206 1688 3263 corri—
1716 3192 1761 3257 C
1792 3205 1908 3262 Non
1940 3203 2234 3277 quamlibet
2254 3206 2544 3278 justitiam,
2569 3208 2663 3264 sed
2700 3221 2966 3263 summam
2995 3214 3050 3263 et
3070 3205 3371 3279 perfectam

131 3295 276 3362 genti.
303 3295 370 3349 Et
394 3297 501 3352 hoc
531 3298 675 3367 quod
699 3295 912 3351 videtur
924 3309 1045 3353 esse
1071 3310 1318 3366 parvum,
1336 3297 1477 3367 quod
1496 3311 1527 3352 a
1546 3292 1687 3352 mul-

130 3381 192 3436 tis
211 3397 341 3454 saepe
367 3384 684 3441 ludentibus
704 3374 1059 3456 delinquitur,
1104 3385 1301 3440 transit
1325 3386 1393 3440 ad
1422 3392 1683 3452 mortem;

130 3470 256 3527 unde
270 3475 429 3530 nimis
453 3482 759 3546 opportune
787 3474 974 3540 David,
1022 3476 1239 3531 beatum
1281 3474 1419 3531 dixit
1443 3490 1568 3532 eum
1596 3472 1688 3546 qui

130 3560 181 3614 in
208 3564 436 3620 cathedra
459 3566 797 3637 pestilentia,
826 3566 881 3622 id
905 3574 988 3621 est
1017 3566 1401 3634 deridentium,
1430 3584 1533 3622 non
1557 3566 1687 3622 sedit

129 3649 284 3720 (Paul.
313 3653 373 3727 ι).
404 3652 522 3711 Nos
550 3663 731 3711 autem
761 3656 828 3711 ad
874 3657 1061 3713 eadem
1111 3670 1301 3712 rursus
1348 3652 1689 3727 exsequenda

130 3755 419 3816 pergamus.
444 3747 567 3801 Non
594 3748 740 3803 enim
770 3748 946 3804 solum
988 3747 1337 3820 pecuniarum
1363 3749 1691 3805 calumniam

129 3845 171 3888 et
188 3837 291 3891 vim
307 3836 399 3892 lex
426 3838 736 3907 prohibuit,
761 3840 859 3893 sed
879 3848 934 3893 et
964 3852 1180 3895 omnem
1219 3839 1403 3908 aliam,
1425 3848 1480 3898 et
1516 3838 1690 3896 multo

130 3927 284 3998 magis
311 3938 442 3980 eam
466 3933 687 3995 quaeest
711 3927 768 3981 in
787 3926 1153 3996 'spiritailbus,
1198 3934 1261 3983 ut
1304 3944 1419 3984 non
1464 3929 1692 3999 gloriam

131 4016 441 4087 arripiamus
490 4013 735 4083 alterius,
780 4032 885 4073 nec
924 4014 1067 4089 quod
1117 4016 1341 4075 alterius
1365 4019 1555 4076 labore
1578 4019 1691 4075 col-

130 4106 306 4163 lectum
362 4115 471 4175 est,
521 4106 577 4162 in
618 4109 1035 4182 nobismetipsis
1071 4110 1438 4179 attrahamus;
1473 4119 1696 4184 propter

134 4200 254 4266 quod
275 4206 329 4256 et
356 4198 566 4255 Paulus
597 4198 856 4256 dicebat:
886 4199 1013 4255 Non
1045 4202 1183 4255 enim
1216 4203 1272 4255 in
1295 4200 1469 4257 aliena
1512 4201 1694 4275 regula

136 4289 180 4340 in
199 4290 269 4343 his
289 4296 405 4362 quae
434 4300 630 4361 parata
653 4300 777 4344 sunt
805 4289 1028 4361 gloriari
1051 4289 1139 4363 (ΙΙ
1164 4289 1287 4346 Cor.
1309 4291 1401 4366 x);
1427 4301 1481 4347 et
1505 4309 1693 4350 rursus

137 4375 368 4434 donatum
390 4379 500 4435 sibi
528 4379 664 4435 dicit
684 4379 1079 4451 evangelizare,
1112 4368 1216 4446 non
1262 4382 1350 4436 ubi
1390 4383 1689 4439 nominatus

1786 3299 1995 3356 studeri
2017 3296 2125 3365 lex,
2156 3298 2393 3354 maxime
2414 3300 2468 3353 in
2489 3299 2869 3369 praesentibus,
2897 3297 3195 3361 constituit,
3216 3304 3367 3353 recto

1785 3387 1981 3445 itinere
2015 3388 2316 3461 ordineque
2340 3391 2663 3460 procedens,
2694 3400 2754 3445 ut
2776 3390 2932 3460 prius
2956 3391 3208 3446 videatur
3230 3376 3366 3461 pani

1784 3478 2004 3550 peribus
2058 3478 2231 3550 legem
2273 3478 2623 3544 constituere,
2673 3479 2867 3534 deinde
2912 3479 3244 3549 potentibus,
3297 3491 3365 3534 ac

1788 3567 1984 3623 deinde
2004 3568 2337 3637 principatus
2389 3574 2447 3622 et
2469 3574 2783 3636 potestates
2826 3566 3177 3632 habentibus;
3204 3572 3267 3621 ut
3308 3560 3365 3622 et

1788 3670 1887 3726 per
1912 3658 2017 3712 hoc
2032 3657 2343 3711 ostenderet
2367 3670 2659 3724 personam
2678 3669 2791 3709 non
2821 3656 3006 3711 deberi
3026 3656 3216 3725 accipi.
3248 3654 3373 3710 Non

1792 3738 1997 3803 furtum
2057 3746 2202 3801 enim
2248 3758 2350 3801 nec
2387 3746 2714 3801 calumniam
2744 3743 2943 3811 facere,
2973 3754 3077 3801 nec
3096 3744 3285 3813 iurare
3312 3744 3367 3799 in

1791 3838 2014 3909 iniusto,
2040 3839 2143 3895 etsi
2171 3837 2430 3894 divitibus
2449 3836 2535 3893 vel
2562 3836 2875 3909 potentibus
2922 3834 3212 3907 aliquando
3239 3844 3372 3891 cond

1791 3932 1971 4003 tingit,
1998 3938 2373 3986 verumtamen
2402 3930 2619 4001 propria
2646 3942 2939 4001 pauperum
2966 3918 3375 3999 quodammodt)I

1753 4049 1759 4056 ~
1795 4028 1924 4077 sunt
1969 4027 2191 4091 peccata
2216 4036 2230 4073 :
2259 4032 2358 4089 per
2384 4026 2760 4091 paupertatem
2802 4019 2945 4074 enim
2990 4018 3159 4074 furari
3201 4026 3255 4073 et
3282 4032 3372 4072 ca-

1796 4109 2051 4165 lumniari
2070 4116 2127 4164 et
2146 4109 2448 4181 tranSgredi
2469 4117 2807 4166 sacramenta
2831 4108 3075 4181 compelli
3095 4110 3371 4174 videntur,-

1796 4200 1872 4257 ita
1899 4207 1959 4255 ut
1988 4199 2213 4270 Sapiens
2237 4199 2328 4255 ille
2361 4200 2416 4254 in
2443 4199 2748 4255 Proverbiis
2782 4200 2987 4255 diceret
3015 4217 3029 4253 :
3062 4198 3286 4253 Diuitias
3318 4206 3369 4254 et

1794 4299 2152 4364 paupertatem
2172 4306 2235 4345 ne
2259 4288 2463 4345 dederis
2502 4289 2650 4356 mihi,
2666 4306 2729 4345 ne
2746 4289 2883 4360 forte
2907 4291 3130 4344 satiatus
3166 4288 3373 4343 illiciat-

1795 4382 1868 4437 ad
1893 4381 2211 4452 negandum,
2246 4389 2339 4434 aut
2372 4389 2596 4451 egestate
2639 4379 2958 4450 compulsus,
2987 4379 3133 4447 furer
3180 4388 3227 4431 et
3253 4384 3373 4447 μηδὲ

140 4479 197 4520 est
221 4467 477 4537 Christus,
510 4486 576 4524 ne
602 4486 759 4541 super
786 4469 1002 4525 alterius
1040 4470 1437 4541 fundamentum
1459 4469 1694 4542 wdiﬁca-
1717 4474 1972 4545 _‘jurem
1999 4487 2186 4527 nomen
2205 4471 2305 4525 Dei
2352 4472 2457 4525 mei
2485 4468 2668 4541 (Prov.
2708 4468 2862 4540 xxx).
2896 4469 2963 4523 Vi
2984 4473 3166 4521 autem
3186 4466 3377 4537 oppri-u

142 4568 203 4612 ret
225 4558 385 4633 (Rom.
419 4534 540 4635 xv).
560 4534 810 4617 Alterum
847 4534 1051 4618 autem.
1070 4563 1295 4619 alterius
1314 4534 1690 4635 interpretatis
1717 4534 1773 4598 Ῑ)
1787 4534 1949 4618 inure
1972 4570 2031 4617 et
2055 4561 2400 4618 mercedibus
2422 4534 2665 4631 privare,
2683 4566 2741 4614 et
2764 4534 2998 4614 irridere
3020 4534 3375 4613 surdumvaut

141 4654 240 4702 est:
266 4651 482 4708 nolebat
506 4650 662 4708 enim
686 4650 1007 4723 praedicare,
1030 4651 1123 4706 ubi
1169 4651 1309 4708 alter
1355 4652 1690 4722 praedicavit,

143 4746 190 4792 ut
205 4754 302 4796 non
322 4742 613 4799 mercedes
639 4741 915 4813 abriperet
933 4741 1159 4799 alienas.
1174 4742 1256 4798 De
1282 4743 1369 4798 his
1387 4744 1533 4798 enim
1558 4758 1697 4800 mer-

144 4829 334 4887 cutibus
360 4833 438 4888 ait
463 4831 783 4903 legislator:
815 4822 943 4886 Non
963 4832 1257 4887 morabitur
1280 4848 1409 4903 opus
1429 4848 1699 4887 mercena-

143 4919 340 4994 ἤι’ψά
366 4933 417 4979 te
430 4936 620 4995 ‘usque
648 4938 821 4977 mane.
849 4921 965 4977 Non
987 4920 1103 4993 jam
1130 4924 1571 4994 praedicantibus,
1601 4924 1699 4981 sed

145 5013 292 5071 tam
336 5014 681 5071 discentibus
733 5012 998 5067 mandans
1054 5029 1164 5069 non
1226 5015 1532 5085 negligere,
1594 5028 1698 5069 nec

144 5103 346 5160 otiosum
377 5107 521 5179 apud
548 5119 613 5161 se
642 5104 824 5159 sinere
841 5101 1114 5159 doetorale
1137 5104 1395 5170 verbum;
1417 5119 1697 5162 mercena-

148 5193 240 5249 rius
262 5198 401 5253 enim
431 5198 533 5253 Bei
558 5202 670 5262 est,
685 5196 779 5266 qui
804 5195 1065 5266 praedicat
1084 5195 1307 5250 verbum
1328 5194 1464 5264 eius.
1490 5196 1697 5253 Merces

147 5290 319 5340 autem
349 5288 471 5359 ejus
526 5294 629 5343 est
680 5286 968 5342 retributio
1026 5285 1454 5357 praedicationis,
1513 5287 1696 5344 veraci

150 5374 382 5434 exissem
420 5376 587 5449 huius
632 5377 711 5433 rei
758 5384 894 5433 teste
919 5376 1105 5446 Paulo,
1133 5377 1227 5448 qui
1261 5377 1434 5433 dicit:
1468 5376 1600 5443 Qua:
1621 5390 1696 5433 est

146 5475 255 5534 ergo
305 5483 501 5525 merces
552 5474 709 5534 mea,
747 5478 806 5522 ut
855 5468 1199 5541 anngelium
1248 5469 1547 5540 praedicans
1589 5470 1703 5525 sine

152 5568 574 5631 "nuptum
625 5556 967 5630 Evangelium
1020 5559 1258 5615 Christi?
1312 5560 1366 5633 (I
1412 5561 1540 5617 Cor.
1598 5562 1701 5632 ιι.)

156 5645 485 5721 Septuaginta
510 5658 696 5705 autem
720 5649 890 5705 edam
914 5667 927 5703 :
961 5649 1086 5705 Non
1110 5650 1335 5705 donniet
1366 5668 1560 5707 merces
1574 5666 1707 5706 nter-

155 5739 331 5795 cenarii
358 5741 437 5797 tui
463 5738 613 5812 apud
647 5749 699 5799 te
743 5755 907 5814 usque
936 5756 1122 5809 mene,-
1149 5742 1278 5813 quia
1298 5742 1447 5800 enim
1466 5743 1706 5801 dormire

1795 4667 2021 4717 uacum,
2049 4652 2175 4722 quia
2197 4651 2444 4720 quadam
2465 4664 2655 4705 eorum
2685 4654 2814 4702 sunt
2832 4647 3373 4719 potentim,quu:dam

1794 4757 1928 4799 vero
1955 4742 2195 4813 prodigas
2217 4739 2614 4809 quodanmodo
2635 4737 2764 4793 vitm
2807 4745 2864 4792 et
2906 4736 3223 4794 deliciarum
3247 4750 3377 4795 oena

1801 4833 2078 4889 tumeliam
2136 4828 2512 4903 generantium
2550 4836 2794 4898 peccata,
2822 4826 3092 4899 praecipuo
3125 4827 3376 4898 per-sutis

1801 4924 2026 4980 divitum
2051 4929 2111 4978 et
2133 4926 2437 4991 potentum,
2489 4918 2578 4973 lea
2600 4918 2802 4974 sanciri
2837 4917 3053 4974 dicitur.
3077 4915 3373 4974 Perseum

1804 5023 1986 5070 autem
2008 5012 2259 5083 accipere
2285 5010 2338 5064 in
2358 5007 2776 5079 judicio,hi-qai
2797 5010 3214 5081 magistratuum
3236 5024 3377 5079 prm-

1804 5106 1981 5161 sident
2000 5104 2088 5159 vel
2112 5101 2359 5173 iudicum
2377 5098 2759 5165 tribunalibus,
2788 5114 2927 5171 quos
2946 5098 3257 5168 indicantes
3273 5111 3376 5153 nec

1804 5195 2023 5265 quidem
2046 5206 2346 5262 pauperum
2392 5204 2656 5260 personas
2680 5196 2896 5260 oportet
2922 5190 3186 5259 accipere.
3205 5187 3377 5241 Nemo

1806 5285 1952 5340 enim
1978 5285 2090 5339 Deo
2112 5281 2520 5336 miserioordior
2546 5289 2650 5347 est,
2677 5281 2769 5351 qui
2795 5280 3109 5336 misericors
3128 5286 3187 5332 et
3211 5273 3376 5331 mise-

1806 5383 1959 5432 ratur
1987 5388 2153 5444 super
2184 5385 2372 5428 ualles
2395 5372 2697 5443 appellatur
2725 5388 2741 5426 ι
2765 5373 3147 5427 Verumtamen
3184 5360 3377 5431 iudicii

1804 5476 2050 5537 tempore
2062 5479 2403 5536 nequaquam
2409 5464 2522 5534 jam
2537 5466 2615 5520 ita
2635 5462 2893 5534 appellari
2912 5459 3047 5522 vult,
3063 5455 3160 5510 sed
3170 5454 3372 5524 justus,

1808 5568 1947 5615 teste
1991 5558 2179 5621 David,
2233 5558 2325 5627 qui
2381 5558 2548 5613 dicit:
2581 5553 2907 5622 Deusjudea:
2940 5550 3122 5618 justus
3146 5545 3299 5613 fortis
3325 5554 3376 5602 α

1806 5651 2121 5722 longarsirnis
2149 5649 2321 5706 (Psal.
2348 5650 2469 5721 vn).
2521 5648 2633 5701 Nec
2656 5643 2876 5714 quidem
2905 5636 3140 5709 potentis
3163 5644 3376 5715 oportet

1809 5745 2067 5804 adnurari
2096 5758 2384 5816 personam
2432 5742 2488 5797 in
2534 5733 2915 5808 judicio,quia
2950 5730 3062 5788 Deo
3082 5729 3269 5788 nullus
3290 5736 3373 5791 est
