3892 6344
471 297 576 355 ι55
1110 279 1176 343 Β.
1213 281 1469 341 RABANI
1509 279 1732 339 MAURI
1771 275 2082 335 ARCHIEP,

2187 268 2450 330 locum.
2487 267 2774 326 orsnuu
2812 266 2996 326 rans
3030 255 3075 325 ιζ
3609 257 3788 352 fasc

457 399 822 475 Septuaginta
866 397 1074 463 dicunt,
1115 393 1362 475 Visitatio
1391 394 1486 447 erit
1509 392 1582 446 eis
1629 398 1676 444 et
1713 407 1816 444 non
1837 389 2066 442 morien-
2081 373 2144 453 Ἀ
2168 383 2372 451 ﬁcium,
2391 399 2498 439 non
2520 381 2664 439 aliud
2676 385 2952 456 quidpiam
2972 382 3306 454 hujusmodi,
3329 386 3493 456 quale
3513 389 3644 445 alio
3661 391 3789 450 loco

469 509 576 556 tur.
606 491 987 552 Visitationem
1022 495 1208 543 autem
1225 486 1312 541 eis
1337 484 1609 555 promisit,
1637 483 1822 547 idest,
1856 497 1889 534 a
1923 481 2062 550 legis
2165 483 2250 537 lex
2291 483 2358 536 ad
2396 481 2631 536 litteram
2665 481 2947 552 praecepit.
2979 479 3121 553 Ergo
3149 491 3310 538 vacat
3339 488 3684 542 necessario
3714 491 3786 546 ad

467 586 732 646 servitute
753 583 1082 639 libertatem.
1109 578 1228 633 Mos
1244 577 1391 633 enim
1415 585 1502 630 est
1525 573 1721 630 divina:
1744 572 2059 642 Scriptum,
2163 573 2676 643 contemplationem
2709 572 2935 642 spiritus
2969 588 3092 627 eum
3123 573 3214 642 qui
3239 590 3346 630 non
3381 577 3565 632 solum
3601 582 3784 635 medi-

445 731 448 736 .
473 677 778 733 libertatem
801 671 1169 728 visitationem
1197 666 1493 736 appellare.
1523 664 1660 721 Nam
1688 673 1745 718 et
1779 662 2062 718 liberatio-

469 781 599 822 nem
614 763 893 820 servitutis
911 758 1153 831 Egypti,
1175 755 1545 813 visitationem
1565 753 1870 809 invenims
1891 751 2064 806 Deum

476 856 868 919 nominantem,
901 851 1116 923 quando
1155 849 1225 905 ad
1263 847 1488 918 Moysen
1521 846 1738 901 dicebat
1779 861 1797 900 :
1826 842 2066 898 Corwoca

474 950 706 1008 seniores
750 945 983 1016 ﬁliorum
1024 941 1218 1007 Israel,
1270 950 1318 996 et
1365 939 1507 993 dices
1545 938 1615 991 ad
1641 953 1730 992 eos
1760 954 1775 990 :
1806 935 2064 990 Dominus

475 1040 624 1096 Deus
662 1047 872 1109 patrum
921 1044 1213 1091 uestrorum
1251 1029 1496 1101 apparuit
1515 1029 1690 1094 mihi,‘
1717 1027 1861 1082 Deus
1900 1026 2069 1080 Abra-

479 1133 623 1198 ham,
648 1140 698 1186 et
725 1131 868 1186 Deus
897 1127 1072 1191 Isaac,
1115 1135 1165 1180 et
1179 1123 1321 1178 Deus
1345 1122 1535 1188 Iacob,
1575 1121 1751 1175 dicens
1779 1136 1796 1174 :
1843 1117 2069 1172 Visitans

440 1225 446 1240 '
480 1225 682 1286 visitavi
709 1241 796 1279 vos
822 1221 1020 1285 (Exod.
1052 1217 1172 1291 ιιι).
1203 1217 1312 1273 Sed
1341 1216 1468 1287 quia
1518 1213 1678 1285 primi
1714 1210 1883 1267 Judaei
1927 1212 2069 1266 hanc

481 1315 711 1374 salutem
737 1321 794 1368 et
819 1311 1222 1374 liberationem,
1279 1317 1341 1362 ut
1373 1315 1501 1378 pote
1549 1307 1714 1361 etiam
1742 1305 1876 1360 alios
1905 1303 2069 1358 sedu-

480 1416 686 1471 centes,
719 1403 993 1461 habebant
1015 1401 1411 1465 necessariam,
1457 1414 1580 1454 cum
1609 1398 1696 1453 his
1730 1398 1822 1467 qui
1851 1395 2066 1460 dormit,

482 1497 536 1552 id
571 1505 676 1562 est,
718 1494 814 1566 qui
851 1494 1131 1558 miscetur,
1160 1498 1220 1546 ut
1245 1489 1471 1546 seminis
1501 1503 1691 1543 eorum
1736 1494 1792 1542 et
1811 1484 2074 1540 doctrinae

481 1588 754 1660 particeps
783 1585 1070 1648 emciatur,
1113 1584 1241 1640 huic
1288 1597 1388 1654 per
1413 1579 1741 1637 sacriﬁcium
1781 1585 2073 1649 praestatur

483 1680 757 1744 remissio,
808 1678 904 1734 sed
933 1692 1032 1748 per
1050 1674 1292 1732 Christi:
1328 1676 1432 1729 hoc
1461 1673 1606 1726 enim
1635 1669 1960 1726 sacriﬁcium
2000 1667 2075 1724 si-

2167 667 2271 720 lari
2302 666 2497 736 legem,
2534 667 2628 721 sed
2652 673 2708 720 et
2747 666 2962 736 aliquod
2991 681 3058 721 ex
3091 681 3156 722 ea
3200 669 3484 740 percipere
3522 686 3781 729 commo-

2163 755 2294 810 dum
2315 757 2482 825 cupit.
2515 755 2741 811 Terram
2775 771 2904 826 ergo
2929 755 3074 811 Deus
3100 757 3212 823 dat,
3240 773 3404 828 quam
3430 760 3624 830 ipsum
3650 763 3781 821 dare

2167 847 2342 912 decet,
2397 847 2452 902 id
2497 854 2603 914 est,
2653 846 2892 902 divinam
2928 845 3268 918 Scripturam
3324 865 3446 920 quae
3495 853 3773 908 virtutum

2168 938 2377 995 fructus
2405 938 2564 1007 ferat,
2605 953 2725 1010 qua:
2765 939 2928 995 habet
2955 939 3103 994 illam
3127 941 3320 1006 vitam,
3367 949 3426 997 et
3471 941 3618 997 colit
3663 945 3772 1000 sive

2167 1037 2446 1100 operatur,
2487 1043 2650 1099 quam
2679 1029 2848 1084 David
2891 1029 3071 1086 colere
3113 1037 3168 1085 et
3197 1031 3414 1101 operari
3467 1033 3769 1101 promittit.

2172 1119 2275 1174 Ubi
2299 1120 2446 1174 enim
2475 1120 2587 1175 Deo
2616 1119 2830 1189 placere
2843 1119 3019 1192 magis
3033 1121 3194 1177 homo
3223 1135 3387 1191 quam
3409 1122 3469 1175 in
3491 1124 3772 1181 mandatis

2153 1220 2229 1266 ~et
2255 1213 2512 1283 operibus
2537 1213 2695 1268 bonis
2711 1214 2928 1283 potest?
2951 1214 3043 1267 Ait
3063 1215 3205 1269 enim
3233 1233 3244 1269 :
3272 1213 3503 1271 Placebo
3540 1216 3772 1277 Domino

2171 1305 2230 1359 in
2259 1306 2466 1376 regione
2499 1305 2732 1360 vivorum
2777 1304 2947 1377 (Psal.
2970 1307 3138 1378 cxn').
3187 1307 3265 1363 De
3293 1309 3497 1378 quibus
3528 1311 3652 1382 ipse
3693 1313 3767 1368 di-

2173 1397 2252 1452 cit
2279 1411 2296 1451 :
2322 1395 2429 1463 Qui
2454 1412 2585 1452 vero
2618 1407 2916 1468 exspectant
2945 1397 3229 1452 Dominum
3263 1401 3581 1455 hwreditate.
3613 1401 3770 1472 possi-

2173 1488 2367 1543 debunt
2394 1497 2589 1542 terram
2636 1477 2810 1559 (Psal.
2837 1488 3046 1560 xxxvi).
3098 1488 3465 1546 Possidebunt
3489 1492 3641 1547 enim
3663 1491 3766 1564 ple-

2173 1594 2302 1634 nam
2323 1579 2419 1634 Dei
2445 1573 2637 1649 spiritu
2667 1577 3026 1649 Scripturam,
3052 1589 3240 1651 etque:
3259 1596 3327 1636 ex
3346 1596 3412 1636 ea
3443 1593 3574 1637 sunt
3604 1584 3761 1654 bona,

2177 1685 2297 1740 quae
2333 1670 2502 1726 Deum
2537 1679 2881 1741 exspectans,
2912 1672 3287 1727 mandatorum
3319 1688 3446 1743 qua":
3470 1674 3529 1729 in
3553 1691 3620 1731 ea
3645 1693 3763 1734 con-

481 1770 766 1843 gniﬁcans,
783 1769 1011 1824 arietem
1033 1781 1133 1837 pro
1154 1773 1379 1836 peccato
1401 1762 1660 1834 praecepit
1683 1759 1888 1824 oﬁ‘erri,
1906 1767 1962 1815 et
1979 1771 2076 1828 per
2102 1761 2151 1822 B
2179 1760 2422 1816 tinentur
2457 1759 2871 1816 retributionem
2913 1762 3200 1830 promittit.
3245 1760 3398 1818 Hanc
3449 1772 3660 1820 terram
3690 1767 3759 1822 in-

481 1861 602 1931 ejus
631 1859 958 1915 oblationem
983 1857 1326 1912 sacerdotem
1353 1853 1658 1924 deprecari.
1705 1852 1837 1920 Quis
1861 1861 1945 1907 est
1980 1867 2076 1908 au-

486 1959 599 2007 tem
621 1951 710 2007 hic
731 1951 824 2020 qui
848 1951 1024 2021 primo
1047 1949 1290 2005 omnium
1313 1947 1518 2002 mundo
1547 1945 1870 2016 deprecatus
1891 1953 1995 2012 est,
2022 1955 2080 2002 et

487 2043 610 2112 quis
633 2042 777 2098 aries
799 2041 892 2112 qui
916 2057 1016 2112 pro
1034 2049 1256 2111 peccato
1278 2038 1522 2102 oﬂ'ertur,
1549 2046 1717 2093 etcur
1730 2047 1856 2091 ante
1877 2038 2077 2092 ostium

487 2136 821 2192 tabernaculi
852 2136 1147 2191 testimonii
1179 2135 1247 2190 ad
1274 2132 1605 2189 sacriﬁcium
1633 2132 1950 2196 deducatur,
1983 2131 2079 2186 sed

488 2237 547 2283 et
575 2227 669 2298 qui
721 2228 942 2299 proprie
975 2227 1137 2283 debet
1165 2225 1392 2297 intelligi
1418 2233 1704 2296 peccatum
1746 2223 1974 2280 delicti?
2001 2223 2078 2278 Ea

485 2320 704 2390 quando
734 2318 1018 2375 sacriﬁciis
1042 2320 1171 2374 olim
1212 2318 1419 2374 sancita
1451 2326 1576 2374 sunt
1600 2325 1654 2373 et
1679 2317 1921 2388 exposita
1960 2331 2081 2386 per-

484 2387 764 2476 scrutans,
793 2410 1040 2464 invenies
1064 2407 1341 2464 Christum
1381 2409 1436 2462 in
1465 2408 1545 2462 eis
1583 2408 1730 2462 velut
1749 2387 1815 2461 in
1845 2406 2080 2476 imagine

488 2499 801 2572 ﬁguratum,
828 2501 921 2570 qui
947 2515 1044 2571 per
1070 2515 1289 2556 crucem
1316 2501 1628 2556 immolatus
1661 2515 1785 2554 cum
1815 2498 1936 2553 aliis
1958 2514 2078 2554 om-

487 2587 648 2645 nibus
682 2591 940 2658 peccatis,
990 2591 1156 2646 etiam
1195 2591 1300 2647 hoc
1329 2590 1536 2662 ignovit
1584 2590 1728 2659 quod
1772 2587 2081 2645 Iudaeorum

489 2683 765 2738 commisit
798 2682 1048 2754 populus,
1077 2690 1132 2738 et
1162 2684 1209 2738 is
1242 2686 1334 2753 qui
1362 2691 1482 2738 erat
1502 2683 1552 2738 ei
1580 2684 1782 2737 mixtus
1810 2699 1877 2738 ex
1907 2683 2081 2752 genti-

487 2775 612 2843 bus,
661 2776 942 2847 quietiam
972 2777 1208 2832 dormire
1237 2792 1359 2831 cum
1386 2776 1466 2831 eis
1503 2775 1702 2831 dicitur
1725 2817 1740 2842 ,
1772 2775 1944 2846 legem
1973 2791 2082 2842 non

493 2867 800 2923 secundum
831 2867 1187 2922 intentionem
1218 2866 1546 2937 legislatoris
1572 2866 1906 2936 accipiendo.
1953 2864 2084 2922 llaec

488 2968 670 3020 autem
694 2975 806 3018 non,
824 2959 1131 3031 importune
1154 2960 1209 3014 in
1237 2960 1341 3014 hoc
1367 2959 1509 3026 loco,
1536 2958 1632 3014 sed
1655 2959 1765 3014 imo
1792 2958 1954 3014 nimis
1986 2974 2084 3028 op-

490 3059 722 3120 portuno
746 3059 1003 3121 tempore,
1021 3067 1128 3121 quo
1156 3050 1403 3119 iumenta
1426 3065 1532 3106 non
1559 3057 1838 3119 oporteret
1859 3050 2083 3106 alterius

491 3113 1272 3213 generisiumentis‘conjungi,
1307 3141 1360 3196 id
1388 3149 1490 3205 est,
1517 3113 1628 3195 non
1655 3140 1843 3195 liceret
1867 3155 1961 3195 eos
1991 3141 2084 3210 qui
2111 3113 2155 3176 (ἶ

493 3232 595 3287 sub
609 3230 738 3301 jugo
759 3231 889 3286 facti
921 3240 1048 3287 sunt
1071 3231 1272 3286 Christi
1295 3229 1578 3286 Iudaicum
1595 3229 1785 3300 jugum
1808 3231 2087 3300 suscipere

493 3319 844 3392 signiﬁcavit.
893 3319 1239 3376 Conﬁrmans
1266 3321 1411 3375 enim
1436 3321 1560 3386 hoc,
1595 3321 1886 3391 praesentia
1905 3320 2087 3376 subdi-

496 3411 596 3476 dit,
638 3426 736 3482 per
763 3427 884 3482 quae
912 3411 1154 3466 ostendit
1179 3411 1305 3480 quia
1336 3419 1391 3465 et
1411 3419 1537 3466 ante
1562 3411 1852 3466 adventum
1879 3409 2083 3466 Christi

496 3503 806 3573 quicunque
835 3509 1145 3556 exterorum
1185 3501 1293 3556 illis
1314 3501 1790 3567 commiscebatur,
1823 3516 1958 3571 opus
1984 3503 2084 3556 ha-

497 3595 660 3650 bebat
687 3593 1040 3664 intelligibilis
1060 3593 1251 3649 arietis
1270 3591 1538 3648 sacriﬁcio
1564 3593 1631 3648 ad
1647 3593 2087 3664 propitiationem

502 3701 682 3751 suam,
714 3683 1000 3740 conferens
1026 3685 1156 3740 illud
1186 3693 1370 3740 mente
1414 3692 1470 3739 et
1492 3684 1803 3740 describens
1831 3685 1974 3755 apud
2003 3697 2088 3741 se-

499 3775 789 3844 metipsum
817 3789 916 3845 per
939 3774 1141 3846 ﬁguras
1161 3775 1472 3830 veritatem.
1506 3773 1597 3829 Sic
1618 3775 1762 3829 enim
1791 3791 1900 3830 non
1912 3775 2086 3830 solum

497 3881 606 3922 non
643 3867 995 3923 condemnari
1034 3885 1103 3924 ex
1121 3869 1443 3924 obveniente
1469 3869 1572 3923 sibi
1623 3869 1824 3923 virtute
1851 3867 2089 3922 Judaic‘aa

498 3957 717 4024 littera},
750 3959 846 4014 sed
865 3959 1028 4014 etiam
1049 3959 1269 4016 liberari
1300 3961 1369 4016 ab
1397 3975 1482 4027 ea,
1513 3967 1569 4015 et
1595 3975 1625 4015 a
1651 3969 1826 4016 morte
1856 3959 2086 4015 inﬁdeli-

470 4037 474 4042 ’
503 4050 651 4114 tatis,
682 4049 1000 4119 spiritaliter
1038 4051 1212 4121 legem
1243 4052 1536 4123 accipiens,
1578 4060 1633 4108 et
1675 4051 1942 4108 sacriﬁcia
1970 4051 2089 4122 ejus

505 4141 573 4196 ad
597 4139 874 4195 Christum
900 4140 1168 4207 referens,
1194 4153 1429 4211 poterat.

1125 4231 1352 4287 CAPUT
1395 4234 1476 4288 Vl.

501 4323 581 4379 De
614 4322 919 4394 auferendis
947 4323 1217 4394 prceputiis
1257 4324 1508 4377 arborum
1543 4325 1600 4378 in
1632 4333 1772 4378 terra
1811 4323 2085 4380 Chanaan.

573 4416 763 4492 (Ιιιιυ.)
803 4417 1030 4484 Quando
1073 4417 1295 4488 ingressi
1333 4417 1542 4487 fueritis
1575 4426 1770 4471 terram
1809 4428 1857 4471 et
1883 4417 2089 4488 planta-

503 4478 679 4564 veritis
722 4478 780 4562 in
807 4478 892 4563 wea
932 4507 1076 4579 ligna
1109 4478 1386 4578 pomifera,
1419 4506 1666 4576 auferetis
1701 4478 1959 4578 prmputia
2002 4525 2088 4562 eo-
2113 4478 2168 4537 D

506 4615 656 4663 ram;
677 4614 831 4668 poma
855 4615 972 4669 qua:
1000 4598 1292 4669 germinant
1324 4597 1595 4652 immunda
1631 4607 1782 4652 erant
1802 4598 1961 4665 vobis,
1994 4614 2085 4653 nec

503 4689 666 4744 edetis
686 4704 752 4741 ex
780 4688 874 4742 eis.
911 4689 1112 4755 Quarto
1139 4704 1278 4742 anno
1303 4689 1471 4743 omnis
1497 4688 1700 4758 fructus
1721 4705 1902 4743 eorum
1927 4705 2084 4744 sanc-

507 4777 793 4846 tiﬁcabitur
823 4777 1104 4833 laudabilis
1124 4779 1372 4844 Domino,
1400 4781 1584 4850 quinto
1614 4788 1788 4834 autem
1819 4796 1958 4834 anno
2005 4797 2087 4836 co-

505 4859 722 4924 tnEdetis
765 4866 989 4936 fructus,
1032 4880 1404 4940 congregantes
1451 4887 1606 4940 poma
1638 4886 1757 4941 qua
1793 4855 2086 4941 proferunt.

508 4959 623 5028 Ego
659 4957 914 5011 Dominus
946 4957 1090 5013 Deus
1110 4970 1293 5013 uester.
1338 4961 1448 5032 (Ea:
1469 4960 1774 5033 Hesychia.)
1804 4961 2094 5018 Permanet

509 5052 565 5105 in
610 5051 909 5106 intentione
951 5051 1114 5105 etiam
1164 5068 1307 5108 nunc
1357 5053 1653 5123 legislator,
1699 5067 1863 5122 quam
1903 5055 2094 5109 habuit

509 5140 662 5210 prius
689 5139 808 5194 aliis
835 5128 1463 5209 verbis'prieeedentibus
1489 5141 1684 5196 similia
1706 5143 1973 5208 sanciens,
1995 5159 2088 5200 os—

513 5233 740 5288 tendens
770 5230 986 5301 quidem
1016 5246 1117 5286 nec
1141 5233 1342 5286 habere
1367 5232 1603 5286 fructum
1630 5233 1830 5289 bonum
1877 5233 2091 5290 Judaeu-

511 5341 631 5380 rum
658 5326 911 5395 populum
933 5334 1057 5380 ante
1084 5326 1294 5380 Domini
1323 5328 1667 5396 praesentiam
1690 5329 1952 5398 potuisse.
1985 5329 2094 5384 Cur

511 5419 658 5473 enim
684 5419 916 5473 triennio
946 5417 1186 5474 fructum
1209 5417 1328 5485 ejus
1347 5419 1522 5472 omnis
1549 5419 1680 5486 ligni
1709 5435 1816 5474 non
1840 5435 1959 5476 esse
1985 5421 2092 5476 esi-

513 5509 676 5564 bilem
713 5510 948 5575 dicebat,
982 5511 1076 5564 sed
1104 5524 1204 5565 nec
1251 5509 1357 5564 ullo
1388 5511 1545 5564 modo
1593 5511 1873 5577 mundum,
1919 5512 2012 5566 sed
2042 5520 2097 5566 et

514 5601 917 5657 mundationem
951 5609 1146 5670 quarto
1180 5615 1322 5654 anno
1359 5600 1720 5655 necessariam
1760 5601 2096 5658 habentem?

516 5690 584 5744 Et
605 5706 726 5759 quae
752 5700 871 5750 erat
886 5693 1000 5751 haec
1027 5691 1342 5748 mundatio?
1363 5705 1471 5747 non
1497 5692 1758 5763 aspersio,
1785 5707 1890 5747 non
1920 5691 2092 5749 sacri-

2179 1851 2331 1922 gredi
2361 1851 2579 1922 quidem
2604 1845 2699 1906 ﬁlii
2725 1849 3036 1907 Iudaeorum
3073 1853 3328 1924 praecepti
3348 1862 3502 1922 sunt,
3537 1863 3594 1912 et
3615 1871 3758 1912 acce-

2177 1948 2377 2011 perunt
2405 1942 2634 2012 priores.

2251 2033 2418 2088 Primi
2463 2034 2610 2088 enim
2653 2048 2838 2090 sacras
2886 2041 3242 2105 susceperunt
3269 2033 3510 2102 litteras,
3553 2046 3759 2107 propter

2177 2126 2324 2195 quod
2366 2131 2420 2180 et
2453 2124 2678 2196 lignum,
2721 2125 2866 2196 quod
2903 2125 2989 2180 edi
3028 2134 3224 2196 potest,
3266 2127 3318 2181 id
3350 2136 3464 2193 est,
3518 2129 3760 2182 mandata

2179 2231 2300 2286 qua:
2323 2216 2578 2282 diximus,
2605 2215 2850 2286 plantare
2865 2214 3005 2285 jussi
3031 2226 3181 2284 sunt,
3211 2217 3269 2272 hi
3288 2219 3514 2288 quidem
3537 2234 3632 2275 eas
3659 2235 3760 2274 me-

2180 2306 2435 2372 ditantes,
2467 2305 2525 2360 hi
2554 2312 2736 2360 autem
2767 2314 2823 2360 et
2847 2306 3224 2376 praedicantes.
3268 2307 3405 2375 Quia
3435 2309 3584 2363 enim
3617 2308 3758 2380 plan-

2181 2398 2373 2453 tationi
2398 2397 2669 2468 lignorum
2693 2395 2972 2452 meditatio
2997 2396 3132 2468 legis
3151 2405 3207 2453 et
3235 2398 3577 2468 praedicatio,
3613 2413 3762 2470 prop-

2181 2502 2266 2549 ter
2289 2509 2410 2549 eum
2436 2493 2736 2564 profectum
2763 2493 2854 2563 qui
2870 2508 2968 2562 per
2991 2494 3175 2562 partes
3200 2493 3474 2564 provenit,
3506 2492 3759 2547 assimila-

2179 2597 2289 2655 tur,
2313 2589 2438 2644 audi
2452 2588 2621 2644 David
2652 2589 2920 2643 dicentem
2948 2606 2959 2642 :
2989 2587 3059 2643 Et
3083 2588 3138 2642 in
3163 2586 3272 2658 lege
3293 2586 3410 2656 ejus
3429 2585 3760 2640 meditabitur

2181 2683 2264 2736 die
2292 2699 2354 2736 ac
2375 2691 2540 2747 nocte,
2585 2691 2633 2735 et
2660 2682 2757 2735 erit
2781 2690 3032 2751 tanquam
3059 2679 3260 2750 lignum
3300 2677 3442 2748 quod
3468 2677 3753 2747 plantat“

2181 2781 2257 2828 est
2297 2790 2445 2828 secus
2474 2773 2726 2827 decursus
2771 2787 3026 2842 aquarum
3052 2769 3223 2842 (Psal.
3250 2767 3312 2841 ι).
3345 2767 3549 2822 Paulus
3588 2773 3756 2820 autem

2180 2865 2248 2918 de
2271 2862 2652 2934 praedicatione
2675 2875 2837 2931 quam
2857 2859 3168 2931 praedicavit
3187 2857 3487 2914 Corinthiis
3515 2856 3752 2927 scripsit:

2184 2953 2300 3024 Ego
2331 2953 2584 3024 plantavi,
2608 2951 2794 3023 Apollo
2847 2952 3054 3022 rigavit,
3097 2950 3187 3004 sed
3214 2949 3358 3003 Deus
3398 2949 3757 3002 incrementum

2185 3045 2328 3098 dedit
2375 3044 2428 3114 (1
2457 3042 2581 3097 Cor.
2609 3043 2715 3115 ιιι).
2761 3041 2869 3098 Sed
2896 3041 3155 3096 mandata
3182 3039 3403 3110 quidem
3444 3038 3587 3094 bona
3611 3036 3757 3092 nimis

2186 3148 2363 3206 erant,
2403 3147 2624 3209 propter
2651 3125 2793 3208 quod
2814 3145 2869 3193 et
2904 3136 3107 3208 lignum
3137 3118 3333 3192 e'dibile
3356 3132 3695 3217 appellatum

2269 3229 2348 3284 Illi
2372 3238 2554 3285 autem
2595 3229 2754 3284 modo
2776 3242 2883 3298 quo
2925 3227 3192 3283 debebant
3227 3239 3338 3280 non
3374 3222 3754 3295 operabantur,

2187 3322 2484 3379 secundum
2527 3321 2768 3375 litteram
2797 3302 3188 3390 lege'utcntes.
3243 3315 3380 3370 Erat
3427 3329 3559 3387 ergo
3587 3326 3759 3370 eorum

2186 3415 2410 3481 fructus,
2435 3415 2678 3485 operatio
2711 3412 2962 3469 videlicet
2980 3410 3136 3483 legis,
3178 3409 3415 3466 triennio
3443 3405 3759 3463 immundus.

2186 3507 2328 3562 Dicit
2356 3516 2538 3562 autem
2563 3505 2852 3560 triennium
2887 3519 2916 3557 a
2943 3511 3183 3571 tempore
3203 3501 3341 3572 legis
3371 3515 3551 3570 usque
3576 3497 3649 3553 ad
3673 3497 3763 3551 Da-

2186 3599 2276 3654 vid
2305 3608 2541 3668 tempus,
2591 3607 2648 3652 et
2675 3611 2705 3650 a
2735 3594 2902 3650 David
2933 3607 3105 3663 usque
3143 3591 3212 3648 ad
3241 3589 3764 3659 transmigrationen

2185 3689 2517 3760 Babyloniae,
2575 3697 2630 3741 et
2664 3701 2693 3739 a
2722 3683 3200 3755 transmigratione
3245 3678 3552 3750 Babyloniae
3599 3689 3766 3748 usque

2189 3779 2257 3833 ad
2307 3779 2596 3833 adventum
2637 3775 2874 3830 Domini.
2923 3775 3014 3830 Sic
3053 3773 3198 3829 enim
3243 3779 3296 3828 et
3337 3769 3633 3825 Matthaeus
3667 3766 3765 3822 dis-

2187 3869 2368 3924 tinxit.
2417 3867 2554 3936 Quia
2590 3881 2719 3938 ergo
2745 3875 2939 3936 quarto
2969 3865 3074 3921 hoc
3123 3878 3265 3919 anno
3287 3875 3513 3917 omnem
3544 3859 3765 3915 fructum

2189 3961 2358 4032 ipsius
2378 3960 2514 4031 legis
2543 3966 2791 4015 sanctum
2810 3967 2867 4014 et
2889 3956 3218 4014 laudabilem
3238 3955 3474 4012 Domino
3500 3963 3766 4010 commen-

2190 4054 2358 4120 davit,
2404 4070 2512 4108 non
2535 4063 2716 4108 tamen
2745 4052 2830 4109 vel
2885 4061 3016 4108 tunc
3046 4051 3235 4108 esibile
3265 4051 3398 4106 illud
3423 4063 3546 4106 esse
3584 4048 3765 4106 ludatis

2191 4147 2422 4212 dixerat,
2471 4145 2603 4200 illud
2632 4146 2749 4201 sine
2778 4145 2955 4215 aliqua
2983 4133 3320 4199 dubitatione
3342 4142 3620 4214 probavit,
3657 4139 3766 4210 quia

2192 4248 2336 4295 totus
2355 4240 2490 4311 legis
2515 4239 2542 4291 l‘
2542 4248 2724 4294 ructus
2747 4239 2801 4292 in
2817 4239 3050 4293 adventu
3071 4235 3289 4292 Domini
3309 4243 3417 4291 est.
3441 4233 3618 4305 Hujus
3641 4231 3766 4287 enim

2191 4339 2406 4400 tempus
2443 4329 2737 4385 secundum
2764 4327 3009 4383 ordinem
3039 4321 3346 4398 temporum
3400 4325 3658 4395 superius
3685 4333 3767 4376 no-

2192 4422 2518 4476 minatorum
2543 4434 2716 4474 annus
2737 4428 2886 4474 recte
2911 4418 3283 4474 nominabitur
3306 4426 3544 4487 quartus
3566 4419 3766 4472 sanctus

2193 4513 2477 4569 laudabilis
2501 4513 2634 4578 Deo,
2676 4512 2800 4582 quia
2825 4512 3074 4568 Christus
3107 4527 3232 4568 eum
3259 4510 3606 4566 fructiferum
3629 4507 3766 4565 facie

2192 4605 2308 4671 bat,
2358 4605 2812 4676 quemadmodum
2852 4612 3066 4674 oportet
3109 4603 3273 4659 etiam
3310 4617 3413 4658 nos
3451 4601 3766 4658 fructiﬁcare

2195 4695 2413 4750 docens.
2467 4693 2635 4749 Recte
2661 4707 2789 4765 ergo
2833 4701 3052 4749 sanctus
3073 4700 3216 4760 erat,
3265 4699 3478 4764 utpote
3523 4707 3560 4746 a
3595 4690 3768 4747 Sancto

2194 4793 2506 4842 sanctorum
2527 4783 2832 4855 perfectus;
2865 4784 2961 4841 sed
2981 4781 3352 4839 etlaudabihis
3385 4801 3397 4836 :
3431 4785 3626 4838 omnia
3647 4779 3769 4836 enim

2191 4892 2312 4946 quae
2332 4875 2580 4932 Christus
2606 4885 2884 4948 operatur,
2939 4877 3096 4932 bonae
3120 4875 3279 4932 fama;
3306 4884 3434 4932 sunt
3483 4883 3655 4947 atque
3679 4871 3770 4943 glo-

2192 4969 2360 5033 riosa,
2407 4967 2484 5023 ita
2511 4976 2571 5021 ut
2603 4968 2766 5022 etiam
2807 4968 2875 5022 ab
2902 4967 3130 5039 ingratis
3154 4965 3356 5022 Iudaeis
3385 4965 3768 5037 gloriﬁcentur.

2194 5057 2331 5112 Cum
2369 5058 2518 5114 enim
2568 5049 3275 5130 paralyticum'portantem
3323 5071 3492 5128 super
3529 5058 3772 5112 humeros

2195 5150 2477 5219 grabatum
2489 5149 2773 5215 vidissent,
2796 5147 3160 5219 gloriﬁcabant
3177 5148 3368 5215 Deam,
3394 5146 3491 5220 qui
3514 5148 3679 5202 talem
3701 5159 3774 5214 ρο-

2193 5248 2431 5295 testatem
2472 5239 2700 5295 dedisset
2747 5239 3044 5293 hominibus
3100 5238 3318 5310 (Matth.
3348 5238 3449 5313 rx).
3500 5239 3662 5294 Unde
3681 5248 3772 5290 non

2188 5330 2513 5405 simpliciter
2540 5331 2634 5385 sed
2663 5327 2987 5384 laudabilem
3010 5328 3500 5384 Domino'fructum
3525 5329 3680 5384 hunc
3699 5324 3774 5380 lex

2198 5424 2502 5493 appellavit.
2532 5423 2768 5478 Necdum
2795 5427 2977 5477 autem
3007 5430 3128 5476 erat
3153 5421 3351 5492 populo
3380 5421 3628 5489 edihilis,
3659 5434 3775 5477 nec-

2199 5516 2328 5568 dum
2362 5513 2507 5568 enim
2533 5514 2621 5567 hic
2649 5513 2943 5568 secundum
2971 5513 3224 5582 spiritum
3255 5511 3457 5568 Christi
3491 5526 3774 5569 conversa-

2197 5605 2400 5659 tionem
2431 5606 2655 5672 adeptns
2683 5604 2882 5669 fuerat,
2923 5603 3018 5659 sed
3040 5604 3095 5658 in
3137 5619 3281 5659 anno
3314 5605 3528 5675 quinto,
3573 5606 3632 5660 in
3665 5616 3778 5673 apo-

2197 5694 2384 5750 stolica
2409 5693 2655 5751 videlicet
2679 5696 3046 5763 generatione.
3078 5693 3230 5751 Illinc
3258 5695 3405 5752 enim
3434 5694 3554 5762 ipse
3578 5695 3778 5752 Judmo-
