3892 6344
180 371 272 428 I51

1056 375 1555 440 EXPOSITIONES
1590 383 1658 442 IN
1693 386 2092 450 LEVITICUM.
2128 423 2199 438 --
2233 394 2362 454 LIB.
2400 397 2499 494 VI.‘

3287 415 3388 470 ‘58

149 467 154 470 ’
181 501 283 540 rum
307 482 547 554 populus,
599 485 776 555 idest,
812 487 871 544 hi
912 489 1006 562 qui
1036 508 1102 548 ex
1127 495 1230 556 eis.
1258 498 1625 568 crediderunt,
1670 510 1726 558 ct
1749 508 1803 569 Α
1826 507 2046 564 student
2065 524 2289 569 comas:
2320 483 2544 585 propter
2562 517 2708 587 quod
2729 519 2834 576 hoc
2857 519 3393 602 Septuaginta'sisgn,

177 587 339 650 gentes
368 593 554 634 omnes
601 579 846 638 esibilem
887 583 1020 655 legis
1047 585 1304 655 fructum,
1357 595 1725 661 operationem
1826 597 2054 654 forsitan
2075 610 2295 672 propter
2318 579 2744 675 magnitudinem
2765 579 3153 671 concursurum
3177 579 3398 689 capillo:

177 668 418 736 videlicet,
463 669 786 756 habuerunt.
822 672 929 744 (Ea:
956 673 1248 749 Gregorio.)
1278 679 1584 740 Secundum
1615 693 1727 741 tro-

171 758 411 830 pologiam
439 773 582 840 vero,
617 759 761 832 ligna
783 765 1048 833 pomifera
1077 777 1204 822 sunt
1229 784 1393 840 opera
1433 773 1724 830 virtutibus

173 845 389 903 fecunda.
436 837 704 920 Praeputia
730 854 910 925 itaque
932 856 1198 928 lignorum
1226 837 1541 931 auferimus,
1595 881 1720 924 cum

171 935 224 993 de
247 939 348 1010 ipsa
375 941 735 1012 inchoationis
773 945 1083 1004 inﬁrmitate
1113 953 1371 1022 suspecti,
1410 947 1709 1023 primordia

129 1015 140 1032 ⁸
169 1038 456 1086 nostrorum
497 1049 722 1102 operum
749 1052 852 1092 non
883 1041 1264 1109 approbamus.
1319 1043 1484 1100 Poma
1536 1055 1718 1104 autern

125 1191 140 1200 1
167 1136 266 1190 qua:
303 1123 607 1192 germinant
661 1126 936 1184 immunda
969 1131 1231 1198 ducimus,
1281 1136 1590 1206 nostrisque
1616 1140 1718 1195 esi-

165 1199 252 1288 bus
279 1230 380 1268 non
408 1224 681 1284 aptamus,
709 1219 834 1289 quia
867 1236 993 1284 cum
1013 1223 1307 1294 primordia
1335 1227 1468 1284 boni
1481 1199 1718 1286 laudan-

167 1285 244 1354 tur
267 1305 452 1373 operis,
515 1285 743 1377 dignum
770 1317 851 1364 est
876 1319 934 1364 ut
973 1285 1077 1368 hoc
1115 1291 1357 1372 animum
1393 1333 1503 1374 non
1527 1329 1718 1388 pascat

161 1394 434 1462 Operantis,
483 1410 550 1450 ne
589 1397 714 1452 dum
753 1410 971 1470 accepta
1010 1402 1126 1460 laus
1166 1407 1410 1460 suaviter
1446 1410 1710 1478 carpitur,

158 1477 345 1538 fructu‘s
377 1486 557 1554 operis
587 1487 963 1557 intempestive
985 1494 1320 1548 comedatur.
1353 1494 1455 1562 Qui
1482 1477 1613 1568 ergo
1636 1499 1720 1552 in-

157 1569 343 1626 choata:
386 1575 604 1632 virtutis
659 1580 725 1632 ab
770 1580 1005 1637 humano
1033 1598 1129 1638 ore
1162 1583 1378 1640 laudem
1431 1591 1717 1658 receperit,

154 1663 290 1730 quasi
329 1665 557 1735 plantati
598 1667 728 1738 ligni
776 1679 903 1725 ante
943 1679 1153 1740 tempus
1198 1689 1419 1744 pomum
1462 1679 1710 1734 comedit.

151 1750 273 1808 Hinc
297 1772 398 1826 per
417 1756 757 1814 Psalmistam
789 1760 1006 1818 Veritas
1028 1763 1190 1818 dicit'
1228 1763 1429 1822 Vanum
1457 1779 1533 1824 est
1570 1773 1714 1827 vobis

1826 703 1966 755 rum,
1991 691 2416 760 appellawerunt.
2430 694 2547 750 Non
2572 709 2787 768 oportet
2803 711 2984 758 autem
3006 705 3106 760 hoc
3133 709 3275 774 ﬁeri,
3303 711 3402 768 sed

1821 787 2106 839 contentos
2123 799 2244 839 esse
2265 785 2597 843 naturalibus
2620 796 2974 862 ornamentis,
2986 806 3042 852 et
3059 798 3195 854 nihil
3209 801 3400 872 esqui-

1821 884 1970 936 rere,
2016 874 2122 928 nisi
2147 873 2378 930 forsitan
2403 875 2714 935 Creatorem
2756 884 2962 955 aliquid
3003 889 3300 962 indiguisse
3327 895 3396 950 ad

1821 961 2213 1029 perﬁciendum
2235 966 2437 1020 animal
2470 983 2807 1029 accusamus.
2841 975 2948 1032 Sed
2986 993 3086 1036 nec
3115 961 3398 1041 cincinnos

1818 1049 2034 1106 nutrire
2060 1052 2118 1106 in
2139 1053 2345 1109 honore
2367 1056 2671 1114 damn
2711 1065 2918 1133 capillis
2956 1068 3077 1126 aliis
3120 1071 3397 1142 fortiores,

1815 1145 1876 1194 et
1901 1139 2006 1195 hoc
2035 1156 2257 1210 vovere,
2302 1147 2524 1202 student
2546 1150 2690 1205 enim
2709 1151 2812 1208 hoc
2847 1160 3041 1227 pagani
3075 1173 3238 1232 caput
3265 1139 3397 1235 pue;

1822 1243 2012 1286 rerum
2058 1232 2257 1290 oﬂ‘erre
2303 1236 2678 1295 daemonibus:
2718 1244 2866 1298 unde
2905 1246 2972 1301 de
3021 1251 3124 1306 hoc
3159 1232 3399 1313 nissime

1817 1325 2592 1398 oportetputarilegislatorem
2610 1333 2924 1402 precipere.
2937 1337 3048 1392 Sed
3057 1343 3397 1402 necbarbam

1820 1413 2038 1479 radere,
2088 1416 2194 1481 vel,
2237 1422 2534 1476 secundum
2565 1422 2937 1496 Septuaginta,
2968 1447 3298 1505 corrumpere
3323 1439 3400 1507 fa-

1821 1503 1954 1556 ciem
1979 1505 2174 1562 barbar.
2205 1508 2317 1565 Nec
2339 1510 2609 1568 incisuras
2634 1514 2689 1569 in
2711 1531 2942 1588 corpore
2963 1521 3066 1576 sibi
3096 1503 3277 1580 facere
3305 1503 3400 1584 eos

1818 1593 1911 1662 qui
1953 1593 2083 1650 tlent
2122 1613 2287 1669 supra
2335 1612 2601 1670 mortuos,
2665 1608 2828 1662 etiam
2878 1610 2984 1666 hoc
3028 1614 3174 1670 enim
3202 1618 3401 1688 pagani

1814 1698 2232 1744 consueverunt.
2252 1690 2344 1747 Sic
2358 1695 2504 1748 enim
2527 1695 2688 1768 aﬂligi
2711 1714 2874 1769 supra
2897 1713 3143 1762 mortuos
3162 1718 3400 1778 oportet,

1815 1782 1874 1826 ut
1893 1789 1996 1830 nec
2009 1774 2208 1832 faciem
2227 1779 2408 1846 laedat,
2435 1799 2536 1839 nec
2557 1800 2757 1855 corpus
2780 1803 3114 1863 corrumpat.
3142 1774 3400 1867 Aquibus

147 1852 254 1898 ante
273 1844 441 1900 lucem
463 1866 695 1919 surgere,
735 1853 931 1922 surgite
968 1864 1239 1925 postquam
1269 1858 1506 1914 sederitis
1530 1860 1707 1932 (Psal.
1741 1870 1788 1929 B
1812 1881 1913 1921 nos
1933 1866 2133 1923 Paulus
2156 1844 2453 1938 prohibens
2474 1875 2552 1929 ait
2575 1894 2589 1929 :
2617 1844 2872 1934 N-oIo-vos
2893 1844 3393 1955 ignorra‘rerfmtrg:

143 1936 336 2009 cxxvi).
379 1940 520 1995 Ante
547 1941 718 1996 lucem
759 1945 953 2014 quippe
993 1961 1228 2016 surgere,
1278 1960 1362 2006 est
1395 1954 1712 2025 priusquam

138 2025 358 2084 claritas
386 2039 600 2088 aeternae
624 2035 988 2091 retributionis
1013 2049 1289 2109 appareat,
1340 2043 1394 2096 in
1421 2049 1709 2114 praesentis

135 2119 260 2172 vitae
302 2129 460 2176 nocte
492 2125 764 2192 gaudere:
804 2126 1096 2183 sedendum
1135 2145 1264 2202 ergo
1308 2134 1458 2202 prius
1492 2147 1593 2203 est,
1649 2148 1712 2195 ut

139 2216 250 2280 post
278 2221 427 2266 recte
452 2228 750 2285 surgamus,
791 2219 917 2286 quia
949 2219 1195 2292 quisquis
1223 2239 1368 2280 nunc
1406 2243 1526 2284 sese
1553 2245 1710 2300 sponc

141 2308 185 2352 te
220 2314 322 2354 non
361 2301 626 2369 humiliat,
676 2320 1020 2378 nequaquam
1067 2312 1216 2368 hunc
1255 2329 1489 2387 sequens
1533 2321 1708 2392 gloria

142 2388 346 2446 cxaltat.

715 2485 941 2546 CAPUT
982 2490 1092 2546 VII.

145 2571 210 2628 De
243 2575 398 2630 variis
443 2581 796 2646 cteremoniis,
846 2585 1180 2669 comedendi,
1223 2592 1506 2661 tondendi,
1541 2613 1706 2669 augu-

745 2653 929 2719 randi,
975 2665 1080 2711 etc.

202 2757 376 2833 (Isim)
416 2760 546 2818 Non
573 2765 849 2819 comedetis
880 2784 996 2822 cum
1017 2773 1291 2843 sanguine.
1326 2776 1450 2834 Non
1477 2797 1706 2851 augura-

143 2850 324 2919 bimini,
367 2871 460 2909 nec
486 2855 830 2912 observabitis
857 2863 1080 2917 somnia.
1137 2865 1320 2938 Neque
1343 2870 1398 2922 in
1421 2873 1705 2928 rotundum

141 2944 336 3000 tendetis
374 2963 607 3014 comam,
637 2966 727 3004 nec
749 2951 940 3007 radetis
961 2953 1194 3012 barbam.
1227 2958 1296 3013 Et
1318 2978 1476 3030 super
1499 2975 1704 3020 mortuo

138 3051 227 3088 non
260 3038 492 3094 incidetis
543 3057 753 3095 carnem
794 3053 1036 3110 vestram,
1074 3065 1235 3118 neque
1266 3052 1467 3125 ﬁguras
1498 3055 1702 3126 aliquas

139 3134 177 3177 et
198 3129 430 3198 stigmata
469 3131 685 3200 facietis
725 3133 864 3186 vobis
891 3152 903 3187 :
931 3134 1046 3207 Ego
1077 3137 1353 3196 Dominus.
1389 3143 1497 3214 (Ex
1531 3145 1701 3218 Hesy-

1813 1964 1870 2010 ut
1897 1973 2002 2012 non
2040 1961 2417 2017 contristemini
2455 1966 2593 2022 sicut
2619 1977 2669 2023 et
2689 1971 2862 2024 ceteri
2887 1974 2978 2042 qui
3002 1991 3143 2044 spem
3173 1993 3280 2032 non
3298 1979 3398 2033 ha-

1815 2045 1932 2101 bent
1962 2047 2021 2119 (Ι
2052 2048 2232 2106 Thess.
2272 2053 2370 2124 ιγ).

1884 2135 2021 2194 Nam
2058 2141 2338 2208 quodlibet
2370 2159 2560 2202 eorum
2608 2162 2728 2219 qum
2764 2153 3022 2221 praedicta
3069 2166 3194 2213 sunt
3232 2175 3397 2229 agerc

1812 2239 1921 2279 non
1975 2236 2060 2282 est
2118 2246 2272 2301 spem
2322 2234 2527 2292 habere
2576 2245 2990 2300 resurrectionis
3033 2257 3394 2318 mortuorum,

1811 2315 1941 2385 quia
1976 2325 2237 2390 tanquam
2294 2323 2401 2380 illis
2448 2331 2720 2400 corruptis
2762 2335 3083 2406 semetipsos
3127 2315 3398 2410 dissipant

1810 2413 1970 2476 atque
1993 2422 2368 2482 corrumpunt.
2409 2414 2667 2474 Prohibet
2703 2422 2868 2478 etiam
2911 2426 3162 2497 stigmata
3185 2430 3304 2485 fieri
3335 2432 3394 2488 in

1810 2512 2060 2568 corpore,
2105 2502 2341 2573 undique
2368 2505 2579 2564 decoris
2617 2509 2895 2579 legislator
2937 2531 3124 2572 curam
3171 2535 3391 2590 gerens,

1807 2595 1863 2644 et
1892 2604 2002 2645 non
2033 2592 2230 2648 cedens
2281 2594 2429 2651 abuti
2469 2612 2631 2656 carne
2651 2602 2722 2681 in
2765 2604 3006 2672 quolibet
3030 2608 3244 2675 horum,
3270 2627 3395 2681 quae

1806 2681 2026 2751 quidem
2054 2682 2186 2752 ipsis
2218 2696 2435 2754 nocent,
2469 2679 2748 2761 totumque
2783 2695 2986 2750 animal
3022 2697 3227 2754 fmdum
3271 2679 3396 2756 red-

1807 2769 1959 2826 dunt.
1977 2772 2273 2862 Comederc
2293 2779 2438 2832 enim
2459 2795 2620 2851 super
2641 2793 2870 2850 montes,
2884 2788 3027 2855 quod
3041 2788 3395 2862 Septuaginta

1807 2861 1865 2916 in
1891 2863 2046 2919 initio
2078 2855 2376 2934 'prtesentis
2408 2869 2544 2940 legis
2569 2885 2886 2941 posuerunt,
2911 2892 3011 2945 pro
3034 2893 3099 2933 eo
3113 2855 3280 2949 quod
3303 2898 3396 2937 no-

1807 2964 1919 3012 stra
1940 2956 2108 3012 editio
2130 2959 2311 3026 habet,
2328 2977 2431 3015 non
2445 2965 2722 3018 comedetis
2744 2982 2861 3020 cum
2883 2971 3158 3038 sanguine,
3174 2983 3394 3044 propter

1806 3063 1902 3105 eos
1934 3049 2028 3120 qui
2055 3050 2322 3106 idolorum
2359 3053 2745 3113 festivitatibus
2775 3062 3160 3118 consuetisunt
3208 3067 3392 3135 prohi-

1804 3139 1937 3196 buit.
1969 3140 2084 3197 Hoc
2105 3143 2250 3198 enim
2264 3153 2318 3200 et
2332 3145 2503 3203 Oseas
2519 3163 2783 3206 accusans
2807 3154 3060 3222 populum
3079 3156 3389 3215 Judaeorum

137 3218 277 3290 chio.)
301 3222 379 3277 Ab
405 3224 562 3279 omni
588 3223 851 3281 fermento
876 3228 1096 3284 malitia:
1119 3236 1374 3290 mundum
1401 3252 1522 3294 esse
1562 3239 1698 3298 ﬁde-
1720 3220 1774 3288 ο
1803 3236 2989 3316 dixit:Spiritusfornicationumdecepiteoset
3004 3249 3248 3318 fornicati
3264 3261 3392 3307 sunt

136 3307 228 3364 lem
257 3313 385 3380 vult,
430 3324 486 3370 et
502 3323 797 3386 propterea
824 3334 966 3376 nunc
1003 3321 1218 3390 quidem
1251 3327 1499 3396 prohibet
1522 3343 1554 3383 a
1584 3344 1699 3386 ser-

137 3402 287 3460 vitute
321 3404 450 3475 legis
466 3407 692 3473 litteris,
735 3409 1094 3466 etJudaieam
1134 3415 1434 3473 doctrinam
1475 3419 1699 3476 demon-

134 3501 263 3546 strat
283 3494 542 3552 inutilem.
572 3496 727 3552 Nunc
745 3508 924 3554 autem
957 3518 1145 3558 rursus
1170 3506 1238 3560 ad
1259 3520 1500 3563 errorem
1527 3512 1699 3580 genti-

115 3581 254 3648 ,lium
272 3601 575 3645 sermonem
612 3590 793 3645 vertit.
823 3591 1008 3662 Neque
1032 3596 1174 3649 enim
1200 3599 1380 3652 omnia
1411 3616 1530 3669 qua:
1554 3618 1699 3657 nunc

135 3678 279 3733 vetita
305 3691 431 3737 sunt
453 3681 763 3748 studentur,
787 3684 984 3755 quippe
1007 3703 1130 3741 cum
1159 3703 1270 3742 non
1299 3689 1473 3744 solum
1503 3693 1611 3746 sint
1632 3693 1700 3746 ri-

137 3765 309 3836 dicula,
344 3773 442 3826 sed
468 3773 635 3826 etiam
658 3783 712 3828 et
740 3777 901 3830 noxia
932 3779 1272 3836 studentibus
1298 3798 1386 3848 ea,
1412 3785 1557 3853 quod
1585 3800 1700 3840 ma-

134 3859 253 3913 xime
289 3861 538 3914 ostendit
581 3862 972 3932 Ecclesiastes;
1011 3869 1086 3922 ait
1113 3872 1257 3924 enim
1290 3890 1303 3925 :
1334 3873 1438 3938 Qui
1466 3875 1698 3930 observat

136 3958 339 4014 rentum,
357 3965 464 4002 non
476 3951 721 4015 seminat;
735 3955 881 4023 etqui
901 3958 1192 4012 considerat
1210 3960 1418 4027 nubem,
1434 3980 1701 4035 nunquam

136 4049 258 4094 metet
282 4039 482 4110 (Eccli.
510 4043 612 4111 χι).
637 4042 940 4114 Augurium
964 4063 1093 4119 ergo
1128 4065 1237 4104 non
1265 4051 1436 4108 solum
1454 4069 1560 4110 vox
1585 4057 1701 4112 avis

136 4128 398 4202 cujuslibet
426 4139 526 4186 aut
556 4131 763 4188 volatus
801 4137 1121 4207 appellatur,
1159 4142 1249 4211 qui
1289 4143 1372 4198 vel
1397 4145 1698 4212 prohibeta

137 4221 339 4289 quadam
360 4225 598 4291 actione,
613 4226 696 4281 vel
719 4227 888 4282 etiam
909 4230 1204 4287 studiosius
1225 4233 1472 4290 imminet
1489 4237 1698 4295 accele-

140 4314 352 4382 randam,
369 4317 466 4372 sed
490 4324 549 4372 et
563 4317 730 4388 signis
755 4319 835 4372 uti
849 4319 1204 4390 loquentium,
1223 4329 1690 4396 praetereuntium,

140 4400 460 4472 obviantium,
491 4415 552 4462 et
583 4411 940 4478 quorumdam
969 4412 1025 4466 in
1059 4412 1252 4468 itinere
1289 4415 1690 4474 obvenientium

141 4491 578 4568 offendiculorum,
627 4501 925 4573 taliumque
953 4504 1182 4560 aliorum
1231 4516 1332 4564 est.
1376 4509 1460 4564 Ab
1501 4511 1690 4566 avibus

141 4586 255 4642 enim
284 4594 593 4665 augurium,
627 4593 720 4648 sed
746 4603 802 4650 et
825 4596 1054 4652 aliorum
1078 4598 1354 4669 signorum
1379 4603 1688 4658 observatio

143 4679 319 4740 dicitur.
349 4688 702 4760 Aruspicium
729 4700 911 4746 autem
939 4698 1043 4754 est,
1076 4699 1416 4748 transeuntes
1443 4696 1689 4750 conside-

142 4783 239 4828 rare
259 4792 394 4846 aves,
429 4789 489 4845 et
510 4789 739 4852 propter
769 4781 866 4838 bas
897 4782 953 4836 in
982 4782 1251 4836 desertam
1285 4785 1354 4837 ab
1383 4785 1690 4843 hominibus

140 4861 253 4920 Viam
270 4872 467 4939 egredi,
499 4881 561 4928 ut
590 4873 778 4926 avium
808 4873 1044 4928 volatum
1067 4883 1160 4928 aut
1187 4890 1349 4930 voces
1375 4877 1561 4946 quales
1580 4880 1690 4934 sint

141 4942 529 5029 persc'rutentur,
556 4973 616 5020 et
639 4979 706 5018 ex
726 4964 807 5017 eis
829 4974 1155 5034 cognoscant
1183 4982 1302 5034 quae
1315 4967 1500 5023 futura
1530 4979 1679 5026 sunt.

143 5039 262 5107 Quod
276 5066 530 5110 accusare
556 5064 648 5110 est
671 5055 862 5121 Deum,
894 5057 1021 5126 quia
1045 5074 1106 5111 ea
1126 5072 1246 5124 qua:
1266 5061 1491 5126 homini,
1522 5078 1684 5132 quem

143 5142 397 5199 secundum
423 5163 582 5202 suam
606 5147 898 5217 imaginem
927 5153 1166 5207 omnium
1194 5153 1504 5207 animalium
1533 5155 1684 5222 prin-

144 5226 283 5296 cipem
307 5239 610 5304 constituit,
637 5237 978 5306 abscondita,
1005 5242 1117 5296 haec
1144 5243 1197 5296 in
1227 5243 1684 5298 irrationabilibus

143 5321 298 5382 avibus
315 5330 565 5395 credidit,
587 5335 648 5382 et
674 5328 740 5383 ab
768 5329 847 5384 eis
869 5331 1145 5401 quidpiam
1172 5332 1332 5410 discit
1353 5346 1475 5401 quae
1495 5346 1597 5386 nec
1615 5332 1683 5386 ab

144 5409 436 5476 spiritalibus
461 5420 628 5486 viris,
658 5418 753 5474 sed
783 5435 884 5475 nec
907 5437 938 5475 a
959 5422 1068 5476 Deo
1098 5422 1189 5491 qui
1219 5409 1326 5475 illis
1353 5421 1559 5476 revelat
1584 5436 1681 5492 po~

145 5504 230 5555 test
257 5506 484 5576 discere,
509 5511 656 5565 sicut
676 5509 735 5564 bi
759 5512 849 5580 qui
885 5512 939 5566 in
972 5512 1228 5580 praedicto
1255 5527 1442 5567 errore
1473 5512 1682 5567 seducti

143 5603 245 5648 sunt
264 5601 607 5658 arbitrantur.
665 5603 887 5674 Insuper
913 5620 1012 5661 nec
1049 5621 1261 5662 comam
1307 5606 1363 5662 in
1391 5607 1681 5662 rotundum

145 5696 330 5753 aspectu
354 5693 569 5764 capitis,
600 5694 807 5749 sicutet
831 5697 1185 5767 Symmachus
1205 5698 1393 5764 edidit,
1416 5697 1680 5768 quemad-

145 5778 329 5835 modum
361 5786 522 5839 etiam
546 5785 602 5839 bi
631 5785 807 5842 facere
828 5797 1225 5845 consueverunt
1249 5791 1341 5859 qui
1364 5790 1678 5848 barbaricas

427 5876 701 5938 ΡΑτιιοι..
748 5876 966 5942 CVIII.

1799 3345 1837 3382 a
1863 3329 1976 3384 Deo
2014 3347 2112 3385 suo
2157 3350 2175 3387 :
2218 3349 2374 3405 super
2405 3337 2616 3390 vertices
2653 3341 2909 3395 montium
2947 3342 3216 3398 incensum
3256 3345 3389 3400 ado-

1799 3419 1996 3488 lebant,
2040 3430 2092 3476 et
2131 3441 2287 3494 super
2325 3426 2486 3481 colles
2517 3429 2888 3497 sacriﬁcabant
2939 3433 3084 3503 (Ose.
3115 3435 3212 3506 tv).
3277 3435 3386 3493 Sed

1802 3509 2080 3568 videamus
2108 3522 2306 3582 praeter
2324 3515 2443 3572 haec
2466 3534 2590 3588 qua:
2617 3534 2718 3574 nos
2734 3519 2927 3588 jubeat
2952 3539 3164 3589 cavere,
3193 3541 3387 3582 secun-

1801 3601 1928 3656 dum
1950 3604 2252 3671 spiritalem
2285 3610 2818 3678 contemplationem,
2851 3629 2959 3668 non
2983 3617 3268 3672 comedere
3296 3635 3388 3673 su-

1799 3705 1900 3760 per
1920 3701 2152 3759 montes,
2176 3694 2230 3748 id
2251 3703 2356 3761 est,
2382 3698 2795 3767 cogitationibus
2816 3705 3065 3772 superbis
3081 3721 3190 3761 non
3212 3711 3384 3776 pasci,

1801 3783 1868 3838 de
1896 3783 2092 3852 quibus
2119 3783 2288 3840 Isaias
2314 3786 2392 3841 ait
2419 3805 2434 3842 :
2461 3787 2646 3844 Omnis
2666 3807 2817 3846 mons
2835 3803 2882 3846 et
2905 3793 3055 3848 callis
3084 3796 3386 3853 Itumiliabi-

1801 3883 1887 3927 tur
1914 3873 2050 3945 (Isa.
2079 3874 2205 3947 xc);
2232 3892 2338 3933 non
2375 3881 2652 3949 augurari,
2694 3897 2799 3936 non
2836 3885 3155 3952 aruspicari,
3186 3897 3248 3941 ut
3271 3904 3384 3944 non

1802 3965 2145 4022 intendentes
2173 3968 2466 4036 daemones,
2504 3973 2799 4052 secundum
2828 3992 3018 4032 eorum
3044 3980 3382 4038 voluntatem

1801 4055 2068 4122 vivamus,
2118 4074 2294 4130 neque
2335 4076 2430 4117 cor
2450 4071 2698 4120 nostrum
2726 4067 3034 4124 volucribus
3082 4074 3379 4143 tradamus,

1801 4164 1920 4220 quae
1946 4151 2164 4220 rapiunt
2200 4167 2383 4208 semen
2405 4155 2624 4224 pietatis
2664 4157 2892 4223 anobis,
2939 4160 3082 4216 sicut
3117 4162 3381 4221 Dominus

1799 4241 1853 4296 in
1874 4243 2147 4312 parabolis
2188 4245 2512 4317 evangelicis
2554 4247 2708 4304 dixit.
2757 4247 2979 4306 Comam
3021 4269 3127 4308 non
3152 4257 3377 4311 tondea-

1795 4348 1938 4399 mus,
1981 4334 2067 4390 vel
2095 4334 2237 4392 sicut
2259 4335 2633 4409 Septuaginta,
2686 4341 2832 4411 sisgn
2872 4344 2938 4396 de
2958 4346 3164 4413 capillis
3191 4349 3377 4416 capitis

1795 4440 1899 4478 non
1937 4423 2227 4492 faciamus;
2268 4427 2448 4497 capilli
2491 4430 2634 4484 enim
2687 4431 2862 4485 nostri
2896 4447 2998 4500 pro
3031 4435 3374 4502 cogitationi-

1793 4515 1893 4570 bus
1917 4517 2276 4588 accipiuntur,
2296 4529 2518 4589 propter
2554 4523 2697 4589 quod
2723 4522 2858 4576 dixit
2885 4522 3175 4580 Dominus:
3204 4526 3376 4583 Vestri

1795 4614 1968 4659 autem
1993 4616 2040 4660 et
2065 4608 2244 4677 capilli
2276 4609 2461 4677 capitis
2491 4626 2667 4664 omnes
2717 4612 2975 4665 numerati
2997 4624 3119 4668 sunt
3153 4616 3370 4688 (Matth.

1795 4696 1897 4767 x);
1938 4697 2040 4764 ipsi
2065 4699 2230 4762 enim,
2261 4705 2322 4751 ut
2349 4707 2475 4766 pote
2488 4699 2657 4768 judici
2685 4709 2740 4754 et
2766 4702 2933 4756 corda
2960 4708 3241 4776 scrutanti,
3273 4724 3374 4766 nu-

1793 4796 2017 4841 meratae
2041 4795 2167 4842 sunt
2203 4802 2394 4843 omnes
2431 4798 2632 4844 nostrae
2652 4792 3025 4861 cogitationes.
3066 4795 3182 4852 Non
3209 4815 3372 4870 opor-

1796 4885 1873 4933 tet
1897 4893 2026 4948 ergo
2079 4893 2173 4933 eas
2198 4879 2404 4950 agitare
2450 4881 2756 4950 quempiam
2803 4881 2888 4936 vel
2921 4894 3228 4954 concutere,
3274 4889 3368 4943 sed

1793 4986 1894 5025 nec
1921 4970 2117 5026 offerre
2140 4970 2376 5036 diabolo,
2401 4971 2544 5040 quod
2579 4969 2786 5027 faciunt
2808 4973 3028 5043 quidam
3064 4984 3120 5031 et
3142 4978 3210 5033 de
3243 4994 3370 5034 sen-

1793 5060 2036 5116 sibilibus
2078 5061 2285 5131 capillis
2329 5061 2536 5116 crinem
2581 5062 2888 5131 offerentes,
2937 5067 3076 5123 sicut
3117 5073 3366 5140 superius

1791 5149 2043 5205 diximus.
2072 5151 2416 5220 lnsupernon
2445 5161 2676 5221 oportet,
2695 5156 2839 5211 sicut
2863 5157 3118 5224 diximus,
3136 5161 3361 5214 barbam

1791 5241 2006 5305 radere,
2036 5240 2121 5294 vel
2150 5242 2446 5296 secundum
2477 5241 2852 5314 Septuaginta,
2901 5263 3230 5316 corrumpere
3272 5248 3360 5315 fa-

1790 5331 1920 5384 ciem
1949 5330 2142 5396 barbte,
2176 5331 2300 5400 quia
2326 5331 2676 5401 perfectionis
2714 5343 2914 5390 nostra:
2939 5337 3150 5405 signum
3187 5335 3360 5392 barba

1789 5430 1894 5485 est,
1925 5422 2150 5479 virtutes
2192 5432 2370 5477 autem
2400 5425 2682 5496 designant
2709 5441 2893 5480 veram
2921 5434 3161 5480 nostram
3183 5425 3362 5494 perfe-

1784 5511 2036 5578 ctionem,
2059 5528 2194 5582 quas
2211 5514 2562 5586 incongruum
2576 5523 2659 5570 est
2682 5529 3048 5584 corrumpere,
3069 5525 3358 5582 operantes

1785 5617 1892 5657 non
1921 5617 2069 5669 vere,
2095 5605 2187 5659 sed
2217 5606 2317 5660 sub
2346 5605 2483 5661 falso
2515 5614 2570 5660 et
2599 5606 2727 5659 ﬁcto
2755 5605 2962 5657 habitu.
2987 5601 3099 5657 Nec
3135 5604 3353 5665 incisio-

1784 5707 1880 5747 nes
1910 5692 2089 5749 facere
2123 5710 2285 5766 super
2325 5697 2504 5750 anima
2543 5696 2742 5748 bonum
2767 5701 2870 5757 est,
2898 5693 2954 5746 in
2980 5708 3206 5764 corpore
3226 5711 3354 5758 sunt

1784 5787 1927 5842 enim
1954 5787 2336 5848 delectationes
2359 5804 2476 5859 quae
2503 5787 2571 5843 ad
2611 5786 2907 5843 nocendam
2942 5789 3174 5848 animam
3210 5795 3349 5854 inci—

2800 5880 2876 5942 15
