3892 6344
488 467 594 523 459

1148 460 1209 513 Β.
1250 444 1505 511 RABANI
1545 442 1764 507 MAUBI
1800 438 2119 504 ARCHIEP‘.
2160 434 2468 503 MdCUNT.
2506 432 2794 501 OPERUM
2830 441 3011 499 PARS
3049 438 3090 497 ι.

3643 432 3749 497 ιδο

486 559 622 614 dunt
640 564 845 622 corpus
872 558 929 606 et
948 555 1324 619 corrumpunt.
1351 546 1460 601 Sed
1491 551 1547 598 et
1583 545 1859 614 stigmata,
1878 540 1939 596 id
1957 547 2063 605 est,
2088 548 2145 610 Α
2167 539 2303 595 servi
2320 538 2419 592 Dei
2443 535 2635 592 acciti
2663 543 2807 601 sum,
2838 535 2929 605 qui
2958 532 3275 589 «renuntiant
3289 530 3435 585 vobis
3456 531 3599 587 vim
3621 537 3752 589 aeri-

484 647 645 705 malae
660 645 923 702 doctrinm
942 643 1219 714 dogmata,
1248 641 1375 711 quia
1395 638 1662 696 iuberent
1682 646 1738 694 et
1764 638 2061 709 inﬁguntur

486 739 685 794 anime
708 752 809 806 per
831 737 1079 806 quadam
1094 733 1460 790 blandimenta
1490 731 1577 786 vel
1596 730 1956 802 syllogismos,
1976 726 2063 785 vel

481 846 580 902 per
599 828 893 900 quemlibet
913 827 1082 885 alium
1106 825 1325 883 modum
1342 822 1649 880 docentium
1674 822 2059 893 intelligamus.

483 920 747 990 Prmsepit
783 933 914 989 ergo
956 918 1115 973 nobis
1153 916 1240 971 lex
1291 924 1347 971 et
1373 914 1444 970 ab
1469 914 1556 970 bis
1576 910 1872 978 abstinere,
1932 910 2062 980 quia

487 1014 751 1084 impressa
774 1012 861 1067 vel
897 1012 1154 1067 immersa
1176 1010 1319 1066 sicut
1344 1007 1520 1064 solent
1548 1007 1818 1078 stigmata,
1847 1003 2067 1061 (ιιιιιωι-

491 1112 579 1163 ter
603 1102 911 1160 abolentur.

1074 1168 1301 1227 CAPUT
1357 1169 1488 1226 Vill.

490 1265 588 1323 Ubi
622 1275 759 1322 vetat
799 1265 1061 1337 prostitui‘
1090 1262 1278 1337 ﬁliam,
1325 1260 1655 1337 et_prtscipit
1706 1258 2068 1314 sanctuarism

1026 1331 1122 1388 Dei
1167 1331 1521 1389 metuendum.

557 1428 735 1502 (1mm)
773 1425 855 1481 Ne
889 1426 1175 1497 prostitues
1210 1421 1377 1494 ﬁliam
1417 1432 1564 1476 tuam
1599 1438 1661 1476 ne
1689 1420 2072 1476 cantaminetur

485 1533 623 1576 terra
660 1529 709 1577 et
747 1518 1024 1591 impleatur
1061 1514 1293 1589 piaculo.
1343 1512 1450 1589 (Ex
1485 1511 1791 1586 Hesychia.)
1836 1510 1893 1566 Si
1923 1510 2072 1565 enim

485 1625 686 1687 patres,
716 1629 852 1684 quos
886 1617 1101 1682 Oportet
1140 1608 1278 1663 ﬁlios
1314 1606 1626 1673 emendare,
1657 1605 1726 1661 ad
1760 1602 2069 1660 fornicatio-

486 1724 611 1763 nem
647 1722 740 1763 eos
772 1706 1064 1761 hortantur
1098 1709 1455 1773 provocantes
1488 1708 1583 1757 aut
1616 1700 1862 1755 viventes
1904 1696 2073 1767 turpi-

488 1807 592 1860 ter,
627 1804 687 1850 ut
714 1794 814 1864 ipsi
848 1794 915 1848 ad
946 1792 1303 1847 imitationem
1324 1798 1611 1861 parentum
1646 1789 1713 1843 ad
1747 1788 1945 1843 malum
1968 1786 2074 1841 illi-

2161 628 2287 685 tatis
2324 626 2465 701 (Act.
2504 625 2640 700 ενι),
2684 626 2884 683 malum
2934 632 3117 680 tamen
3156 623 3405 692 spiritum
3458 623 3749 694 increpans

2163 720 2434 792 alligavit.
2456 716 2759 775 Pessimum
2784 725 2868 774 est
2893 716 3059 773 etiam
3076 724 3139 771 et
3157 716 3417 772 veneﬁcis
3445 716 3746 793 amarem,

2164 812 2289 880 quia
2325 810 2629 867 daemonum
2675 808 3015 864 inimicorum
3056 807 3214 863 nobis
3267 815 3324 863 et
3377 808 3747 878 pestilentium

2163 902 2382 958 nomina
2404 901 2594 956 dicunt
2631 916 2647 957 ι
2675 899 2769 970 qui
2795 899 2898 954 etsi
2932 899 3002 953 ad
3034 900 3200 956 breve
3230 904 3443 970 tempus
3474 908 3537 955 ut
3572 900 3632 956 in
3665 917 3747 957 ere

2167 1005 2345 1047 mrem
2389 992 2629 1057 mittant,
2670 990 2920 1045 videntur
2952 990 3167 1061 operari
3211 990 3433 1059 aliquid,
3480 991 3633 1060 quod
3681 992 3744 1048 ad

2166 1082 2501 1153 corporalem
2541 1082 2829 1138 sanitatem
2860 1080 2971 1137 vile
3002 1088 3060 1136 et
3096 1096 3343 1152 parvum,
3384 1081 3547 1151 quale
3585 1080 3744 1140 etiam

2165 1174 2404 1246 imperiti
2448 1173 2644 1229 medici
2688 1174 2902 1243 operari
2944 1183 3170 1243 possunt
3194 1192 3208 1228 :
3228 1182 3611 1232 vet-mnume-
3652 1192 3743 1234 ses

2167 1267 2271 1321 hoc
2295 1272 2356 1319 ut
2378 1264 2529 1331 boni,
2556 1279 2728 1335 neque
2755 1274 2816 1320 ut
2837 1265 2979 1320 bene
3009 1265 3249 1322 volentes
3283 1266 3601 1323 hominibus
3629 1280 3743 1338 opo-

2168 1362 2378 1420 rantur,
2408 1356 2502 1409 sed
2524 1356 2580 1409 in
2601 1356 2915 1411 servitutem
2946 1355 3067 1410 illos
3096 1356 3355 1428 redigere,
3381 1366 3438 1412 et
3461 1373 3499 1411 ο
3522 1356 3638 1414 Deo
3660 1374 3739 1415 se-

2168 1459 2360 1517 parare
2388 1444 2686 1515 cupientes.
2722 1446 2830 1501 Sed
2856 1461 2955 1502 nec
2984 1446 3374 1518 ventriloquos,
3415 1449 3475 1504 id
3514 1456 3621 1515 est,
3654 1449 3741 1504 fal-

2170 1550 2260 1590 sos
2296 1532 2587 1605 prophetas
2633 1548 2945 1605 sequamur,
2993 1536 3086 1606 qui
3132 1537 3350 1592 nomina
3389 1536 3490 1593 Dei
3525 1538 3737 1594 alienas

2169 1625 2280 1681 Deo
2305 1627 2497 1681 docent
2531 1633 2587 1680 et
2619 1625 2961 1695 prophetarit,
3003 1627 3094 1696 qui
3136 1627 3465 1698 ventriloqui
3501 1629 3646 1699 iuste
3676 1630 3739 1685 di-

2172 1727 2387 1786 cuntur,
2418 1719 2571 1789 quasi
2597 1719 2664 1773 de
2685 1718 3004 1790 intelligihili
3023 1728 3211 1775 ventre
3236 1720 3315 1775 sui
3340 1720 3528 1777 cordis
3550 1720 3736 1777 fabulas

2173 1810 2453 1878 quasdam,
2479 1810 2535 1864 id
2557 1816 2659 1873 est,
2691 1809 2857 1865 falsas
2890 1811 3165 1866 doctrinas
3194 1816 3251 1866 et
3275 1812 3599 1881 prophetiae
3625 1826 3734 1882 pro-

487 1886 704 1940 ciantur
739 1881 973 1953 piaculo,
1011 1880 1098 1934 vel
1130 1880 1425 1934 secundum
1454 1878 1804 1949 Septuaginta
1838 1877 2071 1933 fornica-
2101 1910 2148 1971 Β
2178 1877 2432 1954 ferentes.
2470 1898 2766 1968 sequitur:

490 1979 656 2044 tione,
687 1985 833 2032 terra
855 1972 1174 2043 completur,
1205 1980 1258 2025 et
1284 1972 1353 2026 ad
1373 1987 1588 2026 onmem
1621 1970 1855 2041 speciem
1882 1968 2071 2038 impie-

489 2071 617 2126 tatis
644 2069 876 2141 proﬁcit,
903 2066 1029 2138 quia
1055 2080 1147 2121 eos
1169 2066 1261 2135 qui
1284 2064 1587 2120 eruditores
1606 2079 1726 2118 esse
1747 2063 2070 2125 debuerunt,

487 2163 555 2217 ad
603 2159 803 2216 malum
848 2157 999 2229 pueri
1034 2156 1351 2227 paulagogos
1386 2154 1605 2210 habent.
1656 2153 1764 2209 Sed
1816 2168 1916 2208 nec
1956 2153 2075 2207 ani-

490 2268 635 2307 mam
672 2258 935 2314 nostram,
962 2263 1082 2317 qum
1113 2247 1265 2302 nobis
1300 2246 1405 2301 ﬁlia
1442 2245 1715 2316 unigenita
1752 2252 1863 2308 est,
1906 2244 1979 2298 ita
2014 2251 2075 2298 ut

487 2340 656 2398 David
688 2342 925 2405 diceret,
967 2338 1154 2392 Libera
1192 2356 1224 2391 α
1264 2337 1499 2392 leonibus
1528 2337 1761 2391 animam
1798 2352 1990 2401 meam,
2023 2343 2075 2391 et

487 2434 552 2487 de
592 2448 751 2486 manu
788 2428 931 2485 canis
970 2428 1176 2481 unicam
1216 2444 1384 2481 meam
1423 2424 1596 2497 (Psal.
1645 2441 1807 2491 xm,
1848 2426 2074 2493 xxxrv),

492 2522 904 2595 prostituamus,
950 2535 979 2572 a
1025 2517 1133 2572 Deo
1178 2517 1326 2571 illam
1373 2516 1759 2572 discessionem
1798 2517 2072 2581 docentes,

494 2633 563 2670 ne
590 2614 891 2670 fornicante
918 2611 1098 2666 anima
1128 2610 1423 2666 fornicatur
1454 2619 1509 2666 et
1536 2626 1753 2680 corpus.
1794 2609 1909 2665 Hoc
1929 2610 2078 2665 enim

498 2718 644 2763 terra
677 2713 733 2759 ut
764 2714 920 2776 pote,
949 2704 1092 2771 quod
1128 2703 1193 2757 de
1222 2710 1370 2757 terra
1391 2709 1571 2758 ortum
1596 2711 1679 2758 est
1707 2710 1765 2756 et
1787 2702 1841 2756 in
1873 2709 2078 2757 terram

489 2803 812 2860 revertetur,
839 2792 1158 2865 appellatur.
1181 2789 1251 2844 Et
1274 2789 1553 2860 impleatur
1574 2789 1805 2862 piaculo,
1828 2790 1914 2844 vel
1940 2790 2079 2845 sicut

496 2886 847 2960 Septuaginta
889 2884 1148 2939 adulterio
1178 2898 1197 2937 :
1232 2881 1385 2939 ebrio
1423 2881 1618 2952 quippe
1655 2896 1868 2937 sessore
1906 2896 2078 2952 equus

497 2976 739 3032 defertur
771 2975 827 3029 in
853 2988 1118 3044 prteceps,
1142 2978 1196 3027 et
1217 2988 1247 3026 a
1276 2972 1385 3027 Deo
1409 2970 1695 3027 recedente
1729 2972 1930 3038 anima,
1963 2987 2082 3028 om-

494 3068 579 3125 nis
605 3067 866 3137 iniquitas
891 3065 1197 3121 dominatur
1233 3064 1285 3119 in
1323 3078 1569 3134 corpore.

562 3156 793 3214 Sabbata
809 3172 922 3211 mea
935 3154 1209 3217 custodite,
1221 3163 1268 3208 et
1285 3153 1645 3209 sanctuarium
1659 3170 1829 3210 meum
1844 3154 2079 3209 metuite:

492 3252 606 3325 Ego
629 3252 904 3306 Dominus.
938 3249 1047 3323 (Ex
1071 3248 1379 3324 Hesychia.)
1398 3249 1944 3307 Sicutunuexistente
1956 3264 2080 3321 spe-
2108 3265 2157 3331 ρ

494 3343 620 3400 ciali
646 3343 894 3407 sabbato,
925 3341 1154 3410 septima
1187 3340 1435 3396 videlicet
1459 3341 1566 3409 die,
1598 3358 1758 3398 omne
1778 3341 1929 3396 aliud
1949 3340 2081 3413 legi-

495 3437 688 3493 timum
715 3435 884 3489 otium
906 3433 1188 3490 sabbatum
1218 3432 1536 3504 appellatur,
1566 3433 1646 3490 sic
1673 3449 1799 3489 cum
1812 3431 2081 3504 generalis

498 3531 557 3585 ﬁt
585 3527 909 3584 abstinentia
938 3542 970 3580 a
997 3525 1156 3581 malo.
1188 3524 1303 3579 Hoc
1330 3526 1472 3581 enim
1508 3540 1697 3583 revera
1722 3523 1902 3580 studet
1921 3523 2084 3595 legis-

494 3623 632 3678 lator
660 3622 966 3686 sabbatum,
1006 3627 1061 3676 et
1087 3634 1184 3689 per
1221 3616 1429 3690 singula
1455 3633 1682 3689 qumque
1711 3619 1964 3675 recedere
1986 3633 2082 3673 no-

494 3717 577 3771 bis
618 3730 650 3769 a
701 3714 842 3768 malo
883 3713 1157 3783 praecepit.
1208 3710 1321 3766 lloc
1372 3713 1517 3767 enim
1564 3711 1793 3767 fulciens
1838 3710 2081 3768 addidit:

495 3806 872 3863 Sanctuarium
915 3822 1088 3861 meum
1134 3806 1364 3871 metuite,
1410 3805 1495 3859 vel
1543 3806 1685 3860 sicut
1729 3804 2084 3877 Septuaginta

496 3910 680 3955 sancta
720 3915 837 3953 mea
877 3898 1162 3962 timebitis;
1209 3897 1333 3966 quia
1375 3896 1824 3965 quemadmodum
1863 3912 1958 3952 eos
1992 3897 2084 3965 qui

498 4006 604 4060 quo
652 3990 849 4045 debent
890 3989 1049 4045 modo
1085 3988 1352 4045 accedunt
1386 3986 1456 4041 ad
1489 4003 1556 4044 ea
1590 3988 1948 4055 sanctiﬁcant,
2006 3989 2085 4045 sic

501 4081 557 4133 lii
584 4079 676 4149 qui
702 4079 884 4148 inique
906 4086 1239 4147 prmsumunt
1270 4078 1321 4132 in
1357 4079 1457 4144 eis,
1482 4086 1537 4134 et
1568 4095 1675 4135 non
1704 4081 1859 4149 prius
1889 4088 2085 4137 semet-

500 4171 647 4240 ipsos
674 4170 833 4224 sorde
861 4169 1080 4222 malitize
1110 4178 1358 4238 purgant,
1389 4179 1551 4240 atque
1579 4170 1660 4226 sic
1688 4172 1757 4226 ad
1774 4172 1975 4226 munda
1996 4188 2086 4226 ac-

503 4262 720 4323 cedunt,
763 4268 1117 4329 corrumpunt
1156 4261 1268 4315 sive
1296 4262 1627 4331 disperdunt,
1660 4264 1798 4318 sicut
1826 4264 2011 4319 Nadab
2033 4274 2089 4320 et

503 4352 666 4417 Abiu,
689 4359 744 4406 et
762 4351 902 4406 ﬁlios
931 4349 1079 4415 Heli;
1116 4351 1255 4405 unde
1287 4361 1341 4407 et
1372 4352 1573 4408 Paulus
1601 4354 1667 4409 de
1690 4355 1774 4411 his
1801 4355 1892 4424 qui
1920 4356 2087 4409 incir-

504 4452 815 4516 cumspecte
856 4444 1081 4515 mystica
1118 4444 1458 4514 percipiunt,
1500 4446 1775 4502 subdidit:
1803 4447 2089 4516 Propterea

502 4536 653 4593 multi
678 4537 729 4589 in
754 4535 891 4590 vobis
920 4534 1134 4604 infirmi,
1169 4545 1214 4589 et
1239 4536 1541 4603 imbecilles,
1573 4545 1622 4591 et
1644 4536 1909 4589 dormiunt
1939 4536 2089 4590 multi

2242 1989 2434 2045 Coram
2470 2005 2604 2044 cano
2642 1991 2811 2061 capite
2841 2006 3116 2061 consurge,
3163 1998 3214 2043 et
3247 1990 3448 2045 honora

2173 2080 2331 2146 senis,
2358 2090 2405 2134 et
2434 2080 2556 2133 time
2581 2079 2867 2135 Dominum
2889 2080 3057 2134 Deum
3079 2090 3225 2135 tuum
3248 2097 3266 2135 :
3286 2077 3403 2151 Ego
3434 2096 3558 2135 sum
3584 2079 3737 2134 Balti-

2174 2186 2291 2226 nus.
2330 2170 2439 2243 (Ea:
2460 2169 2766 2243 Hesychio.)
2796 2171 3004 2227 Bonum
3036 2180 3121 2228 est
3145 2173 3362 2243 quidem
3400 2180 3456 2228 et
3491 2188 3629 2237 eum,
3655 2170 3735 2241 qui

2166 2262 2282 2333 jam
2329 2266 2397 2320 ad
2442 2265 2695 2320 canitiem
2745 2267 3014 2335 pervenit,
3043 2267 3333 2321 honorare.
3390 2265 3569 2321 Habet
3610 2266 3737 2319 enim

2177 2366 2389 2426 tempus
2414 2357 2616 2426 aliquid
2639 2357 2869 2427 amplius
2894 2358 3083 2428 procul
3109 2357 3272 2413 dubio
3296 2357 3365 2412 ad
3390 2357 3733 2428 prudentiam,

2176 2448 2270 2501 sed
2297 2454 2352 2501 et
2397 2448 2659 2501 honorem
2700 2462 2861 2515 quem
2904 2449 3332 2517 provectioribus
3371 2448 3736 2518 impendimus,

2176 2555 2275 2593 nos
2298 2554 2510 2609 quoque
2545 2554 2575 2592 a
2604 2539 2904 2594 minoribus
2945 2539 3293 2605 merebimur,
3340 2548 3505 2609 atque
3549 2555 3615 2595 ex
3652 2539 3740 2594 hoc

2177 2631 2312 2685 ordo
2343 2631 2516 2685 bonus
2542 2631 2710 2685 vitam
2751 2639 2995 2686 nostram
3034 2633 3091 2687 in
3130 2632 3418 2688 honestate
3452 2632 3740 2687 custodiens

2177 2720 2336 2775 nobis
2367 2720 2702 2791 proﬂigetur.
2747 2720 2954 2777 Canum
2982 2728 3160 2778 autem
3181 2738 3310 2779 vere
3336 2739 3545 2789 senem,
3576 2725 3628 2779 id
3650 2733 3738 2790 est,

2180 2829 2304 2869 eum
2324 2814 2416 2884 qui
2437 2812 2699 2883 sapientia
2728 2815 3003 2883 profectus
3025 2823 3127 2881 est,
3158 2816 3437 2888 intelliget,
3464 2817 3527 2870 de
3549 2831 3651 2885 quo
3672 2815 3740 2868 ait

2181 2902 2392 2974 Moyses
2416 2921 2431 2957 :
2457 2901 2733 2974 Interroga
2770 2915 2967 2974 patrem
3002 2915 3150 2959 tuum
3189 2914 3237 2959 et
3277 2906 3608 2959 annuntiabit
3642 2903 3738 2967 tibi,

2179 2994 2406 3049 seniores
2429 3004 2545 3048 tuos
2570 3000 2617 3047 et
2639 2994 2812 3048 dicent
2840 2996 2931 3049 tibi
2963 2995 3141 3069 (Deut.
3168 2995 3364 3068 nitri).
3408 2995 3516 3050 Sed
3545 3003 3599 3050 et
3622 2994 3742 3049 Ριιιο

2181 3082 2269 3139 lus
2290 3098 2306 3138 :
2329 3081 2626 3155 Presbyteri
2657 3085 2853 3157 duplici
2878 3087 3086 3155 ghonore
3118 3087 3263 3157 digni
3304 3088 3615 3153 habeantur,
3649 3101 3741 3139 tu-

2181 3178 2321 3232 zitne
2338 3179 2428 3250 qui
2452 3176 2691 3233 laborant
2716 3180 2772 3233 in
2796 3179 2946 3235 verba
2972 3189 3019 3233 et
3040 3179 3298 3234 doctrina.
3349 3178 3637 3250 Sequitur:

2807 3269 3036 3325 CAPUT
3075 3268 3143 3324 X.

2182 3347 2264 3404 De
2309 3363 2441 3405 cura
2483 3349 2821 3415 advenarum,
2879 3350 2944 3404 de
2995 3366 3264 3417 mensura,
3312 3358 3534 3416 statera,
3587 3345 3745 3419 leguli

2715 3429 2763 3474 et
2806 3419 3033 3492 pondere
3061 3420 3235 3490 justo.

2255 3509 2434 3586 (Imm)
2472 3507 2533 3567 Si
2569 3512 2875 3567 habitaverit
2905 3512 3104 3567 advena
3132 3514 3188 3568 in
3213 3521 3355 3566 terra
3386 3522 3557 3568 uestra
3581 3520 3627 3566 et
3646 3527 3746 3565 uta-

2184 3612 2333 3658 ratus
2371 3602 2529 3673 fuerit
2567 3604 2703 3657 inter
2735 3619 2846 3669 vos,
2880 3618 2942 3656 ne
2974 3602 3294 3673 exprobretis
3324 3604 3393 3668 ei,
3422 3603 3515 3656 sed
3541 3603 3606 3655 sit
3631 3602 3751 3654 inter

2185 3709 2273 3748 vos
2301 3692 2452 3764 quasi
2478 3693 2745 3763 indigena,
2768 3702 2815 3746 et
2838 3688 3062 3763 diligetis
3082 3710 3201 3747 eum
3219 3695 3368 3765 quasi
3388 3693 3713 3761 vosmetipsos
3736 3701 3754 3742 :

2187 3782 2362 3852 fuistis
2389 3782 2526 3836 enim
2560 3792 2607 3836 et
2634 3798 2720 3835 vos
2748 3782 2961 3836 adventu
2988 3783 3044 3836 in
3074 3792 3213 3837 terra
3241 3781 3454 3854 ἱμειριί
3476 3794 3492 3832 :
3518 3778 3630 3850 Ego
3657 3778 3753 3833 Do-

2186 3876 2359 3929 minus
2389 3873 2530 3929 Deus
2559 3884 2741 3928 vester.
2796 3872 2902 3947 (Ea:
2942 3873 3249 3947 Hesychia.)
3288 3875 3513 3930 Terram
3549 3874 3698 3928 nobis
3725 3885 3752 3926 ι

2187 3968 2299 4023 Deo
2335 3968 2536 4034 datam,
2570 3983 2689 4024 esse
2715 3968 2981 4023 culturam
3010 3970 3294 4035 virtutum,
3323 3971 3620 4039 bonamque
3648 3965 3753 4033 ejus

2189 4058 2523 4123 doctrinam,
2585 4059 2830 4129 superius
2880 4058 3132 4113 diximus.
3188 4056 3245 4113 Si
3298 4058 3423 4128 quis
3482 4066 3649 4112 autem
3692 4053 3754 4108 ad

2188 4138 2328 4206 lianc
2355 4152 2646 4207 accesserit
2677 4152 2907 4217 advena,
2944 4151 3191 4206 videlicet
3224 4151 3414 4207 volens
3437 4148 3670 4206 converti
3696 4145 3753 4201 ad

2189 4232 2431 4296 nostram
2455 4241 2643 4309 ﬁdem,
2674 4250 2727 4296 et
2754 4250 2913 4297 terrae
2939 4232 3083 4296 illius
3102 4242 3239 4297 civis
3258 4242 3551 4304 conscribi,
3580 4242 3641 4295 de
3666 4232 3753 4308 qua

2190 4332 2387 4386 Paulus
2428 4332 2537 4385 ait:
2566 4332 2850 4403 Accepistis
2888 4331 2958 4385 ad
3002 4331 3131 4387 Sion
3170 4342 3396 4386 montem
3435 4342 3484 4386 et
3521 4332 3755 4384 civitatem

2190 4422 2287 4475 Dei
2315 4421 2524 4475 viventis
2549 4421 2884 4476 Hierusalem
2923 4424 3206 4487 caelestem,
3247 4433 3295 4476 et
3333 4424 3621 4478 multorum
3653 4417 3754 4472 mil-

2192 4513 2320 4567 lium
2357 4514 2659 4584 angelorum
2696 4514 3042 4585 frequentiam
3079 4524 3126 4569 et
3166 4505 3464 4568 Ecclesium
3501 4512 3759 4584 primitiae-

506 4621 557 4694 (Ι
582 4622 704 4676 Cor.
734 4621 817 4693 ll),
850 4600 990 4676 unde
1015 4630 1071 4676 et
1099 4638 1243 4677 nunc
1270 4600 1545 4694 legislator
1574 4622 1813 4677 addidit:
1841 4620 1954 4693 Ego
1980 4622 2081 4678 Do-

2195 4621 2309 4656 rum
2355 4604 2443 4673 qui
2492 4604 2772 4674 conscripti
2820 4613 2941 4658 sunt
2987 4600 3043 4658 in
3080 4603 3221 4659 caelis
3259 4602 3449 4673 (Hebr.
3491 4606 3627 4675 Ill),
3670 4614 3758 4655 nos

507 4714 696 4777 minus,
726 4713 779 4767 id
805 4721 906 4778 est,
935 4723 1154 4769 sanctus
1178 4722 1233 4768 et
1260 4714 1314 4768 in
1354 4714 1557 4770 sanctis
1592 4715 1865 4782 habitans,
1903 4723 1959 4770 et
1992 4729 2087 4771 ne-

508 4806 748 4861 cessario
771 4807 990 4876 exigens
1016 4815 1325 4862 sanctorum
1354 4807 1668 4864 vindictam.

1112 4899 1337 4957 CAPUT
1394 4901 1487 4957 IX.

510 4976 586 5032 De
635 4993 739 5032 non
784 4980 1054 5049 sequendis
1102 4982 1267 5051 magis
1287 4992 1375 5119 ﬁet.
1425 4982 1607 5036 ariolis
1632 5021 1648 5048 ,
1688 4998 1781 5037 nec
1832 4983 2086 5039 adeundis

1166 5067 1285 5103 vene
1329 5068 1423 5105 ειε.

1166 5067 1423 5105 υεηθηειε.

588 5136 763 5210 (Isin)
802 5139 911 5192 Nec
936 5139 1205 5195 declinetis
1239 5141 1307 5194 ad
1345 5160 1546 5214 magos,
1580 5159 1672 5198 nec
1700 5143 1765 5197 ab
1790 5144 1970 5199 ariolis
1996 5145 2096 5201 ali-

513 5230 637 5305 quid
662 5230 1015 5296 sciscitemini,
1047 5241 1101 5285 ut
1133 5232 1441 5303 polluamim‘
1468 5253 1558 5306 per
1584 5252 1689 5290 eos.
1722 5234 2095 5307 (Septuaginta

519 5330 695 5377 autem
728 5322 893 5378 edunt
916 5321 954 5391 :)
988 5320 1109 5375 Non
1141 5325 1431 5394 sequamini
1464 5328 1807 5401 ventriloquos
1839 5339 1886 5383 et
1912 5330 2098 5399 vene/i-

515 5416 588 5473 cis
628 5433 730 5471 non
768 5414 1150 5486 adjungemini,
1184 5424 1237 5467 ut
1272 5415 1581 5485 polluamini
1608 5421 1664 5472 in
1690 5422 1763 5473 eis
1794 5437 1812 5474 :
1838 5416 1948 5490 Ego
1984 5437 2100 5474 sum

520 5507 771 5562 Dominus
802 5506 945 5561 Deus
972 5516 1154 5560 vester.
1188 5502 1293 5577 (Ex
1321 5505 1621 5581 Hesychia.)
1655 5510 1882 5564 Maxima
1912 5500 2097 5566 diabo-

518 5597 606 5653 lici
650 5599 853 5653 erroris
893 5606 948 5652 et
995 5596 1197 5652 fraudis
1239 5596 1464 5668 species,
1510 5598 1968 5669 ventriloquorum
2017 5610 2100 5658 est

520 5679 827 5757 exquisitio.
867 5684 1020 5744 Unde
1047 5696 1101 5744 et
1128 5686 1327 5743 Paulus
1366 5688 1599 5760 puellam
1630 5691 1906 5748 inveniens
1942 5694 2101 5763 spiri-

527 5787 638 5833 tum
664 5781 950 5835 habentem
987 5781 1246 5852 phitonis,
1279 5782 1526 5851 quamvis
1556 5782 1875 5837 dmmonium
1907 5800 2100 5855 magna

529 5869 593 5925 de
628 5872 741 5942 ipso
779 5880 832 5927 et
872 5871 995 5940 SyIa
1038 5874 1354 5943 pncdicarct
1393 5882 1446 5926 et
1486 5874 1688 5929 diceret
1722 5892 1733 5927 :
1767 5871 1839 5927 Hi
1867 5876 2101 5931 homines

2196 4691 2492 4762 ailligamus
2519 4708 2665 4759 cum,
2705 4692 2758 4746 id
2795 4701 2896 4757 est,
2929 4710 3036 4749 non
3058 4708 3411 4765 aggravemus
3443 4686 3632 4763 contra
3658 4703 3759 4745 eum

2191 4780 2401 4853 jugum,
2435 4791 2495 4837 ut
2526 4782 2683 4837 modo
2712 4783 2893 4854 genito
2933 4791 2986 4837 et
3019 4780 3229 4837 naviter
3264 4782 3508 4837 credenti
3536 4782 3762 4854 gravium

2199 4874 2449 4927 mandata
2475 4872 2834 4941 imponamus,
2862 4882 3047 4927 utnon
3070 4874 3211 4928 sicut
3238 4872 3498 4929 Pharisaei
3519 4884 3581 4929 et
3598 4873 3765 4930 scriba:

2197 4979 2506 5034 peccemus,
2538 4980 2673 5034 quos
2699 4980 2958 5021 accusans
2990 4964 3247 5021 Dominus
3271 4966 3488 5022 dicebat
3518 4985 3533 5020 :

2269 5053 2501 5124 Alligant
2530 5072 2687 5110 onera
2716 5058 2894 5127 gravia
2925 5067 2973 5110 et
3002 5057 3387 5128 importabilia,
3426 5069 3476 5112 et
3514 5060 3768 5130 imponunt

2198 5162 2260 5198 ea
2287 5161 2445 5217 super
2462 5145 2704 5201 humeros
2726 5146 3014 5215 hominum,
3044 5148 3144 5219 ipsi
3173 5160 3347 5202 autem
3372 5148 3538 5220 digito
3569 5165 3662 5203 suo
3686 5159 3772 5198 nos

2200 5233 2376 5288 volunt
2400 5252 2461 5290 ea
2487 5252 2689 5290 movere
2725 5236 2942 5309 (Matth.
2986 5237 3167 5312 xxxii).
3207 5238 3324 5294 Non
3359 5254 3492 5312 ergo
3518 5255 3669 5302 eum,
3698 5234 3774 5305 qui

2202 5325 2375 5381 credit
2410 5327 2477 5381 ad
2508 5325 2666 5381 ﬁdem
2703 5327 2806 5382 hoc
2837 5327 3099 5385 facientes
3131 5338 3187 5385 et
3213 5329 3462 5398 quindam
3492 5326 3691 5402 legalis
3721 5322 3776 5378 ab

2204 5432 2269 5471 eo
2297 5414 2593 5489 exigentes,
2620 5417 2917 5490 allligamus
2951 5435 3096 5476 eum.
3140 5416 3221 5476 Sit
3248 5430 3428 5478 autem
3461 5417 3627 5477 nobis
3656 5420 3780 5475 sicut

2202 5508 2451 5580 indigena
2482 5510 2572 5579 qui
2600 5510 2837 5566 nutritus
2862 5521 2946 5568 est
2966 5513 3019 5567 in
3044 5508 3169 5581 (ide,
3195 5523 3249 5569 et
3270 5515 3446 5571 crevit
3477 5513 3533 5570 in
3570 5500 3778 5585 pietate.

2203 5598 2357 5656 Unde
2388 5610 2442 5655 et
2468 5600 2661 5658 Petrus
2688 5604 2791 5660 hoc
2814 5604 3097 5662 evidenter
3128 5600 3404 5673 sanciens,
3439 5602 3511 5662 ad
3546 5622 3672 5671 eos,
3704 5600 3781 5673 qui

2205 5692 2853 5751 volebantcircumcidere
2864 5697 2930 5752 de
2951 5690 3200 5768 gentibus
3220 5690 3529 5763 credentes,
3548 5680 3781 5753 dicebat:

2209 5780 2348 5849 Quid
2385 5784 2593 5839 tentati:
2629 5785 2929 5853 Dominum,
2967 5788 3228 5859 imponere
3259 5788 3452 5858 jugum
3489 5804 3653 5856 super
3682 5800 3787 5839 cer-

2207 5877 2339 5930 vices
2357 5875 2754 5947 discipulorum,
2769 5876 2909 5951 quod
2924 5888 3202 5951 παραίνεε
3216 5870 3384 5937 nostri
3404 5897 3501 5937 nec
3519 5872 3790 5951 ’θωρακί-
