3892 6344
162 441 244 503 tu
798 450 805 457 -
960 468 963 475 ε
1039 434 1544 512 Βιροδςτιοπθ
1578 435 1647 493 ιιι
1680 434 2075 495 Luvmuuu.
2114 466 2187 482 -
2221 436 2347 494 us.
2389 436 2478 497 vr.

3282 444 3392 502 402

159 576 255 618 mus
275 550 514 629 portare?
534 552 659 627 ‘Sed
682 568 778 627 per
809 552 1034 626 gratiam
1063 554 1190 610 Iesu
1224 552 1421 608 Christi
1442 552 1703 608 credimus
1727 554 1784 616 Α
1806 551 1936 608 Hac
1964 552 2179 625 loquere
2201 553 2328 623 ﬁliis
2363 548 2577 607 Israel:
2599 548 2777 607 Homo
2803 552 2875 608 do
2898 553 3025 624 ﬁliis
3053 553 3229 613 Israel
3250 561 3394 620 ad.

159 649 319 707 salvari
340 646 475 701 sicut
497 645 642 701 etilli
670 646 809 709 (Act.
834 646 947 720 xv).
977 646 1036 701 in
1064 645 1168 703 hoc
1187 660 1318 719 ergo
1343 658 1702 718 unumquem-

158 737 521 812 queadvenam,
540 737 656 791 sive
677 744 734 791 ut
758 735 1111 809 Septuaginta
1122 738 1328 801 dicunt,
1349 734 1699 808 proselytam,

156 831 269 887 sicut
292 827 642 898 nosmetipsos
668 828 973 899 diligamus,
1000 837 1061 884 ut
1095 827 1185 883 illa
1209 829 1586 900 praecipiamus
1620 828 1701 885 eis

156 928 349 987 tantum,
378 934 482 991 per
510 930 630 990 qua!
666 922 1043 991 nosmetipsos,
1082 922 1129 977 si
1168 937 1234 977 ea
1265 922 1558 994 egerimus,
1600 921 1700 979 sal-

150 1016 245 1067 vari
274 1011 562 1066 credimus.

210 1100 363 1157 Nolite
389 1102 567 1171 facere
584 1103 823 1173 iniquum
847 1102 1051 1176 aliquid
1072 1106 1127 1160 in
1153 1106 1379 1177 judicio,
1403 1107 1459 1161 in
1489 1106 1692 1179 regula,

149 1210 193 1248 ut
206 1194 436 1261 pondere,
455 1195 515 1248 in
530 1208 799 1262 mensura,
825 1205 1022 1251 statera
1036 1199 1185 1269 justa
1206 1209 1255 1254 et
1274 1216 1423 1271 requa
1444 1202 1547 1255 sint
1567 1216 1697 1271 pon-

1806 646 2017 702 adoenis
2043 647 2135 719 qui
2159 646 2399 701 habitant
2416 647 2473 699 in
2497 644 2691 700 Israel.
2732 644 2797 702 Si
2824 649 2946 719 quis
2972 649 3177 706 dederit
3207 651 3277 709 de
3302 668 3389 711 sa-

1803 743 1944 797 mine
1998 759 2095 798 suo
2138 742 2283 797 idan
2324 740 2552 806 Μοῖσά,
2596 749 2767 797 morte
2816 744 3099 799 moriatur.
3152 724 3395 818 Populus

1803 842 1958 888 terra:
1987 834 2246 906 lapidabit
2274 848 2413 898 eum,
2439 841 2487 888 et
2516 846 2608 905 ego
2630 849 2822 905 ponam
2852 834 3043 906 facian
3065 852 3237 894 meatu
3267 852 3393 895 cute-

1802 934 1886 978 tra
1917 923 2092 990 illum,
2128 924 2492 991 succidsmque
2524 938 2643 978 eam
2672 924 2738 981 de
2768 926 2941 980 medie
2969 928 3149 999 populi
3179 929 3265 985 sai
3287 943 3307 983 :
3326 946 3388 987 eo

1800 1013 1942 1085 quod
1961 1014 2163 1069 dederit
2192 1014 2256 1069 de
2284 1014 2480 1068 semine
2507 1028 2602 1069 suo
2626 1013 2852 1081 Παίοσι,
2879 1026 2931 1071 et
2954 1019 3390 1075 contarninaoerit

1798 1105 2163 1158 sanctuarium
2180 1118 2372 1169 meum,
2392 1113 2441 1158 et
2460 1102 2701 1176 polluerit
2722 1120 2912 1160 nomen
2928 1115 3171 1163 sanctum
3189 1124 3384 1165 meum.

1799 1191 1955 1260 Quod
1978 1196 2026 1249 si
2050 1194 2311 1267 negligens
2335 1194 2557 1267 populus
2580 1206 2754 1264 terrae,
2776 1207 2824 1252 et
2845 1201 2994 1269 quasi
3012 1202 3385 1273 parvipendcns

1794 1287 2073 1359 imperium
2097 1304 2269 1343 meum
2287 1288 2545 1344 dimiserit
2565 1289 2827 1344 hominem
2851 1292 2940 1362 qui
2965 1292 3102 1346 dedit
3115 1292 3386 1349 desemine

1800 1396 1895 1434 suo
1923 1379 2152 1447 Holoclt,
2176 1397 2269 1437 nec
2289 1380 2509 1437 uoluerit
2527 1381 2681 1457 illum
2703 1383 2955 1448 occidere,
2990 1400 3177 1454 ponam
3198 1385 3384 1456 faciem

149 1288 291 1341 dera:
309 1287 485 1358 justus
524 1287 753 1355 modius,
789 1305 1067 1362 wquusque
1103 1294 1405 1347 sextarius:
1432 1292 1545 1363 Ego
1585 1292 1692 1347 Do-

144 1380 293 1433 minus
332 1382 475 1435 Deus
507 1392 670 1436 uester
691 1422 707 1449 ,
742 1384 832 1453 qui
861 1383 1021 1437 eduxi
1052 1399 1140 1438 eos
1174 1384 1240 1439 de
1276 1392 1415 1438 terra
1452 1383 1693 1454 zEggpti.

145 1469 382 1529 Custodite
412 1475 587 1528 omnia
614 1485 871 1546 pra-cepta
905 1491 1022 1529 mea
1057 1485 1106 1530 et
1141 1477 1385 1530 universa
1418 1474 1627 1546 judicia
1649 1483 1698 1528 et
1799 1485 1972 1524 meam
1987 1488 2141 1541 super
2159 1471 2418 1527 hominem
2437 1471 2590 1528 illum
2610 1481 2659 1527 et
2680 1474 3041 1545 cognationem
3062 1474 3199 1545 ejus,
3219 1476 3386 1532 succi-

142 1564 278 1637 facile
309 1582 385 1620 ea.
429 1564 541 1638 Ego
574 1567 850 1622 Dominus.
894 1567 1002 1641 (Er
1036 1569 1343 1641 Hesychia.)
1381 1567 1589 1623 Similis
1617 1577 1701 1623 est
1802 1561 3389 1636 dumqueipsummtomnesquicomnserunteiatfornicsre-

141 1655 284 1710 etiam
305 1657 416 1712 lucc
442 1659 651 1714 sanctio
690 1660 1152 1730 pnecedemibus,
1197 1659 1413 1727 quando
1452 1670 1574 1729 post
1617 1659 1697 1714 lu-
1801 1660 1890 1707 ταν
1916 1670 2035 1708 cum
2059 1654 2293 1723 Holocll,
2317 1656 2384 1711 de
2414 1657 2583 1711 medio
2608 1655 2788 1729 populi
2809 1658 2911 1712 sui.
2949 1656 3059 1729 (Ea:
3078 1655 3385 1731 Hesychia.)

137 1758 271 1799 crum
308 1745 499 1801 litterae
532 1747 667 1816 ejus,
703 1747 869 1802 etiam
902 1748 1154 1817 spiritum
1180 1750 1502 1818 perscrutati
1536 1748 1695 1806 fueri-
1795 1740 1965 1810 Cujus
2005 1743 2083 1797 rei
2124 1744 2298 1814 gratia
2337 1745 2403 1800 de
2437 1746 2631 1801 iisdem
2662 1746 2746 1801 bis
2773 1754 2830 1801 et
2864 1754 2951 1802 ter
2974 1745 3269 1815 aliquando
3297 1743 3386 1801 lex

134 1847 257 1889 mus.
308 1834 423 1890 Non
457 1850 586 1909 ergo
614 1838 730 1891 ﬁeri
767 1846 1021 1907 Oportere
1044 1835 1297 1905 unjustum
1327 1839 1380 1892 in
1405 1838 1610 1907 judicio
1635 1840 1691 1895 in
1796 1833 2075 1905 pmepit,
2106 1833 2421 1904 frequenter
2443 1834 2499 1890 in
2527 1836 2959 1905 pracedentibus
2979 1836 3234 1901 diximus,
3257 1836 3386 1907 quia

130 1927 545 1994 praecedentibus
567 1928 843 1997 praecepit.
892 1926 1045 1983 Nunc
1070 1937 1248 1982 autem
1278 1944 1376 1983 nec
1402 1929 1456 1983 in
1476 1944 1691 1986 mensu-
1718 1910 1769 1973 Β
1793 1932 2017 1997 ρτορηῐ
2051 1925 2370 1981 memoriam
2411 1925 2708 1997 legentium
2741 1927 2848 1981 hoc
2875 1925 3058 1984 faciat.
3112 1925 3266 1982 Unde
3295 1941 3385 1981 ea-

126 2019 197 2072 ris
222 2017 421 2086 injuste
459 2033 640 2089 agerc,
678 2034 779 2073 nec
820 2020 871 2073 in
917 2019 1172 2088 pondere,
1216 2033 1315 2073 nec
1360 2019 1415 2073 in
1469 2021 1691 2078 stateris
1794 2015 1917 2071 dem
1947 2016 2310 2088 recapitulans
2338 2018 2617 2085 mandata,
2646 2030 2786 2074 nova
2811 2018 3059 2090 quasdam
3090 2017 3172 2073 eis
3209 2019 3382 2074 inter—

121 2109 392 2178 prsecepit,
426 2124 491 2164 ne
521 2108 661 2164 forte
690 2110 773 2164 his
799 2109 927 2179 ipsis
959 2124 1079 2178 quae
1117 2109 1271 2178 quasi
1313 2111 1529 2165 termini
1565 2121 1693 2167 sunt
1793 2108 1951 2175 serit,
1977 2118 2038 2163 ut
2074 2124 2181 2164 non
2224 2108 2495 2181 superﬂua
2523 2110 2774 2167 videatur
2812 2109 2992 2182 legum
3021 2111 3295 2181 repetitio,
3328 2116 3386 2167 et

120 2196 342 2267 iustitiae
376 2199 444 2252 ad
479 2197 802 2265 injustitiam
837 2204 1073 2253 utamur.
1114 2200 1506 2269 Propterminis
1542 2203 1687 2257 enim
1794 2199 2147 2271 inquisitione
2186 2216 2449 2258 novorum
2487 2202 2653 2258 etiam
2689 2202 3057 2258 amarioribus
3088 2202 3384 2260 studiosius

124 2284 334 2355 iustitia:
367 2290 721 2345 vendentibus
753 2296 807 2344 et
842 2292 1171 2357 ementibus,
1203 2300 1297 2347 aut
1320 2293 1425 2348 alio
1451 2294 1690 2364 quolibet
1791 2289 2154 2346 intendamus.
2206 2290 2376 2361 Hujus
2411 2292 2491 2348 rei
2523 2293 2697 2365 gratia
2733 2290 2981 2350 actiones
3022 2290 3284 2365 quaedam
3325 2291 3387 2351 in

125 2379 271 2435 modo
298 2381 740 2437 contrahentibus
777 2392 1046 2439 mensum
1076 2385 1291 2451 dantur,
1333 2395 1391 2443 et
1427 2387 1685 2458 pondera,
1790 2383 2082 2453 praeteritis
2109 2385 2423 2456 prohibens,
2456 2399 2675 2457 pasnam
2706 2400 2898 2442 earum
2943 2387 3141 2453 tacuit,
3175 2394 3234 2441 ut
3261 2396 3387 2456 quc

128 2472 555 2543 quemadmodum
586 2474 731 2545 leges
750 2474 1121 2544 iudicantibus
1153 2495 1166 2532 :
1196 2478 1343 2533 unde
1382 2478 1447 2534 de
1474 2494 1582 2534 non
1616 2477 1691 2534 la-
1792 2474 1864 2529 sit
1882 2475 1999 2530 haec
2015 2475 2101 2531 vel
2128 2476 2304 2547 qualis
2329 2486 2658 2548 quaerentes,
2682 2492 2750 2536 ea
2773 2492 2897 2550 qum
2922 2479 3152 2535 inferius
3180 2480 3379 2548 sancit,

128 2563 298 2618 dendo
313 2562 573 2632 iniustum
594 2563 878 2635 judicium,
902 2567 1048 2622 etde
1073 2582 1181 2623 non
1206 2567 1556 2624 immutandis
1578 2578 1691 2624 sta-
1788 2575 2117 2623 scrutemur.
2156 2567 2215 2623 In
2254 2570 2340 2625 his
2378 2571 2523 2626 enim
2564 2585 2757 2642 poenas
2791 2571 3043 2640 inseruit,
3083 2587 3221 2644 quas
3248 2579 3380 2628 tunc

129 2652 243 2707 teris
265 2660 316 2708 et
339 2653 692 2723 ponderibus,
729 2656 824 2712 sed
860 2664 915 2710 et
945 2657 1012 2713 de
1038 2658 1276 2714 sextario
1310 2657 1557 2714 modiove
1594 2660 1690 2715 ba-
1789 2660 2157 2730 praetermisit.
2213 2659 2356 2716 Olim
2399 2675 2528 2732 ergo
2566 2662 2865 2732 prohibens
2912 2664 2978 2718 de
3031 2664 3241 2719 semine
3280 2676 3380 2718 suo

126 2744 463 2818 bendojusto,
504 2747 560 2803 id
589 2757 693 2815 est,
724 2748 791 2805 de
818 2749 965 2806 omni
1004 2766 1257 2805 mensura
1293 2751 1404 2806 vini
1436 2760 1530 2806 aut
1560 2752 1686 2818 olei,
1790 2748 2021 2818 Moloch,
2064 2752 2179 2808 sive
2213 2753 2511 2808 secundum
2559 2750 2918 2823 Septuaginta
2954 2752 3210 2822 principi,
3240 2751 3381 2807 dari.

125 2837 316 2895 addltur
347 2842 414 2897 ab
441 2841 594 2897 omni
622 2844 809 2913 utique
851 2842 1135 2917 injustitia,
1178 2858 1297 2915 quae
1341 2856 1469 2917 erga
1508 2844 1692 2916 proxi-
1790 2839 1923 2896 Erat
1950 2850 2131 2899 autem
2157 2843 2262 2899 hoc
2289 2843 2415 2898 idoli
2446 2843 2728 2912 cujusdam
2752 2844 2837 2899 vel
2864 2843 3128 2899 daemonis
3159 2856 3379 2899 nomen.

124 2944 250 2987 mum
280 2935 487 3006 geritur
506 2978 524 3004 ,
561 2943 668 2991 tam
697 2936 753 2991 in
785 2936 1080 3007 majOribus
1109 2954 1272 3011 quam
1302 2937 1358 2993 in
1390 2937 1690 2995 minoribus
1796 2930 2108 2988 Secundum
2136 2934 2277 3003 quod
2309 2932 2618 3003 Stephanus
2650 2934 2818 2988 Amos
2857 2933 3158 2988 introduxit
3194 2932 3383 2987 dicen-

122 3028 349 3099 przecepit
376 3029 786 3086 abstinendum.
828 3026 965 3099 Quia
993 3034 1136 3102 quod
1166 3030 1428 3101 iniustum
1447 3042 1550 3099 est,
1575 3032 1692 3089 ubl-

1798 3030 1903 3080 tem
1945 3042 1957 3078 :
1998 3022 2068 3078 Et
2112 3024 2378 3096 recepistis
2420 3022 2819 3078 tabernaculum
2864 3022 3095 3090 Molocb,
3143 3032 3192 3077 et
3236 3022 3384 3080 sidus

121 3124 209 3180 que
254 3114 623 3173 abominahlle
677 3125 781 3174 est.
846 3116 1033 3175 Placet
1082 3129 1266 3177 autem
1315 3121 1428 3178 Deo
1479 3136 1690 3193 semper
1792 3113 1891 3170 Dei
1919 3117 2074 3171 vestri
2108 3113 2419 3187 Rempham,
2448 3114 2649 3187 ﬁguras
2686 3131 2818 3187 quas
2845 3114 3043 3187 fecistis
3074 3124 3133 3170 ut
3154 3116 3384 3175 adoretis

121 3206 241 3275 quod
278 3206 481 3278 justum
538 3218 641 3267 est.
690 3208 959 3268 Prmterea
1016 3214 1159 3286 quod
1213 3212 1365 3269 diviti
1416 3215 1688 3287 possessio
1718 3271 1760 3287 _
1794 3221 1883 3260 eas
1925 3203 2106 3278 (Amos
2149 3207 2226 3277 v).
2268 3205 2364 3261 Est
2403 3213 2584 3261 autem
2619 3204 2827 3261 Moloch
2866 3205 2950 3260 vel
2990 3204 3286 3272 Melchom,
3323 3213 3386 3261 ut

120 3299 215 3368 agri
238 3308 291 3355 et
318 3302 513 3359 domus
555 3311 661 3371 est,
699 3304 802 3360 hoc
844 3314 898 3361 et
927 3304 1154 3376 pauperi
1195 3320 1451 3363 mensura
1488 3307 1598 3361 vini
1630 3315 1686 3362 et

1798 3312 1935 3370 saepe
1968 3300 2132 3353 etiam
2159 3298 2358 3371 legitur
2390 3298 2588 3354 idolum
2625 3298 3093 3366 Ammonitarum,
3123 3299 3271 3370 quod
3301 3299 3383 3353 in-

120 3386 282 3456 tritici,
310 3401 363 3447 et
389 3395 549 3463 panis
580 3393 790 3464 pondus
820 3403 924 3462 est,
955 3404 1009 3450 et
1035 3394 1138 3451 alia
1180 3412 1246 3452 ex
1284 3395 1482 3469 quibus
1515 3399 1683 3453 vitam

1798 3397 2117 3462 terpretatur
2142 3405 2236 3443 rea:
2264 3398 2449 3457 vester,
2475 3397 2531 3446 et
2557 3390 2707 3445 sidus
2732 3390 2828 3446 Dei
2856 3390 3024 3448 vestri
3057 3390 3382 3461 Bempham,

118 3482 463 3547 quotidianam
486 3484 658 3539 ducit.
699 3482 808 3541 Sed
828 3500 928 3541 nec
954 3485 1211 3557 iniustum
1234 3488 1289 3542 in
1305 3486 1508 3556 judicio
1536 3504 1686 3544 men-

1798 3482 1844 3537 id
1865 3491 1968 3546 est,
1998 3481 2219 3553 factum
2250 3490 2455 3547 vestrae,
2486 3481 2641 3536 vobis
2660 3496 2760 3552 pre
2789 3481 2900 3536 Deo
2921 3481 3259 3552 suscepistis.
3293 3479 3386 3538 8i-

118 3570 183 3624 tis
227 3572 494 3642 faciamus,
549 3593 650 3633 nec
689 3592 971 3634 mensuras
1012 3588 1066 3634 et
1108 3587 1338 3636 stateras
1382 3580 1519 3650 ejus,
1566 3597 1685 3651 quae
1789 3575 2011 3647 gniﬁcai
2034 3582 2214 3629 amem
2240 3573 2548 3640 luciferum,
2572 3572 2727 3642 cuius
2753 3573 2922 3628 ειιιίυί
2948 3572 3380 3628 Sarracenorum

116 3665 417 3722 naturaliter
464 3668 627 3723 nobis
668 3668 828 3724 insita
870 3675 957 3724 est
985 3668 1211 3738 iustitia:
1252 3685 1684 3739 corrumpamus,
1791 3682 1955 3737 gens,
1999 3667 2068 3720 ob
2109 3666 2370 3721 honorem
2408 3663 2638 3720 Veneris
2685 3674 2805 3718 erat
2852 3664 3176 3733 mancipata.
3226 3663 3385 3720 Nunc

119 3755 255 3813 aliter
289 3769 504 3826 nostra,
542 3769 597 3816 et
641 3761 803 3819 aliter
837 3762 1073 3834 proximi
1108 3771 1330 3833 peccata
1357 3762 1682 3833 judicautes.
1791 3772 1925 3828 ergo
1965 3756 2197 3829 idipsum
2232 3771 2421 3810 rursus
2460 3763 2773 3811 contestans
2810 3764 3000 3809 contra
3036 3765 3378 3825 peccantem,

117 3848 186 3902 Ait
212 3854 360 3906 enim
389 3852 660 3909 Dominus
691 3871 704 3910 :
731 3854 801 3910 In
827 3872 929 3926 quo
952 3856 1154 3924 judicio
1180 3856 1562 3925 judicaveritis,
1586 3855 1685 3926 ju-
1783 3849 1997 3921 iudices
2022 3890 2036 3916 ,
2065 3849 2379 3917 ultoresque
2406 3863 2514 3903 non
2545 3847 2716 3902 solum
2751 3845 3025 3917 principes
3050 3844 3255 3915 populi,
3287 3845 3384 3901 sed

119 3938 427 4008 dicabimini,
474 3952 522 3995 et
558 3944 609 3996 in
645 3960 748 4014 qua
790 3959 1035 3999 mensura
1067 3946 1231 3998 mensi
1260 3945 1483 4013 fueritis,
1520 3962 1685 3999 reme-
1791 3953 1847 3999 et
1894 3952 2061 3998 totam
2120 3942 2460 4014 Synagogam
2520 3949 2574 3996 et
2621 3940 2879 4011 populum
2934 3937 3083 3993 facit.
3144 3936 3382 4009 Populus

118 4031 248 4088 tielur
264 4033 413 4087 vobis
433 4032 1081 4107 (Matth.vn).Quodipse
1101 4034 1690 4105 interpretans,quem—
1791 4036 1953 4100 enim,
1984 4032 2180 4104 inquit,
2211 4043 2364 4087 terra:
2394 4031 2653 4104 lapidabit
2673 4049 2811 4087 eum.
2847 4030 2956 4087 Nec
2985 4030 3072 4087 his
3093 4038 3384 4087 contentus

118 4126 380 4181 admodum
432 4126 663 4184 deberet
708 4127 935 4199 intelligi
982 4126 1217 4183 subdidit
1262 4143 1277 4180 :
1327 4124 1466 4192 Quid
1515 4136 1689 4181 autem
1792 4122 2131 4179 addidit:Et
2168 4139 2262 4193 ego
2306 4138 2499 4194 ponam
2544 4123 2734 4193 faciem
2774 4134 2944 4177 meam
2980 4129 3162 4176 contra
3206 4121 3380 4190 illum,

119 4216 233 4271 vides
271 4219 537 4288 festucam
575 4219 629 4272 in
667 4218 818 4274 oculo
869 4219 1054 4288 fratris
1100 4219 1214 4285 tui,
1267 4218 1467 4273 trabem
1512 4228 1688 4274 autem

120 4308 281 4374 qua-in
306 4309 462 4363 oculo
487 4318 581 4363 tuo
609 4319 682 4364 est
706 4324 808 4363 non
830 4308 1011 4364 vides?

178 4396 270 4452 Sed
300 4416 400 4455 nec
439 4399 498 4453 in
530 4400 861 4470 ponderibus
889 4408 944 4455 et
972 4398 1190 4455 stateris
1221 4406 1276 4455 et
1307 4399 1576 4455 mensuris
1605 4398 1686 4456 di-

1790 4216 2157 4286 succidamque
2186 4229 2304 4269 eum
2340 4212 2404 4268 de
2430 4213 2599 4268 medio
2632 4213 2813 4285 populi
2845 4213 2962 4280 sui,
2995 4224 3093 4285 per
3128 4213 3234 4269 hoc
3264 4228 3382 4269 om-

1789 4321 1889 4361 nes
1915 4306 2131 4377 erigens
2156 4314 2212 4360 et
2229 4318 2529 4376 provocans
2554 4314 2743 4360 contra
2770 4320 2893 4360 eum
2928 4306 3021 4376 qui
3066 4304 3195 4361 talia
3230 4318 3381 4361 com—

1788 4398 1957 4453 misit.
2001 4397 2110 4454 Sed
2149 4405 2205 4453 et
2246 4407 2510 4454 terrorem
2546 4399 2810 4463 indicens,
2849 4399 2895 4452 si
2930 4396 3291 4468 neglexerint,
3325 4406 3383 4453 et

124 4484 237 4539 vinis
264 4500 586 4556 noceamus,
620 4491 714 4546 sed
742 4490 916 4559 justas
953 4499 1185 4545 stateras
1222 4499 1278 4547 et
1318 4504 1603 4547 mensuras
1632 4498 1688 4546 et
1786 4504 1897 4543 non
1948 4504 2071 4544 cum
2118 4490 2297 4545 studio
2342 4498 2671 4560 prmceptam
2710 4504 2928 4560 poenam
2981 4487 3095 4541 suis
3144 4486 3202 4540 in
3256 4498 3382 4541 eum

124 4577 351 4647 pondera,
384 4582 440 4637 id
483 4590 594 4648 est,
640 4581 787 4651 leges
829 4580 1122 4651 Scriptura
1169 4582 1365 4637 divina:
1410 4583 1685 4638 custodia-
1709 4624 1765 4651 ,κ
1793 4581 2137 4636 exercuerim
2164 4582 2432 4647 manibus,
2463 4588 2648 4650 utpote
2676 4581 2729 4633 in
2760 4587 2970 4632 tantum
2995 4578 3134 4633 irato
3159 4576 3293 4646 Deo,
3320 4586 3383 4634 ut

124 4678 238 4721 mus.
276 4670 597 4729 Nullatenus
634 4672 713 4727 eis
746 4679 1002 4727 stateram
1032 4681 1127 4726 aut
1158 4673 1367 4743 pondus
1393 4688 1556 4745 super
1584 4674 1686 4728 im—
1711 4669 1765 4689 ”
1792 4670 1910 4741 ipse
1932 4680 2117 4740 aperte
2138 4671 2451 4740 praedictam
2477 4670 2805 4724 sententiam
2830 4678 3021 4724 contra
3044 4684 3167 4725 eum
3188 4669 3378 4726 ferret.

126 4767 348 4822 ponentes
364 4752 689 4833 proprium,
714 4770 769 4817 et
797 4776 972 4831 neque
994 4761 1097 4816 hoc
1129 4762 1273 4831 quod
1303 4762 1564 4819 Pharisaei
1590 4779 1685 4833 pa—
1794 4760 1904 4813 Cur
1948 4761 2164 4814 autem?
2212 4760 2346 4826 Quia
2396 4759 2461 4813 de
2498 4761 2702 4813 semine
2745 4774 2843 4813 suo
2872 4759 3016 4815 dedit
3056 4760 3287 4827 llolocb,
3321 4769 3381 4815 ut

128 4845 307 4906 liamur.
351 4854 426 4908 De
452 4854 661 4924 quibus
696 4853 951 4908 Dominus
990 4853 1046 4907 in
1082 4852 1391 4924 Evangeliis
1425 4854 1641 4909 dicebat
1669 4873 1681 4908 :
1795 4852 2193 4908 contaminaret
2223 4850 2593 4905 sanctuarium
2640 4864 2837 4915 meum,
2883 4865 2947 4906 ac
2975 4849 3241 4922 pollueret
3276 4866 3381 4907 no-

127 4933 727 5015 Quoretrmsgredimini
751 4940 998 4996 mandata
1028 4942 1125 4997 Dei
1147 4952 1357 5015 propter
1378 4944 1686 4999 traditiones
1797 4958 1923 5001 men
1974 4950 2224 4998 sanctum
2274 4955 2476 4996 meum.
2528 4940 2846 5011 Quicunque
2875 4940 3017 4996 cnim
3048 4940 3243 5009 ﬁlium,
3285 4950 3379 4995 aut

126 5041 289 5089 vestras
312 5024 527 5109 (Matth.
559 5033 681 5106 xv).
720 5032 814 5087 llla
838 5033 981 5087 enim
1006 5033 1074 5088 ad
1105 5036 1420 5089 memoriam
1447 5042 1687 5091 nostram

127 5123 229 5190 quia
270 5128 379 5185 hinc
417 5128 643 5184 locutus
683 5134 769 5181 est
794 5165 807 5191 ,
844 5124 932 5179 lett
970 5138 1234 5181 revocans
1275 5127 1544 5182 subdidit:
1573 5125 1688 5198 Ego

127 5209 347 5275 Dominus
374 5221 521 5277 Deus
547 5228 737 5284 vester,
769 5218 859 5290 qui
883 5215 1041 5271 eduxi
1070 5230 1156 5270 vos
1183 5216 1247 5271 de
1276 5225 1415 5271 terra
1436 5217 1686 5289 Egypti:

128 5309 345 5366 custodite
381 5313 563 5366 omnia
595 5320 858 5383 praecepta
890 5325 1039 5375 mea,
1070 5319 1119 5363 et
1149 5308 1390 5362 universa
1407 5308 1616 5377 judicia
1640 5320 1690 5363 et

126 5390 257 5459 facile
290 5418 370 5457 ea.
394 5401 731 5474 Evangelica
770 5401 1022 5456 mandata
1054 5399 1432 5455 demonstrans
1472 5412 1591 5467 quae
1619 5411 1688 5453 ex

128 5492 415 5549 “Claritate
452 5494 726 5550 Dominus
755 5491 1029 5562 prmceplt.

708 5603 939 5662 CAPUT
993 5602 1085 5661 XI.

184 5691 324 5755 uolo
367 5700 582 5757 Holoch
626 5712 733 5771 non
780 5700 1192 5771 immolandum.
1234 5698 1407 5771 Hagis
1447 5714 1551 5755 non
1591 5699 1689 5756 ad—

262 5771 591 5829 harendum.
620 5768 935 5826 Parentibus
962 5786 1065 5826 non
1084 5768 1518 5826 maledicendum.

190 5855 328 5928 (Car.
355 5863 471 5937 sx.)
501 5863 737 5920 Locutus
755 5873 828 5918 est
853 5861 1108 5919 Dominus
1128 5861 1197 5918 ad
1223 5858 1440 5933 logsen
1468 5863 1643 5920 dicens
1666 5878 1686 5916 :

1797 5054 2107 5117 Cogitatum,
2150 5050 2243 5099 aut
2281 5043 2622 5113 discipulum,
2654 5052 2747 5098 aut
2777 5043 3029 5111 amicum,
3070 5051 3165 5099 aut
3193 5058 3382 5115 quem—

1799 5160 2011 5214 cunque
2041 5145 2108 5199 de
2139 5158 2236 5197 suo
2262 5142 2481 5197 nomine
2508 5141 2592 5197 vel
2620 5144 2958 5214 cOguatlone,
2987 5152 3081 5197 aut
3110 5142 3375 5209 doctrina,

1797 5246 2029 5318 principi
2073 5244 2256 5300 saeculi
2316 5243 2474 5315 hujus
2520 5245 2615 5315 qui
2663 5262 2805 5301 nunc
2850 5244 3106 5317 operatur
3154 5243 3208 5297 in
3251 5240 3379 5296 {illis

1802 5345 2111 5401 diuidendae
2149 5344 2377 5412 dederit,
2416 5360 2617 5401 vovens
2651 5360 2775 5401 eum
2818 5353 2874 5400 et
2914 5356 3240 5400 consecrans
3266 5338 3380 5395 dat-

1800 5448 2071 5514 monibus,
2107 5447 2199 5503 hic
2230 5448 2450 5519 quidem
2479 5448 2548 5502 ad
2587 5463 2742 5504 sacra
2777 5447 3100 5506 daamouum,
3123 5438 3259 5492 alter
3288 5452 3381 5493 au-

1799 5556 1910 5606 tem
1947 5548 2108 5606 mista
2139 5548 2282 5607 virili
2320 5550 2680 5618 muliebrique
2719 5547 2848 5601 vita.
2898 5544 3197 5610 Utrumque
3229 5540 3376 5596 enim

1796 5657 1919 5706 erat
1945 5650 2169 5721 paganis
2190 5650 2547 5714 mnsaetudo,
2589 5656 2644 5701 et
2682 5645 2769 5699 bis
2802 5643 2896 5711 qui
2943 5642 2997 5695 iu
3035 5653 3221 5695 errore
3258 5639 3380 5698 illo-

1798 5770 1920 5810 rum
1957 5754 2293 5811 labebantur.
2349 5755 2425 5810 De
2473 5752 2666 5825 quibus
2711 5747 2854 5801 Deus
2885 5759 2985 5816 per
3018 5743 3182 5803 Amos
3207 5746 3372 5813 dicit:

1799 5860 1935 5929 Quia
1976 5858 2067 5915 isti
2109 5872 2232 5915 cum
2273 5854 2581 5913 fornicariis
2616 5848 3120 5919 corrumpebantur,
3162 5861 3217 5909 et
3251 5866 3377 5910 cum
