3892 6344
440 345 546 405 ιιι-ι
1118 338 1178 392 u.
1219 336 1470 392 nsum
1511 334 1728 391 MAURI
1766 318 2079 388 ARCHIEPI
2116 314 2431 384 'MocUNT.
2471 322 2757 382 OPERUM
2792 324 2973 383 rans
3010 326 3055 383 ι.

3598 320 3719 390 *ιω

444 456 551 511 hoe
575 451 794 523 quidem
827 448 983 503 valde
1011 448 1310 503 secundum
1345 448 1581 503 litteram
1620 444 1936 507 custoditur,
1964 448 2021 496 et
2045 440 2097 505 Α
2122 447 2240 505 est,
2290 440 2484 497 mistus
2527 445 2612 495 est
2652 440 2723 495 ei.
2776 438 2845 495 Et
2885 438 3017 510 quid
3066 440 3144 497 ait
3177 439 3504 498 :‘Peccatum
3562 463 3715 503 suum

447 552 673 601 cavetur
717 538 1028 609 huiusmodi
1079 539 1289 594 incesta
1344 536 1651 593 commistio
1701 534 2025 608 generisque

360 620 365 625 ’
447 631 717 692 confusio.
756 630 894 700 Quia
931 637 1112 685 autem
1150 630 1330 685 omnis
1366 628 1575 700 peccati
1616 634 1790 683 mater
1825 639 2027 680 concu-

448 724 716 797 piscentia
746 730 853 787 est,
879 727 1093 792 oportet
1122 727 1177 773 et
1214 721 1318 774 hoc
1351 718 1714 789 praevaricari,
1751 725 1812 771 nt
1848 716 1893 770 si
1920 729 2027 785 qua

447 819 608 875 nobis
654 816 858 889 peccati
899 815 1340 884 concupiscentia
1370 814 1449 880 tit,
1478 828 1646 883 usque
1676 812 1744 866 ad
1769 814 1911 867 hanc
1936 825 2025 865 re-

444 910 725 974 sistamus,
765 918 822 963 et
852 923 958 963 non
984 907 1035 962 ei
1065 902 1458 977 coniungamns
1489 906 1775 960 actionem.
1808 903 1912 972 Qui
1938 917 2029 957 au-

445 1014 557 1060 tem
584 999 886 1073 coniungit,
912 1000 967 1054 in
997 1000 1121 1072 igne
1151 999 1478 1060 incenditur,
1510 1012 1617 1051 non
1645 996 1819 1051 solum
1846 1003 2027 1049 autem

451 1096 589 1168 ipse,
607 1095 702 1151 sed
720 1103 776 1149 et
801 1093 1129 1149 desiderium
1151 1092 1381 1162 peccati,
1406 1092 1627 1162 insuper
1647 1098 1701 1144 et
1724 1089 1865 1144 actio
1890 1089 2025 1159 ipsa.

450 1188 573 1257 Quo
598 1188 756 1260 igne?
786 1188 862 1242 De
889 1201 996 1256 quo
1020 1186 1157 1241 dixit
1174 1184 1422 1239 Christus
1449 1201 1461 1237 :
1488 1181 1669 1254 Ignem
1697 1181 1810 1235 veni
1826 1180 2028 1234 mittere

446 1281 504 1335 in
525 1290 719 1335 terram
744 1289 792 1333 et
820 1277 934 1333 volo
963 1287 1016 1331 ut
1043 1277 1365 1331 accendatur
1394 1274 1543 1347 (Luc.
1570 1273 1690 1346 xu),
1725 1273 1903 1337 idest,
1935 1271 2030 1325 ad-

445 1369 900 1426 ministrationem
924 1368 1169 1436 spiritus,
1197 1367 1288 1437 qui
1316 1367 1462 1436 ipsos
1488 1374 1802 1435 peccatores
1829 1362 1895 1416 de
1914 1376 2030 1415 me-

450 1462 539 1518 dio
577 1460 806 1526 auferet,
851 1475 1146 1530 eorumque
1173 1467 1412 1529 peccata.
1450 1456 1510 1512 Si
1538 1457 1675 1510 enim
1712 1455 1923 1526 spiritu,
1953 1454 2031 1508 ait

444 1553 668 1619 Paulus,
698 1561 817 1607 acta
846 1552 1021 1605 carnis
1043 1551 1391 1619 martiﬁcetis,
1419 1549 1617 1603 vivatis.

520 1647 626 1713 Qui
654 1663 773 1701 cum
791 1646 1034 1716 jumento
1062 1653 1110 1697 et
1137 1660 1320 1713 pecore
1348 1642 1526 1696 coierit
1554 1647 1720 1695 marte
1748 1638 2028 1705 moriatur,

447 1755 604 1810 pecus
641 1753 845 1808 quoque
886 1735 1184 1799 occidetur;
1222 1744 1271 1787 et
1312 1734 1501 1787 mulier
1533 1748 1650 1803 qutc
1695 1730 2027 1784 succubuerit

2130 531 2399 603 accipient,
2429 546 2549 585 cum
2586 530 2651 586 de
2678 544 2841 602 paena
2871 546 3060 587 eorum
3089 530 3427 602 loqueretur,
3458 536 3567 591 nisi
3594 538 3714 609 quia

2128 633 2185 679 et
2213 625 2386 694 ipsam
2418 638 2634 694 poenam
2656 623 2888 695 peccati,
2919 632 3204 694 peccatum
3234 625 3407 682 voluit
3431 629 3710 699 appellari.

2130 711 2240 785 (Ex
2271 710 2575 783 Hesychia.)
2605 713 2908 769 Tolerabile
2942 729 3063 770 esse
3100 716 3203 771 hoc
3225 732 3257 771 a
3280 714 3466 773 multis
3492 720 3715 790 putaba-

2129 810 2235 869 tur,
2286 802 2564 858 sororibus
2608 803 2731 857 ﬁlim
2758 804 2931 874 patris
2961 804 3045 858 vel
3086 805 3212 860 filim
3251 808 3445 864 matris
3474 809 3709 878 misceri,

2128 894 2254 964 quia
2303 902 2357 950 et
2401 893 2678 949 Abraham
2719 894 2785 949 de
2833 893 2971 950 Sara
3007 895 3261 953 dicebat;
3299 896 3469 953 Soror
3496 916 3615 955 mea
3643 912 3709 956 est

2130 985 2284 1059 (Cen.
2308 988 2431 1062 xu),
2459 1003 2526 1042 ex
2555 997 2712 1058 patre
2740 996 2923 1043 etnon
2964 1004 3030 1043 ex
3067 1001 3261 1054 matre,
3311 993 3459 1062 quod
3500 994 3707 1062 quidem

2127 1092 2235 1131 non
2266 1078 2578 1132 omnimodo
2600 1079 2678 1133 sic
2703 1086 2786 1134 est
2810 1080 2949 1134 sicut
2982 1078 3185 1137 habere
3210 1092 3439 1152 putatur
3469 1083 3705 1141 historia.

2129 1173 2263 1228 Nam
2303 1190 2398 1229 eos
2426 1175 2519 1246 qui
2548 1188 2616 1228 ex
2648 1174 2830 1230 Thare
2870 1184 3021 1247 patre
3061 1176 3340 1232 Abraham
3372 1178 3547 1250 geniti
3576 1190 3705 1245 sunt,

2130 1262 2342 1335 Moyses
2381 1280 2612 1318 narrans
2662 1280 2929 1336 nusquam
2981 1265 3133 1322 Sara:
3180 1269 3524 1326 mentionem
3575 1270 3706 1328 fecit.

2128 1356 2283 1424 Quod
2310 1357 2354 1411 si
2385 1367 2437 1411 et
2464 1359 2638 1412 sorori
2678 1374 2789 1413 sum
2830 1358 3110 1415 Abraham
3140 1362 3345 1431 nupsit,
3381 1372 3515 1418 ante
3547 1371 3703 1420 tarmen

2130 1465 2293 1519 quam
2324 1458 2677 1519 cognosceret
2705 1449 2912 1505 Deum?
2948 1451 3147 1507 Malum
3172 1462 3255 1508 est
3280 1469 3414 1525 ergo
3446 1457 3705 1510 sororibus

2131 1540 2365 1613 coniugii
2402 1542 2662 1597 societate
2702 1543 2943 1607 misceri,
2971 1545 3116 1600 unde
3146 1546 3279 1601 illud
3306 1547 3393 1601 lex
3420 1548 3700 1617 prohibuit.

2129 1630 2264 1687 Cum
2305 1648 2434 1705 ergo
2478 1635 2594 1689 haec
2640 1635 2720 1690 sic
2757 1650 2816 1689 se
2864 1635 3127 1702 habeant,
3180 1637 3506 1694 nullatenus
3531 1655 3561 1693 a
3586 1654 3702 1708 pra.»

2131 1725 2273 1780 dicta
2313 1727 2771 1796 contemplatione
2808 1727 3152 1784 recedamus.
3186 1730 3603 1801 Turpitudinem
3626 1748 3699 1786 au-

442 1801 685 1901 iumenta
732 1801 893 1882 simul
936 1825 1280 1894 interﬁciatur
1318 1840 1434 1878 cum
1480 1801 1562 1889 eo,
1608 1822 1822 1892 sanguis
1847 1837 2027 1875 eorum
2057 1801 2107 1865 Β
2139 1825 2245 1874 tem
2284 1821 2487 1874 sororis
2518 1836 2585 1875 ex
2610 1829 2767 1890 patre
2794 1829 2888 1876 aut
2918 1836 2985 1876 ex
3012 1830 3208 1887 matre,
3242 1838 3439 1878 revera
3470 1824 3613 1880 illum
3635 1825 3699 1879 in.

445 1935 605 1990 super
622 1935 730 1972 eos.
771 1917 1040 1984 Quaeritur
1080 1916 1352 1986 quomodo
1402 1915 1475 1970 sit
1519 1930 1672 1969 reum
1711 1928 1878 1983 pecus
1905 1928 2029 1967 cum

449 2010 521 2065 sit
551 2008 869 2064 irrationale
896 2022 996 2061 nec
1019 2007 1132 2060 ullo
1163 2007 1324 2061 modo
1345 2005 1479 2073 legis
1503 2020 1673 2075 capax
1696 2007 1708 2056 !
1735 2004 1817 2057 An
1847 2019 2031 2073 quem-

447 2101 738 2158 admodum
762 2098 1169 2154 transferuntur
1192 2097 1357 2150 verba
1394 2095 1555 2150 modo
1591 2095 1880 2149 locutionis
1908 2110 2028 2164 qua:

444 2191 634 2250 Graece
666 2191 973 2265 appellatur
1002 2189 1341 2258 metaphora,
1382 2189 1450 2242 ab
1488 2188 1706 2241 animali
1743 2186 1807 2240 ad
1848 2186 2029 2240 inani-

355 2298 365 2306 ‘
447 2287 593 2343 male
639 2286 781 2341 sicut
825 2284 1046 2350 dicitur,
1100 2282 1382 2352 improbus
1433 2287 1649 2345 ventus,
1696 2278 1779 2332 vel
1830 2278 2032 2333 iratum

450 2394 628 2445 mare,
660 2378 736 2433 ita
762 2386 818 2432 et
841 2377 934 2432 hic
964 2375 1290 2430 translatum
1321 2384 1426 2440 cst,
1455 2389 1483 2426 a
1516 2371 1767 2427 rationali
1794 2373 1861 2426 ad
1892 2371 2031 2426 irra-

450 2470 671 2527 tionale.
706 2469 838 2525 Nam
860 2484 1060 2540 pecora
1090 2468 1214 2524 inde
1238 2467 1565 2523 credendum
1590 2465 1837 2535 estiussa
1864 2467 2032 2520 inter-

449 2560 563 2628 ﬁci,
592 2561 727 2630 quia.
754 2561 852 2616 tali
888 2559 1091 2631 ﬂagitio
1128 2559 1518 2625 contaminata,
1562 2558 1839 2629 indignam
1869 2557 2030 2613 refri-

445 2662 575 2710 cant
601 2653 729 2709 facti
756 2654 1092 2709 memoriam.

513 2746 632 2821 (Ex
650 2746 958 2821 Hesychia.)
994 2746 1170 2802 Nimia
1210 2755 1402 2802 contra
1432 2745 1689 2817 papulum
1714 2743 2031 2800 Judaeorum

444 2837 730 2909 legislator
756 2839 929 2894 utitur
952 2837 1318 2905 districtione,
1364 2838 1492 2907 quia
1538 2836 1809 2891 intautum
1859 2834 2030 2906 iniqui

446 2937 609 3001 atque
640 2929 849 2987 libidini
878 2930 1041 2985 dediti
1068 2937 1242 2996 erant,
1275 2938 1334 2984 ut
1352 2930 1427 2984 ad
1460 2936 1680 2983 exteras
1714 2928 1876 2983 etiam
1903 2942 2031 2982 con-

444 3021 811 3093 cupiscendus
848 3022 1190 3086 aberrarent,
1242 3027 1298 3073 et
1322 3027 1615 3090 propterea
1647 3035 1770 3074 cum
1795 3017 2034 3089 quadru-

442 3112 672 3181 pedibus
710 3110 816 3164 viri
862 3110 1217 3179 mulierisque
1264 3109 1660 3164 commistionis
1697 3108 2029 3163 mentionem

448 3198 677 3267 iaciens,
710 3200 907 3259 mortis
941 3216 1064 3256 esse
1100 3199 1408 3269 huiusmodi
1439 3215 1659 3270 poenam
1690 3200 2031 3254 demonstra-

447 3290 546 3344 vit.
596 3290 677 3345 Tu
726 3300 908 3346 autem
956 3290 1183 3344 forsitan
1231 3290 1559 3359 superﬂuam
1607 3306 1728 3345 esse
1781 3290 2031 3345 ﬁdelibus

445 3381 600 3437 hanc
639 3380 814 3453 legem
847 3381 1139 3452 iudicabis.
1170 3379 1355 3451 Neque
1400 3382 1568 3447 enim,
1616 3381 1818 3452 inquis,
1868 3390 2031 3452 egent

450 3470 761 3542 huiusmodi
804 3472 937 3544 iure
985 3472 1218 3528 censeri.
1259 3471 1377 3527 Non
1415 3481 1598 3527 autem
1626 3460 2025 3543 cstsuperﬂua,

444 3564 542 3621 sed
581 3565 743 3621 nimis
780 3563 903 3634 eius
946 3581 1049 3620 nos
1074 3565 1273 3635 iuvare
1300 3564 1560 3635 spiritalis
1588 3574 1767 3637 potest
1793 3576 2029 3621 contem-

444 3655 632 3727 platio:
686 3655 747 3714 Si
791 3657 1165 3728 quadrupedia
1209 3657 1515 3728 voluptates
1566 3673 1762 3729 pravas
1788 3669 1843 3713 ct
1872 3660 2029 3715 deor-

444 3762 566 3807 Sum
608 3756 811 3805 terram
862 3757 1181 3805 contuentes
1221 3749 1606 3819 intelligamus,
1648 3758 1851 3819 utpote
1878 3751 2027 3805 omni

446 3839 684 3895 humana
726 3848 977 3897 carentes
1030 3843 1245 3898 actione
1284 3850 1340 3897 et
1388 3852 1682 3913 propterea
1727 3843 2028 3913 appellatas

446 3933 841 4003 quadrupedis,
858 3933 985 4003 quia
1004 3934 1376 4005 quadrupedia
1401 3950 1594 3990 manus
1615 3935 1757 3989 sicut
1781 3935 2029 3991 homines

444 4037 553 4078 non
584 4024 805 4087 habent,
839 4033 1001 4094 atque
1042 4025 1165 4080 ideo
1196 4026 1434 4080 maxima
1478 4034 1665 4082 nostra
1707 4028 2027 4099 cognatione

446 4124 654 4170 carent.
692 4115 1010 4185 Quicunque
1044 4133 1174 4186 ergo
1201 4119 1285 4173 vir
1321 4127 1416 4174 aut
1454 4120 1649 4175 mulier
1672 4122 1742 4174 ad
1776 4121 2030 4191 alienige-

444 4218 543 4258 nas
587 4203 891 4273 voluptates
938 4205 1209 4259 intantum
1256 4208 1542 4273 incumbit,
1590 4216 1650 4262 ut
1698 4224 1765 4262 ne
1806 4211 2027 4279 quidem

442 4309 540 4365 per
565 4292 827 4349 desidiam
859 4295 927 4349 ab
954 4295 1033 4351 eis
1060 4296 1323 4365 capiatur,
1373 4298 1469 4352 sed
1508 4299 1617 4352 imo
1647 4298 1805 4353 valde
1833 4298 1914 4354 eis
1941 4315 2027 4355 co-

442 4387 648 4442 haereat
672 4393 726 4441 et
754 4402 878 4442 cum
916 4386 996 4441 eis
1019 4396 1196 4452 coeat,
1241 4396 1299 4442 ut
1336 4388 1768 4443 conimistioncm
1794 4405 1919 4445 cum
1943 4392 2024 4446 eis

2137 1913 2315 1985 tellige
2358 1915 2542 1970 videre
2588 1924 2643 1971 et
2692 1917 2941 1988 accipere
2984 1916 3076 1986 qui
3123 1923 3343 1987 turpem
3388 1916 3697 1972 actioncma

2132 2011 2289 2071 patre
2312 2013 2405 2056 aut
2433 2013 2629 2071 matre,
2656 2005 2709 2060 id
2735 2013 2839 2071 cst,
2864 2006 2919 2060 in
2954 2022 3061 2075 qua
3085 2013 3242 2076 pater
3266 2015 3361 2060 aut
3387 2014 3566 2061 mater
3592 2005 3697 2061 deli-

2131 2093 2269 2163 quit,
2295 2111 2399 2149 non
2431 2096 2604 2149 solum
2631 2096 2797 2162 videt,
2828 2098 2924 2151 sed
2948 2104 3003 2151 et
3028 2097 3229 2167 accipit
3266 2111 3367 2166 per
3398 2098 3623 2151 similem
3652 2103 3695 2151 et

2131 2202 2317 2256 parem
2366 2188 2659 2255 actionem,
2705 2196 2760 2243 et
2805 2188 3052 2245 nefarius
3099 2198 3201 2252 est,
3253 2189 3344 2244 hic
3388 2205 3502 2245 non
3546 2188 3695 2243 solum

2128 2285 2483 2346 perscrutans
2506 2293 2627 2347 quae
2651 2292 2757 2333 non
2783 2280 3047 2350 oportuit,
3079 2278 3173 2334 sed
3203 2287 3257 2334 et
3280 2280 3695 2350 superaediticans

2133 2377 2187 2423 et
2215 2366 2549 2441 coniungens
2585 2385 2644 2425 se
2674 2380 2999 2442 perpetrata:
3033 2386 3064 2426 a
3088 2370 3412 2440 parentibus
3440 2372 3693 2442 pravitati,

2135 2475 2255 2529 quze
2286 2475 2442 2514 soror
2462 2458 2602 2529 ejus,
2633 2461 2790 2531 quasi
2818 2462 2972 2531 pravi
2999 2462 3243 2533 pravitas
3264 2461 3585 2531 appellatur.
3607 2459 3693 2516 Sed

2135 2562 2195 2606 ut
2231 2551 2360 2622 quid
2395 2548 2697 2608 diﬂ‘amavit
2743 2570 2864 2609 eam
2911 2563 2966 2610 et
3014 2554 3425 2609 disseminavitl
3472 2552 3691 2609 Latentia

2133 2642 2279 2696 enim
2334 2641 2594 2712 plurimos
2647 2651 2936 2712 parentum
2989 2652 3215 2713 peccata
3274 2639 3563 2698 diﬂ‘amant
3612 2642 3691 2697 ﬁlii

2132 2733 2352 2802 quando
2380 2743 2548 2804 agunt
2570 2733 2766 2789 similia
2802 2754 2814 2788 :
2849 2730 2992 2789 unde
3028 2735 3174 2790 hunc
3211 2736 3304 2806 qui
3348 2736 3476 2791 talis
3504 2745 3581 2791 est
3602 2736 3694 2791 dis-

2130 2824 2283 2894 perdi
2309 2824 2363 2879 in
2402 2836 2691 2896 conspectu
2738 2827 2941 2896 populi,
2988 2827 3075 2883 vel
3124 2827 3269 2883 sicut
3314 2826 3688 2900 Septuaginta:

2130 2918 2185 2971 in
2212 2928 2487 2989 conspectu
2518 2919 2752 2988 ﬁliarum
2786 2922 2989 2990 generis
3031 2922 3134 2985 sui,
3172 2923 3227 2977 id
3266 2931 3372 2988 est,
3413 2922 3693 2977 videntibus

2138 3010 2333 3065 similia
2374 3012 2736 3081 cogitantibus
2781 3014 3058 3085 prasccpit.
3102 3013 3170 3068 lli
3204 3015 3352 3069 enim
3381 3014 3480 3069 lilii
3509 3014 3691 3087 generis

2124 3103 2249 3174 ‘ejus
2272 3112 2420 3158 recte
2458 3104 2729 3159 dicuntur.
2760 3105 2869 3161 Cur
2901 3116 3082 3161 autem
3113 3108 3167 3162 in
3196 3116 3501 3180 conspectu
3529 3111 3689 3165 horum

2135 3203 2194 3247 ut
2224 3194 2383 3250 unius
2412 3210 2569 3264 poena
2602 3207 2657 3251 et
2684 3198 2866 3253 centeri
2903 3198 3223 3269 pudicitiam
3275 3200 3515 3256 discant.
3548 3201 3691 3256 luter-

2131 3294 2314 3356 empto
2343 3295 2523 3341 autem
2571 3298 2860 3359 peccatore
2897 3297 2952 3344 et
2992 3299 3276 3360 peccatum
3315 3292 3483 3347 simul
3516 3290 3688 3355 interit,

2130 3379 2587 3448 quemadmodum
2611 3380 2779 3437 semel
2801 3381 2857 3436 in
2878 3382 3312 3441 praecedentibus
3337 3383 3588 3440 diximus.
3612 3381 3690 3437 Se-

2130 3469 2317 3538 quitur
2341 3478 2562 3525 autem:

2201 3560 2306 3625 Qui
2319 3564 2497 3617 coierit
2513 3580 2631 3617 cum
2644 3562 2862 3619 muliere
2872 3566 2927 3620 in
2942 3566 3091 3635 ﬂuxu
3104 3574 3394 3633 menstruo,
3408 3577 3457 3621 et
3472 3566 3692 3622 revelare-

2132 3651 2196 3704 rit
2216 3653 2594 3723 turpitudinem
2620 3655 2752 3724 ejus,
2770 3656 2986 3728 ipsaque
3011 3658 3274 3727 aperuerit
3288 3659 3478 3725 [autem
3493 3673 3693 3726 sangui-

2130 3743 2210 3794 nis
2238 3743 2339 3807 sui,
2365 3744 2748 3811 interﬁcientur
2769 3746 2922 3800 amba
2952 3748 3016 3800 de
3041 3748 3213 3801 medio
3236 3746 3409 3818 populi
3453 3749 3557 3802 sui.
3590 3746 3689 3819 (Ea:

2132 3830 2440 3904 Hesychia.)
2474 3832 2518 3886 A
2536 3844 2871 3890 menstruata
2892 3837 3149 3893 abstineri
3167 3839 3443 3910 legislator
3464 3856 3569 3895 non
3592 3839 3689 3894 frn-

2129 3932 2242 3979 stra
2288 3927 2563 3998 prmeepit,
2596 3930 2691 3984 sed
2722 3930 2997 3986 hominem
3026 3934 3264 3988 suadens
3290 3934 3363 3989 ad
3397 3934 3684 4005 pudicitiam

2129 4016 2413 4083 castitatis,
2438 4034 2558 4089 quae
2580 4035 2704 4075 eum
2733 4021 3069 4093 diligentiam
3093 4024 3315 4091 habere,
3357 4042 3425 4081 ex
3455 4042 3554 4097 qua
3580 4041 3685 4080 sau-

2129 4107 2383 4163 ctiﬁcatio
2404 4111 2653 4178 provenit
2667 4112 2877 4179 volens,
2901 4121 2955 4168 et
2975 4130 3082 4169 non
3100 4114 3155 4168 in
3176 4116 3401 4170 modum
3427 4128 3685 4188 porcorum

2128 4200 2382 4252 continue
2408 4201 2722 4259 mulieribus
2763 4204 3003 4272 misceri,
3038 4214 3093 4261 et
3130 4207 3199 4261 ad
3224 4223 3567 4266 communem
3590 4223 3688 4262 eor-

2129 4284 2435 4359 ruptioncm
2457 4308 2672 4361 vacare,
2700 4296 2793 4351 sed
2827 4313 2895 4351 ex
2936 4307 3127 4354 coacta
3170 4300 3512 4359 abstinentia
3553 4314 3685 4356 nsum

2126 4380 2305 4438 facere
2329 4385 2395 4438 ad
2423 4388 2830 4443 continentiam.
2860 4389 2968 4446 Sed
2990 4394 3456 4461 quemadmodum
3479 4393 3683 4465 disperdi

443 4477 753 4533 diuturnam
801 4478 1347 4550 et‘perseverantem
1392 4478 1622 4544 habeat,
1674 4496 1799 4536 reus
1846 4491 1927 4537 est
1972 4484 2023 4539 is
2051 4517 2100 4577 Β
2126 4490 2219 4530 808
2240 4475 2311 4531 de
2347 4478 2543 4548 Populo
2586 4495 2684 4535 suo
2720 4482 3002 4553 praecepit,
3059 4500 3184 4539 cum
3232 4489 3611 4559 purgationem
3640 4484 3685 4538 ei

442 4573 531 4641 qui
562 4571 685 4625 talis
716 4582 798 4626 est
818 4573 1030 4627 mortis.
1077 4573 1173 4628 llic
1216 4582 1300 4628 est
1343 4573 1487 4627 enim
1531 4573 1861 4629 nefariarum
1896 4575 2018 4632 libi-

442 4661 627 4715 dinum
676 4659 821 4726 ﬁnis,
865 4664 955 4732 qui
984 4663 1334 4733 operantibus
1357 4678 1451 4719 eas
1472 4664 1678 4734 punitis
1711 4673 1857 4720 recte
1886 4667 2019 4737 ipsae

443 4750 607 4805 etiam
640 4752 778 4805 mori
810 4752 1081 4808 dicuntur.
1125 4755 1310 4825 Neque
1341 4756 1484 4811 enim
1520 4770 1617 4825 per
1640 4772 1698 4811 se
1719 4757 2019 4813 subsisten-

443 4847 545 4903 tes,
577 4839 703 4909 quia
730 4841 873 4896 nulla
896 4851 978 4898 est
1004 4847 1211 4914 peccati
1238 4847 1539 4901 substantia
1563 4847 1617 4900 in
1640 4849 2016 4917 peccatoribus

441 4930 812 5000 operantibus,
830 4931 1026 4999 quibus
1046 4943 1227 4990 tamen
1249 4937 1495 5006 perditis,
1512 4945 1566 4990 et
1582 4938 1681 5007 ipsi
1706 4938 1866 4991 simul
1894 4954 2019 5009 per-

442 5026 590 5073 eunt.
620 5018 878 5089 Sequitur
899 5039 912 5073 :

514 5107 620 5176 Qui
649 5112 903 5179 acceperit
933 5127 1164 5167 sororem
1207 5130 1357 5169 suam
1399 5115 1569 5185 ﬁliam
1600 5120 1766 5186 patris
1795 5120 1897 5184 sui,
1942 5120 2018 5174 vel

439 5204 609 5276 ﬁliam
647 5204 833 5259 matris
856 5222 988 5272 sum,
1021 5217 1068 5261 et
1104 5209 1286 5262 viderit
1320 5212 1699 5281 turpitudinem
1728 5214 1859 5284 ejus,
1888 5214 2013 5269 illa-

438 5310 538 5365 que
585 5296 911 5365 conspexerit
958 5296 1141 5366 fratris
1190 5299 1551 5368 ignaminiam,
1600 5305 1855 5373 nefariam
1906 5321 2013 5359 rem

442 5388 644 5461 operati
669 5396 791 5443 sunt
820 5401 839 5439 :
862 5389 1164 5444 occidantur
1191 5391 1246 5444 in
1274 5402 1543 5462 conspectu
1564 5395 1764 5465 populi,
1788 5413 1848 5451 eo
1872 5398 2012 5468 quod

439 5478 815 5546 turpitudinem
857 5495 1006 5534 suam
1044 5491 1226 5534 mutuo
1264 5480 1623 5550 revelaverint,
1652 5495 1700 5538 et
1727 5488 2009 5555 portabunt

438 5564 766 5634 iniquitatem
810 5585 982 5622 suam.
1031 5568 1139 5639 (Ea:
1160 5570 1497 5644 Augustino.)
1531 5572 1666 5640 Quid
1707 5575 1783 5629 ait
1821 5576 1875 5631 in
1906 5578 2009 5633 hoc

438 5651 558 5707 loco
587 5655 781 5739 viderit
830 5658 935 5714 nisi
983 5659 1385 5715 concumbcndo
1425 5665 1737 5732 cognoverit
1774 5666 1914 5721 sicut
1948 5666 2007 5722 in

439 5741 556 5812 lege
592 5742 831 5801 dicitur:
864 5747 1111 5821 Cognovit
1141 5768 1357 5806 uxorem
1399 5770 1572 5821 suam,
1616 5772 1715 5829 pro
1753 5771 1819 5813 eo
1861 5759 2007 5831 quod

2122 4567 2221 4637 qui
2250 4567 2505 4622 dormivit
2546 4585 2669 4625 cum
2711 4581 3045 4629 menstruata
3087 4577 3339 4645 superius
3380 4576 3686 4635 indixisset?

2127 4657 2272 4713 Dixit
2298 4660 2445 4714 enim
2470 4678 2483 4713 :
2516 4660 2576 4717 Si
2613 4664 2795 4716 coierit
2821 4681 2941 4718 cum
2966 4682 3029 4720 ea
3052 4668 3137 4720 uir
3159 4678 3391 4739 tempore
3438 4671 3686 4742 sanguinis

2124 4752 2487 4818 menstrualis,
2534 4754 2835 4810 immundus
2876 4758 2972 4811 erit
3014 4767 3208 4828 septem
3243 4760 3453 4816 diebus.
3510 4759 3687 4818 Deinde

2121 4852 2244 4914 post
2269 4844 2385 4899 haec
2408 4845 2792 4916 purgationum
2832 4848 3103 4904 sacrificia
3148 4865 3382 4908 narrans
3424 4854 3684 4911 subdidit:

2123 4932 2236 4988 Ista
2267 4945 2341 4988 est
2392 4934 2476 4990 lex
2513 4938 2581 5003 ei,
2620 4939 2711 5007 qui
2737 4940 2941 5007 ﬂuxum
2985 4941 3199 4995 seminis
3245 4944 3491 5012 patitur,
3536 4956 3580 4999 et
3614 4944 3686 5014 qui

2124 5023 2397 5093 polluitur,
2434 5036 2485 5079 et
2526 5043 2643 5097 qua:
2683 5029 2954 5099 sanguinis
2994 5031 3197 5099 ﬂuxum
3234 5036 3465 5103 patitur,
3492 5038 3545 5090 in
3570 5050 3689 5088 men-

2123 5115 2284 5169 struis
2308 5118 2449 5182 suis,
2475 5128 2522 5172 et
2557 5120 2611 5173 in
2644 5121 2799 5189 ﬂuam
2839 5122 3053 5175 seminis
3086 5124 3317 5192 patiente
3352 5124 3408 5179 in
3436 5129 3589 5196 [luxu
3606 5140 3687 5179 suo

2122 5211 2357 5266 mascqu
2378 5223 2425 5268 et
2444 5214 2650 5284 fernina:
2666 5225 2712 5269 et
2730 5216 2843 5268 viro
2859 5218 2905 5271 si
2925 5218 3196 5273 darmierit
3212 5235 3331 5274 cum
3348 5230 3685 5277 menstruata.

2120 5302 2460 5373 sic~purgari,
2509 5314 2565 5359 et
2608 5307 2756 5360 hunc
2781 5308 2922 5362 sicut
2963 5317 3018 5363 et
3053 5309 3188 5367 ειυς
3215 5326 3322 5366 tum
3352 5313 3540 5383 puniri
3573 5310 3687 5370 vult.

2119 5408 2250 5463 ergo
2276 5396 2703 5466 contemplemur
2730 5409 3122 5456 menstruatam
3156 5404 3444 5472 gentilium
3490 5404 3691 5474 sapien-

2118 5485 2269 5549 tiam,
2320 5487 2478 5557 longe
2522 5489 2667 5543 enim
2695 5505 2726 5544 a
2752 5489 2884 5557 Deo,
2910 5492 3009 5547 sed
3037 5502 3093 5548 et
3122 5494 3188 5551 de
3223 5495 3403 5551 volatu
3440 5498 3622 5552 avium
3644 5498 3691 5547 et

2115 5590 2275 5632 cursu
2322 5578 2558 5633 siderum
2597 5590 2653 5635 et
2682 5585 2958 5639 mensuris
3000 5586 3124 5640 cali
3168 5587 3360 5643 ωαξης
3398 5598 3567 5659 atque
3606 5586 3691 5641 do-

2114 5681 2262 5722 cens.
2293 5666 2429 5722 Cum
2471 5670 2573 5725 hac
2612 5686 2742 5743 ergo
2780 5675 3078 5744 pessimum
3107 5688 3191 5732 est
3218 5679 3480 5745 domita,
3504 5680 3565 5735 id
3588 5683 3683 5739 est.

2111 5757 2367 5817 delactari
2403 5761 2457 5815 in
2484 5776 2546 5818 ca
2573 5771 2629 5820 et
2653 5763 2747 5820 diu
2780 5766 2954 5835 coire,
2999 5768 3097 5824 sed
3135 5777 3192 5825 et
3216 5771 3467 5831 revelare
3505 5780 3563 5828 et
3598 5782 3687 5847 ρα-

3838 4072 3851 4203 1
