3892 6344
105 4265 120 4285 Ι

95 4965 129 4990 ο

185 295 280 366 469

987 327 992 332 ρ
1041 287 1580 362 .motnnouss
1615 290 1681 348 tu
1709 293 2112 360 immovit.
2151 325 2224 338 -
2257 297 2386 358 un.
2426 298 2511 353 vr.

3293 311 3402 372 470

191 415 278 478 tam
293 406 529 480 proferre
558 405 945 480 turpitudinem
983 403 1120 478 ejus,
1165 406 1431 466 tradendo
1471 421 1565 462 eas
1607 422 1727 475 quae
1754 411 1804 472 Α
1829 424 1993 464 uxore
2041 411 2222 478 patrui
2258 381 2492 482 primum
2525 413 2822 481 prohibuit,
2863 421 3116 485 quamvis
3141 421 3258 486 haec
3293 442 3400 484 non

189 502 308 578 apud
329 515 449 558 eum
472 506 597 558 sunt
620 498 790 552 elctas
825 505 878 551 et
907 513 1122 558 errores
1145 514 1279 567 quos
1307 498 1471 554 habet
1501 508 1555 553 et
1581 498 1732 556 fron-

189 607 278 666 ιεω
305 593 463 658 totius
496 590 700 658 erroris
736 599 1091 660 exponentem
1123 607 1140 644 :
1169 592 1294 661 quia
1326 592 1413 646 his
1444 590 1733 661 publicatis

187 687 360 746 revelat
389 693 440 744 et
470 686 581 755 ipsa
619 682 821 738 ﬂuxum
849 684 1130 752 sanguinis
1159 683 1260 747 sui,
1295 681 1349 738 id
1384 690 1489 747 est,
1519 698 1581 738 ea
1613 698 1731 751 qua?

183 792 286 840 sunt
314 781 371 836 de
399 776 684 834 sacriﬁciis
725 775 988 829 idolorum
1014 775 1488 839 subintroducens,
1511 783 1733 844 propter

184 875 427 948 quodnon
450 871 767 942 simpliciter
791 869 946 935 dixit,
960 869 1358 938 interficientur,
1377 871 1469 926 sed
1493 871 1727 926 addidit:

180 966 411 1024 detnetlio
453 965 630 1034 populi
675 965 779 1029 sui,
821 963 905 1018 vel
934 964 1236 1018 secundum
1279 962 1627 1034 Septuaginta
1665 979 1730 1018 ea:

179 1076 338 1132 genere
384 1074 519 1120 suo;
571 1057 697 1126 quia
735 1057 827 1126 qui
875 1056 1197 1126 sapientiam
1231 1057 1396 1111 tradit
1427 1057 1726 1126 gentilium,

177 1168 278 1220 qua:
300 1149 685 1219 praevaricatur
714 1146 1029 1204 Creatorem
1067 1158 1332 1213 nostrum,
1363 1158 1419 1203 et
1447 1149 1728 1204 scientiam

176 1244 292 1310 ejus,
318 1249 368 1296 et
393 1239 672 1310 pietatem,
720 1256 824 1294 non
857 1248 942 1293 est
970 1239 1174 1309 justum
1200 1239 1314 1306 jam
1337 1250 1396 1294 ut
1418 1240 1728 1296 nominetur

175 1334 336 1392 homo,
359 1329 453 1384 sed
490 1338 544 1383 et
571 1329 860 1400 imaginem
894 1329 988 1383 Dei
1015 1332 1370 1399 semetipsum
1408 1331 1728 1399 ignorando,

173 1424 456 1478 Creatorem
510 1423 770 1492 privavit,
831 1431 887 1476 et
936 1423 1055 1478 ideo
1115 1424 1439 1477 interficitur
1494 1424 1562 1476 de
1623 1438 1735 1478 me-

171 1515 246 1568 dio
286 1514 496 1583 populo,
545 1513 660 1568 sive
705 1514 770 1568 de
815 1529 1012 1584 genere
1061 1529 1181 1578 suo,
1224 1524 1283 1566 ut
1333 1530 1441 1566 non
1482 1513 1596 1582 jam
1650 1527 1735 1566 sa-

169 1605 352 1674 pientia
384 1604 713 1670 nominetur,
737 1605 832 1658 sed
855 1613 1042 1658 careat
1074 1605 1218 1672 quod
1245 1604 1437 1658 habuit
1466 1601 1603 1656 falso
1634 1618 1730 1656 no-

166 1697 299 1750 mine
327 1706 489 1767 atque
514 1697 662 1762 ﬁcto,
697 1705 838 1751 teste
866 1697 1033 1750 Paulo
1067 1697 1161 1764 qui
1190 1697 1268 1750 ait
1293 1715 1304 1748 :
1336 1695 1607 1765 Sapientia
1637 1697 1732 1748 Itu-

158 1786 237 1854 jus
263 1787 446 1840 mundi
475 1787 702 1842 stultitia
734 1796 808 1841 est
838 1786 979 1856 apud
1004 1785 1175 1839 Deum
1203 1785 1255 1853 (Ι
1287 1785 1406 1838 Cor.
1440 1784 1513 1853 v).

227 1878 626 1950 Turpitudinem
664 1887 958 1932 materterte
999 1886 1046 1930 et
1089 1879 1263 1930 amita:
1291 1887 1395 1928 tua:
1424 1893 1526 1930 non
1551 1876 1724 1930 disco-

161 1970 384 2040 operics,
408 1968 494 2039 qui
525 1970 622 2022 ltoc
647 1969 843 2037 fecerit,
871 1966 1206 2036 ignominiam
1234 1967 1406 2019 carnis
1427 1982 1537 2020 sua:
1563 1966 1732 2020 nuda-

156 2064 249 2126 vit;
272 2062 551 2132 portabunt
571 2060 722 2116 umbo
747 2059 1067 2130 iniquitatem
1089 2073 1258 2110 suam.
1288 2056 1395 2127 (Ex
1422 2055 1727 2126 Hesychia.)

152 2150 264 2205 Nec
309 2150 586 2204 sororibus
621 2149 877 2219 prmcepit
921 2163 1108 2202 eorum
1146 2147 1241 2215 qui
1283 2163 1384 2202 uos
1425 2153 1731 2217 genuerunt

153 2241 508 2306 commisceri,
551 2249 659 2294 tam
684 2249 908 2310 propter
938 2238 1342 2309 generationes,
1368 2247 1427 2292 ut
1457 2253 1564 2292 non
1595 2254 1725 2296 con-

157 2331 466 2398 fundantur,
510 2346 669 2401 quam
714 2338 776 2386 ut
817 2337 1215 2400 competentem
1245 2330 1605 2385 reverentiam
1637 2345 1728 2399 pa.

157 2424 393 2478 rentibus
442 2436 844 2486 conservemus,
895 2431 1116 2490 propter
1161 2437 1256 2476 eos
1285 2431 1400 2475 eta
1446 2421 1725 2476 sororibus

155 2533 328 2572 eorum
353 2516 705 2579 abstinentes,
748 2517 898 2586 quod
937 2515 1191 2570 similiter
1224 2524 1279 2570 et
1304 2517 1600 2571 secundum
1623 2517 1728 2585 spi-

157 2610 306 2664 ritum
353 2608 635 2678 intelligis,
676 2616 876 2663 utnon
922 2607 1098 2663 solum
1142 2608 1388 2663 velentur
1437 2619 1726 2678 parentum

157 2710 362 2773 peccata
392 2701 613 2756 silentio
631 2709 688 2755 et
712 2701 998 2756 tradantur
1023 2700 1306 2766 oblivioni,
1453 2710 1510 2756 et
1536 2717 1723 2756 eorum

156 2792 236 2862 qui
265 2793 340 2847 eis
365 2791 562 2846 sociati
599 2799 752 2856 sunt,
781 2792 921 2844 unde
948 2799 1003 2844 ct
1033 2806 1223 2845 eorum
1265 2790 1462 2846 fratres
1488 2807 1610 2846 esse
1641 2790 1724 2846 di-

155 2892 353 2938 cuntur.
384 2883 660 2938 Sileamus
681 2893 862 2937 autem
893 2883 1106 2938 illorum
1135 2892 1379 2954 peccata,
1407 2885 1535 2953 quia
1559 2884 1728 2940 nuda-

156 2975 215 3032 tis
234 2977 333 3033 illis
357 2976 537 3031 latere
566 2990 667 3029 nec
691 2985 948 3046 parentes
977 2985 1226 3044 possunt,
1249 2975 1391 3030 unde
1418 2977 1494 3030 ait
1522 2994 1534 3029 :
1563 2975 1725 3046 Igno-

153 3069 350 3130 minium
391 3068 574 3123 carnis
613 3084 722 3121 sua:
763 3067 998 3121 nudavit.
1026 3067 1125 3136 Qui
1158 3075 1337 3122 autem
1368 3069 1470 3123 hoc
1498 3067 1720 3132 faciunt,

1837 500 2106 569 cognatio,
2157 502 2249 560 sed
2299 502 2532 558 aﬂinitas
2581 505 2917 574 perhibetur.
2971 508 3075 566 Sed
3123 515 3256 582 quid
3297 527 3403 587 est,

1832 593 1941 646 sine
1977 594 2100 660 ﬁliis
2130 597 2440 660 morientur,
2465 612 2584 650 cum
2611 597 2704 652 tilii
2732 615 2797 654 ex
2835 601 3140 670 huiusmodi
3175 609 3404 678 conjun-

1832 686 2099 742 ctionibus
2126 695 2182 741 et
2206 695 2328 740 ante
2359 688 2470 740 nati
2493 697 2640 754 sunt,
2673 699 2727 744 et
2764 691 3033 764 hodieque
3076 701 3407 756 nascantur?

1830 775 1916 830 An
1969 778 2074 834 hoc
2117 777 2521 846 intelligendum
2567 790 2652 836 est
2699 782 2814 854 lege
2868 785 2960 840 Dei
3005 789 3402 859 constitutum,

1831 869 1910 924 uti
1942 870 2247 939 quicunque
2283 886 2348 924 ex
2377 871 2454 924 eis
2499 874 2606 926 nati
2659 874 2877 941 fuerint,
2929 894 3036 934 non
3075 881 3402 951 deputentur

1830 959 1956 1024 ﬁlii,
2005 961 2058 1014 id
2099 970 2201 1027 est,
2241 962 2385 1016 nullo
2432 967 2745 1032 parentibus
2787 969 2910 1036 jure
2955 975 3268 1030 succedant.
3311 978 3406 1034 Se-

1829 1053 2016 1120 quitur
2044 1072 2056 1107 :

1903 1142 2007 1207 Qui
2049 1144 2257 1198 duxerit
2280 1162 2494 1198 uxorem
2523 1146 2703 1213 fratris
2724 1150 2824 1216 sui,
2851 1168 2956 1204 rem
2979 1154 3106 1222 facit
3136 1155 3403 1225 illicitum,

1829 1236 2202 1303 turpitudinem
2249 1238 2429 1306 fratris
2456 1240 2539 1292 sui
2572 1239 2832 1304 rerelabit,
2874 1244 3060 1313 absque
3087 1246 3211 1314 ﬁliis
3232 1258 3402 1305 erunt.

1833 1321 1957 1392 (Er.
2010 1324 2332 1397 Hesychia.)
2398 1325 2646 1382 Ostendit
2713 1347 2841 1400 ergo
2898 1331 3171 1404 legislator
3202 1377 3216 1402 ,
3273 1341 3402 1409 quia

1835 1413 2070 1467 maxime
2100 1416 2326 1472 tilioruni
2358 1434 2522 1472 causa
2554 1435 2583 1471 τι
2612 1429 2874 1487 creatore,
2918 1424 3177 1480 societate
3203 1444 3405 1497 praece-

1835 1506 1912 1574 pit
1940 1517 2185 1561 naturam
2211 1509 2480 1582 conjungi,
2509 1528 2569 1565 ea
2597 1514 2791 1583 quippe
2820 1531 2938 1583 qua}
2975 1534 3117 1573 nunc
3155 1529 3408 1589 tanquam

1835 1598 2216 1654 abominabilia
2259 1602 2661 1673 incongruaque
2688 1607 2978 1673 prohibuit.
3019 1609 3114 1663 Est
3156 1611 3302 1664 enim
3328 1626 3413 1666 re-

1833 1705 1960 1743 vera
1997 1693 2375 1762 incongruum,
2421 1704 2474 1748 et
2508 1693 2877 1763 jumentorum
2913 1701 3035 1755 vitte
3078 1704 3411 1774 proximum,

1753 1781 1802 1842 Β
1832 1783 2088 1834 uxoribus
2127 1783 2352 1837 fratrum
2391 1793 2443 1838 et
2475 1796 2847 1855 cognatorum,
2889 1791 3190 1845 vicinorum
3216 1794 3412 1849 videli-

1831 1881 1935 1936 cet,
1969 1875 2328 1929 commisceri.
2361 1877 2425 1930 Et
2466 1879 2580 1934 inec
2605 1880 2655 1932 in
2680 1881 2782 1935 alia
2825 1891 2978 1949 parte
3016 1884 3169 1953 legis,
3210 1886 3264 1940 id
3293 1896 3400 1952 est,

1830 1962 1886 2016 in
1937 1962 2076 2017 libro
2126 1965 2548 2033 Deuteronomii,
2604 1986 2710 2022 non
2759 1971 2931 2026 solum
2969 1977 3247 2044 prtecepit,
3310 1978 3405 2033 sed

1828 2055 1989 2108 etiam
2033 2057 2290 2126 compulit
2331 2059 2555 2114 dicens:
2590 2059 2813 2125 Quando
2842 2061 3188 2118 habitaverint
3217 2065 3409 2135 fratres

1828 2142 2006 2210 simul,
2039 2155 2085 2198 et
2133 2163 2267 2200 unus
2303 2163 2368 2201 ea:
2405 2148 2475 2201 eis
2508 2149 2697 2219 absque
2733 2149 2907 2204 liberis
2949 2163 3183 2208 mortuus
3227 2155 3408 2225 fuerit,

1828 2251 1963 2289 uxor
1990 2235 2224 2305 defuncti
2258 2255 2359 2292 non
2397 2240 2550 2292 nubet
2588 2240 2762 2304 alteri,
2793 2242 2882 2294 sed
2908 2244 3121 2314 accipiet
3156 2261 3273 2298 eum
3301 2245 3412 2315 fra-

1825 2334 1904 2380 ter
1924 2325 2058 2396 ejus,
2087 2336 2133 2379 et
2160 2329 2431 2381 suscitabit
2453 2345 2628 2384 semen
2657 2330 2838 2399 fratris
2862 2334 2968 2398 sui,
2995 2343 3050 2388 et
3073 2334 3161 2389 his
3184 2336 3404 2392 similia.

1828 2418 1960 2475 Cum
1995 2431 2173 2475 autem
2205 2421 2373 2476 frater
2407 2440 2512 2478 non
2565 2424 2747 2490 fuerit,
2788 2427 3112 2482 avunculum
3152 2439 3246 2485 aut
3281 2448 3404 2486 eum

1829 2511 1918 2578 qui
1962 2510 2117 2564 aliter
2138 2519 2220 2566 est
2243 2527 2309 2566 ex
2342 2515 2512 2580 patris
2536 2517 2875 2584 cognatione,
2907 2519 3103 2574 ducere
3129 2520 3409 2576 mulierem

1829 2602 2068 2657 defuncti
2093 2604 2209 2657 sine
2232 2604 2381 2670 liliis,
2409 2607 2685 2676 prtecepit,
2711 2610 3164 2677 quemadmodum
3189 2621 3242 2666 et
3263 2610 3407 2667 Booz

1827 2693 2319 2764 Rulh'secundum
2388 2696 2557 2764 legem
2620 2700 2954 2766 cognationis
3019 2702 3245 2770 accepit.
3316 2700 3408 2758 Sic

1828 2786 2067 2841 libidinis
2089 2788 2304 2856 quidem
2335 2804 2499 2842 causa
2537 2789 2670 2858 fugit
2693 2802 3046 2862 cognatorum
3073 2794 3407 2848 commistio-

1829 2891 1954 2930 nern
1985 2876 2409 2945 societatemque
2445 2880 2731 2948 prohibet;
2765 2882 2977 2950 quando
3013 2893 3194 2936 autem
3225 2900 3410 2941 rursus

1829 2979 2040 3040 Oportet
2063 2988 2094 3026 a
2124 2972 2868 3043 tribulationibuséublevare
2892 2975 2974 3028 vel
3005 2977 3240 3039 casibus,
3273 2993 3408 3047 pra:-

1829 3063 1958 3132 cipit
1982 3071 2036 3117 et
2064 3062 2175 3117 vult
2205 3064 2440 3132 nuptias,
2479 3066 2662 3119 nonin
2689 3065 2983 3135 pollutione
3026 3069 3410 3139 corruptionis,

155 3158 232 3211 cui
272 3174 444 3229 paena:
489 3157 922 3213 snbmittuntur?
967 3159 1250 3228 portabant
1295 3159 1468 3224 ambo,
1521 3159 1718 3228 inquit,
1749 3141 1793 3204 C
1827 3155 1920 3209 sed
1943 3155 2009 3208 ad
2035 3156 2434 3210 successionem
2461 3157 2694 3226 generis,
2722 3155 2991 3224 conjungi.
3018 3157 3246 3229 Propter
3268 3163 3411 3229 quod

153 3251 465 3321 iniquitatem
508 3268 686 3316 suam,
732 3250 1084 3321 Septuaginta
1126 3259 1308 3308 autem
1347 3252 1569 3315 addunt,
1613 3252 1726 3304 sine

152 3342 265 3410 ﬁliis
294 3346 616 3410 morientur,
645 3343 770 3414 quia
806 3359 914 3398 non
937 3343 1170 3397 invicem
1205 3358 1306 3398 sua
1332 3343 1571 3412 pondera
1605 3358 1725 3411 por-

155 3443 282 3499 tant,
316 3436 408 3490 sed
441 3433 730 3490 diffamant
770 3444 930 3503 atque
954 3434 1313 3489 disseminant
1345 3443 1720 3505 cognatorum,

157 3531 258 3576 tam
297 3527 595 3581 secundum
641 3540 861 3579 carnem
906 3540 1068 3596 quam
1121 3526 1416 3580 secundum
1474 3526 1725 3594 spiritum

149 3625 378 3685 peccata,
418 3619 543 3673 sine
579 3618 874 3672 virtutibus
919 3617 1264 3672 morientur:
1295 3618 1438 3686 quod
1479 3627 1562 3671 est
1604 3633 1726 3685 pes-

150 3706 272 3760 sima
303 3711 592 3773 sterilitas,
623 3709 721 3763 lilii
751 3710 951 3766 etenim
982 3725 1084 3765 nos
1117 3718 1355 3778 tempore
1383 3707 1576 3777 judicii
1616 3722 1726 3762 non

141 3797 340 3866 juvant,
371 3804 604 3856 virtutes
633 3810 812 3856 autem
835 3802 1044 3871 juvant,
1074 3819 1305 3872 quarum
1341 3818 1506 3858 causa
1535 3801 1724 3858 videli—

148 3901 220 3946 cet
247 3908 622 3957 coronamur;
671 3908 898 3961 quarum
947 3895 1230 3948 sterilitate
1277 3895 1513 3948 animam
1557 3909 1728 3962 :Pgro-

149 3991 252 4040 tare
283 3983 662 4059 miserrimum
688 3990 790 4038 est.
821 3983 1015 4038 Ornari
1046 3993 1224 4038 autem
1254 3984 1562 4052 huiusmodi
1594 3984 1727 4038 lilio-

150 4090 256 4128 rum
305 4075 672 4143 generatione
716 4074 1068 4129 beatitudinis
1119 4083 1232 4129 est:
1257 4083 1313 4130 et
1340 4075 1446 4129 hoc
1485 4083 1568 4128 est
1604 4090 1726 4130 eum

151 4167 272 4222 Isaia
292 4169 482 4224 dicere
515 4166 580 4220 :A
606 4167 742 4236 facie
766 4176 876 4232 tua,
897 4166 1482 4236 Domine,concepimus
1505 4176 1552 4220 et
1579 4167 1729 4237 quasi

151 4262 511 4327 parturivimus
538 4269 588 4313 ct
610 4260 900 4330 peperimus
920 4259 1162 4329 spiritum
1182 4258 1369 4314 salutis
1391 4258 1724 4331 [justitiam],

154 4366 240 4404 non
265 4353 486 4422 fecimus
505 4354 566 4407 in
591 4363 785 4407 terram
813 4352 953 4426 (18a.
985 4351 1124 4418 xvr),
1165 4360 1222 4406 et
1243 4352 1358 4408 lucc
1386 4352 1642 4423 intelligis
1669 4361 1726 4406 et

157 4458 257 4511 quze
279 4448 709 4516 subsequuntur.

1825 3253 1882 3300 et
1907 3262 2027 3299 eum
2063 3247 2154 3316 qui
2203 3248 2282 3302 sic
2325 3248 2583 3302 miscetur
2633 3249 2749 3303 sine
2789 3248 2910 3304 (iliis
2955 3251 3090 3304 mori
3133 3251 3406 3322 przeeepit.

1822 3336 1914 3390 Ait
1956 3337 2364 3408 enimzzibsqne
2412 3339 2540 3408 ﬁliis
2591 3350 2775 3405 erunt,
2825 3341 2952 3410 quia
3001 3341 3232 3396 ﬁliorum
3285 3359 3404 3413 pro-

1826 3431 2128 3484 creationes
2177 3430 2349 3498 legem
2383 3432 2520 3484 male
2549 3433 2750 3486 utendo
2776 3432 3037 3487 confudit.
3088 3433 3228 3502 Quid
3273 3450 3404 3505 ergo

1826 3531 1910 3574 est
1937 3522 2075 3575 mori
2119 3522 2236 3576 sine
2270 3522 2394 3576 liliis
2415 3524 2436 3575 '3
2468 3523 2578 3576 Hoc
2615 3523 2761 3578 enim
2803 3525 2858 3577 in
2886 3526 2986 3580 hac
3019 3525 3136 3594 lege
3165 3540 3408 3595 qtiaarere

1827 3612 2061 3664 maxime
2108 3614 2480 3684 necessarium
2517 3622 2639 3666 est:
2673 3622 2854 3666 utrum
2902 3615 3039 3668 filios
3089 3632 3276 3670 eorum
3312 3614 3408 3685 qui

1829 3704 2091 3756 uxoribus
2141 3702 2370 3756 fratrum
2419 3706 2918 3771 avuncuioruu‘ique
2960 3713 3287 3772 nupserunt,
3329 3705 3385 3760 in

1830 3793 2006 3848 terimi
2043 3793 2394 3864 praeceperit;
2428 3802 2482 3847 et
2510 3796 2780 3862 quomodo
2809 3796 2886 3848 ait
2916 3813 2926 3846 :
2955 3794 3074 3850 Non
3113 3798 3410 3854 morientur

1828 3895 2010 3955 patres
2043 3902 2142 3956 pro
2171 3885 2314 3948 ﬁliis,
2351 3901 2450 3940 nec
2488 3885 2578 3939 lilii
2603 3902 2699 3944 pro
2731 3887 3010 3956 patribus?
3055 3889 3150 3943 sed
3188 3889 3398 3945 nullate-

1830 3994 1933 4032 nus
1959 3992 2051 4031 eos
2083 3977 2218 4030 mori
2249 3977 2541 4046 praecepit;
2575 3979 2693 4032 sine
2734 3979 2860 4033 [iliis
2907 3988 3084 4033 autem
3127 3979 3245 4034 illos
3273 3982 3409 4036 mori

1832 4070 1990 4132 dixit,
2033 4069 2327 4122 secundum
2373 4070 2720 4138 Septuaginta
2760 4069 3020 4124 duntaxat
3051 4071 3405 4139 interpretum

1832 4160 2142 4223 editionem,
2176 4166 2231 4211 ut
2261 4174 2366 4211 non
2405 4169 2680 4228 repntetur
2713 4162 2792 4215 eis
2835 4162 3064 4216 liliorum
3106 4162 3400 4225 successio,

1830 4270 1931 4308 nec
1959 4253 2084 4307 liliis
2123 4268 2273 4306 suam
2325 4251 2635 4321 relinquant
2668 4253 3057 4307 haereditalem.
3086 4252 3200 4306 Hoc
3224 4259 3406 4306 autem

1829 4344 2066 4400 ostendit
2107 4344 2269 4398 etiam
2321 4344 2695 4414 Symmachus,
2739 4344 2905 4400 edens
2952 4341 3184 4409 planius,
3235 4341 3328 4394 sed
3357 4349 3411 4394 et

1832 4437 2190 4501 'l'heodotion,
2221 4437 2312 4505 qui
2340 4452 2438 4505 pro
2469 4452 2533 4492 eo
2576 4435 2720 4504 quod
2757 4433 2961 4488 dictum
2992 4439 3098 4495 est,
3134 4431 3245 4484 sine
3281 4431 3408 4498 (iliis

225 4496 250 4498 ,_
280 4496 640 4516 _____1___-_.
663 4496 706 4500 μ

217 4535 310 4606 Qui
346 4539 534 4592 coierit
579 4553 698 4590 cum
729 4545 892 4592 uxore
925 4535 1102 4606 patrui
1145 4535 1223 4590 vel
1259 4537 1503 4591 avunculi
1534 4537 1635 4599 sui,
1671 4546 1719 4591 et

1831 4531 2138 4593 morientur,
2165 4527 2275 4581 sine
2305 4527 2430 4594 filiis
2476 4535 2626 4580 erunt
2657 4533 2885 4590 uterque
2915 4521 3222 4576 ediderunt.
3259 4520 3411 4579 Unde

161 4627 434 4682 revelavcrit
490 4628 841 4698 ignominiam
889 4628 1216 4696 cognationis
1263 4641 1389 4689 sum,
1440 4629 1721 4696 portabunt

159 4719 289 4773 ambo
315 4729 594 4790 peccatum
632 4733 808 4784 suum,
849 4718 1042 4789 absque
1071 4718 1245 4772 liberis
1271 4720 1585 4772 moriuntur.
1617 4719 1720 4774 Se-

159 4811 368 4868 cundum
415 4811 588 4867 aliam
643 4810 937 4865 editionem
983 4811 1058 4865 ita
1121 4810 1319 4879 legitur
1356 4826 1370 4861 ε
1414 4807 1723 4878 Quicunque

158 4898 404 4957 dormierit
433 4919 558 4957 cum
593 4910 820 4970 cognata
847 4917 960 4963 sua,
994 4901 1372 4969 turpitudinem
1393 4900 1723 4967 cognationis

159 5006 252 5045 ante
291 4993 561 5057 reuelabit,
596 4992 712 5047 sine
738 4989 864 5058 ﬁliis
887 4992 1192 5043 morientur.
1242 4990 1349 5059 (Ex
1383 4989 1724 5060 Augustino.)

161 5079 411 5147 Qineritur
453 5096 752 5154 quousque
791 5081 861 5135 sit
909 5080 1257 5149 intelligenda
1307 5081 1407 5134 ista
1452 5081 1725 5148 cognatio,

161 5185 268 5227 cuni
292 5190 356 5229 ex
387 5176 563 5246 longo
587 5173 760 5244 gradu
791 5171 954 5226 liceat
983 5169 1167 5238 utique
1196 5169 1442 5238 accipere
1479 5185 1727 5234 uxorem,

164 5277 464 5339 sernperque
511 5264 770 5321 licuerit?
798 5263 920 5316 'Sed
962 5258 1374 5330 intelligendum
1401 5267 1502 5322 est,
1544 5276 1612 5317 ex
1645 5260 1731 5314 his

162 5356 395 5422 gradibus
437 5373 581 5429 quos
631 5354 908 5426 prohibuit
951 5369 1058 5408 non
1100 5351 1284 5417 licere,
1331 5358 1386 5404 et
1427 5350 1721 5405 secundum

165 5446 290 5516 ipsos
335 5453 548 5508 dictum
595 5465 610 5504 :
667 5448 974 5517 Quicunque
1017 5445 1288 5500 dormierit
1337 5460 1455 5498 cum
1501 5451 1727 5511 cognata

163 5555 266 5606 tua,
291 5545 379 5600 ubi
413 5553 471 5600 et
507 5544 690 5612 aliqua
735 5557 843 5596 non
885 5545 1326 5602 commemorata,
1373 5534 1726 5605 intelligenda

166 5631 379 5703 dimisit,
428 5637 576 5691 sicut
626 5649 868 5688 sororem
913 5632 979 5686 de
1027 5640 1254 5699 utroque
1303 5634 1550 5698 parente,
1587 5626 1727 5679 sicut

166 5739 372 5786 nitorem
412 5727 608 5793 fratris
652 5725 872 5792 matris,
915 5724 971 5782 id
1012 5735 1115 5790 est,
1169 5721 1443 5780 avunculi.
1489 5718 1625 5775 Nam
1659 5718 1728 5775 de

1826 4627 1880 4676 et
1911 4618 2208 4688 spiritalem
2234 4617 2740 4686 interpretationem
2770 4623 2825 4664 et
2848 4612 3233 4670 resolutionem
3261 4615 3410 4670 simi-

1828 4709 1933 4764 lem
1974 4710 2136 4762 habet
2175 4708 2560 4775 superioribus.
2596 4705 2862 4758 Custodite
2897 4704 3030 4774 leges
3068 4721 3209 4761 meas
3247 4716 3404 4779 atque

1819 4800 2029 4869 judicia
2069 4808 2115 4852 et
2156 4798 2311 4866 facite
2351 4814 2412 4850 ea
2443 4813 2459 4851 :
2492 4814 2554 4850 ne
2597 4806 2642 4849 et
2695 4813 2778 4850 vos
2821 4807 3018 4852 evomat
3059 4807 3200 4852 terra
3245 4816 3402 4870 quam

1829 4892 2078 4947 intratttri
2124 4892 2246 4947 estis
2277 4901 2327 4944 et
2367 4889 2730 4944 inhabitaturi.
2774 4890 2883 4961 (Ea:
2927 4890 3232 4964 Hesychia.)
3278 4893 3391 4950 Non

1830 4986 1986 5040 nobis
2009 4984 2201 5039 sullicit
2230 4992 2437 5053 partem
2462 4983 2748 5051 quamdam
2776 4999 3098 5037 conservare
3127 4984 3280 5054 legis,
3305 5001 3408 5040 nec

1831 5091 1998 5130 unum
2039 5075 2252 5130 aliudve
2291 5073 2602 5128 mandatum
2631 5073 2697 5125 ad
2719 5073 3114 5128 correctionem
3139 5076 3262 5127 vitae
3287 5089 3406 5142 per-

1831 5184 2016 5239 agere,
2057 5169 2149 5222 sed
2194 5167 2375 5220 omnia
2419 5173 2687 5234 praecepta
2713 5172 2768 5217 et
2786 5163 2986 5232 judicia
3014 5166 3284 5220 custodire
3317 5178 3406 5216 ne-

1830 5274 1984 5315 cesse
2024 5258 2304 5321 habemus,
2346 5270 2680 5325 qumeuuque
2713 5270 2742 5308 a
2771 5256 2881 5310 Deo
2908 5253 3093 5320 jussus
3134 5250 3406 5319 legislatm'

1832 5349 2066 5418 scripsit.
2115 5348 2241 5404 Haec
2288 5350 2429 5402 enim
2466 5348 2594 5400 dicit
2631 5353 2922 5415 praecepta,
2976 5342 3056 5394 vel
3107 5341 3170 5392 de
3212 5338 3406 5405 quibus

1832 5441 1948 5511 ipse
1993 5440 2243 5496 dubitans
2287 5439 2592 5506 inquirebat
2622 5438 2811 5498 Deum,
2843 5441 2898 5486 et
2927 5431 3016 5485 illo
3050 5425 3234 5484 didicit
3257 5427 3405 5496 judi-

1833 5543 2010 5598 cante,
2055 5534 2194 5588 sicut
2247 5534 2295 5587 in
2333 5533 2442 5586 lilio
2481 5527 2795 5584 lsraelitidis
2832 5521 3091 5581 mulieris,
3131 5518 3221 5585 qui
3257 5518 3401 5572 locu-

1836 5631 1922 5678 tus
1959 5633 2040 5678 est
2086 5623 2492 5693 blasphemiam.
2535 5621 2711 5688 Leges.
2739 5613 2883 5667 enim
2913 5623 3032 5676 quae
3074 5608 3148 5660 ita
3183 5608 3404 5677 prolata}

1837 5713 2207 5783 sunt,judicia
2233 5716 2493 5770 nominat.
2538 5710 2642 5763 Per
2679 5707 2795 5764 haec
2833 5710 3011 5755 autem
3055 5706 3222 5754 totam
3265 5701 3402 5760 bant;
