3892 6344
456 347 566 411 47f
1110 351 1170 404 Β.
1215 343 1472 404 RABANI
1506 337 1729 403 MNURI
1764 337 2100 402 ARCHIEI’L"
2123 337 2434 402 MMNT.
2461 343 2980 404 “OPMUM'PARS
3020 347 3060 404 Ι.

3616 355 3724 412 m

459 451 629 538 llé‘ge'm
654 441 922 520 "brievitc'r
967 447 1320 533 signiﬁcavit,
1332 467 1334 470 '
1353 445 1438 515 "de
1465 461 1592 530 "qua
1629 455 2039 530 iulhil'bpoitet

2150 458 2507 514 sancti"-ntilti
2550 474 2569 512 :
2617 460 2744 529 quia
2806 469 3018 514 sanctas
3085 474 3205 516 atat
3261 477 3356 532 ego
3419 463 3722 540 Damius.

459 541 782 642 tiatisgiedi,‘
812 547 1305 642 lif'nonejida‘tur,
1344 549 2047 621 id‘est,projiciatur‘pneu
2144 558 2194 604 et
2237 550 2478 619 ωροωυί
2513 565 2608 604 so.
2653 566 2690 604 ι
2737 551 2938 604 θεία-ὴ
2986 549 3190 620 populi.
3237 561 3308 608 ,αι
3355 556 3554 628 ωιτη
3593 560 3724 616 αἱ.

458 631 764 706 θάτῑσιιῐὸτζ·
784 639 897 702 i’loc
919 630 1176 702 cst'enim'
1191 647 1196 664 ‘
1212 633 1483 699 emovere.
1509 643 1769 710 "Quod'et
1801 643 2047 714 Symma-

456 723 646 806 dhus,"
674 731 923 808 similiter
967 729 1308 792 Theodotion
1354 733 1580 803 abjicere
1615 731 1802 788 edidit.
1841 733 2044 788 'Evomi

458 831 642 889 autem
666 829 838 884 unde?
863 825 979 882 'De‘
1007 827 1156 880 terra
1183 824 1461 888 videlicet,
1509 824 1566 877 in
1605 835 1724 893 qua
1758 837 1862 877 nos
1892 821 2044 878 Deus

458 911 727 1002 introduci
767 915 1058 995 promittit.
1093 917 1225 989 Qu'ai
1257 905 1334 976 sit‘
1359 925 1538 974 autem
1579 919 1697 974 haec
1745 933 1813 973 ex
1854 917 2046 973 subse-o

458 1005 748 1108 quentibus
771 1005 951 1072 disce.
1003 1107 1006 1108 ν
1043 1033 1049 1038 ·
1373 1095 1376 1100 Ι
1410 1021 1413 1024 ’
1495 1101 1498 1106 ι
1739 1031 1742 1034 ·
1965 1029 1968 1034 ·

925 1197 928 1200 _
1001 1107 1006 1120 '
1059 1121 1438 1184 CAPUTXIII.
1669 1121 1674 1128 ‘
1999 1115 2032 1200 ί

458 1187 899 1304 ρέῗιρρξδᾷίζεηάα
937 1228 1076 1275 terra
1130 1229 1182 1343 ei
1232 1211 1658 1296 cavenda'omni
1709 1205 2047 1270 inmunditia

575 1305 580 1324 τ
756 1307 760 1310 ·
889 1295 1088 1326 τ”⁴
1186 1307 1332 1343 nea.
1845 1295 2032 1316 1"-

575 1295 600 1324 ε’
889 1301 894 1326 τ
991 1295 1014 1306 ”
1081 1297 1088 1318 δ
1162 1295 1332 1344 inea.
1845 1295 1930 1316 ³”
2029 1309 2032 1314 '

459 1375 495 1404 ”¹
513 1371 710 1457 I(illis)
738 1365 914 1436 Nolite
943 1365 1214 1434 ambulare
1236 1379 1292 1434 in
1335 1378 1579 1448 legitimis
1611 1378 1892 1432 nationum
1913 1387 2046 1446 quas

457 1493 551 1548 ego
592 1473 909 1545 expulsurus
944 1487 1058 1526 sum
1089 1477 1212 1524 ante
1229 1486 1338 1524 vos.
1371 1468 1565 1524 Omnia
1599 1469 1738 1522 enim
1773 1467 1884 1521 haec
1914 1466 2048 1534 fece-

457 1571 606 1632 runt,
642 1576 691 1620 et
731 1563 1063 1618 abominatus
1107 1577 1224 1615 sum
1261 1577 1368 1615 eos.
1426 1557 1578 1613 Vobis
1629 1567 1802 1612 autem
1841 1555 2045 1626 loquor,

2145 639 2255 711 (Es:
2297 639 2520 711 eodem.)
2565 639 2816 696 iumenta
2860 641 2976 696 sive
3017 655 3211 710 pecora
3257 643 3385 713 quia
3434 647 3724 724 populares

2144 730 2394 786 homines
2422 730 2687 802 intelligat
2714 730 2825 796 lex,
2855 730 3089 788 volatilia
3115 740 3300 790 autem
3319 730 3719 810 contanplatof

2145 835 2234 881 ros
2258 827 2350 896 qui
2383 825 2455 882 ad
2500 825 2886 882 sublimitatem
2931 833 3125 883 vacant
3167 827 3427 893 scientiae,
3477 841 3662 900 aperte
3689 848 3717 887 s

2143 918 2302 973 nobis
2327 927 2530 974 etcum
2552 918 2748 988 quibus
2772 917 3058 987 oportebat
3086 917 3499 988 Scripturarum
3531 923 3718 991 proba-

2145 1007 2386 1064 tionibus
2426 1018 2704 1064 osteusum
2731 1017 2836 1074 est,
2876 1025 3000 1066 cum
3049 1009 3116 1064 de
3161 1010 3452 1068 sacriﬁciis
3503 1020 3559 1066 et
3599 1015 3717 1071 cibis

2143 1099 3005 1171 quadrupedum-velandumque
3045 1100 3370 1164 diceremus.
3422 1102 3567 1172 Quia
3605 1119 3718 1180 ergo

2144 1193 2324 1247 omnis
2375 1192 2649 1262 popularis
2695 1193 2929 1250 mundus
2975 1202 3200 1264 propter
3247 1181 3717 1268 simplicitatem}

2143 1282 2390 1353 pluribus
2421 1281 2720 1349 iudicatur,
2759 1283 3117 1352 similiterque
3139 1293 3197 1348 et
3221 1283 3312 1354 qui
3341 1285 3411 1338 ad
3447 1287 3716 1348 scientiam

2147 1375 2386 1430 divinam
2435 1376 2759 1445 semetipsos
2791 1376 3005 1431 tradere
3034 1384 3201 1446 atque
3236 1391 3509 1448 occupare
3553 1363 3717 1436 viden-

2147 1473 2255 1531 tur,
2293 1465 2436 1536 quod
2466 1481 2571 1520 non
2613 1466 2687 1520 ita
2717 1481 2777 1520 se
2822 1467 3002 1522 habet.
3052 1465 3279 1535 Oportet
3325 1469 3474 1522 enim
3507 1469 3714 1538 popula-

2147 1569 2264 1609 rem
2288 1555 2606 1624 prudentem
2641 1569 2758 1611 esse
2789 1555 2840 1608 in
2886 1556 3050 1619 bono,
3101 1553 3156 1608 in
3187 1555 3329 1610 malo
3356 1565 3569 1622 autem,
3597 1561 3714 1612 sicut

457 1653 714 1731 possidete
738 1669 930 1711 terram
956 1671 1135 1709 eorum
1165 1671 1320 1724 quam
1353 1653 1488 1706 dabo
1513 1650 1654 1704 vobis
1684 1650 1738 1703 in
1764 1647 2050 1701 hatredita-
2146 1646 2223 1700 ait
2252 1645 2467 1712 Paulus,
2498 1646 2816 1716 simplicem.
2858 1646 2958 1701 llic
2985 1645 3134 1702 enim
3157 1647 3249 1717 qui
3277 1647 3404 1703 talis
3435 1657 3546 1714 est,
3575 1666 3711 1704 mun-

459 1760 594 1814 tem,
639 1759 832 1802 terram
875 1747 1119 1816 ﬂuentem
1164 1743 1296 1796 lacte
1345 1751 1394 1796 et
1435 1740 1746 1808 melte:ego
1791 1736 2114 1816 Dominus_
2147 1736 2248 1791 dus
2291 1746 2402 1803 est;
2441 1739 2536 1808 qui
2559 1746 2740 1792 autem
2788 1737 2912 1793 talis
2956 1753 3065 1794 non
3111 1747 3217 1806 est,
3261 1739 3583 1798 immundus
3629 1751 3710 1797 est.

447 1806 599 1894 ’Πριιέ
662 1847 828 1892 vester
851 1806 885 1901 ,'
918 1837 1007 1907 qui
1062 1835 1299 1905 separavi
1345 1850 1436 1887 vos
1495 1850 1529 1886 α
1580 1806 1783 1885 steteris
1813 1806 2119 1899 populis"!B
2147 1826 2256 1883 Sed
2292 1838 2349 1882 et
2396 1806 2489 1898 qui
2540 1828 2968 1897 contemplandis
3017 1829 3216 1885 divinis
3253 1840 3430 1897 vacat,
3487 1849 3713 1890 necessa-

453 1929 572 2002 '(Ex
598 1927 834 1998 eodem.)
871 1925 989 1981 Non
1018 1925 1189 1980 solum
1214 1923 1281 1979 ad
1309 1922 1524 1978 Judaeus
1558 1923 1673 1975 hinc
1715 1919 1860 1974 dicta
1897 1926 2044 1982 sunt,
2145 1918 2289 1972 rium
2312 1919 2477 1973 habet
2501 1919 2759 1974 mundum
2789 1936 2906 1984 cor,
2929 1921 3294 1992 mundumque
3316 1923 3711 1990 conscientiam,

455 2019 587 2089 quia
634 2019 701 2072 ab
749 2017 998 2072 omnibus
1029 2015 1277 2086 gentibus
1311 2021 1536 2083 propter
1574 2009 2044 2065 circumcisionem
2145 2018 2204 2065 et
2226 2009 2385 2064 tidem
2415 2025 2522 2066 non
2545 2010 2750 2067 ﬁctatn.
2778 2012 2880 2078 Qui
2908 2022 3091 2068 autem
3114 2014 3232 2070 haec
3261 2028 3369 2068 non
3407 2015 3631 2081 habent,
3669 2019 3711 2074 in

451 2111 516 2166 'et
543 2111 717 2180 legem
760 2107 958 2181 Moysis
994 2113 1277 2177 separatos
1317 2121 1375 2160 se
1415 2117 1537 2159 esse
1560 2103 1808 2166 credunt,
1859 2100 1954 2154 sed
1977 2098 2047 2153 ad
2147 2101 2456 2170 vaniloquia
2477 2110 2888 2168 convertuntur,
2920 2119 3029 2158 non
3065 2103 3430 2175 intelligentes
3473 2123 3640 2177 neque
3659 2109 3713 2164 de

459 2203 650 2257 amnes
677 2201 770 2271 qui
795 2199 1062 2255 accedunt
1103 2199 1309 2253 servire
1339 2197 1466 2251 Deo.
1521 2194 1636 2251 Hoc
1667 2195 1813 2249 enim
1857 2191 2046 2246 ambu-
2133 2190 2346 2260 "quibus
2366 2190 2677 2260 loquuntur,
2694 2207 2868 2261 neque
2890 2193 2957 2248 de
2977 2193 3174 2263 quibus
3193 2191 3487 2260 aliirmant,
3511 2199 3714 2254 sicutad

451 2293 578 2348 "lare
607 2294 846 2348 maxime
869 2292 922 2345 in
947 2292 1185 2361 gentium
1211 2291 1451 2360 legitima
1488 2303 1595 2342 non
1620 2287 1763 2342 licet.
1791 2285 2046 2339 Gentium
2152 2282 2496 2338 Timotheum
2521 2284 2781 2354 scriptum
2805 2294 2910 2340 est.
2945 2284 3265 2344 Necessario
3302 2303 3434 2360 ergo
3465 2299 3520 2345 et
3544 2292 3712 2348 horum

465 2394 646 2438 autem
684 2383 797 2438 sive
846 2381 1125 2436 nationum
1169 2393 1417 2448 quarum,
1449 2393 1582 2448 quas
1609 2392 1700 2446 ego
1735 2373 2048 2443 expulsurus
2109 2372 2474 2442 filiorumque
2498 2375 2730 2430 mundos
2763 2377 3006 2445 separari
3035 2380 3296 2451 praecepit
3322 2388 3487 2450 atque
3510 2383 3716 2445 immun-

447 2481 604 2540 ‘sum,
634 2476 726 2538 ait,
753 2489 877 2537 vos;
923 2472 1064 2539 quod
1091 2472 1270 2526 atteri
1296 2471 1436 2524 inter
1475 2469 1710 2540 pretium
1736 2467 2045 2530 ediderunt,

445 2559 612 2630 3Quas
643 2562 795 2632 ejioio
834 2577 926 2632 ego
973 2561 1108 2630 facie
1146 2569 1335 2625 vestra,
1384 2559 1734 2630 Septuaginta
1765 2566 1984 2619 autem,
2013 2572 2048 2609 a

463 2656 630 2720 vobis,
679 2653 733 2708 id
757 2662 859 2717 est,
892 2653 1157 2708 daemonia
1187 2667 1202 2706 :
1229 2653 1345 2707 haec
1389 2651 1532 2706 enim
1563 2666 1594 2703 a
1623 2649 1764 2704 facie
1806 2649 2048 2704 ﬁdelium

465 2753 691 2828 eXpulit,
717 2752 1050 2808 dominantia
1075 2751 1156 2806 eis
1179 2751 1349 2820 prius,
1385 2762 1505 2802 cum
1539 2747 1595 2800 in
1625 2746 1904 2815 impietate
1926 2759 2052 2813 per-

437 2843 738 2911 "sisterent,
791 2853 846 2899 et
871 2859 974 2898 nec
995 2858 1138 2897 unus
1185 2841 1300 2904 uni,
1346 2839 1441 2893 sed
1477 2838 1634 2892 multi
1679 2837 1773 2891 uni
1803 2836 2050 2891 domina-

455 2935 680 2990 bantur.
705 2934 860 3002 Quod
884 2935 1078 3004 probat
1103 2931 1271 2985 Maria
1312 2927 1626 2999 Magdalene
1643 2926 1710 2980 de
1729 2943 1834 2996 qua
1853 2935 2051 2996 septem

465 3026 614 3096 ejecit
654 3025 946 3090 dwmonia;
992 3032 1048 3078 et
1087 3023 1181 3093 qui
1221 3022 1431 3076 vinctus
1475 3025 1598 3075 erat
1639 3017 1873 3080 catenis,
1917 3013 2051 3070 dicit

439 3115 614 3176 "enim
644 3119 693 3174 ei
727 3135 739 3170 :
771 3118 928 3187 Legio
974 3131 1164 3170 nomen
1198 3124 1274 3169 est
1321 3115 1481 3177 mitti,
1511 3113 1637 3183 quia
1665 3109 1818 3164 multi
1863 3123 2045 3164 sumus

468 3163 707 3278 ξ’ἱιῖιῖιεῖ.
728 3163 1488 3277 ;;;f"ia;.";}go'};u;i;;
1515 3163 1797 3272 ᾗὲὧιίδυίι
1835 3199 1908 3255 ab
1946 3198 2052 3254 illis
2077 3163 2126 3229 ο

469 3297 762 3353 commissa
809 3301 955 3358 sunt,
1003 3302 1096 3347 aut
1123 3295 1255 3363 ipsis
1289 3310 1386 3364 per
1427 3309 1488 3347 se
1528 3291 1834 3363 agentibus,
1873 3292 2053 3346 autin

433 3385 783 3444 ‘bominibus
835 3385 1227 3454 operantibus,
1287 3392 1508 3454 propter
1563 3384 1708 3452 quod
1761 3395 1858 3438 eos
1912 3382 2054 3440 Deus

459 3477 815 3534 abominatus
856 3485 962 3541 est,
998 3486 1055 3532 et
1085 3491 1186 3532 nos
1220 3476 1276 3529 in
1312 3473 1684 3530 haereditatem
1723 3473 1937 3530 illorum
1971 3473 2056 3530 in-

453 3569 738 3632 troduxit,
767 3569 824 3623 in
862 3576 1063 3623 terram
1106 3568 1358 3623 ﬂuentem
1388 3566 1469 3621 lac
1497 3575 1559 3621 et
1582 3567 1690 3620 mel
1719 3585 1731 3618 :
1758 3581 1864 3622 non
1894 3567 2052 3631 dixit,

431 3659 778 3722 “habentem,
825 3666 888 3712 ut
925 3659 1138 3714 de-bac
1180 3658 1421 3713 sensibili
1454 3667 1600 3712 terra
1642 3656 1881 3725 accipias
1913 3657 2056 3726 quod

431 3765 442 3772 '
471 3751 673 3807 dictum
697 3757 804 3815 est,
844 3751 936 3804 sed
961 3749 1227 3820 ﬂuentem.
1267 3750 1399 3816 Qua:
1429 3758 1513 3806 est
1546 3757 1728 3806 autem
1760 3757 1906 3806 terra
1931 3765 2056 3818 quae

435 3841 557 3896 "lac
577 3850 631 3896 et
655 3839 946 3896 molliunt?
978 3841 1210 3895 Delicias
1227 3841 1392 3910 igitur
1415 3841 1548 3895 dicit
1567 3838 1743 3894 futuri.
1769 3840 1974 3903 seaculi,
2001 3847 2059 3893 et

431 3937 442 3970 -‘
472 3933 618 3988 bona
643 3945 767 4003 quae
798 3934 958 3988 nobis
982 3931 1129 3988 Deus
1162 3940 1286 4002 post
1327 3932 1779 3986 resurrectionem
1809 3940 2054 3986 mortuo-

428 4033 597 4078 ,ειηηη
618 4023 814 4088 donat;
841 4038 963 4092 quae
987 4021 1071 4078 lac
1093 4031 1149 4078 et
1177 4023 1283 4080 mel
1306 4023 1614 4092 appellavit,
1655 4022 1783 4092 quia
1809 4022 1891 4078 eis
1919 4019 2059 4077 nihil

433 4121 438 4144 ί
473 4125 558 4170 est
591 4117 812 4170 suavius
849 4117 904 4169 in
933 4116 1021 4169 his
1063 4116 1262 4185 quibus
1303 4127 1450 4170 nunc
1485 4116 1692 4170 utimur
1721 4114 1856 4171 cibis
1883 4126 2060 4182 neque

477 4204 707 4269 dulcius,
759 4205 858 4258 sed
881 4212 937 4258 et
957 4204 1073 4258 sine
1111 4205 1295 4260 labore
1330 4221 1518 4260 eorum
1548 4206 1704 4261 cibus
1727 4215 1829 4268 est,
1857 4205 2058 4262 nullius

429 4309 449 4328 ι·
475 4293 810 4365 operationis
829 4293 918 4348 vel
946 4295 1362 4364 praeparationis
1390 4309 1554 4366 egens
1579 4313 1592 4349 :
1625 4297 1706 4350 sic
1729 4298 1877 4352 enim
1914 4297 2057 4351 bona

473 4385 645 4441 futuri
689 4385 870 4442 saeculi
924 4385 1041 4440 sine
1093 4386 1280 4441 labore
1323 4395 1485 4441 erunt
1520 4396 1576 4441 et
1623 4387 1804 4456 aliquo
1849 4387 2054 4453 dolore,

473 4477 676 4532 nullius
701 4476 888 4542 studii,
919 4476 1124 4531 nullius
1146 4484 1458 4548 apparatus,
1487 4477 1688 4533 nullius
1725 4478 2070 4556 operationis,

472 4569 708 4639 egentia.
741 4568 810 4622 Et
830 4569 954 4638 quis
1000 4568 1156 4625 nobis
1197 4569 1316 4623 haec
1363 4568 1495 4623 dat?
1544 4578 1728 4638 aperte
1773 4569 2055 4639 sequentia

473 4757 658 4811 uester,
687 4748 776 4817 qui
793 4752 1042 4818 separaui
1069 4765 1160 4806 vos
1177 4768 1212 4805 a
1237 4753 1438 4806 steteris
1467 4753 1671 4822 populis
1739 4754 1846 4810 hoc
1871 4762 2054 4812 autem

474 4837 724 4892 Christus
751 4838 910 4903 iecit;
945 4841 1060 4909 ipse
1082 4843 1227 4896 enim
1272 4842 1328 4895 in
1367 4843 1674 4913 Evangeliis
1705 4845 1776 4900 ab
1803 4845 2057 4901 omnibus

427 4959 434 4972 -
475 4933 736 5002 gentibus
761 4945 867 4985 non
891 4932 1063 4988 selum
1089 4935 1538 5006 intelligibilibus,
1559 4938 1655 4991 sed
1684 4938 2049 5004 sensibilibus,

429 5023 760 5092 "distinguit
803 5037 897 5079 eos
938 5027 1032 5094 qui
1075 5025 1131 5078 in
1153 5041 1276 5081 eum
1317 5028 1575 5092 credunt;
1625 5030 1699 5084 ait
1736 5031 1928 5084 enim:
1969 5030 2055 5085 Ne

477 5116 984 5185 cogitetis'dicentes,
1011 5117 1149 5182 Quid
1173 5119 1506 5174 comedentus
1528 5122 1770 5190 aut'guid
1801 5121 2051 5189 bibemus,

468 5215 570 5260 aut
603 5207 730 5277 quid
773 5207 1090 5270 vestientur;
1142 5209 1258 5262 fuse
1285 5211 1424 5264 enim
1459 5212 1642 5264 omnia
1669 5221 1847 5281 gentes
1883 5213 2055 5282 inqui-

433 5301 450 5324 ··
475 5291 598 5350 runt
624 5295 852 5367 (Matth.
883 5295 982 5366 vi).
1018 5295 1162 5367 Ergo
1198 5307 1381 5366 aperte
1417 5313 1518 5355 nos
1556 5309 1834 5370 separatos
1871 5315 1992 5357 esse
2021 5319 2052 5356 a

429 5397 453 5412 ··
477 5386 727 5456 gentibus
750 5386 862 5440 vult
881 5387 1253 5442 sublimiorem
1280 5391 1537 5445 sectanda
1561 5393 2049 5448 conversationem.

431 5495 434 5500 ·
549 5476 805 5548 Separato
833 5493 953 5548 ergo
974 5495 1062 5533 uos
1075 5479 1376 5549 iumentum
1396 5481 1646 5535 mundum
1673 5482 1740 5536 ab
1759 5483 2054 5549 immundo;

478 5580 624 5620 avent
673 5566 922 5621 mundam
974 5568 1040 5621 ab
1093 5569 1388 5624 immunda.
1437 5567 1520 5624 Ne
1555 5571 1804 5641 pallantis
1846 5576 2054 5628 animas

433 5661 676 5708 ~1mtras
699 5656 968 5726 inpecore
995 5667 1045 5712 et
1066 5659 1122 5713 in
1137 5659 1337 5724 auibus,
1362 5668 1412 5713 et
1429 5662 1630 5716 cunctis
1655 5679 1771 5733 qua;
1783 5675 2056 5720 moventur

451 5742 535 5797 .in
576 5753 738 5810 terra,
790 5758 838 5801 et
883 5764 1002 5818 qua
1033 5751 1185 5806 vobis
1231 5751 1434 5808 ostendi
1466 5769 1578 5809 esse
1611 5753 1834 5824 polluta.
1880 5756 2055 5821 Eritis

2079 4521 2132 4581 D

431 4659 641 4711 "verba
711 4659 1037 4727 legislatoris
1082 4660 1390 4725 ostendunt,
1443 4677 1535 4732 ego
1605 4661 1862 4718 Dominus
1910 4661 2055 4718 Deus
2109 4691 2116 4696 -
2198 4691 2202 4700 ι

2148 2465 2268 2529 dos,
2315 2472 2374 2518 ut
2429 2467 2499 2520 ah
2539 2466 2625 2521 bis
2667 2466 3060 2534 abstineamus,
3112 2469 3218 2526 illis
3265 2473 3711 2529 commisceantur.

2155 2553 2262 2608 Sed
2289 2554 2514 2610 multam
2540 2556 2865 2626 sapientiam
2900 2574 3058 2616 suam
3082 2561 3246 2616 etiam
3288 2577 3435 2619 nunc
3459 2563 3715 2635 legislator

2153 2645 2410 2710 ostendit,
2467 2647 2534 2700 de
2575 2647 3014 2719 quadrupedibus
3067 2650 3286 2718 quidem
3335 2661 3390 2706 et
3431 2653 3713 2708 volatilibus

2151 2737 2231 2792 ita
2278 2738 2638 2810 distinguens,
2670 2740 2728 2794 in
2769 2741 3052 2808 reptilibus
3077 2751 3262 2798 autem
3295 2752 3458 2800 terra:
3499 2761 3601 2800 non
3630 2746 3713 2799 ita.

2155 2829 2364 2885 Cuncta
2382 2831 2527 2886 enim
2551 2846 2673 2901 quae
2695 2842 2981 2890 moventur
3007 2835 3063 2890 in
3095 2843 3242 2891 tem
3279 2837 3555 2894 immunda
3586 2847 3714 2905 sunt,

2147 2920 2246 2995 qui
2292 2928 2513 2976 terrena
2539 2921 2792 2978 videlicet
2835 2925 2996 2994 sapit,
3041 2926 3194 2996 cujus
3231 2927 3368 2984 deus
3407 2938 3592 2986 venter
3626 2938 3714 2995 est,

2155 3012 2247 3081 qui
2285 3027 2497 3069 veneno
2531 3014 2773 3082 pascitur
2806 3017 3224 3074 constitutarum
3277 3021 3333 3075 in
3379 3023 3599 3092 pulvere
3634 3038 3692 3077 vo

2154 3101 2466 3172 luptatum;
2497 3104 2566 3161 de
2596 3105 2731 3176 ipsis
2781 3107 3050 3176 siquidem
3088 3110 3229 3166 sicut
3275 3113 3462 3167 cernis
3491 3114 3715 3169 distincte

2155 3206 2346 3254 narrat
2376 3197 2562 3254 dicens
2593 3217 2607 3251 :
2635 3199 2706 3254 Et
2733 3201 2936 3255 cunctis
2959 3219 3078 3272 astte
3113 3213 3390 3258 mouentur
3414 3207 3472 3260 in
3493 3216 3644 3269 terra,
3675 3213 3717 3258 et

2153 3305 2273 3360 qum
2313 3289 2457 3342 vobis
2484 3291 2685 3344 ostendi
2724 3307 2834 3346 esse
2859 3292 3082 3361 polluta.
3123 3295 3266 3366 Ergo
3290 3312 3486 3356 omnes
3511 3299 3604 3370 qui
3627 3307 3720 3354 ter-

2153 3381 2308 3436 renis
2356 3389 2654 3450 pasountur
2705 3384 3031 3451 actionibus,
3085 3388 3188 3443 etsi
3245 3387 3484 3448 ﬁdelium
3539 3392 3721 3462 ﬁngant

2117 3475 2424 3540 habitum,
2475 3483 2534 3528 ut
2569 3475 2837 3531 immundi
2882 3479 3117 3546 separati
3167 3489 3311 3546 sunt,
3360 3490 3417 3536 et
3462 3483 3602 3539 inter
3634 3483 3722 3538 im-

2157 3566 2357 3619 munda
2383 3565 2626 3620 distincti
2648 3574 2796 3630 sunt,
2823 3581 2856 3620 a
2888 3582 3119 3635 quorum
3153 3584 3253 3626 nos
3282 3571 3592 3631 omnimodo
3617 3588 3722 3628 ma-

2156 3657 2223 3713 lis
2250 3659 2528 3713 abstinere
2553 3657 2846 3722 desiderat,
2878 3670 3100 3730 propter
3121 3663 3265 3729 quod
3295 3663 3492 3720 addidit
3518 3680 3532 3716 :
3560 3661 3727 3717 Erilis

2155 3751 2326 3803 sancti
2377 3749 2527 3814 mihi,
2580 3749 2707 3818 quia
2751 3760 2962 3805 sanctus
3001 3768 3095 3820 ego
3140 3769 3260 3807 sum
3301 3751 3582 3816 Dominus;
3637 3754 3726 3823 qui

2155 3839 2329 3895 forma
2351 3840 2505 3894 vobis
2523 3840 2951 3896 conversationis
2977 3839 3208 3904 effectus
3235 3858 3377 3909 sum,
3404 3844 3500 3913 qui
3525 3852 3724 3900 tantum

2157 3941 2442 3988 aversatus
2465 3948 2587 3988 sum
2632 3942 2868 4000 terrena,
2911 3943 2972 3990 ut
3003 3951 3104 3992 nec
3143 3935 3403 3992 haberem
3447 3951 3554 4006 quo
3585 3934 3722 3996 recli-

2157 4039 2348 4079 narem
2389 4032 2592 4093 caput;
2620 4025 2712 4094 qui
2759 4025 2930 4082 etiam
2949 4027 3088 4082 meis
3125 4027 3407 4097 discipulis
3451 4027 3722 4092 mandavi;

2159 4111 2284 4168 Non
2316 4114 2624 4184 possidentis
2664 4131 2856 4170 aurum
2886 4133 3046 4186 neque
3073 4126 3369 4186 argentum,
3405 4135 3568 4190 neque
3587 4134 3652 4171 res
3677 4118 3724 4170 in

2157 4205 2304 4258 sonis
2327 4205 2530 4270 uestris,
2571 4221 2680 4262 non
2697 4223 2876 4276 peram
2894 4209 2954 4262 in
2972 4208 3082 4273 uia,
3107 4225 3198 4264 nec
3226 4209 3362 4264 duas
3389 4210 3616 4276 tunicas,
3645 4226 3724 4264 ue-

2156 4311 2254 4364 gue
2291 4294 2662 4361 calciamenta,
2707 4312 2868 4366 neque
2901 4297 3101 4366 uirgam
3137 4297 3366 4369 (Matth.
3413 4299 3504 4369 ι).
3539 4298 3596 4354 In
3624 4307 3726 4354 tan-

2135 4394 2271 4439 Ttum
2299 4399 2428 4456 ergo
2469 4400 2658 4442 eorum
2687 4402 2809 4456 qum
2847 4388 2903 4442 in
2947 4396 3150 4444 terram
3196 4397 3415 4462 repunt,
3465 4390 3603 4448 nihil
3640 4404 3726 4448 nos

2157 4491 2354 4549 sapere
2377 4485 2474 4532 aut
2509 4491 2671 4549 agere
2690 4477 2890 4534 studet.

2499 4621 2502 4626 .
2602 4599 2606 4610 ι
2699 4611 2702 4618 ι
2742 4569 2968 4626 CAPUT
3003 4570 3142 4630 XIV.

2529 4660 2609 4722 De
2627 4662 2921 4732 pythonict's
2937 4672 2993 4718 et
3009 4679 3162 4734 pana
3177 4679 3383 4734 eorum.
3458 4725 3463 4734 ,
3553 4727 3556 4732 ι

2145 4781 2148 4788 ·
2216 4753 2406 4827 antu.)
2440 4751 2533 4808 Vir
2557 4755 2666 4814 sive
2696 4753 2887 4812 mulier
2912 4755 2968 4810 in
2991 4754 3529 4828 quibuspgthonim
3556 4760 3631 4814 νει
3663 4759 3732 4812 ἀί-

2111 4877 2114 4880 -
2152 4843 2434 4899 uitiationis
2452 4843 2614 4912 fuerit
2629 4844 2882 4912 spiritus,
2904 4855 3082 4910 morte
3101 4847 3418 4916 moriantur,
3444 4831 3532 4912 uel
3560 4850 3734 4921 lapidi-

2155 4934 2252 4988 bus
2279 4934 2502 4988 obruant
2529 4949 2618 4988 eos
2634 4952 2657 4989 :
2677 4935 2894 5003 sanguis
2931 4951 3114 4990 eorum
3147 4937 3212 4992 sit
3241 4953 3399 5007 super
3442 4939 3593 4998 illos.
3618 4940 3638 5014 (
3660 4939 3734 5010 Et

2136 5023 2384 5093 eodem.)
2429 5023 2544 5078 Hoc
2582 5023 2762 5093 ipsum
2803 5026 3153 5095 pythonicum
3195 5041 3316 5085 esse
3349 5029 3442 5086 vel
3482 5032 3733 5095 divinum,

2105 5149 2108 5156 -
2156 5115 2291 5179 sive,
2316 5123 2374 5170 ut
2401 5113 2772 5186 Septuaginta,
2802 5119 3203 5186 incantatorem,
3234 5121 3416 5178 nimim
3442 5124 3738 5198 iniquitatis

2157 5213 2240 5260 est
2269 5223 2284 5260 :
2317 5206 2409 5275 qni
2457 5207 2602 5262 enim
2631 5206 2756 5263 talis
2790 5215 2895 5274 est,
2930 5216 2998 5274 vet
3038 5210 3162 5280 ipse.
3203 5222 3498 5283 coemptus
3536 5227 3647 5284 est,
3679 5225 3738 5282 et

2157 5295 2291 5352 alios
2315 5295 2502 5366 procul
2522 5297 2685 5354 dubio
2704 5297 2760 5351 in
2788 5313 2884 5353 sua
2906 5298 3193 5369 iniquitate
3219 5308 3564 5378 corrumpit;
3608 5307 3739 5368 unde

2157 5390 2414 5460 praecepit
2459 5389 2729 5458 lapidibus
2769 5406 2894 5446 eum
2939 5393 3137 5450 obrui:
3170 5397 3298 5466 quia
3325 5413 3445 5460 nec
3485 5401 3741 5466 sensibile

2156 5480 2286 5548 quid
2305 5481 2534 5550 agimus,
2569 5481 2667 5536 sed
2703 5479 2914 5540 fabulas
2939 5483 3006 5538 de
3037 5485 3200 5542 corde
3227 5486 3395 5548 veluti
3439 5490 3742 5561 superﬂuos

2155 5582 2210 5628 et
2235 5589 2404 5628 vanos
2449 5586 2744 5638 sermones,
2795 5574 2880 5629 vel
2922 5575 3165 5646 quaedam
3198 5581 3356 5649 quasi
3401 5581 3741 5640 incantantis

2152 5667 2524 5726 blandimenta
2542 5665 2856 5737 incongruis
2871 5669 3238 5728 doctrinarum
3257 5677 3742 5742 sermonibusstu-

2154 5759 2395 5824 deamus,
2426 5763 2487 5813 ut
2522 5755 2863 5828 popularium
2898 5761 3013 5819 sive
3053 5762 3379 5836 simplicium
3410 5769 3745 5840 seducamus
