3892 6344
199 295 292 358 W5

201 415 413 478 auditus,
446 408 516 463 ad
551 405 868 463 nutriendos
911 409 1131 458 ventres
1175 405 1415 463 nostros,
1465 403 1630 464 atque
1656 408 1756 448 ex-
1782 393 1837 464 Α

200 506 331 580 plere
353 509 568 558 nostras
592 489 1276 567 voluptateskalias'talibus
1299 484 1760 558 exquisitiouibus

200 577 476 670 inpienms;
527 589 910 661 Aperte’enim
953 581 1324 652 intelligibiies
1351 577 1675 650 pythonicos
1702 582 1761 630 et

199 668 373 764 pravos
407 681 786 742 incantatores
825 676 1084 734 Romanis
1129 672 1376 729 scribens
1413 668 1614 725 Paula
1659 681 1758 724 vas

199 783 458 841 electionis
479 777 764 850 etpressit.
799 773 1064 843 Rogamus
1094 777 1270 824 autem
1299 782 1411 831 vos,
1449 765 1660 833 fratres,
1698 768 1789 817 ut“

198 873 452 934 observetis
479 883 565 927 eos
586 869 676 941 qui
704 863 1060 920 "dissensiones
1080 861 1329 914 intereas
1356 865 1406 911 et
1441 851 1759 924 offendicula

195 971 364 1037 prater
387 965 684 1019 doctrinam
699 973 856 1030 quam
880 969 969 1011 vos
989 952 1248 1007 didicistis
1276 948 1496 1018 faciunt,
1525 954 1576 999 et
1590 941 1757 999 decli-

195 1057 300 1117 nale
326 1058 386 1112 ab
405 1047 504 1110 eis.
529 1054 630 1122 Qui
653 1060 832 1106 autem
867 1055 993 1104 sunt
1018 1047 1074 1102 hi
1109 1045 1166 1100 in
1189 1039 1643 1111 subsequentibus
1665 1053 1760 1092 ex-

193 1143 469 1224 planavit:
503 1145 578 1201 Hi
611 1147 749 1201 enim
789 1143 1012 1197 Domino
1053 1146 1228 1193 nostro
1263 1131 1475 1190 Christo
1504 1147 1612 1186 non
1645 1145 1758 1184 κταρ

193 1221 342 1307 ἱίιιηη
366 1240 454 1295 sed
483 1255 578 1293 suo
600 1235 784 1300 centri,
823 1241 874 1288 et
896 1247 988 1303 per
1011 1228 1190 1285 dulces
1221 1235 1486 1282 sermones
1517 1229 1570 1280 et
1599 1221 1758 1278 lienes

187 1335 428 1388 dictiones
456 1331 710 1385 seducunt
741 1325 904 1382 corda
940 1324 1295 1377 innocentum.
1393 1341 1396 1344 ~

775 1434 1002 1494 CAPUT
1035 1429 1154 1487 XV.

194 1536 452 1604 Quomodo
472 1533 773 1604 sacerdotes
787 1547 840 1584 se
862 1527 1052 1604 habere
1073 1523 1292 1604 debeant
1313 1515 1370 1572 in
1393 1523 1557 1571 morte
1578 1514 1765 1570 civium

656 1614 704 1657 et
739 1598 990 1654 ducendis
1015 1593 1288 1648 uxoribus.

161 1659 164 1673 ἶ
250 1698 409 1768 (CAP.
432 1697 571 1766 xxi.)
601 1693 854 1761 Dixitque
873 1686 1132 1742 Dominus
1159 1681 1228 1735 ad
1255 1679 1471 1749 Moysen
1495 1675 1764 1768 :quuere

182 1747 571 1845 ad‘sacerdote;
601 1785 741 1855 ﬁlios
783 1782 994 1845 Aaron,
1025 1785 1073 1830 et
1101 1775 1239 1829 dices
1262 1772 1330 1826 ad
1360 1787 1445 1824 eos
1474 1783 1494 1820 :
1523 1765 1606 1820 Ne
1630 1781 1758 1820 con-
1785 1747 1838 1807 Β

179 1884 467 1937 taminetur
503 1874 747 1932 sacerdos
776 1875 831 1926 in
875 1868 1126 1925 mortibus
1162 1865 1348 1918 civium
1381 1875 1626 1922 suorum,
1659 1857 1760 1910 nisi

178 1983 388 2028 tantum
413 1971 474 2022 in
501 1962 896 2035 consanguineis
925 1967 1015 2011 aut
1046 1952 1372 2027 propinquis,
1406 1950 1461 2002 id
1492 1957 1582 2011 est,
1607 1961 1762 2017 super

175 2073 352 2135 patre,
379 2079 444 2115 ac
473 2067 656 2122 matre,
682 2063 730 2108 et
757 2051 891 2122 ﬁlio,
926 2057 975 2103 et
999 2047 1136 2118 ﬁlia,
1175 2044 1339 2114 fratre
1367 2056 1571 2114 quoque
1598 2047 1647 2092 et
1671 2054 1760 2091 so-

178 2129 293 2208 rore
338 2151 557 2220 virgine,
609 2160 726 2216 qua:
772 2157 874 2196 non
911 2147 986 2194 est
1036 2145 1197 2206 nupta
1235 2135 1348 2188 uiro
1378 2148 1397 2186 :
1431 2130 1520 2186 sed
1561 2146 1657 2183 nec
1702 2129 1762 2182 in

180 2243 410 2316 principe
449 2236 628 2310 populi
650 2234 733 2289 sui
768 2227 1231 2287 contaminabitur.
1280 2221 1637 2292 Septuaginta
1665 2233 1762 2273 au-

183 2310 308 2398 tem,
339 2310 446 2385 non
474 2326 734 2399 polluetur
758 2339 822 2377 ex
845 2321 1016 2376 subito
1040 2320 1097 2372 in
1125 2314 1315 2387 populo
1345 2329 1441 2368 suo
1471 2312 1540 2366 ad
1580 2310 1762 2381 profaa

186 2425 439 2480 nationem
489 2435 660 2473 suam.
705 2415 724 2486 (
758 2412 842 2466 Ea:
891 2410 1172 2480 Hesychia.
1203 2407 1220 2477 )
1253 2405 1456 2460 Littera
1485 2402 1703 2472 quidem
1729 2416 1762 2455 a

187 2521 511 2568 mortuorum
546 2505 931 2578 pollutionibus
972 2501 1162 2571 fugere
1201 2496 1514 2553 sacerdotes
1550 2505 1761 2563 praece-

185 2605 274 2676 pit,
303 2603 391 2658 sed
420 2617 532 2656 non
556 2601 674 2654 haec
698 2603 783 2651 est
819 2595 952 2665 legis
976 2592 1224 2656 intentio,
1258 2603 1436 2658 neque
1463 2587 1529 2642 de
1553 2587 1660 2641 hoc
1685 2586 1764 2640 le-

187 2697 393 2768 gislator
421 2687 890 2762 loquiproposuit,
915 2685 1007 2739 sed
1036 2681 1240 2753 aliquid
1269 2678 1447 2748 majus
1471 2677 1761 2741 intellexit,

187 2796 234 2842 et
259 2785 392 2857 quod
417 2783 588 2838 nimis
609 2781 674 2836 de
693 2777 1067 2834 sacerdotibus
1093 2771 1404 2828 necessario
1433 2770 1710 2824 diceretur
1739 2785 1752 2822 :

187 2879 298 2950 quia
324 2876 466 2933 enim
499 2876 652 2945 ipsos
693 2870 964 2941 inspicere
1009 2865 1225 2937 quando
1262 2862 1545 2934 negligunt
1578 2859 1763 2930 populi

185 2975 412 3038 peccata,
444 2965 653 3020 dicitur
704 2961 1001 3016 secundum
1038 2957 1183 3026 quod
1216 2957 1271 3010 in
1317 2952 1458 3009 Osca
1501 2953 1764 3021 scriptum

187 3064 258 3111 est
287 3071 298 3108 :
325 3051 561 3108 Peccata
583 3049 760 3122 populi
786 3050 887 3103 mei
919 3045 1205 3108 comedent,
1248 3052 1298 3097 et
1323 3042 1396 3096 ad
1435 3042 1766 3116 iniquitatem

186 3163 349 3202 eorum
374 3145 720 3201 sublevabant
752 3141 959 3194 animas
981 3151 1161 3192 eorum
1191 3134 1339 3206 (Ose.
1367 3132 1464 3206 iv).
1497 3133 1615 3187 Non
1643 3131 1764 3201 qui-

187 3240 295 3294 dem
319 3239 500 3293 omnia
527 3247 868 3305 quaecunque
900 3229 1133 3300 populus
1176 3236 1390 3298 peccat,
1437 3226 1571 3297 ipsis
1605 3239 1768 3294 opor-

187 3336 258 3384 tet
282 3329 557 3399 imputari,
603 3325 698 3381 sed
745 3322 1072 3378 intendenda
1124 3329 1209 3375 est
1241 3320 1333 3375 illa
1370 3320 1441 3374 ab
1480 3315 1764 3374 Ezechiele

187 3424 428 3492 propheta
462 3423 618 3477 dicta
667 3418 859 3473 divisio
892 3433 905 3469 :
942 3414 1331 3478 Filihominis,
1385 3410 1765 3482 speculatorem

189 3513 302 3567 dedi
325 3521 372 3567 te
393 3512 578 3568 domui
615 3509 808 3574 Israel,
831 3519 880 3561 et
917 3507 1098 3561 audies
1124 3507 1190 3559 de
1226 3521 1318 3559 ore
1343 3519 1456 3558 meo
1483 3502 1766 3557 uerbum‘et

153 3603 513 3660 'annuntiabis
557 3605 631 3658 eis
678 3618 743 3656 ex
787 3616 870 3654 me
901 3613 919 3650 :
949 3599 995 3652 si
1042 3597 1245 3650 dicente
1283 3609 1368 3647 me
1405 3591 1474 3646 ad
1520 3589 1762 3660 impium,

185 3697 343 3752 Morte
381 3696 650 3759 morieris,
682 3709 788 3746 non
829 3688 1224 3744 annuntiaueris
1251 3686 1319 3750 ei,
1360 3697 1524 3754 neque
1557 3679 1765 3734 locutus

183 3788 358 3856 fueris,
387 3795 446 3838 ut
477 3793 743 3838 avertatur
767 3797 797 3834 a
828 3784 913 3835 via
939 3797 1036 3834 sua
1061 3779 1224 3848 impia
1260 3785 1309 3830 et
1338 3776 1493 3838 uiuat,
1525 3773 1634 3842 ipse
1664 3771 1765 3824 im-

181 3881 289 3950 pius
339 3878 404 3932 in:
442 3876 717 3946 iniquitate
761 3887 858 3927 sua
898 3874 1180 3934 morietur,
1231 3870 1538 3939 sanguinem
1590 3875 1764 3920 autem

185 3972 286 4042 ejus
308 3971 375 4025 de
403 3983 571 4024 manu
611 3975 704 4020 tua
727 3965 1009 4036 requiram.
1044 3961 1106 4016 Si
1134 3969 1308 4014 autem
1333 3969 1388 4012 tu
1423 3957 1766 4012 annuntiaue-

189 4064 248 4117 ris
288 4062 471 4134 impio,
522 4066 572 4113 et
607 4056 698 4111 ille
729 4071 833 4110 non
874 4055 1346 4125 fuerit'conversus
1393 4048 1459 4101 ab
1500 4049 1764 4117 impietate

190 4171 294 4219 sua,
322 4164 372 4208 et
410 4144 496 4206 via
527 4166 626 4204 sua
671 4149 852 4218 impia,
883 4147 994 4215 ipse
1022 4143 1231 4214 quidem
1271 4144 1327 4195 in
1362 4141 1638 4210 iniquitate
1663 4154 1762 4192 sua

194 4231 441 4306 morietur,
475 4252 533 4295 tu
559 4248 733 4293 autem
755 4237 988 4291 animam
1010 4245 1156 4288 tuam
1171 4231 1384 4286 salvasti
1404 4228 1622 4301 (Ezech.
1648 4226 1756 4298 ιιι).

193 4331 291 4390 Hoc
315 4343 498 4389 autem
546 4331 810 4401 apertius,
864 4327 958 4382 sed
999 4332 1054 4380 et
1100 4322 1368 4386 subtilius,
1415 4320 1468 4374 in
1504 4316 1759 4390 praesenti

853 245 886 336 ,ἰ
941 277 2630 348 ”ρε.’ΒΏο8ἮοΝΕΞ(ΙΝἰ1ιΕἮἨϐυΜι-σ-φτίὺωβ’Ἥρης
2681 317 2690 346 ς

1787 3100 1835 3165 C

1927 392 2154 463 Oportet
2176 393 2322 450 enim
2355 392 2702 462 sacerdotem.
2728 391 3068 464 diligentiam
3085 391 3353 454 adhibere
3381 407 3446 454 et

1856 484 2053 556 popqu
2091 495 2151 541 ut
2187 501 2300 542 non
2318 493 2528 566 peccet,
2553 485 2671 544 sed
2701 484 2979 555 praecipue
2999 483 3194 542 domui
3239 501 3348 542 suae
3379 497 3444 560 et,

1859 579 2136 645 cognatis;
2176 584 2400 646 propter
2439 577 2584 646 quod
2610 575 2810 632 Paulus
2831 575 2910 632 ait
2945 592 2959 630 :
2985 573 3117 632 Hinc
3136 577 3358 648 praecipe
3378 588 3444 646 ut,

1856 667 2329 738 irreprshensibiles
2379 669 2508 724 sint.
2570 665 2632 722 Si
2686 667 2803 738 quis
2862 675 3036 732 autem
3077 683 3335 736 suorum,
3387 653 3436 724 et

1859 762 2084 817 maxime
2101 761 2524 826 domesticorum,
2547 775 2728 814 curam
2749 776 2852 816 non
2875 759 3046 826 habet,
3073 759 3232 828 ﬁdem
3260 772 3440 834 negat,

1858 860 1910 905 et
1941 849 2236 920 ϐαίηβάεᾶ
2260 850 2488 914 deterior
2526 848 2588 918 (1
2613 848 2748 904 Tim.
2778 849 2854 921 v).
2894 849 2964 907 Et
2986 867 3177 910 rursus
3203 871 3215 906 :
3247 850 3306 910 Si
3336 871 3434 910 au-

1836 971 1838 976 ι
1858 953 1962 998 tem
1976 945 2092 1014 quis
2112 961 2222 998 suae
2248 944 2425 996 domui
2446 959 2662 1013 praeesse
2683 943 2866 1008 nescit,
2894 944 3152 1014 quomodo
3183 944 3436 1004 Ecclesia:

1857 1033 1957 1088 Dei
2000 1050 2184 1088 curam
2209 1033 2455 1087 habebit?
2479 1032 2542 1104 (1
2568 1031 2702 1088 Tim.
2732 1035 2852 1106 ιιι.)
2889 1033 2946 1087 In
2969 1034 3102 1099 tilio,
3127 1043 3182 1090 et
3215 1035 3344 1102 ﬁlia,
3382 1046 3439 1093 et

1857 1125 2050 1198 fratre,
2090 1135 2145 1181 et
2173 1140 2360 1180 sorore
2386 1123 2618 1194 virgine,
2649 1123 2898 1178 videlicet
2933 1125 3308 1194 peccantibus,
3335 1143 3434 1182 ne-

1861 1219 2096 1274 cessario
2130 1218 2384 1274 sacerdos
2409 1217 2690 1288 polluitur,
2723 1226 2783 1272 ut
2809 1227 2952 1287 pote,
2984 1220 3075 1289 qui
3116 1220 3276 1276 debet
3298 1236 3437 1292 quo-

1861 1313 2018 1380 tidie,
2051 1315 2146 1370 sed
2171 1323 2228 1369 et
2261 1314 2410 1370 omni
2436 1315 2591 1380 hora,
2638 1328 2704 1370 ea
2743 1328 2863 1383 quae
2896 1315 2965 1369 ad
3003 1313 3232 1370 salutem
3276 1316 3444 1386 perti-

1865 1412 1998 1458 nent
2016 1420 2111 1460 eos
2135 1405 2436 1469 instituere,
2467 1415 2524 1460 et
2550 1404 2775 1476 vigilare
2807 1405 2952 1460 circa
2979 1419 3074 1460 eos
3100 1412 3161 1459 ut
3192 1421 3297 1460 non
3319 1421 3442 1475 pec-

1867 1505 1994 1551 cent
2020 1496 2146 1551 talia
2169 1512 2289 1567 qua:
2327 1506 2503 1552 morte
2528 1509 2654 1552 sunt
2679 1497 2858 1567 digna.
2907 1495 3021 1552 Hoc
3050 1505 3233 1553 autem
3270 1497 3442 1565 ipsum

1866 1586 2006 1641 etin
2030 1595 2223 1651 matre,
2271 1596 2328 1642 et
2368 1588 2422 1642 in
2470 1595 2624 1657 patre
2659 1585 3070 1658 intelligendum
3114 1594 3218 1642 est.
3251 1585 3444 1642 Filium

1863 1677 2064 1746 quippe
2107 1678 2384 1732 doctorem
2422 1677 2596 1746 patris
2634 1677 2932 1746 matrisque
2979 1675 3335 1731 sacerdotalis
3363 1675 3448 1730 di-

1863 1768 2042 1838 gnitas
2083 1768 2214 1822 facit
2246 1786 2258 1820 :
2287 1768 2476 1823 dicens
2520 1768 2738 1836 quidem
2781 1782 3024 1823 sororem
3066 1783 3186 1838 quae
3222 1783 3332 1822 non
3364 1774 3452 1824 est

1863 1865 2029 1928 nupta
2056 1859 2194 1922 viro,
2225 1858 2462 1914 ostendit
2482 1873 2581 1928 per
2612 1858 2754 1912 hanc
2785 1858 2913 1927 quia
2943 1858 2992 1914 si
3013 1859 3230 1929 cognati
3256 1872 3447 1914 sacer-

1863 1949 2006 2004 dotis
2049 1949 2369 2017 semetipsos
2415 1947 2806 2016 separaverunt,
2851 1956 2905 2002 et
2941 1946 3134 2002 domus
3181 1947 3446 2017 quodam-

1863 2040 2029 2095 modo
2054 2039 2157 2095 alia
2195 2039 2517 2109 semetipsos
2546 2046 2860 2108 separautes
2886 2038 3018 2094 facti
3047 2038 3272 2106 fuerint,
3319 2037 3447 2094 nul-

1863 2130 1973 2186 lam
1992 2131 2274 2201 patiuntur
2293 2131 2348 2186 in
2371 2131 2720 2200 peccantibus
2742 2131 2828 2186 his
2841 2131 3230 2202 pollutionem;
3273 2147 3448 2202 quan-

1847 2223 1957 2280 -diu
1982 2231 2160 2280 autem
2189 2224 2272 2278 eis
2296 2224 2605 2290 adhaerent,
2635 2225 3055 2295 propinquitatis
3084 2233 3142 2279 et
3172 2226 3449 2296 cognatio-

1862 2316 1949 2371 nis
1995 2316 2167 2386 legem
2217 2315 2666 2381 custodientibus,
2729 2315 3207 2372 contaminationis
3257 2330 3448 2372 eorum

1863 2416 2016 2464 recte
2037 2407 2333 2479 participes
2375 2406 2700 2473 elliciuntur,
2739 2408 2868 2478 quia
2911 2422 3016 2463 nec
3055 2408 3305 2479 ignorare
3347 2421 3446 2463 eo-

1865 2515 1986 2556 rum
2012 2508 2255 2571 peccata,
2298 2508 2360 2554 ut
2382 2509 2510 2570 pote
2546 2500 2994 2566 cohabitantium,
3020 2506 3269 2570 possunt,
3300 2498 3448 2568 quod

1863 2593 1946 2648 eis
1983 2600 2038 2647 et
2065 2593 2546 2648 contaminationis
2571 2607 2792 2649 causam
2819 2593 2984 2662 parit.
3026 2591 3182 2650 Unde
3210 2606 3342 2663 ergo
3364 2589 3446 2646 di-

1865 2700 1996 2742 cens
2016 2687 2160 2755 quod
2181 2686 2238 2741 in
2265 2685 2351 2742 his
2375 2679 2895 2749 contaminarentur,
2931 2685 3322 2754 subsequenter
3351 2683 3446 2736 ad-

1867 2779 2023 2844 didit,
2059 2779 2360 2833 secundum
2393 2778 2765 2848 Septuaginta,
2807 2792 2912 2832 non
2956 2774 3233 2846 polluetur,
3269 2772 3449 2828 subito

1867 2872 1921 2926 in
1949 2871 2150 2942 populo
2183 2871 2373 2925 suoad
2414 2870 2846 2940 profanationem
2865 2867 3005 2938 ejus.
3046 2866 3185 2934 Quid
3223 2881 3322 2936 per
3346 2866 3448 2921 hoc

1867 2964 2016 3019 aliud
2037 2962 2322 3019 ostendit?
2342 2962 2446 3017 nisi
2473 2961 2604 3031 quia
2645 2959 2903 3030 polluitur
2936 2957 3153 3028 quidem
3185 2965 3241 3013 et
3266 2957 3320 3011 in
3347 2971 3444 3027 po-

1865 3055 1992 3125 pulo
2016 3061 2278 3125 peccante
2317 3053 2596 3117 sacerdos,
2623 3051 2718 3106 sed
2743 3065 2852 3106 non
2881 3049 3081 3106 subito.
3109 3048 3239 3117 Qua:
3267 3057 3449 3104 autem

1869 3146 2139 3201 accedunt
2175 3145 2233 3199 in
2279 3143 2555 3199 extraneis
2584 3142 2776 3212 culpis,
2815 3145 2930 3197 hanc
2961 3155 3070 3196 non
3099 3139 3244 3197 illico
3269 3155 3453 3196 sacer-

1866 3237 2049 3292 dotem
2077 3233 2486 3300 eoutaminant,
2537 3234 2633 3290 sed
2677 3233 2893 3304 quando
2929 3231 3032 3301 ipsi
3069 3231 3289 3302 quidem
3328 3245 3452 3302 per-

1866 3331 2166 3386 manserint
2191 3330 2251 3384 in
2293 3329 2558 3400 peccatis,
2586 3327 2900 3384 sacerdotes
2922 3333 3106 3381 autem
3129 3339 3226 3381 eos
3253 3336 3448 3380 curare

1865 3422 2220 3493 neglexerint.
2259 3421 2376 3476 Non
2406 3421 2610 3476 frustra
2645 3427 2830 3474 autem
2866 3416 3096 3480 addidit,
3113 3414 3450 3485 profanatio-

1853 3529 1998 3573 nem,
2035 3514 2132 3568 sed
2154 3511 2287 3566 illud
2309 3526 2410 3580 per
2429 3511 2534 3565 hoc
2561 3508 2788 3565 verbum
2823 3507 3056 3562 innueus
3077 3505 3206 3576 quia
3229 3502 3449 3575 quando

1867 3607 2124 3661 sacerdos
2159 3605 2439 3673 polluitur,
2493 3603 2786 3657 secundum
2831 3601 3146 3669 praedictam
3200 3611 3446 3661 causam,

1865 3696 2052 3766 populi
2095 3695 2334 3765 peccatis
2357 3732 2372 3758 ,
2409 3692 2690 3761 negligens
2739 3689 2995 3745 videlicet
3035 3696 3091 3743 et
3127 3703 3238 3742 non
3282 3699 3449 3756 agens
3547 3743 3554 3748 ,

1825 3793 1828 3798 ’
1862 3800 1986 3858 quae
2012 3785 2190 3842 modis
2225 3783 2480 3840 omnibus
2529 3782 2866 3836 sacerdotem
2912 3779 3216 3848 oportebat,
3260 3777 3448 3846 profac

1864 3893 1990 3943 nus,
2032 3879 2087 3933 id
2127 3885 2233 3942 est,
2282 3876 2462 3931 nudus
2506 3872 2797 3930 sacerdotii
2847 3871 3130 3943 dignitate,
3177 3871 3451 3926 invenitur

1840 3983 2006 4022 unus
2052 3975 2112 4021 et
2147 3967 2267 4036 ipse
2307 3966 2377 4021 de
2413 3965 2604 4022 multis
2636 3982 2650 4019 :
2679 3961 2890 4035 profani
2931 3961 3077 4018 enim
3109 3961 3166 4017 hi
3201 3961 3296 4032 qui
3335 3976 3445 4020 non

1864 4065 1993 4112 sunt
2040 4054 2364 4111 sanctiﬁcati
2414 4055 2688 4120 dicuntur,
2738 4061 2798 4110 et
2843 4052 3075 4109 multum
3111 4059 3281 4119 recte,
3315 4053 3442 4123 quia

1862 4161 1928 4203 ea
1979 4161 2102 4216 quae
2135 4153 2282 4218 sunt
2330 4145 2628 4201 sacerdotis
2674 4159 2785 4200 non
2832 4153 3079 4214 egerunt.
3135 4141 3442 4212 Sequitur:

1932 4239 2040 4312 (Ea:
2049 4238 2274 4311 eodem.)
2290 4237 2413 4292 Non
2434 4238 2619 4293 radent
2639 4246 2794 4310 caput
2816 4254 2908 4292 nec
2931 4236 3168 4302 barbam,
3197 4251 3364 4305 neque
3387 4235 3444 4288 in

1857 4333 2106 4388 carnibus
2129 4331 2240 4387 suis
2265 4330 2461 4399 facient
2511 4330 2790 4384 incisuras.
2824 4326 2983 4382 Vinci
3010 4341 3043 4379 a
3068 4324 3443 4380 sacerdotibus

197 4426 448 4498 leSiSlalO“
474 4422 730 4494 θΧΡοευίι
761 4438 774 4474 ε
817 4419 885 4473 Ῑη
922 4416 1214 4510 “nimim”,
1247 4413 1452 4510 inqui}:
1500 4427 1603 4464 "0"
1631 4426 1834 4510 σονξη)
1857 4425 2023 4480 etiam
2063 4424 2342 4479 tristitiam
2379 4438 2502 4493 quae
2527 4422 2594 4476 de
2632 4428 2810 4476 morte
2852 4417 2993 4472 solet
3040 4412 3308 4477 accidere,
3353 4412 3442 4469 lex

197 4521 495 4573 taminentur
524 4519 663 4571 inter
701 4513 832 4567 cives
880 4526 1019 4573 suos,
1061 4505 1368 4589 inquibus.
1399 4505 1453 4557 in
1483 4501 1757 4573 peccanti-

195 4609 278 4663 bus
301 4610 571 4673 videlicet,
617 4619 739 4677 qum
784 4601 1083 4672 pollutione
1135 4597 1494 4668 complentur,
1541 4603 1597 4649 et
1638 4593 1760 4648 aliis

196 4701 388 4770 quidem
410 4696 714 4755 secundum
736 4693 998 4764 quosdam
1023 4689 1212 4744 modos
1236 4687 1552 4758 pollutionis
1577 4692 1761 4740 aucto-

197 4795 269 4846 res
293 4792 440 4857 ﬁunt,
477 4790 720 4844 maxime
746 4795 926 4840 tamen
969 4781 1339 4838 sacerdotibus
1359 4787 1414 4834 et
1449 4777 1760 4834 doctoribus

197 4883 385 4949 quando
422 4899 516 4938 eos
564 4878 944 4948 neglexerunt.
999 4873 1366 4927 Verumtamen
1407 4872 1462 4924 in
1510 4870 1612 4932 his,
1657 4868 1758 4933 ait,

199 4987 283 5025 non
307 4975 692 5028 contaminetur
713 4969 772 5021 in
800 4963 1051 5018 mortibus
1086 4964 1272 5017 civium
1298 4977 1535 5027 suorum,
1567 4961 1622 5014 id
1648 4968 1756 5025 est,

198 5065 386 5131 quando
433 5063 570 5118 nihil
622 5057 828 5115 inventi
879 5054 1082 5109 fuerint
1125 5052 1266 5121 quod
1310 5053 1392 5107 eis
1435 5051 1761 5121 expediebat

199 5156 418 5212 omisisse
447 5157 586 5210 :‘sed
622 5151 724 5223 ipsi
751 5147 969 5220 quidem
1012 5144 1154 5214 quod
1183 5144 1250 5196 ad
1278 5155 1338 5196 se
1379 5143 1640 5212 pertinuit
1681 5141 1758 5196 fe-

201 5244 340 5312 cisse,
362 5257 414 5301 et
443 5247 540 5302 Dei
583 5245 759 5314 legem
798 5239 1146 5310 praedicasse,
1191 5233 1266 5287 illi
1298 5240 1480 5286 autem
1509 5233 1756 5288 nolentes

202 5337 394 5394 obedire
419 5349 656 5395 mortem
691 5335 908 5390 sibimet
935 5329 1306 5386 conduxerunt
1349 5324 1712 5382 inobedientia
1736 5345 1751 5381 :

203 5425 290 5485 non
323 5449 445 5504 ergo
475 5433 530 5488 in
557 5433 647 5488 his
677 5429 732 5484 hi
768 5429 859 5500 qui
899 5433 1138 5498 prmsunt
1178 5423 1512 5493 polluuntur,
1556 5423 1652 5478 sed
1697 5424 1754 5479 in

203 5521 461 5597 propinquo
495 5536 542 5580 et
581 5525 819 5598 proximo
862 5538 987 5586 suo,
1026 5520 1081 5575 in
1122 5527 1270 5589 patre
1297 5526 1345 5572 et
1374 5518 1432 5572 in
1464 5524 1656 5584 matre,
1698 5518 1754 5572 in

203 5610 309 5677 ﬁliis
335 5625 378 5670 et
405 5617 617 5686 ﬁliabus
636 5657 651 5683 ,
690 5615 747 5670 in
773 5613 935 5686 fratre
959 5620 1008 5669 et
1042 5625 1219 5668 sorore
1260 5610 1477 5682 virgine,
1503 5623 1622 5682 quae
1645 5624 1751 5664 non

204 5713 267 5756 est
288 5718 439 5778 nupta
464 5709 592 5766 uiro.
1193 5695 1197 5699 ’

1859 4525 2008 4572 recte
2034 4515 2301 4586 praecipit,
2331 4520 2544 4584 utpote
2581 4511 2672 4580 qui
2708 4517 2766 4566 et
2793 4507 2895 4576 ipsi
2921 4519 3074 4574 spem
3097 4503 3222 4562 vita)
3245 4501 3444 4560 futurae

1858 4607 2062 4662 habent
2096 4614 2152 4660 et
2176 4603 2435 4673 populum
2477 4597 2846 4657 docentuSed
2873 4603 3029 4652 extra
3058 4595 3176 4652 haec
3202 4609 3312 4654 non
3347 4609 3441 4652 so-

1861 4699 1970 4751 lum
2012 4697 2067 4751 in
2089 4693 2326 4766 propriis
2361 4692 2602 4762 peccatis
2627 4689 2854 4759 vigilare
2875 4701 2988 4750 eos,
3021 4694 3076 4742 et
3105 4693 3318 4743 mentes
3339 4686 3436 4742 ha-

1860 4789 1992 4844 bere
2026 4799 2209 4851 sanas,
2241 4784 2336 4838 sed
2364 4782 2540 4838 etiam.
2575 4782 2632 4836 in
2675 4779 2900 4846 alienis,
2944 4779 3000 4834 in
3027 4778 3114 4834 his
3137 4793 3261 4848 quae
3286 4791 3437 4834 nunc

1859 4880 2003 4935 dicta
2046 4885 2173 4933 sunt
2221 4875 2500 4930 evidenter
2552 4872 2828 4943 praecepit.
2886 4870 3167 4940 Quomodo
3213 4876 3391 4926 autem
3415 4907 3434 4936 ,

1860 4971 2008 5025 disce
2040 4986 2054 5020 :
2092 4974 2254 5037 caput
2278 4965 2534 5021 et-barba
2570 4963 2848 5034 sapientia
2879 4969 2964 5019 est
2991 4967 3048 5017 et
3089 4959 3435 5032 perfectionis

1858 5068 2058 5115 nostra:
2071 5059 2316 5128 signum;
2341 5064 2564 5125 propter
2579 5056 2725 5125 quod
2744 5065 2907 5126 caput
2932 5061 3178 5110 nostrum
3197 5051 3432 5124 appella-

1857 5159 1948 5207 tur
1975 5150 2244 5214 Christus,
2289 5149 2344 5203 in
2367 5163 2476 5217 quo
2506 5162 2700 5218 sapere
2739 5147 2997 5203 debemus
3025 5145 3258 5201 maxima
3286 5155 3432 5210 quae-

1857 5259 1965 5313 que
1993 5249 2158 5311 atque
2181 5238 2422 5310 perfecta
2441 5280 2456 5304 ,
2503 5247 2640 5295 teste
2675 5238 2844 5296 Paulo
2864 5279 2879 5304 ,
2919 5237 3012 5307 qui
3046 5235 3176 5290 dicit
3205 5251 3218 5287 :
3250 5231 3426 5287 Donec

1857 5347 2198 5388 occurramus
2223 5343 2397 5384 omnes
2423 5329 2480 5383 in
2508 5329 2676 5384 virum
2695 5327 3011 5399 perfectum,
3051 5332 3099 5376 et
3129 5335 3428 5376 mensuram

1855 5423 2024 5479 (etatis
2065 5419 2400 5493 plenitudinis
2427 5416 2625 5475 Christi
2663 5417 2876 5488 (Ephes.
2911 5412 3010 5484 tv).
3039 5411 3204 5486 Recte
3242 5416 3424 5464 autem

1853 5524 1911 5573 et
1935 5515 2105 5572 barba
2136 5512 2404 5586 significat
2436 5511 2826 5584 perfectionem
2867 5505 3179 5575 sapientia,
3209 5502 3334 5574 quia
3363 5503 3420 5560 in

1852 5607 1941 5662 his
1983 5605 2077 5676 qui
2113 5605 2182 5660 ad
2202 5602 2499 5673 iuvenilem
2536 5605 2804 5658 venerunt
2845 5602 3081 5660 aetatem,
3125 5602 3183 5651 et
3226 5595 3427 5652 intelli-

1849 5713 1978 5771 gere
2000 5699 2117 5773 iam
2135 5711 2258 5771 quae
2279 5702 2422 5758 sunt
2440 5693 2596 5753 utilia
2620 5688 2940 5749 valentibus
2962 5686 3134 5748 barba
3155 5689 3420 5749 nascitur.
