3994 6352
271 320 377 376 477

1158 309 1660 369 EXPOSlTiONES
1696 309 1764 365 IN
1805 281 2201 368 anrrtcun.
2241 339 2309 352 -
2345 307 2474 366 LIB.
2515 310 2604 369 vi.

3411 319 3516 382 478

264 433 404 491 dixit
431 411 488 485 in
508 428 656 482 luctu
683 428 860 482 facere
899 440 1025 481 eum
1067 427 1422 496 prohibitum,
1453 425 1507 478 id
1532 431 1635 490 est,
1676 431 1839 492 caput
1864 437 1918 496 Α
1937 425 2113 495 gratia
2140 424 2233 479 Dei
2249 441 2355 479 non
2375 427 2692 498 aegrotabat.
2723 425 2972 497 Nunquid
2997 430 3081 486 sic
3105 431 3266 488 etiam
3283 433 3360 488 ’de
3379 433 3518 489 ﬁlio-

263 523 470 582 nudare
501 518 712 591 cydari,
741 525 796 571 et
832 517 1155 572 vestimenta
1191 515 1458 570 scindere.
1505 513 1840 569 Vestimenta

261 615 407 671 enim
441 610 688 667 scindere
719 609 1026 678 lugentibus
1062 617 1182 663 erat
1210 608 1574 676 antiquorum,
1606 607 1748 661 sicut
1775 605 1843 662 de

263 705 363 762 Job
390 704 650 772 scriptum
685 709 790 766 est,
817 717 942 755 cum
971 700 1022 754 ci
1051 700 1148 755 ﬁlii
1176 699 1293 768 ejus
1330 699 1484 754 ruina
1533 699 1844 753 nuntiaren-

263 795 606 866 tur-oppressi
625 793 768 866 (Job.
796 793 858 863 ι).
877 793 1089 847 Nudare
1111 802 1290 847 autem
1306 802 1466 862 caput
1487 792 1695 862 cydari,
1717 805 1842 860 pro-

264 899 445 960 pterea
475 887 711 955 lugentis
735 901 854 940 esse
879 886 1074 956 potuit,
1113 885 1240 954 quia
1273 885 1539 939 detractio
1565 895 1648 939 est
1683 899 1841 937 orna-

265 981 450 1038 menti.
481 979 633 1046 Quod
656 994 786 1034 vero
827 979 921 1044 ait,
963 979 1258 1032 secundum
1299 976 1652 1047 Septuaginta
1682 1016 1696 1041 ,
1743 975 1842 1030 Su-

264 1091 353 1145 per
371 1088 570 1126 omnem
604 1071 836 1124 animum
863 1079 1127 1123 mortuam
1157 1087 1262 1123 non
1285 1069 1540 1134 introibit,
1570 1069 1840 1138 quomodo

265 1161 405 1216 dicat
437 1162 676 1214 animam
725 1167 1012 1222 mortuam,
1054 1175 1250 1229 corpus
1283 1169 1578 1224 mortuum,
1625 1158 1841 1213 difﬁcile

263 1265 344 1308 est
381 1252 708 1322 intelligere;
766 1267 828 1305 ea
870 1260 1047 1305 tamen
1098 1255 1492 1322 scripturarum
1523 1261 1606 1307 est
1642 1253 1838 1306 usitata

262 1345 482 1408 locutio,
531 1360 649 1412 qua:
687 1342 842 1397 nobis
887 1342 1294 1397 inusitatissima
1326 1351 1427 1397 est.
1467 1341 1668 1397 Nomen
1711 1357 1840 1414 ergo

262 1436 510 1490 rectricis
533 1453 641 1488 sua:
664 1436 824 1488 etiam
855 1451 1054 1504 corpus
1081 1436 1274 1504 accipit
1297 1437 1476 1489 anima
1498 1436 1836 1502 destitutum,

261 1527 510 1597 quoniam
544 1526 871 1581 reddendum
911 1527 982 1579 illi
1022 1535 1106 1580 est
1141 1529 1195 1581 in
1233 1527 1668 1582 resurrectione:
1697 1529 1840 1582 sicut

260 1613 544 1674 :ediﬁcium
575 1620 719 1688 quod
745 1619 1046 1689 appellatur
1069 1619 1321 1683 ecclesia,
1354 1621 1518 1673 etiam
1557 1637 1679 1674 cum
1714 1621 1838 1674 inde

261 1713 497 1767 Ecclesia
544 1713 772 1776 exierit,
834 1714 926 1781 qui
975 1713 1221 1768 homines
1270 1721 1433 1777 sunt,
1487 1713 1837 1768 nihilominus

243 1805 481 1861 ecclesia
509 1806 721 1860 dicitur.
759 1805 863 1860 Sed
895 1821 1015 1860 cum
1045 1820 1240 1874 corpus
1264 1821 1370 1859 non
1394 1805 1622 1873 accipiat
1641 1805 1834 1857 anima:
1861 1791 1924 1894 BQ

257 1912 445 1952 nomen
486 1897 541 1950 in
593 1897 809 1950 homine
843 1897 1077 1958 vivente,
1129 1896 1398 1965 quomodo
1443 1903 1572 1948 tunc
1613 1903 1834 1948 vocetur

257 1992 428 2045 anima
473 2003 600 2044 cum
647 1989 888 2042 caruerit
933 1990 1134 2053 anima,
1184 1989 1382 2042 mirum
1431 1996 1533 2041 est.
1579 1987 1748 2042 Porro
1789 1987 1835 2042 si

258 2083 482 2138 animam
523 2090 792 2136 mortuam
838 2081 1261 2136 intellexerimus
1297 2097 1328 2135 a
1361 2091 1589 2151 corpore
1617 2093 1835 2149 separa-

257 2182 378 2237 tam,
414 2183 472 2228 ut
503 2175 678 2244 ipsam
719 2175 1113 2244 separationem
1157 2182 1384 2230 mortem
1429 2175 1630 2229 dixisse
1657 2174 1838 2228 videa-

257 2274 352 2330 tur,
387 2268 440 2321 id
476 2277 584 2332 est,
613 2275 673 2322 ut
710 2267 890 2322 anima
927 2277 1138 2322 mortua
1184 2269 1273 2332 sit,
1317 2270 1582 2340 dirempta
1634 2285 1663 2322 a
1711 2284 1835 2323 cor-

254 2375 396 2431 pore,
425 2377 536 2414 non
563 2355 753 2414 natura
797 2376 891 2415 sua
926 2362 1135 2431 perdita
1167 2379 1178 2415 :
1208 2377 1314 2416 non
1342 2363 1489 2416 enim
1515 2368 1569 2417 et
1604 2378 1725 2417 cum
1755 2362 1836 2415 di-

253 2452 419 2506 cimur
470 2453 673 2506 mortui
716 2459 960 2522 peccato,
1009 2462 1203 2508 natura
1255 2453 1488 2508 dicimur
1537 2453 1829 2517 interiisse,

252 2539 342 2596 sed
374 2543 525 2612 quod
557 2541 667 2610 jam
696 2553 921 2612 peccato
955 2559 1064 2598 non
1094 2544 1319 2610 utimur,
1365 2553 1425 2598 ut
1455 2545 1534 2598 sic
1567 2544 1834 2614 intelliga-

252 2640 341 2686 tur
369 2635 554 2686 anima
587 2643 817 2699 mortua,
847 2635 900 2688 id
933 2643 1036 2700 est,
1064 2651 1295 2706 corpore
1325 2645 1560 2700 mortua,
1594 2638 1737 2705 quod
1767 2651 1832 2690 eo

250 2721 326 2775 uti
355 2722 598 2788 desierit,
627 2735 747 2778 cum
786 2725 840 2777 in
867 2740 962 2778 sua
989 2733 1183 2779 natura
1213 2727 1379 2781 vivat.
1419 2727 1703 2794 Quomodo
1735 2743 1833 2796 po-

251 2817 353 2865 test
380 2815 666 2882 quisquam
699 2814 903 2869 intrare
924 2830 1086 2885 super
1112 2817 1346 2870 animam
1371 2825 1662 2881 mortuam,
1688 2817 1832 2886 quod

251 2905 494 2958 sacerdos
525 2905 626 2959 iste
653 2906 988 2974 prohibetur,
1025 2923 1146 2961 cum
1177 2908 1421 2978 quisquis
1451 2909 1638 2972 intrat,
1669 2923 1832 2976 super

251 3004 522 3052 mortuum
569 3011 764 3066 corpus
813 2999 1000 3064 intret,
1043 3013 1148 3053 non
1198 3015 1359 3069 super
1403 3001 1656 3062 animam,
1711 3015 1830 3068 qum

251 3086 490 3142 discessit
547 3103 578 3141 a
618 3089 882 3156 corpore?
923 3088 1004 3142 An
1053 3089 1224 3159 ipsam
1261 3090 1426 3144 vitam
1477 3090 1828 3161 temporalem

248 3179 434 3234 animae
463 3179 731 3236 vocabulo
762 3181 1048 3252 appellavit
1075 3201 1086 3235 :
1123 3198 1242 3252 qua:
1274 3184 1458 3253 utique
1500 3194 1713 3238 mortua
1743 3191 1827 3238 est

250 3269 300 3325 in
329 3272 585 3328 defuncto
605 3289 856 3343 corpore,
890 3276 1070 3330 anima
1109 3275 1199 3329 illa
1235 3276 1506 3348 migrante
1547 3293 1665 3345 qure
1692 3278 1829 3332 mori

249 3379 347 3420 non
393 3377 598 3436 potest,
647 3383 755 3422 non
789 3370 929 3436 quod
963 3368 1074 3439 ipsa
1113 3370 1221 3422 vita
1269 3370 1445 3423 anima
1499 3369 1679 3433 fuerit,
1733 3367 1829 3424 sed

249 3456 380 3523 quod
405 3471 508 3526 per
536 3459 729 3511 auimtc
749 3460 1096 3526 praesentiam
1117 3461 1466 3524 subsistebat,
1493 3471 1688 3514 nomen
1713 3462 1830 3531 ejus

249 3550 536 3616 acceperit,
561 3550 701 3602 sicut
731 3549 1079 3604 distinximus
1107 3565 1230 3604 cum
1264 3553 1329 3604 de
1357 3553 1619 3620 sanguine
1645 3551 1830 3622 loque-

246 3653 446 3704 remur,
475 3640 619 3708 quod
642 3640 843 3694 dictum
867 3641 936 3694 sit
967 3658 978 3693 :
1006 3641 1196 3694 Anima
1225 3644 1392 3694 omnis
1417 3643 1591 3694 carnis
1611 3644 1826 3711 sanguis

245 3729 356 3798 ejus
381 3739 458 3783 est
480 3745 498 3795 ;
521 3739 603 3784 est
631 3731 774 3785 enim
797 3740 852 3788 et
870 3732 986 3802 ipse
1008 3735 1227 3803 Sanguis
1251 3742 1494 3788 mortuus
1523 3734 1575 3788 in
1599 3748 1825 3802 corpore

243 3821 444 3874 mortui
475 3837 488 3871 :
519 3835 627 3874 non
657 3829 837 3876 autem
874 3839 995 3876 cum
1022 3823 1343 3878 abscedente
1394 3825 1573 3880 anima
1613 3827 1831 3880 absces-

242 3911 330 3965 sit.
401 3909 590 3964 Vetuit
655 3925 784 3979 ergo
837 3912 1117 3982 Scriptura
1167 3929 1436 3968 summum
1494 3917 1829 3970 sacerdotem

244 4003 407 4056 etiam
438 4017 602 4072 super
627 4003 800 4072 patris
833 4003 915 4058 vel
971 4007 1159 4059 matris
1205 4006 1365 4060 funus
1416 4007 1639 4072 intrare,
1690 4009 1829 4078 quod

245 4093 539 4150 secundum
572 4107 677 4148 non
709 4097 1007 4164 prohibuit.
1051 4095 1308 4167 Sequitur
1334 4100 1476 4153 enim
1506 4117 1518 4153 :

316 4188 489 4258 Super
523 4183 732 4242 Patrem
777 4205 929 4242 suum
957 4199 1003 4243 et
1027 4199 1244 4244 matrem
1270 4207 1419 4244 suam
1455 4208 1558 4246 non
1587 4189 1831 4264 inquina-

250 4278 399 4332 bitur.
425 4275 573 4333 Ordo
602 4288 686 4333 est
706 4287 888 4334 autem
910 4279 1220 4345 verborum,
1249 4298 1410 4352 super
1426 4289 1635 4352 patrem
1669 4293 1826 4338 suum

252 4384 348 4424 non
373 4371 767 4441 inquinabitur,
801 4387 898 4425 nec
943 4383 1104 4442 super
1149 4379 1378 4426 matrem
1422 4387 1594 4428 Suam.
1649 4371 1717 4426 Et
1765 4373 1828 4428 dc

252 4465 436 4517 sanctis
460 4481 568 4517 non
593 4464 772 4529 exibit,
801 4479 865 4518 eo
889 4466 1076 4534 procul
1104 4463 1268 4519 dubio
1296 4473 1535 4537 tempore
1561 4483 1667 4536 quo
1697 4482 1825 4522 suo-

253 4569 362 4608 rum
383 4555 576 4609 l‘uncra
601 4556 962 4624 celebrantur,
995 4557 1132 4610 sicut
1165 4555 1214 4610 ei
1250 4565 1454 4627 septem
1489 4559 1675 4613 diebus
1703 4559 1824 4628 qui-
1850 4590 1904 4648 Ι)

253 4643 343 4699 bus
383 4645 826 4700 sanctiﬁcabatur
854 4641 919 4700 de
951 4639 1152 4701 sanctis
1193 4656 1276 4702 est
1305 4649 1455 4703 exire
1497 4649 1820 4720 prohibitus.

253 4733 358 4791 Non
388 4745 569 4793 autem
601 4751 814 4809 semper
845 4755 859 4794 :
893 4753 1021 4793 sane
1052 4737 1096 4794 si
1118 4749 1319 4794 uxores
1349 4739 1545 4794 ducere
1575 4740 1658 4794 vel
1687 4739 1823 4794 ﬁlios

254 4826 459 4896 gignere
503 4841 613 4884 non
673 4829 994 4884 Vetabantur
1053 4833 1249 4886 summi
1309 4841 1438 4887 tunc
1493 4834 1820 4898 sacerdotes,

255 4932 433 4990 magna
469 4921 647 4976 oritur
673 4922 918 4991 qutestio,
949 4937 1069 4976 cum
1097 4919 1181 4976 lex
1217 4923 1381 4978 etiam
1409 4925 1673 4996 conjugal'i
1694 4940 1824 4980 con-

255 5013 427 5065 cubitu
467 5009 806 5067 immundum
841 5013 1115 5068 hominem
1148 5015 1289 5070 dicat
1323 5031 1492 5087 usque
1539 5018 1603 5070 ad
1635 5033 1822 5088 vespe-

255 5111 379 5164 ram,
414 5105 577 5158 ctiam
611 5121 734 5159 cum
771 5103 1002 5159 abluerit
1037 5121 1234 5175 corpus
1273 5121 1427 5160 suum
1459 5124 1618 5179 aqua,
1657 5118 1708 5164 et
1741 5109 1828 5176 ju-

256 5188 434 5247 beatur
476 5211 720 5250 summus
759 5195 1010 5251 sacerdos
1059 5205 1278 5266 propter
1331 5197 1610 5252 incensum
1662 5201 1829 5254 conti-

259 5289 518 5344 nuationis
567 5289 651 5344 bis
707 5291 757 5344 in
811 5287 896 5342 die
945 5289 1185 5358 quotidie
1235 5289 1438 5343 intrare
1477 5289 1615 5344 ultra
1647 5291 1823 5346 velum

260 5377 340 5429 ubi
368 5388 484 5434 erat
518 5381 689 5436 altare
717 5381 942 5446 incensi,
985 5395 1081 5434 nec
1126 5395 1447 5450 quemquam
1491 5381 1822 5437 immundum

261 5463 318 5516 ad
345 5469 527 5524 sancta
558 5467 638 5526 fas
675 5478 819 5527 esset
861 5471 1138 5538 accedere,
1175 5473 1444 5540 quomodo
1487 5473 1538 5527 id
1586 5475 1825 5544 quotidie

262 5569 490 5617 summus
536 5567 788 5620 sacerdos
843 5563 1114 5633 implebat,
1184 5564 1228 5619 si
1273 5563 1413 5619 ﬁlios
1466 5565 1822 5636 procreabat?

260 5645 384 5704 Nam
413 5655 457 5708 si
486 5658 744 5726 agritudo
778 5657 851 5710 illi
885 5657 1190 5718 accidisset,
1222 5659 1342 5727 quis
1379 5657 1497 5713 loco
1543 5660 1658 5728 ejus
1707 5659 1822 5714 fun-

263 5737 497 5816 geretur?
527 5747 584 5804 Si
617 5747 739 5826 quis
784 5750 1044 5828 inquii-at,
1089 5751 1408 5825 responderi
1453 5761 1632 5830 potest
1669 5753 1820 5826 quod

1943 529 2062 569 rum
2085 519 2456 584 procreatione
2491 519 2803 588 responderi
2847 522 3060 590 potest?
3109 523 3260 579 Unde
3305 524 3367 580 ﬁt
3391 540 3542 580 conp.

1942 619 2170 675 sequens
2195 617 2253 662 ut
2297 617 2392 662 aut
2419 609 2703 664 continens
2729 619 2874 666 esset
2901 620 2996 666 aut
3021 613 3211 668 diebus
3245 615 3516 686 aliquibus

1941 698 2394 756 intermitteretur
2455 701 2770 768 incensum;
2821 711 2915 756 aut
2966 703 3011 758 si
3049 703 3182 760 illud
3232 704 3541 761 intermitti-

1941 807 2047 847 non
2071 801 2274 863 posset,
2297 795 2440 863 quod
2465 809 2574 849 non
2611 795 2714 849 nisi
2741 810 2845 866 per
2873 811 3142 852 summum
3175 800 3516 854 sacerdotem

1941 903 2160 943 necesse
2209 897 2352 943 esset
2395 889 2616 958 imponi,
2669 903 2774 943 non
2828 889 2981 944 ﬁeret
3027 890 3338 946 immundus
3369 891 3539 945 coitu.

1940 980 2226 1049 coniugali,
2258 981 2454 1037 merito
2474 983 2757 1050 puecipute
2787 982 3232 1038 sanctiﬁcationis
3251 999 3380 1038 suae.
3409 982 3517 1036 Aut

1940 1071 1986 1124 si
2015 1072 2176 1124 etiam
2222 1073 2287 1124 ad
2321 1072 2494 1140 ipsum
2535 1073 2770 1140 pertinet
2811 1074 2953 1142 quod
3002 1074 3066 1127 de
3095 1074 3346 1128 omnibus
3391 1073 3536 1128 ﬁliis.

1932 1162 2103 1217 Israel
2137 1163 2189 1216 in
2217 1165 2675 1232 consequentibus
2705 1165 2857 1229 dicit,
2889 1173 2947 1218 ut
2991 1165 3170 1219 nullus
3192 1181 3384 1220 eorum
3426 1180 3520 1220 ac-

1939 1255 2093 1310 cedat
2117 1255 2184 1308 ad
2221 1263 2424 1317 sancta,
2450 1255 2493 1308 si
2521 1256 2608 1308 cui
2635 1255 2834 1323 aliquid
2866 1248 3122 1310 acciderit
3151 1256 3539 1322 immunditia;
3595 1295 3602 1308 .

1937 1345 2068 1400 illud
2095 1361 2194 1416 pro
2215 1355 2440 1415 peccato
2467 1353 2634 1400 restat
2655 1346 2901 1415 accipere
2935 1347 3076 1414 quod
3107 1346 3520 1403 nonnullisdio-

1938 1436 2037 1490 bus
2080 1451 2187 1490 non
2227 1436 2601 1505 imponebatur
2627 1437 2923 1490 incensum.
2966 1436 3119 1502 Quod
3148 1444 3325 1490 autem
3357 1451 3534 1506 super.

1938 1526 2096 1581 funus
2125 1528 2294 1597 patris
2315 1527 2397 1580 sui
2421 1541 2664 1581 summus
2693 1529 2944 1582 sacerdos
2959 1527 3513 1597 probibeturintrare,

1937 1620 2102 1688 quaeri
2127 1628 2307 1689 potest
2335 1619 2602 1688 quomodo
2621 1618 2735 1687 jam
2761 1634 2879 1674 esse
2907 1627 3119 1688 poterat
3149 1635 3392 1674 summus
3431 1633 3519 1674 sa.

1936 1711 2126 1763 cerdos
2164 1712 2399 1763 nondum
2427 1718 2639 1764 mortuo
2663 1720 2815 1779 patre
2853 1725 2969 1775 suo,
3012 1725 3134 1765 eum
3155 1726 3250 1766 eos
3273 1711 3520 1780 patribus

1937 1803 2225 1856 succedere
2261 1802 2483 1871 jubeat?
2545 1802 2664 1856 ideo
2717 1819 2940 1857 necesse
2975 1812 3110 1868 erat,
3153 1805 3389 1857 nondum
3425 1819 3519 1859 se-

1935 1893 2084 1963 pulto
2111 1906 2323 1948 summo
2359 1894 2658 1959 sacerdote,
2691 1895 2957 1976 continuo,
2979 1895 3232 1948 substitui
3257 1897 3516 1950 sacerdo-

1935 1992 2066 2049 tem,
2116 1992 2340 2054 propter
2389 1985 2810 2040 continuationis
2859 1986 3176 2048 incensum,
3227 1985 3371 2054 quod
3418 2000 3518 2055 per

1937 2084 2205 2128 summum
2263 2075 2599 2128 sacerdotem
2660 2076 2902 2144 quotidie
2956 2077 3243 2146 oportebat
3289 2076 3513 2145 imponi.

1936 2164 2254 2234 Quanquam
2279 2165 2370 2219 illa
2401 2167 2629 2234 quaestio
2669 2167 2734 2221 de
2760 2168 3076 2237 aegritudine
3116 2168 3312 2222 omni
3341 2181 3522 2223 sacer-

1936 2256 2079 2310 dotis
2110 2249 2310 2322 m'anet,
2353 2256 2469 2310 sive
2513 2257 2838 2311 moriturum
2886 2271 3110 2312 necesse
3153 2266 3274 2312 erat
3319 2257 3512 2315 diebus

1936 2348 2205 2417 aliquibus
2233 2355 2518 2418 egrotanti,
2550 2349 2653 2403 nisi
2689 2349 2829 2403 forte
2861 2359 2919 2404 et
2946 2350 3051 2405 hoc
3089 2351 3163 2403 ita
3193 2350 3432 2405 solvatur
3455 2357 3519 2407 ut

1936 2445 2147 2499 dicatur
2174 2457 2282 2498 non
2309 2444 2484 2499 solere
2529 2459 2773 2499 summos
2818 2447 3130 2500 sacerdotes
3171 2447 3278 2500 nisi
3327 2446 3518 2502 subito.

1934 2538 2094 2603 mori,
2125 2551 2236 2592 non
2265 2539 2592 2608 procedente
2629 2540 2972 2611 atgritudine,
3009 2541 3150 2595 sicut
3173 2540 3240 2596 de
3271 2542 3390 2611 ipso
3415 2541 3521 2595 Att-

1935 2646 2032 2685 ron
2063 2629 2342 2701 Scriptura
2380 2639 2630 2686 testatur.
2659 2631 3064 2687 Advertendum
3093 2641 3176 2687 est
3204 2634 3418 2702 quaties
3437 2634 3519 2688 di-

1935 2723 2042 2777 cit:
2072 2724 2182 2794 Ego
2209 2725 2486 2789 Dominus,
2509 2725 2598 2793 qui
2619 2724 2890 2793 sanctiﬁco
2913 2741 3050 2787 eum,
3086 2725 3310 2794 loquens
3334 2727 3402 2780 de
3432 2740 3518 2778 sa-

1935 2815 2170 2880 cerdote,
2205 2831 2327 2870 cum
2357 2816 2460 2870 hoc
2497 2816 2663 2870 etiam
2715 2815 2884 2886 Moysi
2927 2817 3145 2883 dixerit,
3201 2827 3250 2870 et
3275 2818 3512 2887 sanctiﬁ-

1934 2905 2076 2960 eabis
2103 2923 2238 2960 eum.
2279 2907 2560 2973 Quomodo
2607 2920 2737 2977 ergo
2775 2915 2832 2961 et
2877 2907 3084 2978 Moyses
3127 2907 3515 2963 sanctiﬁcatet

1935 2998 2211 3053 Dominus.
2245 2995 2360 3053 Non
2381 2999 2527 3052 enim
2559 2997 2768 3069 Moyses
2789 3013 2888 3069 pro
2907 2999 3154 3062 Domino,
3183 3001 3276 3054 sed
3303 2999 3510 3070 Moyses

1932 3089 2230 3143 visibilibus
2264 3089 2622 3143 sacramentis
2651 3104 2750 3158 per
2780 3089 3142 3143 ministerium
3190 3105 3371 3155 suum,
3403 3091 3482 3145 Do

1935 3181 2114 3235 minus
2160 3189 2336 3234 autem
2382 3178 2635 3234 invisibili
2683 3180 2856 3250 gratia
2905 3195 3004 3248 per
3035 3180 3284 3248 spiritum
3331 3195 3510 3247 suum,

1933 3271 2022 3326 ubi
2047 3280 2128 3325 est
2159 3280 2301 3325 totus
2323 3269 2550 3334 fructus,
2590 3269 2754 3322 etiam
2795 3268 3086 3323 visibilium
3127 3278 3502 3325 sacramento~

1931 3379 2082 3429 rum;
2112 3377 2236 3416 nam
2265 3363 2386 3416 sine
2415 3362 2514 3415 ista
2542 3359 2973 3414 sanctiﬁcat'mne
2997 3360 3284 3414 invisibilis
3323 3362 3514 3432 gratia

1929 3455 2160 3511 visibilia
2189 3462 2526 3510 sacramenta
2549 3469 2656 3508 non
2681 3461 2925 3522 prosunt.
2955 3453 3146 3506 Merito
3166 3461 3344 3507 autem
3369 3468 3520 3523 qua»

1929 3549 2068 3602 ritur
2093 3556 2278 3600 utrum
2314 3547 2477 3599 etiam
2511 3546 2614 3599 ista
2658 3543 2947 3598 invisibilis
2993 3543 3351 3598 sanctiﬁcatio
3399 3544 3518 3600 sine

1929 3636 2230 3691 visibilibus
2264 3635 2641 3698 sacramentis,
2665 3635 2862 3702 quibus
2883 3633 3172 3687 visibiiiter
3197 3635 3360 3688 homo
3391 3650 3512 3688 san~

1931 3729 2217 3792 ctiticatur,
2245 3730 2450 3798 pariter
2473 3725 2606 3780 nihil
2629 3726 2842 3796 prosit:
2893 3725 3038 3794 quod
3084 3726 3269 3795 utique
3315 3728 3507 3782 absun-

1929 3822 2058 3875 dum
2106 3829 2208 3874 est.
2260 3817 2618 3872 Tolerabilius
2655 3817 2800 3871 enim
2839 3815 3071 3886 quisque
3122 3817 3338 3882 dixerit,
3385 3819 3503 3872 sine

1930 3912 2036 3968 illis
2064 3913 2223 3965 istaut
2249 3926 2357 3964 non
2387 3924 2529 3973 esse,
2553 3923 2714 3980 (piam
2739 3907 2784 3961 si
2812 3907 3064 3972 defuerit,
3098 3922 3202 3961 non
3227 3908 3506 3977 prodesse,

1928 4021 2053 4060 cum
2092 4006 2196 4059 ista
2229 4005 2299 4059 sit
2336 4003 2513 4057 omnis
2559 4002 2766 4056 utilitas
2811 4000 3044 4054 illurum.
3079 3999 3186 4054 Sed
3211 4002 3376 4054 etiam
3408 4002 3512 4056 hoc

1928 4099 2072 4169 quod
2104 4099 2222 4152 sine
2262 4097 2369 4150 illis
2399 4098 2500 4150 ista
2537 4111 2660 4151 esse
2687 4099 2792 4148 neu
2817 4096 3012 4164 possit,
3041 4095 3314 4164 quomodo
3361 4099 3511 4149 recte

1929 4192 2140 4246 dicatur
2169 4189 2486 4242 intuendum
2535 4197 2654 4241 est:
2687 4186 2818 4240 nihil
2853 4185 3050 4256 quippe
3077 4185 3279 4255 profuit
3303 4185 3514 4239 Simoni

1927 4283 2082 4354 Mago
2111 4283 2336 4338 visibilis
2363 4283 2684 4350 baptismus,
2708 4282 2796 4336 cui
2843 4279 3204 4335 sanctiﬁcatio
3227 4264 3516 4334 invisibilis

1925 4375 2116 4431 defuit.
2167 4375 2274 4429 Sed
2327 4373 2526 4444 quibus
2557 4373 2662 4427 ista
2696 4372 2985 4426 invisibilis
3013 4370 3278 4439 quoniam
3318 4368 3514 4434 adfuit,

1925 4469 2150 4540 profuit,
2191 4469 2356 4523 etiam
2407 4473 2462 4523 et
2486 4467 2719 4520 visibilis
2759 4471 3100 4518 sacramenta
3155 4467 3514 4530 perceperunt

1929 4564 2176 4619 similiter
2197 4559 2476 4630 baptizati.
2511 4555 2622 4612 Nec
2651 4565 2828 4610 tamen
2857 4554 3086 4624 Moyses,
3107 4551 3198 4620 qui
3225 4551 3513 4608 visibiliter

1929 4653 2240 4708 sacerdotes
2269 4648 2664 4711 sanctiﬁcabat,
2691 4645 2782 4699 ubi
2813 4642 2974 4696 fuerit
3000 4642 3116 4712 ipse
3137 4642 3272 4711 ipsis
3298 4641 3507 4696 sacriﬁ-

1929 4745 2028 4800 ciis
2059 4743 2142 4797 vel
2189 4741 2311 4793 oleo
2361 4737 2736 4792 sanetiﬁcatus
2781 4733 3117 4798 ostenditur;
3161 4733 3513 4787 invisibiiiter

1927 4851 2058 4890 vero
2089 4829 2484 4888 Sanctiﬁcatum
2522 4843 2722 4898 negare
2764 4827 2886 4896 quis
2916 4828 3129 4892 audeat,
3178 4827 3331 4896 cujus
3361 4833 3510 4881 tanta

1929 4929 2103 5000 gratia
2127 4925 2529 4996 prrceminebat.
2579 4921 2696 4976 Hoc
2718 4930 2772 4975 et
2805 4921 2872 4975 de
2905 4919 3111 4975 Joanne
3135 4921 3376 4990 Baptista
3401 4917 3510 4976 dici

1921 5028 2122 5091 potest.
2161 5017 2319 5071 Prius
2353 5016 2496 5070 enim
2537 5014 2772 5082 baptizat
2813 5023 2978 5080 quam
3011 5012 3317 5080 baptizatus
3348 5023 3504 5078 appa-

1925 5115 2057 5176 ruit,
2109 5111 2250 5163 unde
2298 5119 2422 5160 eum
2472 5105 2863 5159 sanctiﬁcatum
2913 5118 3252 5174 nequaquam
3305 5115 3504 5171 negare

1921 5209 2179 5269 possunt;
2211 5200 2264 5253 id
2301 5207 2480 5252 tamen
2509 5199 2562 5250 in
2589 5212 2656 5252 eo
2689 5197 2889 5252 factum
2914 5197 3201 5251 visibiliter
3223 5209 3329 5247 non
3359 5193 3506 5244 inve—

1927 5293 2106 5346 nimus
2133 5299 2421 5360 antequam
2451 5297 2505 5344 et
2533 5291 2894 5346 ministerium
2925 5286 3238 5358 i'iaptizandi
3271 5283 3502 5338 veniret.

1926 5384 2041 5438 Hoc
2063 5389 2115 5435 ct
2141 5383 2206 5437 de
2237 5382 2447 5436 latione
2482 5382 2574 5437 illo
2599 5385 2686 5437 cui
2725 5397 2785 5439 se
2809 5395 2929 5436 cum
2961 5377 3220 5432 (ιι-ιιοὶίὶκο
3250 5375 3508 5431 Dominus

1929 5475 2005 5529 ait
2035 5493 2045 5526 :
2081 5471 2251 5526 Hodie
2291 5487 2491 5528 mecum
2538 5476 2640 5528 eris
2696 5477 2750 5526 in
2799 5470 3050 5542 paradiso
3105 5467 3256 5536 (Luc.
3315 5465 3499 5535 xxm).

1928 5559 2110 5633 Neque
2136 5566 2279 5618 enim
2317 5566 2434 5619 sine
2481 5564 2908 5618 sanctificatione
2955 5556 3210 5612 invisibili
3239 5563 3386 5608 tanta
3423 5553 3502 5608 fe—

1925 5657 2128 5712 licitate
2167 5659 2400 5712 donatus
2439 5666 2540 5711 est.
2585 5653 2813 5710 Proinde
2866 5649 3138 5719 colligitur
3178 5646 3502 5702 invisibilem

1922 5751 2409 5816 sanctiﬁcationetu
2446 5746 2770 5832 quibusdam
2788 5741 3024 5802 adfuisse
3049 5751 3213 5836 atque
3227 5737 3500 5826 profuisse

3929 5371 3939 5991 l
