3892 6344
456 403 562 476 483

451 530 583 616 satis
613 523 825 601 decora.
857 519 996 580 Audi
1026 520 1294 597 quomodo
1322 491 1438 594 ipse
1466 515 1610 584 Deus
1631 491 1796 574 dicit:
1831 513 2026 570 Facia-

449 605 565 683 mus
587 615 846 676 hominem
873 615 941 668 ad
971 613 1246 686 imaginem
1289 620 1336 666 et
1363 605 1761 664 similitudinem
1793 601 2026 660 nostram

449 703 651 801 (Galat,
679 686 785 798 xl),
805 705 930 762 vide
958 701 1112 778 cujus
1144 699 1355 801 decoris
1381 743 1397 772 ,
1427 699 1582 773 cujus
1601 687 2028 801 pulchritudinis

449 781 534 860 est
563 781 763 856 anima.
809 793 1101 868 imaginem
1149 789 1314 850 habet
1351 800 1406 870 et
1453 785 1861 846 similitudinem
1907 781 2025 840 Dei.

449 879 602 948 lianc
651 882 1113 967 pulchritudinem
1179 881 1470 940 contraria:
1540 885 1838 952 potestates
1904 893 2026 933 cum

447 975 752 1063 aspiciunt,
800 985 859 1041 id
893 991 978 1042 est
1007 1025 1022 1051 ,
1071 981 1318 1039 diabolus
1343 985 1400 1034 et
1427 976 1602 1050 angeli
1633 976 1750 1047 ejus
1773 1015 1791 1042 ,
1829 985 2030 1028 concu-

444 1063 663 1153 piscunt
692 1075 928 1150 speciem
967 1073 1158 1152 ipsius.
1187 1071 1257 1147 Et
1284 1070 1410 1144 quia
1451 1086 1557 1125 non
1589 1071 1818 1148 possunt
1845 1065 2029 1138 sponsi

442 1171 560 1245 ejus
614 1169 774 1248 ﬁeri,
832 1153 1182 1246 meretricari
1233 1155 1458 1251 cupiunt
1505 1183 1628 1231 cum
1680 1181 1766 1224 ea.
1811 1163 1871 1219 Si
1902 1177 2032 1236 ergo

445 1261 772 1339 susceperis,
799 1277 834 1318 ο
857 1261 1038 1338 homo,
1075 1255 1130 1316 in
1157 1259 1322 1321 cubili
1351 1259 1546 1316 animas
1582 1263 1686 1322 tua:
1727 1255 2032 1314 adulterum

444 1346 749 1425 diabolum,
780 1339 1124 1414 meretricata
1164 1361 1248 1415 est
1285 1340 1465 1412 anima
1498 1359 1588 1412 tua
1619 1369 1741 1409 cum
1771 1349 1988 1410 diabolo
2013 1367 2028 1420 ;

444 1451 489 1523 si
525 1450 797 1522 receperis
826 1449 1050 1519 angelos
1075 1447 1193 1514 egus
1221 1489 1236 1514 ,
1265 1447 1312 1502 si
1343 1447 1566 1518 spiritus
1605 1445 1850 1500 diversos
1879 1483 1896 1510 ,
1939 1441 2030 1514 qui

443 1559 670 1616 peccare
698 1553 750 1598 te
778 1542 1063 1612 suadeant,
1095 1541 1442 1596 meretrieata
1471 1545 1555 1594 est
1589 1555 1712 1594 cum
1743 1538 1824 1593 eis
1849 1536 2032 1592 anima

443 1642 558 1692 tua.
593 1631 650 1688 Si
681 1631 904 1704 spiritus
927 1631 1040 1698 iraa,
1071 1647 1165 1687 seu
1195 1630 1432 1696 invidiae,
1457 1627 1501 1683 si
1533 1628 1822 1699 superbiae,
1851 1627 1898 1681 si
1927 1626 2032 1681 im-

445 1727 723 1805 pudicitia:
752 1727 1030 1798 ingressus
1061 1723 1225 1779 fuerit
1254 1723 1320 1778 ad
1349 1723 1583 1778 animam
1632 1730 1780 1776 tuam
1810 1760 1826 1785 ,
1855 1727 1911 1773 et
1940 1733 2032 1774 re-

445 1822 658 1882 CCDEI'iS
685 1836 833 1887 eum,
857 1817 1205 1874 consenseris
1230 1815 1280 1870 ei
1319 1813 1560 1883 loquenti
1604 1812 1660 1866 in
1706 1809 1872 1868 corde
1898 1817 1992 1866 tuo
2014 1849 2030 1876 ,

1097 409 1162 466 B.
1203 401 1461 500 assam
1497 387 1716 492 ξω]ῃὶ
1755 389 2074 497 auctum;
2097 389 2425 498 lttonuvr.
2463 383 2748 457 urceum
2785 391 2965 451 rans
3000 387 3044 449 1.

3606 389 3703 448 ἀει

2691 527 2920 596 CAPUT
2960 523 3124 586 XVII.

2131 665 2308 721 Bome
2334 665 2398 718 de
2425 663 2620 718 semine
2654 662 2836 714 Aaron
2869 658 3066 713 habens
3091 655 3360 713 maculans
3395 656 3704 728 ποιέομαι

2161 773 2167 781 ι
2197 753 2358 808 panes
2387 735 2519 792 Deo.
2557 733 2694 788 Item
2722 741 2796 808 _s_t_t
2844 729 3092 808 sacerdos
3135 736 3315 808 eum
3358 728 3426 786 ab
3447 727 3558 792 ,δίε
3582 727 3704 802 ψη

2199 792 2505 866 consecrata
2548 813 2669 861 sunt
2701 803 2936 874 ﬁliorum
2981 792 3173 856 Ῑεναεί·
3311 864 3314 870 ,
3487 865 3494 873 ,

2202 957 2382 1032 (ἴδω.)
2410 957 2740 1028 Locutusque
2769 961 2845 1010 est
2871 949 3124 1009 Dominus
3153 953 3225 1008 ad
3253 951 3474 1026 ﬂogsen
3499 953 3700 1010 dicens!

2132 1052 2366 1124 Loquere
2401 1051 2730 1124 ad‘Aaron:
2778 1045 2951 1102 Homo
2979 1046 3044 1100 de
3066 1047 3262 1102 semine
3289 1055 3400 1109 tuo,
3437 1049 3542 1118 per”
3562 1045 3701 1118 fatui:

2131 1145 2254 1213 lias,
2281 1144 2370 1216 qui
2395 1143 2634 1198 habuerit
2656 1140 2941 1208 maculant,
2967 1155 3070 1194 non
3099 1137 3282 1212 oﬂ’eret
3304 1153 3468 1210 partes
3493 1137 3699 1194 Domino

2131 1253 2228 1292 suo
2260 1277 2276 1304 ,
2331 1251 2424 1290 nec
2475 1233 2685 1288 accedet
2723 1230 2794 1286 ad
2846 1229 3195 1285 ministerium
3228 1229 3396 1300 ejus:
3440 1225 3510 1285 81
3552 1233 3699 1283 ὀίεαιύ

2133 1325 2316 1398 fuerit,
2361 1325 2405 1380 si
2438 1323 2682 1388 claudas,
2731 1324 2838 1376 sive
2879 1335 3042 1393 parra
3064 1361 3078 1386 ,
3108 1320 3188 1374 vel
3210 1320 3400 1390 grandi
3425 1361 3442 1388 ,
3473 1320 3560 1374 te!
3583 1323 3699 1373 torte

2134 1419 2364 1484 n'aso;si
2392 1415 2560 1489 fracto
2586 1415 2736 1488 pede.
2774 1411 2852 1468 vel
2881 1426 3067 1479 manu,
3095 1413 3144 1467 si
3179 1412 3396 1484 gibbus,
3435 1413 3485 1468 si
3527 1409 3696 1484 lippus,

2133 1515 2179 1569 si
2207 1512 2504 1584 albuginem
2531 1508 2724 1564 habens
2757 1509 2813 1563 in
2845 1507 2996 1562 oculo
3018 1520 3039 1573 ;
3064 1507 3108 1561 si
3141 1507 3326 1577 jugem
3356 1493 3584 1560 scabiem
3609 1548 3623 1572 ,
3662 1508 3700 1560 si

2133 1602 2484 1675 impetiginem
2527 1602 2583 1654 in
2627 1615 2877 1670 corpore,
2923 1597 3000 1652 vel
3051 1597 3325 1651 herniosus
3365 1609 3388 1648 :
3423 1599 3595 1651 omnis
3625 1597 3700 1668 qui

2135 1699 2375 1755 habuerit
2405 1693 2668 1752 maculam
2713 1691 2778 1748 de
2810 1695 3006 1748 semine
3050 1691 3231 1746 Aaron
3274 1691 3583 1756 sacerdotis,
3611 1707 3698 1745 non

2137 1792 2346 1847 accedet
2389 1791 2578 1862 o/I‘erre
2604 1789 2804 1844 hostias
2837 1787 3086 1851 Domino,
3121 1801 3213 1843 nec
3241 1801 3404 1855 panes
3439 1781 3554 1838 Deo
3601 1797 3694 1838 suo.

443 1901 852 1983 delectatusque
901 1909 1070 1966 fueris
1111 1908 1196 1964 his
1242 1922 1363 1979 qute
1395 1905 1490 1960 tibi
1527 1902 1824 1962 secundum
1873 1918 2031 1960 suam

2148 1883 2392 1940 Vescetur
2419 1892 2591 1937 tamen
2627 1881 2846 1954 panibus
2871 1874 2960 1950 qui
2992 1878 3289 1948 offeruntur
3313 1875 3368 1930 in
3393 1877 3696 1941 sanctitas-io,

442 2012 682 2060 mentem
723 2002 1006 2076 suggerit,
1049 1999 1430 2055 meretricatus
1469 2014 1527 2054 es
1556 2013 1678 2054 cum
1721 2012 1806 2051 eo.
1858 1993 2035 2052 Mere-

443 2095 637 2150 tricem
670 2111 800 2166 ergo
839 2109 945 2148 non
973 2091 1204 2164 accipiet
1239 2087 1496 2146 sacerdos
1536 2102 1782 2160 magnus,
1831 2095 1879 2142 et
1931 2103 2036 2142 non

449 2185 826 2240 contaminabit
873 2200 1048 2239 semen
1083 2199 1237 2237 suum
1294 2183 1350 2236 in
1391 2180 1584 2252 populo
1622 2196 1738 2234 suo.
1769 2177 1923 2246 Quod
1968 2177 2038 2234 sit

441 2276 586 2332 istud
615 2292 799 2332 semen
832 2276 976 2347 quod
1003 2273 1372 2330 contaminari
1401 2289 1510 2328 non
1547 2267 1682 2336 vult,
1709 2271 1764 2324 in
1795 2269 2038 2341 Evange-

441 2349 535 2424 liis'
553 2371 814 2439 scriptum
847 2377 951 2432 est,
984 2365 1144 2432 Quia,
1169 2365 1258 2436 qui
1285 2363 1532 2427 seminat,
1559 2361 1769 2416 verbum
1792 2359 2034 2415 seminat.

445 2457 560 2514 Non
586 2459 702 2514 vult
729 2473 860 2528 ergo
884 2455 1248 2512 contaminari
1294 2456 1524 2510 verbum
1569 2452 1667 2506 Dei
1705 2451 1774 2508 ab
1805 2451 1890 2506 his
1943 2450 2038 2524 qui

450 2550 740 2606 seminant.
774 2548 876 2615 Qui
907 2553 1035 2602 sunt
1067 2553 1248 2601 autem
1279 2543 1371 2614 qui
1421 2543 1724 2600 seminant?
1767 2541 1870 2610 Qui
1909 2557 2037 2596 ver-

449 2644 578 2699 bum
611 2641 707 2697 Dei
737 2641 794 2695 in
817 2638 1058 2696 Ecclesia
1084 2637 1390 2710 proferunt.
1419 2636 1496 2690 Ex
1527 2636 1630 2690 isto
1653 2633 1860 2690 semine
1885 2632 2038 2688 verbi

447 2733 542 2792 Dei
573 2733 719 2809 quod
748 2732 1052 2788 seminatur
1079 2773 1094 2799 ,
1125 2729 1376 2786 Christus
1401 2725 1646 2784 nascitur
1670 2727 1725 2782 in
1756 2725 1917 2780 corde
1943 2740 2040 2779 au-

450 2824 708 2882 ditorum.
740 2823 856 2879 Hoc
889 2818 1035 2879 enim
1087 2829 1144 2877 et
1192 2817 1486 2894 Apostolus
1518 2819 1688 2883 dicit,
1716 2815 1894 2871 Donec
1921 2815 2032 2886 for-

451 2925 622 2972 metur
669 2911 911 2970 Christus
947 2914 1002 2968 in
1035 2913 1178 2968 vobis
1215 2908 1416 2984 (Galat.
1473 2910 1571 2980 IV).
1615 2909 1874 2978 Concepit
1913 2921 2040 2978 ergo

452 3003 632 3066 anima
663 3025 731 3064 ex
761 3008 867 3064 hoc
896 3007 1104 3063 semine
1133 3005 1280 3062 verbi
1311 3013 1364 3060 et
1392 3013 1714 3076 conceptum
1759 3002 1960 3059 format
1986 3003 2040 3057 in

457 3115 515 3157 se
557 3102 782 3157 verbum
813 3141 828 3168 ,
857 3100 1027 3154 donec
1057 3099 1236 3172 pariat
1265 3097 1517 3170 spiritum
1553 3095 1765 3150 timoris
1797 3093 1913 3148 Dei.
1949 3093 2041 3149 Sic

448 3192 590 3246 enim
637 3206 735 3263 per
763 3187 1094 3260 Prophetam
1137 3187 1322 3242 dicunt
1370 3187 1566 3240 anima:
1605 3192 1918 3240 sanctorum
1949 3199 1963 3237 :
1995 3179 2038 3237 Α

2136 1975 2214 2029 ita
2265 1975 2523 2028 duntaxat
2558 1979 2614 2026 ut
2666 1971 2807 2024 intra
2845 1965 3013 2024 velum
3069 1979 3171 2021 non
3223 1965 3585 2037 ingrediatur,
3624 1977 3698 2018 nec

2139 2063 2352 2119 accedat
2383 2065 2451 2117 ad
2479 2061 2648 2117 altare
2667 2103 2682 2126 ,
2711 2075 2837 2132 quia
2873 2057 3134 2113 maculam
3164 2056 3341 2122 habet,
3387 2065 3437 2111 et
3471 2053 3699 2110 contuni-

2141 2173 2267 2212 nare
2307 2171 2409 2210 non
2453 2154 2600 2208 debet
2624 2149 2987 2207 sanctuarium
3011 2163 3184 2202 meum
3218 2161 3237 2198 :
3276 2145 3393 2217 Ege
3424 2145 3694 2207 Dominus,

2139 2249 2228 2319 qui
2251 2245 2522 2316 sanctiﬁt‘o
2549 2259 2656 2299 eos.
2703 2243 2762 2299 Si
2799 2239 3096 2297 secundum
3133 2240 3373 2294 litteram
3413 2237 3552 2293 hanc
3591 2247 3700 2291 san-

2139 2341 2374 2396 ctionem
2403 2337 2651 2407 accipere
2671 2335 2940 2400 volumus,
2967 2333 3238 2403 quomodo
3257 2329 3582 2401 legislatoris
3599 2341 3700 2384 esse

2133 2431 2282 2502 justa
2329 2427 2602 2484 videbitur
2645 2427 2898 2492 intentio,
2951 2437 3126 2494 neque
3153 2421 3300 2478 enim
3321 2422 3596 2477 voluntate
3618 2429 3698 2472 sn

2142 2523 2368 2579 macula:
2393 2520 2703 2577 hominibus
2725 2517 3027 2576 eveniunt?
3047 2515 3330 2582 Quomodo
3359 2527 3488 2585 ergo
3513 2526 3615 2568 non
3632 2511 3701 2568 is-

2143 2631 2442 2688 congruum
2483 2623 2567 2670 est
2596 2613 2652 2667 in
2685 2613 2768 2667 his
2807 2627 2928 2681 qua:
2956 2617 3150 2680 sponte
3188 2623 3296 2662 non
3327 2605 3467 2662 ﬁunt
3491 2643 3506 2671 ,
3548 2617 3700 2660 saccus

2141 2709 2324 2764 dotem
2347 2706 2415 2761 ab
2441 2705 2622 2760 ofﬁcio
2652 2704 2875 2775 repelli?
2901 2701 3040 2770 Quid
3070 2707 3251 2756 autem
3267 2700 3293 2754 ἳ
3321 2699 3389 2754 Et
3415 2698 3459 2753 si
3483 2691 3702 2768 quisltoc

2144 2800 2322 2872 ipsum
2371 2797 2505 2870 legis
2541 2809 2874 2868 cognoscens
2903 2801 3254 2865 praeceptum,
3305 2787 3597 2848 sacerdotis
3627 2789 3704 2843 in-

2149 2892 2360 2957 videns,
2389 2889 2692 2945 membrum
2723 2888 2860 2959 ejus,
2888 2901 3109 2942 manum
3143 2884 3231 2940 vel
3267 2883 3458 2956 pedem
3487 2889 3702 2936 antecu-

2142 2983 2256 3040 lum
2286 3024 2302 3049 ,
2357 2989 2450 3037 aut
2490 2979 2693 3050 aliquid
2745 2973 2892 3033 aliud
2929 2975 3180 3031 attrivit?
3229 2972 3338 3028 Aut
3384 2972 3432 3029 si
3480 2981 3702 3042 pugnans

2145 3083 2335 3132 contra
2392 3073 2724 3144 alienigenas
2768 3081 2824 3127 et
2869 3085 2969 3142 pro
3019 3068 3225 3124 sanctis
3285 3066 3384 3123 Dei
3417 3105 3434 3132 ,
3489 3070 3704 3118 armatus

2147 3167 2403 3240 (praeesse
2426 3165 2572 3220 enim
2599 3162 2754 3219 bellis
2774 3161 3088 3218 sacerdotes
3114 3159 3168 3214 in
3191 3157 3490 3214 Deuteron.
3519 3155 3704 3226 loyses

452 3283 638 3336 timore
657 3291 770 3347 tuo,
801 3280 1039 3344 Domine,
1061 3279 1391 3349 concepimus
1419 3279 1475 3332 in
1499 3286 1650 3331 utero
1679 3281 1727 3331 et
1759 3275 2040 3348 parturit-i-

2148 3255 2426 3331 praacepit)
2473 3255 2670 3310 vulnus
2719 3254 2970 3326 accepit,
3007 3267 3074 3308 ex
3119 3264 3227 3322 quo
3257 3291 3274 3318 ,
3305 3250 3558 3320 quaelibet
3581 3248 3627 3303 ei
3648 3261 3702 3302 es

449 3391 565 3428 mus
603 3382 650 3429 et
675 3373 968 3446 peperimus
994 3371 1236 3444 spiritum
1267 3367 1455 3424 salutis
1481 3379 1609 3434 tute,
1637 3368 1854 3438 fecimus
1887 3383 2045 3434 super

451 3475 668 3520 terram.
709 3465 816 3520 iste
867 3473 954 3520 est
1001 3471 1314 3519 sanctarum
1352 3461 1658 3516 animarum
1688 3467 1900 3532 partus,
1941 3461 2044 3518 iste

451 3565 744 3634 conceptus
774 3599 790 3623 ,
848 3557 950 3612 ista
993 3563 1120 3610 sunt
1173 3562 1359 3610 sancta
1393 3553 1661 3628 coniugia,
1694 3567 1814 3626 quae
1845 3559 2043 3612 conre-

449 3647 608 3704 niunt
627 3657 682 3703 et
705 3657 828 3719 apta
856 3657 982 3704 sunt
1003 3665 1199 3720 magno
1228 3647 1490 3720 pontiﬁci.

525 3739 632 3812 (Ex
667 3739 974 3813 Hesychia.)
1006 3740 1117 3796 Cur
1138 3747 1320 3794 autem
1351 3739 1736 3810 desponsatam
1777 3740 1880 3796 sibi
1931 3756 2044 3797 non

450 3832 566 3888 vult
615 3833 936 3904 participem
989 3833 1109 3888 ﬁeri
1147 3830 1384 3887 Iudaicae
1433 3833 1882 3897 conversationis,
1929 3835 2047 3905 ipse

454 3927 724 3982 subinfert
755 3945 767 3980 :
800 3926 883 3980 Ne
913 3927 1246 3981 commiscent
1289 3925 1504 3996 stirpem
1543 3926 1748 3996 generis
1781 3925 1862 3980 sui
1894 3924 2046 3996 vulgo

452 4018 616 4090 gentis
649 4035 779 4071 sum.
835 4015 1192 4088 Septuaginta
1237 4025 1419 4072 autem
1450 4056 1464 4080 ,
1514 4025 1561 4070 et
1599 4031 1704 4070 non
1745 4014 2047 4088 profanabit

455 4124 630 4161 semen
665 4107 780 4176 ejus
813 4107 868 4158 in
903 4107 1094 4176 populo
1125 4121 1242 4159 suo.
1293 4105 1436 4176 Ergo
1467 4105 1772 4176 profanatio
1808 4105 2045 4159 ﬁdelium

456 4205 560 4253 est.
604 4193 670 4249 Hi
695 4195 842 4248 enim
871 4201 998 4248 sunt
1025 4211 1208 4249 semen
1241 4203 1297 4250 et
1320 4198 1499 4265 plebs,
1541 4197 1714 4249 nostri
1749 4195 2049 4250 sacerdotis

459 4285 704 4342 Iudaicis
733 4285 978 4340 moribus
1003 4285 1219 4340 sociari.
1249 4286 1317 4340 Et
1337 4295 1628 4356 propterea
1668 4287 1872 4341 Paulus
1901 4288 2050 4342 dice-

459 4381 576 4436 bat:
599 4379 858 4435 Evacuati
886 4377 1009 4432 estis
1025 4395 1057 4432 a
1083 4373 1316 4442 Christo,
1339 4377 1430 4446 qui
1457 4379 1508 4430 in
1527 4376 1636 4448 leg:
1651 4376 2044 4447 jttstiﬁcatttitti,

457 4489 488 4526 a
519 4471 692 4542 gratia
736 4469 1024 4526 excidistis.
1082 4467 1178 4524 His
1213 4467 1396 4522 subdit
1423 4482 1436 4521 :
1469 4465 1580 4538 Ego
1611 4465 1870 4521 Dominus
1901 4507 1916 4533 ,
1959 4465 2048 4538 qui

455 4563 728 4629 sancti/ica
755 4577 892 4627 eam,
918 4563 972 4617 id
995 4569 1106 4628 cst,
1128 4571 1416 4632 propterea
1440 4573 1576 4630 opus
1601 4575 1707 4614 non
1728 4558 1890 4614 habet
1914 4557 2046 4630 legis

2145 3355 2419 3427 praedictis
2461 3352 2686 3408 riiawlis
2732 3352 3004 3417 eveniret,
3061 3357 3292 3421 putasne
3355 3348 3548 3419 dignus
3607 3343 3710 3396 erat

2146 3453 2369 3518 propter
2393 3443 2496 3499 hoc
2518 3443 2584 3498 de
2608 3441 2914 3497 sacerdotio
2941 3439 3252 3494 removeri?
3273 3437 3334 3493 in
3356 3445 3562 3492 tantum
3581 3432 3708 3490 enim

2148 3557 2255 3596 non
2288 3549 2413 3596 snnt
2463 3555 2750 3610 corporum
2805 3537 3032 3594 maculae
3071 3536 3464 3592 abominabiles
3509 3534 3636 3599 Deo,
3661 3535 3713 3585 ut

2148 3631 2408 3686 Dominus
2443 3630 2712 3686 illuminat
2764 3647 2928 3684 cteros
2977 3625 3149 3700 (Psal.
3179 3628 3358 3700 cur),
3392 3626 3558 3680 David
3581 3623 3716 3678 dice-

2150 3731 2264 3788 ret;
2318 3722 2398 3777 sic
2438 3721 2894 3792 pulchritudinem
2943 3737 3048 3776 non
3087 3719 3287 3791 elegit,
3317 3733 3412 3773 nec
3443 3715 3714 3771 robustum

2151 3829 2370 3884 corpus,
2406 3829 2508 3868 nec
2537 3813 2680 3885 quod
2711 3813 2922 3867 videtur
2971 3814 3107 3868 bene
3149 3811 3387 3882 positum
3413 3851 3428 3876 ,
3447 3815 3512 3864 ut
3534 3809 3600 3862 ad
3628 3805 3716 3860 Sa-

2151 3905 2385 3960 muelem
2417 3905 2626 3959 diceret
2647 3904 2712 3958 dc
2739 3905 2932 3973 majori
2963 3904 3070 3958 lilio
3101 3899 3254 3958 Iesse
3283 3944 3298 3968 ,
3333 3901 3462 3972 quia
3501 3900 3712 3971 speciem

2150 3995 2264 4052 Deo
2313 3995 2527 4065 placere
2574 4003 2860 4064 potaverat
2906 4012 2918 4048 :
2963 3993 3088 4048 Non
3138 3993 3388 4064 respicias
3433 3991 3504 4045 ad
3538 3987 3713 4043 vultum

2151 4087 2290 4158 ejus,
2325 4103 2487 4158 neque
2512 4085 2581 4139 ad
2605 4085 2934 4139 altitudinem
2955 4095 3173 4139 statura:
3203 4084 3336 4155 ejus,
3377 4085 3613 4154 quoniam
3639 4079 3717 4133 ab-

2143 4177 2252 4248 jeci
2276 4195 2394 4230 eum
2431 4175 2483 4247 (I
2515 4175 2646 4248 Reg.
2693 4177 2837 4249 3m);
2874 4177 3023 4248 atqui
3063 4193 3158 4232 rex
3193 4192 3302 4232 non
3339 4177 3594 4232 sacerdos
3613 4177 3716 4227 erat

2151 4269 2243 4338 qui
2273 4267 2595 4339 ungebatur.
2626 4267 2759 4338 Regi
2799 4277 2978 4323 autem
3007 4267 3314 4323 necessaria
3359 4276 3482 4322 erat
3514 4264 3715 4339 species,

2149 4373 2208 4418 et
2236 4360 2550 4431 magnitudo
2591 4360 2871 4432 corporis,
2928 4361 3020 4414 sed
3067 4357 3196 4430 quid
3236 4359 3321 4413 his
3351 4357 3597 4414 addidit?
3623 4353 3717 4408 Nec

2149 4451 2310 4524 juxta
2353 4452 2604 4506 intuitum
2640 4447 2864 4504 hominis
2881 4449 3068 4520 judico
3094 4464 3110 4502 :
3145 4448 3320 4504 Homo
3344 4449 3496 4503 videt
3535 4463 3594 4502 ea
3619 4459 3718 4514 qua:

2153 4552 2358 4615 patent,
2387 4543 2530 4597 Deus
2549 4549 2730 4596 autem
2755 4541 2994 4596 intuetur
3018 4558 3130 4596 cor.
3159 4539 3267 4596 Cor
3293 4541 3439 4594 enim
3468 4544 3721 4594 scrutatur

459 4655 682 4724 ﬁguras,
714 4669 814 4708 nec
861 4653 1156 4720 sacriﬁcia,
1191 4668 1290 4708 uec
1320 4652 1760 4724 purificationes,
1792 4626 2050 4720 quoniam
2075 4634 2129 4699 D
2155 4636 2199 4692 Si
2226 4633 2492 4690 maculam
2520 4633 2748 4698 habeat.
2789 4639 2844 4686 ει
2870 4649 2963 4688 605
2992 4633 3080 4703 (ιαὶ
3113 4632 3448 4688 immiti-“lati
3482 4641 3606 4686 ειιηῑ
3625 4626 3723 4683 δηί-

456 4754 558 4814 ego
600 4743 860 4799 Dominus
885 4786 899 4810 ,
940 4761 1040 4816 pro
1071 4745 1324 4800 omnibus
1368 4743 1472 4800 illis
1502 4751 1557 4798 et
1601 4741 1928 4798 sacriﬁcium
1971 4739 2052 4795 ef-

459 4835 614 4892 ﬁcior
637 4844 692 4889 et
715 4835 1042 4906 purilicatio.
1069 4837 1134 4890 Et
1157 4837 1514 4908 quodcunque
1543 4833 1750 4890 dixeris
1777 4833 2051 4904 pertinere

464 4927 530 4981 ad
566 4924 712 4980 illam
748 4926 1252 4981 sanctiﬁcationem.
1279 4927 1384 4994 Qui
1417 4935 1598 4981 autem
1625 4925 1841 4994 quando
1874 4924 2052 4978 viduae

462 5025 518 5072 et
539 5015 842 5072 meretricis
886 5024 940 5070 et
977 5016 1273 5086 repudiatae
1326 5017 1660 5071 mentionem
1707 5015 1863 5079 fecit,
1915 5015 2050 5079 has,

465 5107 662 5180 inquit,
691 5123 798 5163 non
827 5107 1056 5178 accipiet
1084 5125 1098 5160 :
1129 5107 1356 5164 dicimus
1377 5110 1478 5164 hoc
1506 5111 1561 5162 et
1583 5107 1652 5162 de
1670 5103 2050 5160 haereticorum

468 5197 864 5254 conventiculis
913 5195 1280 5268 legislaturent
1343 5198 1566 5254 dixisse.
1620 5191 1870 5251 Viduatae
1926 5201 2056 5250 sunt

465 5289 612 5346 enim
661 5289 758 5344 Dei
801 5287 1048 5354 scientia,
1085 5295 1305 5358 propter
1329 5289 1472 5360 quod
1512 5296 1568 5343 et
1596 5300 1627 5342 a
1654 5288 1868 5359 piorum
1905 5301 2054 5342 com-

465 5382 725 5438 munione
749 5377 960 5453 expulsi
989 5389 1114 5436 sunt
1133 5421 1148 5448 ,
1181 5381 1274 5437 sed
1301 5389 1356 5437 et
1384 5380 1726 5437 fornicamur
1757 5383 1814 5436 in
1861 5380 2053 5436 incon-

466 5476 616 5550 gruis
637 5482 692 5531 et
714 5473 938 5531 nefariis
959 5472 1318 5545 degmatibus.
1335 5471 1478 5544 Ergo
1504 5479 1650 5527 recte
1675 5473 1890 5528 viduam
1909 5487 2052 5543 pra:-

465 5569 668 5642 posuit,
691 5567 986 5624 secundam
1017 5566 1356 5638 repudiatam
1387 5607 1402 5632 ,
1439 5566 1660 5622 tertiam
1703 5565 2046 5620 meretricem

468 5661 726 5718 Subdidit.
759 5661 964 5718 Harum
989 5660 1191 5716 nullam
1220 5659 1324 5716 sibi
1347 5657 1610 5714 Dominus
1637 5657 1706 5712 ad
1735 5656 2052 5713 societatem

471 5754 631 5810 ducet
655 5794 669 5820 ,
715 5763 774 5808 ut
820 5768 927 5809 non
978 5753 1220 5824 polluant
1251 5749 1490 5807 ﬁdelium
1523 5761 1704 5806 semen
1730 5789 1745 5816 ,
1777 5749 1903 5820 quia
1928 5761 2052 5804 cor-

465 5843 731 5920 rumpunt
755 5863 934 5902 mores
969 5847 1142 5902 bonos
1167 5843 1433 5914 colloquia
1465 5844 1625 5920 mala.

2159 4743 2269 4794 mo,
2303 4729 2404 4782 hos
2438 4727 2640 4782 electos
2663 4723 2888 4794 judicat.
2925 4725 3030 4779 Eos
3059 4729 3239 4779 autem
3269 4723 3362 4796 qui
3393 4723 3656 4778 maculam
3679 4718 3720 4770 in

2161 4821 2341 4874 anima
2380 4819 2582 4873 habent
2613 4817 2883 4887 reprobat.
2911 4813 2971 4870 Si
3016 4813 3160 4868 enim
3193 4811 3394 4868 malum
3421 4821 3511 4868 est
3543 4805 3724 4867 claudi-

2159 4927 2282 4967 care
2322 4911 2569 4980 pedibus,
2603 4917 2696 4962 aut
2733 4905 3184 4962 oculosinilrmos
3209 4907 3436 4972 habere,
3479 4911 3540 4960 et
3577 4921 3606 4958 a
3633 4899 3725 4956 Deo

2160 5009 2418 5074 separant
2446 5042 2460 5066 ,
2489 5001 2760 5071 quomodo
2786 4994 2956 5065 lsaac,
2991 4997 3262 5068 quomodo
3292 4995 3464 5052 Iacob
3510 4995 3729 5064 caligare

2161 5091 2410 5168 permisit
2451 5101 2505 5146 et
2542 5091 2776 5146 salutem
2803 5089 3032 5161 perdere
3058 5087 3330 5144 visionis?
3354 5086 3572 5142 Etenim
3597 5087 3728 5141 Isaac

2162 5201 2272 5242 non
2309 5183 2566 5255 cognovit
2599 5181 2769 5238 Iacob
2807 5179 2952 5236 Esau
2993 5181 3284 5252 ﬁngentem
3325 5192 3638 5250 personam.
3664 5177 3733 5232 Do

2158 5275 2326 5332 Iacob
2367 5285 2549 5331 autem
2598 5273 2800 5328 dictum
2825 5281 2910 5328 est
2935 5290 2952 5328 :
2977 5272 3134 5328 Oculi
3175 5257 3348 5327 israel
3387 5271 3732 5344 caligacersnt

2157 5383 2254 5439 pro
2285 5367 2451 5421 nimia
2474 5373 2738 5420 senectute
2757 5403 2772 5428 ,
2819 5373 2868 5418 et
2896 5363 3039 5417 clare
3067 5363 3244 5418 videre
3277 5371 3384 5416 non
3411 5370 3636 5434 poterat.

2231 5461 2341 5534 (Ex
2365 5456 2666 5530 Gregorio.)
2708 5457 2812 5512 Per
2861 5457 3104 5512 maculas
3137 5471 3267 5528 ergo
3290 5471 3587 5526 corporum
3615 5453 3735 5509 vitis

2156 5552 2416 5610 describit
2485 5550 2790 5604 animorum
2821 5588 2837 5616 ,
2887 5549 3032 5603 unde
3080 5545 3538 5604 considerandum
3590 5540 3741 5602 valde

2153 5655 2238 5704 est
2269 5645 2394 5714 quia
2420 5659 2541 5700 cum
2566 5657 2788 5698 causam
2817 5640 2998 5712 populi
3023 5639 3229 5696 eiectus
3253 5638 3454 5712 praesul
3491 5633 3736 5708 suscipit,

2155 5735 2312 5810 quasi
2349 5736 2416 5792 ad
2464 5750 2668 5808 :egrum
2709 5733 2954 5790 medicus
2992 5731 3218 5788 accedit.
3261 5729 3431 5800 Citius
3471 5729 3522 5786 si
3569 5728 3742 5784 adhuc

2151 5835 2213 5890 in
2242 5845 2405 5902 opere
2444 5829 2726 5904 passipnes
2767 5827 2952 5882 vivunt
2981 5865 2994 5892 ,
3025 5839 3134 5896 qua
3161 5823 3592 5894 praesumptione
3617 5831 3743 5892 pera
