  <div class='ocr_page' id='page_1' title='image "/cluster/home/n/w/nwhite01/storage/ocr_20150623/108/hvd.32044015466840/250.png"; bbox 0 0 3892 6344; ppageno 0'>
   <div class='ocr_carea' id='block_1_1' title="bbox 188 419 277 532">
    <p class='ocr_par' dir='ltr' id='par_1_1' title="bbox 188 419 277 532">
     <span class='ocr_line' id='line_1_1' title="bbox 188 419 277 532; baseline 0 0"><span class='ocrx_word' id='word_1_1' title='bbox 188 419 277 532; x_wconf 58' lang='grc' dir='ltr'><strong>λεδ</strong></span> 
     </span>
    </p>
   </div>
   <div class='ocr_carea' id='block_1_2' title="bbox 948 418 2503 555">
    <p class='ocr_par' dir='ltr' id='par_1_2' title="bbox 948 418 2503 555">
     <span class='ocr_line' id='line_1_2' title="bbox 948 418 2503 555; baseline 0 -33"><span class='ocrx_word' id='word_1_2' title='bbox 948 418 977 461; x_wconf 38' lang='grc' dir='ltr'><strong>’τ</strong></span> <span class='ocrx_word' id='word_1_3' title='bbox 1055 418 1556 524; x_wconf 70' lang='lat' dir='ltr'><strong>EXPOStTiONEs</strong></span> <span class='ocrx_word' id='word_1_4' title='bbox 1592 466 1661 523; x_wconf 81' lang='lat' dir='ltr'><strong>IN</strong></span> <span class='ocrx_word' id='word_1_5' title='bbox 1702 426 2094 555; x_wconf 38' lang='lat' dir='ltr'><strong>tenuitenui</strong></span> <span class='ocrx_word' id='word_1_6' title='bbox 2136 432 2204 506; x_wconf 55' lang='lat'><strong>&#39;—&#39;</strong></span> <span class='ocrx_word' id='word_1_7' title='bbox 2241 434 2371 522; x_wconf 61' lang='lat' dir='ltr'><strong>tu.</strong></span> <span class='ocrx_word' id='word_1_8' title='bbox 2416 440 2503 523; x_wconf 56' lang='lat' dir='ltr'><strong>vi;</strong></span> 
     </span>
    </p>
   </div>
   <div class='ocr_carea' id='block_1_3' title="bbox 3281 442 3405 531">
    <p class='ocr_par' dir='ltr' id='par_1_3' title="bbox 3281 442 3405 531">
     <span class='ocr_line' id='line_1_3' title="bbox 3281 442 3405 531; baseline 0.032 -3"><span class='ocrx_word' id='word_1_9' title='bbox 3281 442 3405 531; x_wconf 73' lang='lat' dir='ltr'><strong>&#39;tsé</strong></span> 
     </span>
    </p>
   </div>
   <div class='ocr_carea' id='block_1_4' title="bbox 188 550 3409 669">
    <p class='ocr_par' dir='ltr' id='par_1_4' title="bbox 188 550 3409 669">
     <span class='ocr_line' id='line_1_4' title="bbox 188 550 3409 669; baseline 0.004 -38"><span class='ocrx_word' id='word_1_10' title='bbox 188 596 370 644; x_wconf 57' lang='lat' dir='ltr'><strong>omum</strong></span> <span class='ocrx_word' id='word_1_11' title='bbox 396 580 603 638; x_wconf 76' lang='lat' dir='ltr'><strong>mederi</strong></span> <span class='ocrx_word' id='word_1_12' title='bbox 628 584 903 652; x_wconf 84' lang='lat' dir='ltr'><strong>properat,</strong></span> <span class='ocrx_word' id='word_1_13' title='bbox 919 564 1020 650; x_wconf 81' lang='lat' dir='ltr'><strong>qui</strong></span> <span class='ocrx_word' id='word_1_14' title='bbox 1052 581 1107 636; x_wconf 91' lang='lat' dir='ltr'><strong>in</strong></span> <span class='ocrx_word' id='word_1_15' title='bbox 1134 572 1330 636; x_wconf 67' lang='lat' dir='ltr'><strong>faciem</strong></span> <span class='ocrx_word' id='word_1_16' title='bbox 1366 581 1565 637; x_wconf 79' lang='lat' dir='ltr'><strong>vulnus</strong></span> <span class='ocrx_word' id='word_1_17' title='bbox 1606 596 1732 650; x_wconf 85' lang='lat' dir='ltr'><strong>por-</strong></span> <span class='ocrx_word' id='word_1_18' title='bbox 1758 552 1805 649; x_wconf 52' lang='grc' dir='ltr'>λ</span> <span class='ocrx_word' id='word_1_19' title='bbox 1833 550 2030 633; x_wconf 84' lang='lat' dir='ltr'><strong>etenim</strong></span> <span class='ocrx_word' id='word_1_20' title='bbox 2056 558 2287 648; x_wconf 85' lang='lat' dir='ltr'><strong>grandis</strong></span> <span class='ocrx_word' id='word_1_21' title='bbox 2320 587 2374 636; x_wconf 89' lang='lat' dir='ltr'><strong>et</strong></span> <span class='ocrx_word' id='word_1_22' title='bbox 2423 587 2599 635; x_wconf 89' lang='lat' dir='ltr'><strong>tortus</strong></span> <span class='ocrx_word' id='word_1_23' title='bbox 2639 586 2723 634; x_wconf 88' lang='lat' dir='ltr'><strong>est</strong></span> <span class='ocrx_word' id='word_1_24' title='bbox 2755 550 3099 638; x_wconf 76' lang='lat' dir='ltr'><strong>discretionis</strong></span> <span class='ocrx_word' id='word_1_25' title='bbox 3137 582 3409 669; x_wconf 79' lang='lat' dir='ltr'><strong>subtilitas</strong></span> 
     </span>
    </p>
   </div>
   <div class='ocr_carea' id='block_1_5' title="bbox 187 673 1729 747">
    <p class='ocr_par' dir='ltr' id='par_1_5' title="bbox 187 673 1729 747">
     <span class='ocr_line' id='line_1_5' title="bbox 187 673 1729 747; baseline -0.003 -11"><span class='ocrx_word' id='word_1_26' title='bbox 187 676 385 736; x_wconf 75' lang='lat' dir='ltr'><strong>tstllllo</strong></span> <span class='ocrx_word' id='word_1_27' title='bbox 402 691 575 747; x_wconf 80' lang='lat' dir='ltr'><strong>ergo,</strong></span> <span class='ocrx_word' id='word_1_28' title='bbox 604 675 697 730; x_wconf 83' lang='lat' dir='ltr'><strong>ille</strong></span> <span class='ocrx_word' id='word_1_29' title='bbox 722 674 913 731; x_wconf 59' lang='lat' dir='ltr'><strong>modia</strong></span> <span class='ocrx_word' id='word_1_30' title='bbox 942 673 1195 730; x_wconf 75' lang='lat' dir='ltr'><strong>omnibus</strong></span> <span class='ocrx_word' id='word_1_31' title='bbox 1220 673 1401 731; x_wconf 74' lang='lat' dir='ltr'><strong>debet.</strong></span> <span class='ocrx_word' id='word_1_32' title='bbox 1424 674 1499 729; x_wconf 84' lang='lat' dir='ltr'><strong>ad</strong></span> <span class='ocrx_word' id='word_1_33' title='bbox 1542 688 1729 731; x_wconf 67' lang='lat' dir='ltr'><strong>suam</strong></span> 
     </span>
    </p>
   </div>
   <div class='ocr_carea' id='block_1_6' title="bbox 185 766 1731 846">
    <p class='ocr_par' dir='ltr' id='par_1_6' title="bbox 185 766 1731 846">
     <span class='ocr_line' id='line_1_6' title="bbox 185 766 1731 846; baseline -0.005 -17"><span class='ocrx_word' id='word_1_34' title='bbox 185 776 307 846; x_wconf 76' lang='lat' dir='ltr'><strong>plura</strong></span> <span class='ocrx_word' id='word_1_35' title='bbox 344 769 565 825; x_wconf 72' lang='lat' dir='ltr'><strong>vivendi</strong></span> <span class='ocrx_word' id='word_1_36' title='bbox 598 767 845 840; x_wconf 72' lang='lat' dir='ltr'><strong>pertrahi</strong></span> <span class='ocrx_word' id='word_1_37' title='bbox 867 808 883 835; x_wconf 95' lang='lat'><strong>,</strong></span> <span class='ocrx_word' id='word_1_38' title='bbox 907 767 1003 836; x_wconf 83' lang='lat' dir='ltr'><strong>qui</strong></span> <span class='ocrx_word' id='word_1_39' title='bbox 1046 768 1231 823; x_wconf 80' lang='lat' dir='ltr'><strong>carnis</strong></span> <span class='ocrx_word' id='word_1_40' title='bbox 1267 768 1479 822; x_wconf 76' lang='lat' dir='ltr'><strong>cunctis</strong></span> <span class='ocrx_word' id='word_1_41' title='bbox 1522 766 1731 836; x_wconf 73' lang='lat' dir='ltr'><strong>passio-</strong></span> 
     </span>
    </p>
   </div>
   <div class='ocr_carea' id='block_1_7' title="bbox 186 852 1730 931">
    <p class='ocr_par' dir='ltr' id='par_1_7' title="bbox 186 852 1730 931">
     <span class='ocr_line' id='line_1_7' title="bbox 186 852 1730 931; baseline -0.005 -10"><span class='ocrx_word' id='word_1_42' title='bbox 186 868 318 922; x_wconf 85' lang='lat' dir='ltr'><strong>nibus</strong></span> <span class='ocrx_word' id='word_1_43' title='bbox 348 862 613 927; x_wconf 74' lang='lat' dir='ltr'><strong>moriens,</strong></span> <span class='ocrx_word' id='word_1_44' title='bbox 644 859 759 928; x_wconf 83' lang='lat' dir='ltr'><strong>jam</strong></span> <span class='ocrx_word' id='word_1_45' title='bbox 786 852 1153 931; x_wconf 83' lang='lat' dir='ltr'><strong>spiritualiter-</strong></span> <span class='ocrx_word' id='word_1_46' title='bbox 1171 856 1305 914; x_wconf 80' lang='lat' dir='ltr'><strong>vivit</strong></span> <span class='ocrx_word' id='word_1_47' title='bbox 1340 859 1434 929; x_wconf 91' lang='lat' dir='ltr'><strong>qui</strong></span> <span class='ocrx_word' id='word_1_48' title='bbox 1468 872 1730 929; x_wconf 85' lang='lat' dir='ltr'><strong>prospera</strong></span> 
     </span>
    </p>
   </div>
   <div class='ocr_carea' id='block_1_8' title="bbox 185 950 1727 1025">
    <p class='ocr_par' dir='ltr' id='par_1_8' title="bbox 185 950 1727 1025">
     <span class='ocr_line' id='line_1_8' title="bbox 185 950 1727 1025; baseline -0.006 -12"><span class='ocrx_word' id='word_1_49' title='bbox 185 956 344 1013; x_wconf 80' lang='lat' dir='ltr'><strong>mundi</strong></span> <span class='ocrx_word' id='word_1_50' title='bbox 373 962 500 1025; x_wconf 83' lang='lat' dir='ltr'><strong>post</strong></span> <span class='ocrx_word' id='word_1_51' title='bbox 536 952 755 1024; x_wconf 80' lang='lat' dir='ltr'><strong>posuit,</strong></span> <span class='ocrx_word' id='word_1_52' title='bbox 786 952 883 1025; x_wconf 86' lang='lat' dir='ltr'><strong>qui</strong></span> <span class='ocrx_word' id='word_1_53' title='bbox 916 950 1061 1019; x_wconf 75' lang='lat' dir='ltr'><strong>nulla</strong></span> <span class='ocrx_word' id='word_1_54' title='bbox 1098 951 1323 1009; x_wconf 82' lang='lat' dir='ltr'><strong>adversa</strong></span> <span class='ocrx_word' id='word_1_55' title='bbox 1371 950 1727 1022; x_wconf 65' lang='lat' dir='ltr'><strong>pertimescit,</strong></span> 
     </span>
    </p>
   </div>
   <div class='ocr_carea' id='block_1_9' title="bbox 185 1041 1730 1118">
    <p class='ocr_par' dir='ltr' id='par_1_9' title="bbox 185 1041 1730 1118">
     <span class='ocr_line' id='line_1_9' title="bbox 185 1041 1730 1118; baseline -0.002 -16"><span class='ocrx_word' id='word_1_56' title='bbox 185 1049 259 1118; x_wconf 85' lang='lat' dir='ltr'><strong>qui</strong></span> <span class='ocrx_word' id='word_1_57' title='bbox 302 1046 402 1101; x_wconf 87' lang='lat' dir='ltr'><strong>sola</strong></span> <span class='ocrx_word' id='word_1_58' title='bbox 444 1046 660 1105; x_wconf 79' lang='lat' dir='ltr'><strong>interna</strong></span> <span class='ocrx_word' id='word_1_59' title='bbox 693 1042 985 1101; x_wconf 76' lang='lat' dir='ltr'><strong>desiderat.</strong></span> <span class='ocrx_word' id='word_1_60' title='bbox 1034 1041 1201 1111; x_wconf 75' lang='lat' dir='ltr'><strong>Cuius</strong></span> <span class='ocrx_word' id='word_1_61' title='bbox 1245 1042 1543 1099; x_wconf 69' lang='lat' dir='ltr'><strong>intentione</strong></span> <span class='ocrx_word' id='word_1_62' title='bbox 1591 1041 1730 1113; x_wconf 72' lang='lat' dir='ltr'><strong>bene</strong></span> 
     </span>
    </p>
   </div>
   <div class='ocr_carea' id='block_1_10' title="bbox 183 1133 1724 1209">
    <p class='ocr_par' dir='ltr' id='par_1_10' title="bbox 183 1133 1724 1209">
     <span class='ocr_line' id='line_1_10' title="bbox 183 1133 1724 1209; baseline -0.006 -13"><span class='ocrx_word' id='word_1_63' title='bbox 183 1152 463 1209; x_wconf 76' lang='lat' dir='ltr'><strong>congruens</strong></span> <span class='ocrx_word' id='word_1_64' title='bbox 490 1177 506 1203; x_wconf 93' lang='lat'><strong>,</strong></span> <span class='ocrx_word' id='word_1_65' title='bbox 542 1152 640 1193; x_wconf 87' lang='lat' dir='ltr'><strong>nec</strong></span> <span class='ocrx_word' id='word_1_66' title='bbox 666 1136 888 1191; x_wconf 88' lang='lat' dir='ltr'><strong>omnino</strong></span> <span class='ocrx_word' id='word_1_67' title='bbox 918 1149 1017 1203; x_wconf 87' lang='lat' dir='ltr'><strong>per</strong></span> <span class='ocrx_word' id='word_1_68' title='bbox 1040 1133 1466 1195; x_wconf 69' lang='lat' dir='ltr'><strong>imbecillitatem</strong></span> <span class='ocrx_word' id='word_1_69' title='bbox 1490 1148 1724 1202; x_wconf 87' lang='lat' dir='ltr'><strong>corpus,</strong></span> 
     </span>
    </p>
   </div>
   <div class='ocr_carea' id='block_1_11' title="bbox 182 1224 1728 1300">
    <p class='ocr_par' dir='ltr' id='par_1_11' title="bbox 182 1224 1728 1300">
     <span class='ocr_line' id='line_1_11' title="bbox 182 1224 1728 1300; baseline -0.006 -13"><span class='ocrx_word' id='word_1_70' title='bbox 182 1246 269 1287; x_wconf 85' lang='lat' dir='ltr'><strong>nec</strong></span> <span class='ocrx_word' id='word_1_71' title='bbox 290 1229 437 1297; x_wconf 83' lang='lat' dir='ltr'><strong>valde</strong></span> <span class='ocrx_word' id='word_1_72' title='bbox 464 1244 563 1300; x_wconf 90' lang='lat' dir='ltr'><strong>per</strong></span> <span class='ocrx_word' id='word_1_73' title='bbox 587 1227 967 1283; x_wconf 70' lang='lat' dir='ltr'><strong>contumeliam</strong></span> <span class='ocrx_word' id='word_1_74' title='bbox 1000 1233 1279 1297; x_wconf 80' lang='lat' dir='ltr'><strong>repugnat,</strong></span> <span class='ocrx_word' id='word_1_75' title='bbox 1312 1226 1403 1297; x_wconf 89' lang='lat' dir='ltr'><strong>qui</strong></span> <span class='ocrx_word' id='word_1_76' title='bbox 1441 1225 1508 1279; x_wconf 89' lang='lat' dir='ltr'><strong>ad</strong></span> <span class='ocrx_word' id='word_1_77' title='bbox 1550 1224 1728 1279; x_wconf 86' lang='lat' dir='ltr'><strong>aliena</strong></span> 
     </span>
    </p>
   </div>
   <div class='ocr_carea' id='block_1_12' title="bbox 179 1319 1731 1392">
    <p class='ocr_par' dir='ltr' id='par_1_12' title="bbox 179 1319 1731 1392">
     <span class='ocr_line' id='line_1_12' title="bbox 179 1319 1731 1392; baseline -0.004 -13"><span class='ocrx_word' id='word_1_78' title='bbox 179 1322 413 1392; x_wconf 71' lang='lat' dir='ltr'><strong>cupienda</strong></span> <span class='ocrx_word' id='word_1_79' title='bbox 468 1337 576 1377; x_wconf 89' lang='lat' dir='ltr'><strong>non</strong></span> <span class='ocrx_word' id='word_1_80' title='bbox 625 1321 840 1377; x_wconf 85' lang='lat' dir='ltr'><strong>ducitur</strong></span> <span class='ocrx_word' id='word_1_81' title='bbox 862 1361 878 1386; x_wconf 93' lang='lat'><strong>,</strong></span> <span class='ocrx_word' id='word_1_82' title='bbox 913 1322 1010 1375; x_wconf 83' lang='lat' dir='ltr'><strong>sed</strong></span> <span class='ocrx_word' id='word_1_83' title='bbox 1052 1321 1275 1391; x_wconf 82' lang='lat' dir='ltr'><strong>propria</strong></span> <span class='ocrx_word' id='word_1_84' title='bbox 1311 1319 1581 1390; x_wconf 74' lang='lat' dir='ltr'><strong>largitur;</strong></span> <span class='ocrx_word' id='word_1_85' title='bbox 1637 1319 1731 1387; x_wconf 86' lang='lat' dir='ltr'><strong>qui</strong></span> 
     </span>
    </p>
   </div>
   <div class='ocr_carea' id='block_1_13' title="bbox 178 1408 1732 1484">
    <p class='ocr_par' dir='ltr' id='par_1_13' title="bbox 178 1408 1732 1484">
     <span class='ocr_line' id='line_1_13' title="bbox 178 1408 1732 1484; baseline -0.003 -16"><span class='ocrx_word' id='word_1_86' title='bbox 178 1429 263 1484; x_wconf 86' lang='lat' dir='ltr'><strong>per</strong></span> <span class='ocrx_word' id='word_1_87' title='bbox 284 1412 488 1482; x_wconf 78' lang='lat' dir='ltr'><strong>pietatis</strong></span> <span class='ocrx_word' id='word_1_88' title='bbox 531 1413 745 1469; x_wconf 82' lang='lat' dir='ltr'><strong>viscera</strong></span> <span class='ocrx_word' id='word_1_89' title='bbox 796 1413 960 1467; x_wconf 89' lang='lat' dir='ltr'><strong>citius</strong></span> <span class='ocrx_word' id='word_1_90' title='bbox 1006 1412 1078 1467; x_wconf 84' lang='lat' dir='ltr'><strong>ad</strong></span> <span class='ocrx_word' id='word_1_91' title='bbox 1122 1410 1509 1482; x_wconf 66' lang='lat' dir='ltr'><strong>ignoscendum</strong></span> <span class='ocrx_word' id='word_1_92' title='bbox 1558 1408 1732 1465; x_wconf 79' lang='lat' dir='ltr'><strong>ﬂecti-</strong></span> 
     </span>
    </p>
   </div>
   <div class='ocr_carea' id='block_1_14' title="bbox 1833 669 3403 742">
    <p class='ocr_par' dir='ltr' id='par_1_14' title="bbox 1833 669 3403 742">
     <span class='ocr_line' id='line_1_14' title="bbox 1833 669 3403 742; baseline 0.006 -20"><span class='ocrx_word' id='word_1_93' title='bbox 1833 669 2186 725; x_wconf 83' lang='lat' dir='ltr'><strong>immoderata</strong></span> <span class='ocrx_word' id='word_1_94' title='bbox 2208 711 2222 735; x_wconf 93' lang='lat'><strong>,</strong></span> <span class='ocrx_word' id='word_1_95' title='bbox 2281 688 2402 741; x_wconf 70' lang='lat' dir='ltr'><strong>qua:</strong></span> <span class='ocrx_word' id='word_1_96' title='bbox 2430 672 2556 726; x_wconf 90' lang='lat' dir='ltr'><strong>dum</strong></span> <span class='ocrx_word' id='word_1_97' title='bbox 2585 670 2871 742; x_wconf 79' lang='lat' dir='ltr'><strong>plusquam</strong></span> <span class='ocrx_word' id='word_1_98' title='bbox 2894 674 3046 731; x_wconf 85' lang='lat' dir='ltr'><strong>decet</strong></span> <span class='ocrx_word' id='word_1_99' title='bbox 3080 675 3403 742; x_wconf 76' lang='lat' dir='ltr'><strong>exoraverit,</strong></span> 
     </span>
    </p>
   </div>
   <div class='ocr_carea' id='block_1_15' title="bbox 1832 754 3405 843">
    <p class='ocr_par' dir='ltr' id='par_1_15' title="bbox 1832 754 3405 843">
     <span class='ocr_line' id='line_1_15' title="bbox 1832 754 3405 843; baseline 0.008 -30"><span class='ocrx_word' id='word_1_100' title='bbox 1832 761 2060 816; x_wconf 85' lang='lat' dir='ltr'><strong>actionis</strong></span> <span class='ocrx_word' id='word_1_101' title='bbox 2095 779 2204 817; x_wconf 76' lang='lat' dir='ltr'><strong>suae</strong></span> <span class='ocrx_word' id='word_1_102' title='bbox 2244 763 2626 821; x_wconf 85' lang='lat' dir='ltr'><strong>rectitudinem</strong></span> <span class='ocrx_word' id='word_1_103' title='bbox 2676 766 2792 843; x_wconf 83' lang='lat' dir='ltr'><strong>ipsa</strong></span> <span class='ocrx_word' id='word_1_104' title='bbox 2849 764 3150 831; x_wconf 75' lang='lat' dir='ltr'><strong>confundit.</strong></span> <span class='ocrx_word' id='word_1_105' title='bbox 3207 754 3405 826; x_wconf 79' lang='lat' dir='ltr'><strong>Fracto</strong></span> 
     </span>
    </p>
   </div>
   <div class='ocr_carea' id='block_1_16' title="bbox 1831 855 3405 945">
    <p class='ocr_par' dir='ltr' id='par_1_16' title="bbox 1831 855 3405 945">
     <span class='ocr_line' id='line_1_16' title="bbox 1831 855 3405 945; baseline 0.008 -41"><span class='ocrx_word' id='word_1_106' title='bbox 1831 860 2010 906; x_wconf 85' lang='lat' dir='ltr'><strong>autent</strong></span> <span class='ocrx_word' id='word_1_107' title='bbox 2034 856 2191 935; x_wconf 78' lang='lat' dir='ltr'><strong>pede</strong></span> <span class='ocrx_word' id='word_1_108' title='bbox 2238 855 2324 910; x_wconf 87' lang='lat' dir='ltr'><strong>vel</strong></span> <span class='ocrx_word' id='word_1_109' title='bbox 2373 872 2533 911; x_wconf 89' lang='lat' dir='ltr'><strong>manu</strong></span> <span class='ocrx_word' id='word_1_110' title='bbox 2562 867 2690 927; x_wconf 81' lang='lat' dir='ltr'><strong>est,</strong></span> <span class='ocrx_word' id='word_1_111' title='bbox 2731 860 2825 943; x_wconf 73' lang='lat' dir='ltr'><strong>qui</strong></span> <span class='ocrx_word' id='word_1_112' title='bbox 2870 861 3012 919; x_wconf 85' lang='lat' dir='ltr'><strong>viam</strong></span> <span class='ocrx_word' id='word_1_113' title='bbox 3054 858 3149 919; x_wconf 87' lang='lat' dir='ltr'><strong>Dei</strong></span> <span class='ocrx_word' id='word_1_114' title='bbox 3179 877 3405 945; x_wconf 65' lang='lat' dir='ltr'><strong>pergere</strong></span> 
     </span>
    </p>
   </div>
   <div class='ocr_carea' id='block_1_17' title="bbox 1828 930 3401 1020">
    <p class='ocr_par' dir='ltr' id='par_1_17' title="bbox 1828 930 3401 1020">
     <span class='ocr_line' id='line_1_17' title="bbox 1828 930 3401 1020; baseline 0.011 -26"><span class='ocrx_word' id='word_1_115' title='bbox 1828 930 2139 999; x_wconf 79' lang='lat' dir='ltr'><strong>omnimodo</strong></span> <span class='ocrx_word' id='word_1_116' title='bbox 2171 962 2275 1001; x_wconf 90' lang='lat' dir='ltr'><strong>non</strong></span> <span class='ocrx_word' id='word_1_117' title='bbox 2302 947 2465 1014; x_wconf 89' lang='lat' dir='ltr'><strong>valet,</strong></span> <span class='ocrx_word' id='word_1_118' title='bbox 2494 958 2655 1020; x_wconf 87' lang='lat' dir='ltr'><strong>atque</strong></span> <span class='ocrx_word' id='word_1_119' title='bbox 2688 967 2719 1005; x_wconf 85' lang='lat' dir='ltr'><strong>a</strong></span> <span class='ocrx_word' id='word_1_120' title='bbox 2742 930 2900 1009; x_wconf 73' lang='lat' dir='ltr'><strong>bonis</strong></span> <span class='ocrx_word' id='word_1_121' title='bbox 2926 953 3138 1011; x_wconf 83' lang='lat' dir='ltr'><strong>actibus</strong></span> <span class='ocrx_word' id='word_1_122' title='bbox 3162 930 3401 1011; x_wconf 65' lang='lat' dir='ltr'><strong>funditus</strong></span> 
     </span>
    </p>
   </div>
   <div class='ocr_carea' id='block_1_18' title="bbox 1830 1026 3400 1113">
    <p class='ocr_par' dir='ltr' id='par_1_18' title="bbox 1830 1026 3400 1113">
     <span class='ocr_line' id='line_1_18' title="bbox 1830 1026 3400 1113; baseline 0.009 -24"><span class='ocrx_word' id='word_1_123' title='bbox 1830 1046 2019 1089; x_wconf 77' lang='lat' dir='ltr'><strong>exsors</strong></span> <span class='ocrx_word' id='word_1_124' title='bbox 2065 1026 2240 1102; x_wconf 80' lang='lat' dir='ltr'><strong>vacat,</strong></span> <span class='ocrx_word' id='word_1_125' title='bbox 2283 1048 2543 1107; x_wconf 82' lang='lat' dir='ltr'><strong>quatenus</strong></span> <span class='ocrx_word' id='word_1_126' title='bbox 2575 1040 2690 1113; x_wconf 73' lang='lat' dir='ltr'><strong>haec</strong></span> <span class='ocrx_word' id='word_1_127' title='bbox 2727 1060 2834 1099; x_wconf 86' lang='lat' dir='ltr'><strong>non</strong></span> <span class='ocrx_word' id='word_1_128' title='bbox 2864 1050 2925 1101; x_wconf 82' lang='lat' dir='ltr'><strong>ut</strong></span> <span class='ocrx_word' id='word_1_129' title='bbox 2958 1045 3185 1104; x_wconf 84' lang='lat' dir='ltr'><strong>claudus</strong></span> <span class='ocrx_word' id='word_1_130' title='bbox 3220 1045 3400 1103; x_wconf 81' lang='lat' dir='ltr'><strong>saltim</strong></span> 
     </span>
    </p>
   </div>
   <div class='ocr_carea' id='block_1_19' title="bbox 1828 1123 3402 1199">
    <p class='ocr_par' dir='ltr' id='par_1_19' title="bbox 1828 1123 3402 1199">
     <span class='ocr_line' id='line_1_19' title="bbox 1828 1123 3402 1199; baseline 0.014 -24"><span class='ocrx_word' id='word_1_131' title='bbox 1828 1135 1951 1177; x_wconf 84' lang='lat' dir='ltr'><strong>cum</strong></span> <span class='ocrx_word' id='word_1_132' title='bbox 1980 1123 2352 1183; x_wconf 81' lang='lat' dir='ltr'><strong>inﬁrmitatem</strong></span> <span class='ocrx_word' id='word_1_133' title='bbox 2384 1138 2581 1198; x_wconf 79' lang='lat' dir='ltr'><strong>teneat,</strong></span> <span class='ocrx_word' id='word_1_134' title='bbox 2603 1135 2699 1191; x_wconf 84' lang='lat' dir='ltr'><strong>sed</strong></span> <span class='ocrx_word' id='word_1_135' title='bbox 2724 1134 2791 1191; x_wconf 91' lang='lat' dir='ltr'><strong>ab</strong></span> <span class='ocrx_word' id='word_1_136' title='bbox 2819 1136 2905 1193; x_wconf 88' lang='lat' dir='ltr'><strong>his</strong></span> <span class='ocrx_word' id='word_1_137' title='bbox 2931 1139 3241 1199; x_wconf 85' lang='lat' dir='ltr'><strong>omnimodo</strong></span> <span class='ocrx_word' id='word_1_138' title='bbox 3270 1140 3402 1197; x_wconf 89' lang='lat' dir='ltr'><strong>alie-</strong></span> 
     </span>
    </p>
   </div>
   <div class='ocr_carea' id='block_1_20' title="bbox 1827 1214 3415 1299">
    <p class='ocr_par' dir='ltr' id='par_1_20' title="bbox 1827 1214 3415 1299">
     <span class='ocr_line' id='line_1_20' title="bbox 1827 1214 3415 1299; baseline 0.014 -34"><span class='ocrx_word' id='word_1_139' title='bbox 1827 1226 1930 1266; x_wconf 87' lang='lat' dir='ltr'><strong>nus</strong></span> <span class='ocrx_word' id='word_1_140' title='bbox 1972 1216 2187 1271; x_wconf 79' lang='lat' dir='ltr'><strong>existat.</strong></span> <span class='ocrx_word' id='word_1_141' title='bbox 2230 1216 2435 1275; x_wconf 86' lang='lat' dir='ltr'><strong>Gibbus</strong></span> <span class='ocrx_word' id='word_1_142' title='bbox 2469 1220 2596 1279; x_wconf 80' lang='lat' dir='ltr'><strong>v&#39;ero</strong></span> <span class='ocrx_word' id='word_1_143' title='bbox 2635 1232 2720 1280; x_wconf 89' lang='lat' dir='ltr'><strong>est</strong></span> <span class='ocrx_word' id='word_1_144' title='bbox 2756 1241 2917 1299; x_wconf 89' lang='lat' dir='ltr'><strong>quem</strong></span> <span class='ocrx_word' id='word_1_145' title='bbox 2949 1237 3177 1287; x_wconf 62' lang='lat' dir='ltr'><strong>terrenae</strong></span> <span class='ocrx_word' id='word_1_146' title='bbox 3206 1214 3415 1287; x_wconf 44' lang='lat' dir='ltr'><strong>sollici:</strong></span> 
     </span>
    </p>
   </div>
   <div class='ocr_carea' id='block_1_21' title="bbox 1829 1300 3407 1393">
    <p class='ocr_par' dir='ltr' id='par_1_21' title="bbox 1829 1300 3407 1393">
     <span class='ocr_line' id='line_1_21' title="bbox 1829 1300 3407 1393; baseline 0.01 -32"><span class='ocrx_word' id='word_1_147' title='bbox 1829 1300 2031 1362; x_wconf 79' lang='lat' dir='ltr'><strong>tudinis</strong></span> <span class='ocrx_word' id='word_1_148' title='bbox 2069 1310 2278 1379; x_wconf 89' lang='lat' dir='ltr'><strong>pondus</strong></span> <span class='ocrx_word' id='word_1_149' title='bbox 2334 1310 2630 1383; x_wconf 87' lang='lat' dir='ltr'><strong>deprimit,</strong></span> <span class='ocrx_word' id='word_1_150' title='bbox 2683 1329 2751 1371; x_wconf 90' lang='lat' dir='ltr'><strong>ne</strong></span> <span class='ocrx_word' id='word_1_151' title='bbox 2790 1333 3026 1387; x_wconf 81' lang='lat' dir='ltr'><strong>unquam</strong></span> <span class='ocrx_word' id='word_1_152' title='bbox 3070 1322 3137 1375; x_wconf 87' lang='lat' dir='ltr'><strong>ad</strong></span> <span class='ocrx_word' id='word_1_153' title='bbox 3168 1312 3407 1393; x_wconf 72' lang='lat' dir='ltr'><strong>superna</strong></span> 
     </span>
    </p>
   </div>
   <div class='ocr_carea' id='block_1_22' title="bbox 1832 1396 3403 1474">
    <p class='ocr_par' dir='ltr' id='par_1_22' title="bbox 1832 1396 3403 1474">
     <span class='ocr_line' id='line_1_22' title="bbox 1832 1396 3403 1474; baseline 0.013 -29"><span class='ocrx_word' id='word_1_154' title='bbox 1832 1396 2109 1463; x_wconf 79' lang='lat' dir='ltr'><strong>respiciat,</strong></span> <span class='ocrx_word' id='word_1_155' title='bbox 2135 1399 2228 1453; x_wconf 88' lang='lat' dir='ltr'><strong>sed</strong></span> <span class='ocrx_word' id='word_1_156' title='bbox 2257 1401 2384 1456; x_wconf 89' lang='lat' dir='ltr'><strong>solis</strong></span> <span class='ocrx_word' id='word_1_157' title='bbox 2408 1403 2515 1468; x_wconf 89' lang='lat' dir='ltr'><strong>his,</strong></span> <span class='ocrx_word' id='word_1_158' title='bbox 2552 1419 2672 1474; x_wconf 66' lang='lat' dir='ltr'><strong>quae</strong></span> <span class='ocrx_word' id='word_1_159' title='bbox 2703 1406 2758 1460; x_wconf 89' lang='lat' dir='ltr'><strong>in</strong></span> <span class='ocrx_word' id='word_1_160' title='bbox 2793 1404 2996 1463; x_wconf 87' lang='lat' dir='ltr'><strong>inﬁmis</strong></span> <span class='ocrx_word' id='word_1_161' title='bbox 3022 1410 3298 1465; x_wconf 81' lang='lat' dir='ltr'><strong>calcantur</strong></span> <span class='ocrx_word' id='word_1_162' title='bbox 3322 1400 3403 1467; x_wconf 50' lang='lat' dir='ltr'><strong>in;</strong></span> 
     </span>
    </p>
   </div>
   <div class='ocr_carea' id='block_1_23' title="bbox 180 1487 3403 1573">
    <p class='ocr_par' dir='ltr' id='par_1_23' title="bbox 180 1487 3403 1573">
     <span class='ocr_line' id='line_1_23' title="bbox 180 1487 3403 1573; baseline 0.007 -37"><span class='ocrx_word' id='word_1_163' title='bbox 180 1508 270 1566; x_wconf 56' lang='grc' dir='ltr'><strong>ιω,</strong></span> <span class='ocrx_word' id='word_1_164' title='bbox 298 1502 388 1556; x_wconf 66' lang='lat' dir='ltr'><strong>sed</strong></span> <span class='ocrx_word' id='word_1_165' title='bbox 425 1518 705 1572; x_wconf 57' lang='lat' dir='ltr'><strong>umquam</strong></span> <span class='ocrx_word' id='word_1_166' title='bbox 750 1502 1035 1571; x_wconf 53' lang='lat' dir='ltr'><strong>prmum</strong></span> <span class='ocrx_word' id='word_1_167' title='bbox 1079 1501 1271 1555; x_wconf 53' lang='lat' dir='ltr'><strong>decem</strong></span> <span class='ocrx_word' id='word_1_168' title='bbox 1321 1500 1626 1569; x_wconf 57' lang='lat' dir='ltr'><strong>ignescens,</strong></span> <span class='ocrx_word' id='word_1_169' title='bbox 1668 1498 1736 1553; x_wconf 69' lang='lat' dir='ltr'><strong>ab</strong></span> <span class='ocrx_word' id='word_1_170' title='bbox 1836 1487 2040 1554; x_wconf 82' lang='lat' dir='ltr'><strong>tendat,</strong></span> <span class='ocrx_word' id='word_1_171' title='bbox 2075 1491 2166 1558; x_wconf 90' lang='lat' dir='ltr'><strong>qui</strong></span> <span class='ocrx_word' id='word_1_172' title='bbox 2192 1500 2245 1546; x_wconf 88' lang='lat' dir='ltr'><strong>et</strong></span> <span class='ocrx_word' id='word_1_173' title='bbox 2277 1494 2320 1547; x_wconf 89' lang='lat' dir='ltr'><strong>si</strong></span> <span class='ocrx_word' id='word_1_174' title='bbox 2365 1496 2651 1566; x_wconf 83' lang='lat' dir='ltr'><strong>aliquando</strong></span> <span class='ocrx_word' id='word_1_175' title='bbox 2682 1496 2885 1569; x_wconf 86' lang='lat' dir='ltr'><strong>aliquid</strong></span> <span class='ocrx_word' id='word_1_176' title='bbox 2922 1516 2991 1555; x_wconf 79' lang='lat' dir='ltr'><strong>ex</strong></span> <span class='ocrx_word' id='word_1_177' title='bbox 3031 1504 3176 1557; x_wconf 87' lang='lat' dir='ltr'><strong>bono</strong></span> <span class='ocrx_word' id='word_1_178' title='bbox 3219 1505 3403 1573; x_wconf 73' lang='lat' dir='ltr'><strong>patria:</strong></span> 
     </span>
    </p>
   </div>
   <div class='ocr_carea' id='block_1_24' title="bbox 172 1579 3405 1664">
    <p class='ocr_par' dir='ltr' id='par_1_24' title="bbox 172 1579 3405 1664">
     <span class='ocr_line' id='line_1_24' title="bbox 172 1579 3405 1664; baseline 0 -20"><span class='ocrx_word' id='word_1_179' title='bbox 172 1606 284 1645; x_wconf 84' lang='lat' dir='ltr'><strong>arce</strong></span> <span class='ocrx_word' id='word_1_180' title='bbox 308 1591 646 1646; x_wconf 84' lang='lat' dir='ltr'><strong>rectitudinis</strong></span> <span class='ocrx_word' id='word_1_181' title='bbox 674 1592 1001 1657; x_wconf 83' lang='lat' dir='ltr'><strong>inclinatur;</strong></span> <span class='ocrx_word' id='word_1_182' title='bbox 1034 1592 1130 1661; x_wconf 80' lang='lat' dir='ltr'><strong>qui</strong></span> <span class='ocrx_word' id='word_1_183' title='bbox 1158 1591 1303 1649; x_wconf 81' lang='lat' dir='ltr'><strong>nulla</strong></span> <span class='ocrx_word' id='word_1_184' title='bbox 1332 1589 1522 1645; x_wconf 86' lang='lat' dir='ltr'><strong>illicita</strong></span> <span class='ocrx_word' id='word_1_185' title='bbox 1544 1603 1735 1658; x_wconf 88' lang='lat' dir='ltr'><strong>perpe-</strong></span> <span class='ocrx_word' id='word_1_186' title='bbox 1833 1579 2070 1636; x_wconf 72' lang='grc' dir='ltr'><strong>οωιθειὶδ</strong></span> <span class='ocrx_word' id='word_1_187' title='bbox 2099 1585 2350 1653; x_wconf 82' lang='lat' dir='ltr'><strong>audierit,</strong></span> <span class='ocrx_word' id='word_1_188' title='bbox 2377 1590 2443 1644; x_wconf 91' lang='lat' dir='ltr'><strong>ad</strong></span> <span class='ocrx_word' id='word_1_189' title='bbox 2472 1590 2576 1646; x_wconf 89' lang='lat' dir='ltr'><strong>hoc</strong></span> <span class='ocrx_word' id='word_1_190' title='bbox 2602 1592 2856 1647; x_wconf 86' lang='lat' dir='ltr'><strong>nimirum</strong></span> <span class='ocrx_word' id='word_1_191' title='bbox 2889 1608 3158 1664; x_wconf 66' lang='lat' dir='ltr'><strong>perversa:</strong></span> <span class='ocrx_word' id='word_1_192' title='bbox 3182 1611 3405 1651; x_wconf 79' lang='lat' dir='ltr'><strong>consue-</strong></span> 
     </span>
    </p>
   </div>
   <div class='ocr_carea' id='block_1_25' title="bbox 171 1680 1731 1754">
    <p class='ocr_par' dir='ltr' id='par_1_25' title="bbox 171 1680 1731 1754">
     <span class='ocr_line' id='line_1_25' title="bbox 171 1680 1731 1754; baseline -0.001 -18"><span class='ocrx_word' id='word_1_193' title='bbox 171 1688 314 1747; x_wconf 89' lang='lat' dir='ltr'><strong>trata,</strong></span> <span class='ocrx_word' id='word_1_194' title='bbox 330 1684 420 1738; x_wconf 87' lang='lat' dir='ltr'><strong>sed</strong></span> <span class='ocrx_word' id='word_1_195' title='bbox 440 1693 753 1754; x_wconf 85' lang='lat' dir='ltr'><strong>perpetrata</strong></span> <span class='ocrx_word' id='word_1_196' title='bbox 768 1685 836 1738; x_wconf 88' lang='lat' dir='ltr'><strong>ab</strong></span> <span class='ocrx_word' id='word_1_197' title='bbox 858 1684 979 1737; x_wconf 87' lang='lat' dir='ltr'><strong>aliis</strong></span> <span class='ocrx_word' id='word_1_198' title='bbox 1002 1691 1063 1737; x_wconf 89' lang='lat' dir='ltr'><strong>ut</strong></span> <span class='ocrx_word' id='word_1_199' title='bbox 1084 1681 1301 1752; x_wconf 86' lang='lat' dir='ltr'><strong>propria</strong></span> <span class='ocrx_word' id='word_1_200' title='bbox 1331 1680 1609 1749; x_wconf 84' lang='lat' dir='ltr'><strong>deplorat;</strong></span> <span class='ocrx_word' id='word_1_201' title='bbox 1640 1680 1731 1748; x_wconf 90' lang='lat' dir='ltr'><strong>qui</strong></span> 
     </span>
    </p>
   </div>
   <div class='ocr_carea' id='block_1_26' title="bbox 158 1773 1732 1842">
    <p class='ocr_par' dir='ltr' id='par_1_26' title="bbox 158 1773 1732 1842">
     <span class='ocr_line' id='line_1_26' title="bbox 158 1773 1732 1842; baseline -0.003 -12"><span class='ocrx_word' id='word_1_202' title='bbox 158 1774 409 1832; x_wconf 74' lang='lat' dir='ltr'><strong>exall‘ectu</strong></span> <span class='ocrx_word' id='word_1_203' title='bbox 422 1777 613 1832; x_wconf 86' lang='lat' dir='ltr'><strong>cordis</strong></span> <span class='ocrx_word' id='word_1_204' title='bbox 635 1777 825 1831; x_wconf 74' lang='lat' dir='ltr'><strong>aliena:</strong></span> <span class='ocrx_word' id='word_1_205' title='bbox 847 1774 1146 1830; x_wconf 86' lang='lat' dir='ltr'><strong>inﬁrmitati</strong></span> <span class='ocrx_word' id='word_1_206' title='bbox 1170 1773 1499 1842; x_wconf 85' lang='lat' dir='ltr'><strong>compatitur</strong></span> <span class='ocrx_word' id='word_1_207' title='bbox 1517 1790 1530 1826; x_wconf 87' lang='lat'><strong>:</strong></span> <span class='ocrx_word' id='word_1_208' title='bbox 1549 1774 1732 1842; x_wconf 78' lang='lat' dir='ltr'><strong>sicque</strong></span> 
     </span>
    </p>
   </div>
   <div class='ocr_carea' id='block_1_27' title="bbox 144 1862 1724 1940">
    <p class='ocr_par' dir='ltr' id='par_1_27' title="bbox 144 1862 1724 1940">
     <span class='ocr_line' id='line_1_27' title="bbox 144 1862 1724 1940; baseline -0.001 -18"><span class='ocrx_word' id='word_1_209' title='bbox 144 1868 193 1922; x_wconf 89' lang='lat' dir='ltr'><strong>in</strong></span> <span class='ocrx_word' id='word_1_210' title='bbox 218 1870 371 1925; x_wconf 86' lang='lat' dir='ltr'><strong>bonis</strong></span> <span class='ocrx_word' id='word_1_211' title='bbox 406 1868 659 1940; x_wconf 78' lang='lat' dir='ltr'><strong>proximi</strong></span> <span class='ocrx_word' id='word_1_212' title='bbox 686 1905 704 1931; x_wconf 96' lang='lat'><strong>,</strong></span> <span class='ocrx_word' id='word_1_213' title='bbox 732 1867 874 1920; x_wconf 84' lang='lat' dir='ltr'><strong>sicut</strong></span> <span class='ocrx_word' id='word_1_214' title='bbox 907 1866 963 1920; x_wconf 91' lang='lat' dir='ltr'><strong>in</strong></span> <span class='ocrx_word' id='word_1_215' title='bbox 991 1865 1105 1921; x_wconf 88' lang='lat' dir='ltr'><strong>suis</strong></span> <span class='ocrx_word' id='word_1_216' title='bbox 1128 1862 1450 1935; x_wconf 75' lang='lat' dir='ltr'><strong>profectibus</strong></span> <span class='ocrx_word' id='word_1_217' title='bbox 1478 1862 1724 1921; x_wconf 63' lang='lat' dir='ltr'><strong>laetatur:</strong></span> 
     </span>
    </p>
   </div>
   <div class='ocr_carea' id='block_1_28' title="bbox 1832 1673 3403 1754">
    <p class='ocr_par' dir='ltr' id='par_1_28' title="bbox 1832 1673 3403 1754">
     <span class='ocr_line' id='line_1_28' title="bbox 1832 1673 3403 1754; baseline 0.011 -29"><span class='ocrx_word' id='word_1_218' title='bbox 1832 1673 2034 1728; x_wconf 82' lang='lat' dir='ltr'><strong>tudinis</strong></span> <span class='ocrx_word' id='word_1_219' title='bbox 2060 1676 2199 1732; x_wconf 90' lang='lat' dir='ltr'><strong>mole</strong></span> <span class='ocrx_word' id='word_1_220' title='bbox 2225 1691 2593 1749; x_wconf 76' lang='lat' dir='ltr'><strong>praegravatus</strong></span> <span class='ocrx_word' id='word_1_221' title='bbox 2622 1686 2801 1741; x_wconf 86' lang='lat' dir='ltr'><strong>cordis</strong></span> <span class='ocrx_word' id='word_1_222' title='bbox 2833 1686 3026 1741; x_wconf 89' lang='lat' dir='ltr'><strong>faciem</strong></span> <span class='ocrx_word' id='word_1_223' title='bbox 3054 1702 3161 1743; x_wconf 88' lang='lat' dir='ltr'><strong>non</strong></span> <span class='ocrx_word' id='word_1_224' title='bbox 3187 1688 3403 1754; x_wconf 87' lang='lat' dir='ltr'><strong>attollit,</strong></span> 
     </span>
    </p>
   </div>
   <div class='ocr_carea' id='block_1_29' title="bbox 1829 1763 3403 1849">
    <p class='ocr_par' dir='ltr' id='par_1_29' title="bbox 1829 1763 3403 1849">
     <span class='ocr_line' id='line_1_29' title="bbox 1829 1763 3403 1849; baseline 0.012 -33"><span class='ocrx_word' id='word_1_225' title='bbox 1829 1763 1955 1832; x_wconf 87' lang='lat' dir='ltr'><strong>quia</strong></span> <span class='ocrx_word' id='word_1_226' title='bbox 1999 1767 2341 1835; x_wconf 80' lang='lat' dir='ltr'><strong>cogitationis</strong></span> <span class='ocrx_word' id='word_1_227' title='bbox 2374 1781 2575 1828; x_wconf 88' lang='lat' dir='ltr'><strong>statum</strong></span> <span class='ocrx_word' id='word_1_228' title='bbox 2619 1777 2828 1847; x_wconf 83' lang='lat' dir='ltr'><strong>erigere</strong></span> <span class='ocrx_word' id='word_1_229' title='bbox 2869 1793 2975 1833; x_wconf 85' lang='lat' dir='ltr'><strong>non</strong></span> <span class='ocrx_word' id='word_1_230' title='bbox 3018 1779 3199 1845; x_wconf 87' lang='lat' dir='ltr'><strong>valet,</strong></span> <span class='ocrx_word' id='word_1_231' title='bbox 3243 1795 3403 1849; x_wconf 86' lang='lat' dir='ltr'><strong>quem</strong></span> 
     </span>
    </p>
   </div>
   <div class='ocr_carea' id='block_1_30' title="bbox 1830 1861 3403 1925">
    <p class='ocr_par' dir='ltr' id='par_1_30' title="bbox 1830 1861 3403 1925">
     <span class='ocr_line' id='line_1_30' title="bbox 1830 1861 3403 1925; baseline 0.01 -16"><span class='ocrx_word' id='word_1_232' title='bbox 1830 1865 2060 1912; x_wconf 69' lang='lat' dir='ltr'><strong>terrena:</strong></span> <span class='ocrx_word' id='word_1_233' title='bbox 2086 1874 2216 1915; x_wconf 89' lang='lat' dir='ltr'><strong>usus</strong></span> <span class='ocrx_word' id='word_1_234' title='bbox 2247 1861 2629 1921; x_wconf 86' lang='lat' dir='ltr'><strong>sollicitudinis</strong></span> <span class='ocrx_word' id='word_1_235' title='bbox 2649 1882 2874 1922; x_wconf 91' lang='lat' dir='ltr'><strong>curvum</strong></span> <span class='ocrx_word' id='word_1_236' title='bbox 2905 1875 3072 1924; x_wconf 84' lang='lat' dir='ltr'><strong>tenet.</strong></span> <span class='ocrx_word' id='word_1_237' title='bbox 3103 1868 3182 1923; x_wconf 76' lang='lat' dir='ltr'><strong>Es</strong></span> <span class='ocrx_word' id='word_1_238' title='bbox 3208 1869 3403 1925; x_wconf 84' lang='lat' dir='ltr'><strong>horum</strong></span> 
     </span>
    </p>
   </div>
   <div class='ocr_carea' id='block_1_31' title="bbox 145 1946 3405 2031">
    <p class='ocr_par' dir='ltr' id='par_1_31' title="bbox 145 1946 3405 2031">
     <span class='ocr_line' id='line_1_31' title="bbox 145 1946 3405 2031; baseline 0.001 -16"><span class='ocrx_word' id='word_1_239' title='bbox 145 1963 231 2031; x_wconf 86' lang='lat' dir='ltr'><strong>qui</strong></span> <span class='ocrx_word' id='word_1_240' title='bbox 275 1963 354 2015; x_wconf 89' lang='lat' dir='ltr'><strong>ita</strong></span> <span class='ocrx_word' id='word_1_241' title='bbox 395 1974 475 2015; x_wconf 75' lang='lat' dir='ltr'><strong>se</strong></span> <span class='ocrx_word' id='word_1_242' title='bbox 516 1958 839 2013; x_wconf 83' lang='lat' dir='ltr'><strong>imitabilem</strong></span> <span class='ocrx_word' id='word_1_243' title='bbox 865 1958 1075 2013; x_wconf 70' lang='lat' dir='ltr'><strong>eteteris</strong></span> <span class='ocrx_word' id='word_1_244' title='bbox 1119 1958 1173 2013; x_wconf 90' lang='lat' dir='ltr'><strong>in</strong></span> <span class='ocrx_word' id='word_1_245' title='bbox 1200 1957 1430 2021; x_wconf 85' lang='lat' dir='ltr'><strong>cunctis,</strong></span> <span class='ocrx_word' id='word_1_246' title='bbox 1469 1971 1593 2025; x_wconf 82' lang='lat' dir='ltr'><strong>quae</strong></span> <span class='ocrx_word' id='word_1_247' title='bbox 1615 1956 1726 2027; x_wconf 88' lang='lat' dir='ltr'><strong>agit</strong></span> <span class='ocrx_word' id='word_1_248' title='bbox 1753 1946 1799 2007; x_wconf 90' lang='lat' dir='ltr'><strong>B</strong></span> <span class='ocrx_word' id='word_1_249' title='bbox 1826 1952 2023 2020; x_wconf 73' lang='lat' dir='ltr'><strong>Quippe</strong></span> <span class='ocrx_word' id='word_1_250' title='bbox 2067 1954 2245 2023; x_wconf 86' lang='lat' dir='ltr'><strong>specie</strong></span> <span class='ocrx_word' id='word_1_251' title='bbox 2283 1954 2571 2013; x_wconf 87' lang='lat' dir='ltr'><strong>Psalmista</strong></span> <span class='ocrx_word' id='word_1_252' title='bbox 2608 1959 2739 2014; x_wconf 91' lang='lat' dir='ltr'><strong>dicit</strong></span> <span class='ocrx_word' id='word_1_253' title='bbox 2784 1979 2798 2015; x_wconf 87' lang='lat'><strong>:</strong></span> <span class='ocrx_word' id='word_1_254' title='bbox 2850 1957 3167 2017; x_wconf 76' lang='lat' dir='ltr'><strong>Incurvatus</strong></span> <span class='ocrx_word' id='word_1_255' title='bbox 3199 1977 3318 2017; x_wconf 78' lang='lat' dir='ltr'><strong>sum</strong></span> <span class='ocrx_word' id='word_1_256' title='bbox 3351 1969 3405 2017; x_wconf 74' lang='lat' dir='ltr'><strong>et</strong></span> 
     </span>
    </p>
   </div>
   <div class='ocr_carea' id='block_1_32' title="bbox 152 2048 1726 2119">
    <p class='ocr_par' dir='ltr' id='par_1_32' title="bbox 152 2048 1726 2119">
     <span class='ocr_line' id='line_1_32' title="bbox 152 2048 1726 2119; baseline -0.002 -11"><span class='ocrx_word' id='word_1_257' title='bbox 152 2053 419 2117; x_wconf 78' lang='lat' dir='ltr'><strong>insinuat,</strong></span> <span class='ocrx_word' id='word_1_258' title='bbox 457 2053 517 2105; x_wconf 84' lang='lat' dir='ltr'><strong>ut</strong></span> <span class='ocrx_word' id='word_1_259' title='bbox 570 2051 799 2106; x_wconf 88' lang='lat' dir='ltr'><strong>interius</strong></span> <span class='ocrx_word' id='word_1_260' title='bbox 844 2066 950 2104; x_wconf 90' lang='lat' dir='ltr'><strong>non</strong></span> <span class='ocrx_word' id='word_1_261' title='bbox 998 2048 1196 2104; x_wconf 84' lang='lat' dir='ltr'><strong>habeat</strong></span> <span class='ocrx_word' id='word_1_262' title='bbox 1236 2049 1379 2119; x_wconf 88' lang='lat' dir='ltr'><strong>quod</strong></span> <span class='ocrx_word' id='word_1_263' title='bbox 1426 2049 1615 2105; x_wconf 82' lang='lat' dir='ltr'><strong>saltem</strong></span> <span class='ocrx_word' id='word_1_264' title='bbox 1659 2050 1726 2105; x_wconf 86' lang='lat' dir='ltr'><strong>de</strong></span> 
     </span>
    </p>
   </div>
   <div class='ocr_carea' id='block_1_33' title="bbox 154 2138 1726 2211">
    <p class='ocr_par' dir='ltr' id='par_1_33' title="bbox 154 2138 1726 2211">
     <span class='ocr_line' id='line_1_33' title="bbox 154 2138 1726 2211; baseline -0.001 -17"><span class='ocrx_word' id='word_1_265' title='bbox 154 2142 443 2197; x_wconf 86' lang='lat' dir='ltr'><strong>transactis</strong></span> <span class='ocrx_word' id='word_1_266' title='bbox 469 2141 769 2206; x_wconf 77' lang='lat' dir='ltr'><strong>erubescat,</strong></span> <span class='ocrx_word' id='word_1_267' title='bbox 798 2140 888 2211; x_wconf 89' lang='lat' dir='ltr'><strong>qui</strong></span> <span class='ocrx_word' id='word_1_268' title='bbox 929 2140 1010 2194; x_wconf 89' lang='lat' dir='ltr'><strong>sic</strong></span> <span class='ocrx_word' id='word_1_269' title='bbox 1043 2139 1224 2193; x_wconf 88' lang='lat' dir='ltr'><strong>studet</strong></span> <span class='ocrx_word' id='word_1_270' title='bbox 1247 2138 1431 2194; x_wconf 80' lang='lat' dir='ltr'><strong>vivere</strong></span> <span class='ocrx_word' id='word_1_271' title='bbox 1458 2147 1517 2193; x_wconf 86' lang='lat' dir='ltr'><strong>ut</strong></span> <span class='ocrx_word' id='word_1_272' title='bbox 1542 2139 1726 2208; x_wconf 81' lang='lat' dir='ltr'><strong>proxi-</strong></span> 
     </span>
    </p>
   </div>
   <div class='ocr_carea' id='block_1_34' title="bbox 152 2229 1725 2302">
    <p class='ocr_par' dir='ltr' id='par_1_34' title="bbox 152 2229 1725 2302">
     <span class='ocr_line' id='line_1_34' title="bbox 152 2229 1725 2302; baseline -0.001 -15"><span class='ocrx_word' id='word_1_273' title='bbox 152 2248 361 2287; x_wconf 82' lang='lat' dir='ltr'><strong>morum</strong></span> <span class='ocrx_word' id='word_1_274' title='bbox 389 2248 601 2302; x_wconf 86' lang='lat' dir='ltr'><strong>quoque</strong></span> <span class='ocrx_word' id='word_1_275' title='bbox 619 2233 781 2287; x_wconf 85' lang='lat' dir='ltr'><strong>corda</strong></span> <span class='ocrx_word' id='word_1_276' title='bbox 804 2231 1011 2287; x_wconf 86' lang='lat' dir='ltr'><strong>arentia</strong></span> <span class='ocrx_word' id='word_1_277' title='bbox 1031 2230 1293 2287; x_wconf 61' lang='lat' dir='ltr'><strong>doctrina:</strong></span> <span class='ocrx_word' id='word_1_278' title='bbox 1313 2230 1493 2285; x_wconf 79' lang='lat' dir='ltr'><strong>valeat</strong></span> <span class='ocrx_word' id='word_1_279' title='bbox 1510 2229 1725 2287; x_wconf 81' lang='lat' dir='ltr'><strong>liuentis</strong></span> 
     </span>
    </p>
   </div>
   <div class='ocr_carea' id='block_1_35' title="bbox 152 2319 1725 2393">
    <p class='ocr_par' dir='ltr' id='par_1_35' title="bbox 152 2319 1725 2393">
     <span class='ocr_line' id='line_1_35' title="bbox 152 2319 1725 2393; baseline -0.002 -16"><span class='ocrx_word' id='word_1_280' title='bbox 152 2321 407 2393; x_wconf 76' lang='lat' dir='ltr'><strong>irrigare;</strong></span> <span class='ocrx_word' id='word_1_281' title='bbox 439 2322 531 2393; x_wconf 84' lang='lat' dir='ltr'><strong>qui</strong></span> <span class='ocrx_word' id='word_1_282' title='bbox 574 2322 835 2377; x_wconf 88' lang='lat' dir='ltr'><strong>orationis</strong></span> <span class='ocrx_word' id='word_1_283' title='bbox 867 2337 967 2375; x_wconf 87' lang='lat' dir='ltr'><strong>usu</strong></span> <span class='ocrx_word' id='word_1_284' title='bbox 1007 2330 1063 2375; x_wconf 90' lang='lat' dir='ltr'><strong>et</strong></span> <span class='ocrx_word' id='word_1_285' title='bbox 1090 2320 1467 2391; x_wconf 71' lang='lat' dir='ltr'><strong>experimento</strong></span> <span class='ocrx_word' id='word_1_286' title='bbox 1500 2319 1614 2391; x_wconf 89' lang='lat' dir='ltr'><strong>jam</strong></span> <span class='ocrx_word' id='word_1_287' title='bbox 1643 2321 1725 2375; x_wconf 78' lang='lat' dir='ltr'><strong>di—</strong></span> 
     </span>
    </p>
   </div>
   <div class='ocr_carea' id='block_1_36' title="bbox 155 2411 1719 2496">
    <p class='ocr_par' dir='ltr' id='par_1_36' title="bbox 155 2411 1719 2496">
     <span class='ocr_line' id='line_1_36' title="bbox 155 2411 1719 2496; baseline -0.003 -27"><span class='ocrx_word' id='word_1_288' title='bbox 155 2412 277 2469; x_wconf 87' lang='lat' dir='ltr'><strong>dicit</strong></span> <span class='ocrx_word' id='word_1_289' title='bbox 301 2413 449 2483; x_wconf 86' lang='lat' dir='ltr'><strong>quod</strong></span> <span class='ocrx_word' id='word_1_290' title='bbox 474 2412 715 2468; x_wconf 84' lang='lat' dir='ltr'><strong>obtinere</strong></span> <span class='ocrx_word' id='word_1_291' title='bbox 739 2429 768 2468; x_wconf 88' lang='lat' dir='ltr'><strong>a</strong></span> <span class='ocrx_word' id='word_1_292' title='bbox 794 2412 1022 2468; x_wconf 86' lang='lat' dir='ltr'><strong>Domino</strong></span> <span class='ocrx_word' id='word_1_293' title='bbox 1047 2426 1168 2496; x_wconf 60' lang='lat' dir='ltr'><strong>quin</strong></span> <span class='ocrx_word' id='word_1_294' title='bbox 1197 2412 1507 2482; x_wconf 78' lang='lat' dir='ltr'><strong>poposcerit</strong></span> <span class='ocrx_word' id='word_1_295' title='bbox 1526 2411 1719 2480; x_wconf 88' lang='lat' dir='ltr'><strong>possit.</strong></span> 
     </span>
    </p>
   </div>
   <div class='ocr_carea' id='block_1_37' title="bbox 153 2501 1721 2575">
    <p class='ocr_par' dir='ltr' id='par_1_37' title="bbox 153 2501 1721 2575">
     <span class='ocr_line' id='line_1_37' title="bbox 153 2501 1721 2575; baseline -0.003 -15"><span class='ocrx_word' id='word_1_296' title='bbox 153 2501 279 2560; x_wconf 75' lang='lat' dir='ltr'><strong>Huic</strong></span> <span class='ocrx_word' id='word_1_297' title='bbox 308 2513 410 2568; x_wconf 77' lang='lat' dir='ltr'><strong>est,</strong></span> <span class='ocrx_word' id='word_1_298' title='bbox 444 2505 589 2575; x_wconf 90' lang='lat' dir='ltr'><strong>quod</strong></span> <span class='ocrx_word' id='word_1_299' title='bbox 618 2520 851 2574; x_wconf 87' lang='lat' dir='ltr'><strong>superna</strong></span> <span class='ocrx_word' id='word_1_300' title='bbox 878 2518 1034 2568; x_wconf 86' lang='lat' dir='ltr'><strong>voce,</strong></span> <span class='ocrx_word' id='word_1_301' title='bbox 1070 2518 1284 2559; x_wconf 88' lang='lat' dir='ltr'><strong>morum</strong></span> <span class='ocrx_word' id='word_1_302' title='bbox 1314 2502 1446 2556; x_wconf 84' lang='lat' dir='ltr'><strong>vitia</strong></span> <span class='ocrx_word' id='word_1_303' title='bbox 1476 2516 1573 2571; x_wconf 89' lang='lat' dir='ltr'><strong>per</strong></span> <span class='ocrx_word' id='word_1_304' title='bbox 1598 2517 1721 2556; x_wconf 90' lang='lat' dir='ltr'><strong>cor-</strong></span> 
     </span>
    </p>
   </div>
   <div class='ocr_carea' id='block_1_38' title="bbox 154 2593 1723 2666">
    <p class='ocr_par' dir='ltr' id='par_1_38' title="bbox 154 2593 1723 2666">
     <span class='ocr_line' id='line_1_38' title="bbox 154 2593 1723 2666; baseline -0.001 -16"><span class='ocrx_word' id='word_1_305' title='bbox 154 2610 271 2664; x_wconf 88' lang='lat' dir='ltr'><strong>pora</strong></span> <span class='ocrx_word' id='word_1_306' title='bbox 294 2594 511 2651; x_wconf 79' lang='lat' dir='ltr'><strong>inﬁrma</strong></span> <span class='ocrx_word' id='word_1_307' title='bbox 541 2596 863 2666; x_wconf 75' lang='lat' dir='ltr'><strong>signantur,</strong></span> <span class='ocrx_word' id='word_1_308' title='bbox 914 2595 1041 2650; x_wconf 89' lang='lat' dir='ltr'><strong>dum</strong></span> <span class='ocrx_word' id='word_1_309' title='bbox 1096 2596 1165 2649; x_wconf 87' lang='lat' dir='ltr'><strong>ad</strong></span> <span class='ocrx_word' id='word_1_310' title='bbox 1209 2594 1432 2666; x_wconf 75' lang='lat' dir='ltr'><strong>Moysen</strong></span> <span class='ocrx_word' id='word_1_311' title='bbox 1462 2593 1723 2651; x_wconf 85' lang='lat' dir='ltr'><strong>Dominus</strong></span> 
     </span>
    </p>
   </div>
   <div class='ocr_carea' id='block_1_39' title="bbox 154 2687 291 2741">
    <p class='ocr_par' dir='ltr' id='par_1_39' title="bbox 154 2687 291 2741">
     <span class='ocr_line' id='line_1_39' title="bbox 154 2687 291 2741; baseline -0.007 0"><span class='ocrx_word' id='word_1_312' title='bbox 154 2687 291 2741; x_wconf 80' lang='lat' dir='ltr'><strong>dicit.</strong></span> 
     </span>
    </p>
   </div>
   <div class='ocr_carea' id='block_1_40' title="bbox 212 2776 1721 2849">
    <p class='ocr_par' dir='ltr' id='par_1_40' title="bbox 212 2776 1721 2849">
     <span class='ocr_line' id='line_1_40' title="bbox 212 2776 1721 2849; baseline -0.001 -17"><span class='ocrx_word' id='word_1_313' title='bbox 212 2776 438 2849; x_wconf 68' lang='lat' dir='ltr'><strong>Loquere</strong></span> <span class='ocrx_word' id='word_1_314' title='bbox 471 2779 544 2832; x_wconf 88' lang='lat' dir='ltr'><strong>ad</strong></span> <span class='ocrx_word' id='word_1_315' title='bbox 573 2777 752 2832; x_wconf 80' lang='lat' dir='ltr'><strong>Aaron</strong></span> <span class='ocrx_word' id='word_1_316' title='bbox 782 2791 800 2829; x_wconf 92' lang='lat'><strong><em>:</em></strong></span> <span class='ocrx_word' id='word_1_317' title='bbox 828 2776 1001 2832; x_wconf 85' lang='lat' dir='ltr'><strong>Homo</strong></span> <span class='ocrx_word' id='word_1_318' title='bbox 1028 2777 1093 2832; x_wconf 85' lang='lat' dir='ltr'><strong>de</strong></span> <span class='ocrx_word' id='word_1_319' title='bbox 1122 2778 1314 2833; x_wconf 87' lang='lat' dir='ltr'><strong>semine</strong></span> <span class='ocrx_word' id='word_1_320' title='bbox 1364 2787 1454 2831; x_wconf 86' lang='lat' dir='ltr'><strong>tuo</strong></span> <span class='ocrx_word' id='word_1_321' title='bbox 1498 2794 1590 2848; x_wconf 81' lang='lat' dir='ltr'><strong>per</strong></span> <span class='ocrx_word' id='word_1_322' title='bbox 1634 2777 1721 2847; x_wconf 78' lang='lat' dir='ltr'><strong>{a-</strong></span> 
     </span>
    </p>
   </div>
   <div class='ocr_carea' id='block_1_41' title="bbox 153 2868 1722 2940">
    <p class='ocr_par' dir='ltr' id='par_1_41' title="bbox 153 2868 1722 2940">
     <span class='ocr_line' id='line_1_41' title="bbox 153 2868 1722 2940; baseline 0.001 -19"><span class='ocrx_word' id='word_1_323' title='bbox 153 2868 337 2935; x_wconf 84' lang='lat' dir='ltr'><strong>milias,</strong></span> <span class='ocrx_word' id='word_1_324' title='bbox 373 2870 468 2940; x_wconf 86' lang='lat' dir='ltr'><strong>qui</strong></span> <span class='ocrx_word' id='word_1_325' title='bbox 492 2869 739 2923; x_wconf 78' lang='lat' dir='ltr'><strong>habuerit</strong></span> <span class='ocrx_word' id='word_1_326' title='bbox 762 2868 1048 2933; x_wconf 83' lang='lat' dir='ltr'><strong>maculam,</strong></span> <span class='ocrx_word' id='word_1_327' title='bbox 1078 2886 1181 2922; x_wconf 82' lang='lat' dir='ltr'><strong>non</strong></span> <span class='ocrx_word' id='word_1_328' title='bbox 1211 2870 1391 2938; x_wconf 70' lang='lat' dir='ltr'><strong>offeret</strong></span> <span class='ocrx_word' id='word_1_329' title='bbox 1422 2886 1583 2938; x_wconf 86' lang='lat' dir='ltr'><strong>panes</strong></span> <span class='ocrx_word' id='word_1_330' title='bbox 1612 2869 1722 2924; x_wconf 85' lang='lat' dir='ltr'><strong>Deo</strong></span> 
     </span>
    </p>
   </div>
   <div class='ocr_carea' id='block_1_42' title="bbox 149 2959 1724 3031">
    <p class='ocr_par' dir='ltr' id='par_1_42' title="bbox 149 2959 1724 3031">
     <span class='ocr_line' id='line_1_42' title="bbox 149 2959 1724 3031; baseline 0.003 -19"><span class='ocrx_word' id='word_1_331' title='bbox 149 2977 271 3026; x_wconf 81' lang='lat' dir='ltr'><strong>suo,</strong></span> <span class='ocrx_word' id='word_1_332' title='bbox 316 2977 408 3015; x_wconf 84' lang='lat' dir='ltr'><strong>nec</strong></span> <span class='ocrx_word' id='word_1_333' title='bbox 454 2960 670 3015; x_wconf 87' lang='lat' dir='ltr'><strong>accedet</strong></span> <span class='ocrx_word' id='word_1_334' title='bbox 730 2960 798 3013; x_wconf 89' lang='lat' dir='ltr'><strong>ad</strong></span> <span class='ocrx_word' id='word_1_335' title='bbox 847 2960 1195 3014; x_wconf 74' lang='lat' dir='ltr'><strong>ministerium</strong></span> <span class='ocrx_word' id='word_1_336' title='bbox 1228 2960 1365 3031; x_wconf 80' lang='lat' dir='ltr'><strong>ejus.</strong></span> <span class='ocrx_word' id='word_1_337' title='bbox 1409 2959 1510 3017; x_wconf 85' lang='lat' dir='ltr'><strong>Ubi</strong></span> <span class='ocrx_word' id='word_1_338' title='bbox 1539 2968 1595 3017; x_wconf 87' lang='lat' dir='ltr'><strong>et</strong></span> <span class='ocrx_word' id='word_1_339' title='bbox 1639 2976 1724 3016; x_wconf 86' lang='lat' dir='ltr'><strong>rc-</strong></span> 
     </span>
    </p>
   </div>
   <div class='ocr_carea' id='block_1_43' title="bbox 148 3048 1721 3123">
    <p class='ocr_par' dir='ltr' id='par_1_43' title="bbox 148 3048 1721 3123">
     <span class='ocr_line' id='line_1_43' title="bbox 148 3048 1721 3123; baseline -0.001 -16"><span class='ocrx_word' id='word_1_340' title='bbox 148 3060 290 3120; x_wconf 86' lang='lat' dir='ltr'><strong>pente</strong></span> <span class='ocrx_word' id='word_1_341' title='bbox 316 3050 672 3123; x_wconf 79' lang='lat' dir='ltr'><strong>subjungitur</strong></span> <span class='ocrx_word' id='word_1_342' title='bbox 699 3069 713 3105; x_wconf 91' lang='lat'><strong>:</strong></span> <span class='ocrx_word' id='word_1_343' title='bbox 739 3049 796 3106; x_wconf 90' lang='lat' dir='ltr'><strong>Si</strong></span> <span class='ocrx_word' id='word_1_344' title='bbox 823 3067 992 3105; x_wconf 71' lang='lat' dir='ltr'><strong>ccecus</strong></span> <span class='ocrx_word' id='word_1_345' title='bbox 1016 3050 1194 3119; x_wconf 81' lang='lat' dir='ltr'><strong>fuerit,</strong></span> <span class='ocrx_word' id='word_1_346' title='bbox 1220 3052 1265 3103; x_wconf 85' lang='lat' dir='ltr'><strong>si</strong></span> <span class='ocrx_word' id='word_1_347' title='bbox 1294 3050 1539 3115; x_wconf 71' lang='lat' dir='ltr'><strong>claudus,</strong></span> <span class='ocrx_word' id='word_1_348' title='bbox 1571 3051 1617 3105; x_wconf 85' lang='lat' dir='ltr'><strong>si</strong></span> <span class='ocrx_word' id='word_1_349' title='bbox 1646 3048 1721 3105; x_wconf 81' lang='lat' dir='ltr'><strong>vel</strong></span> 
     </span>
    </p>
   </div>
   <div class='ocr_carea' id='block_1_44' title="bbox 143 3141 1717 3214">
    <p class='ocr_par' dir='ltr' id='par_1_44' title="bbox 143 3141 1717 3214">
     <span class='ocr_line' id='line_1_44' title="bbox 143 3141 1717 3214; baseline 0 -19"><span class='ocrx_word' id='word_1_350' title='bbox 143 3159 285 3211; x_wconf 84' lang='lat' dir='ltr'><strong>parvo</strong></span> <span class='ocrx_word' id='word_1_351' title='bbox 299 3154 347 3198; x_wconf 88' lang='lat' dir='ltr'><strong>et</strong></span> <span class='ocrx_word' id='word_1_352' title='bbox 373 3143 597 3214; x_wconf 85' lang='lat' dir='ltr'><strong>grandi,</strong></span> <span class='ocrx_word' id='word_1_353' title='bbox 624 3141 701 3196; x_wconf 84' lang='lat' dir='ltr'><strong>vel</strong></span> <span class='ocrx_word' id='word_1_354' title='bbox 721 3150 855 3195; x_wconf 81' lang='lat' dir='ltr'><strong>torto</strong></span> <span class='ocrx_word' id='word_1_355' title='bbox 879 3158 1027 3207; x_wconf 88' lang='lat' dir='ltr'><strong>naso,</strong></span> <span class='ocrx_word' id='word_1_356' title='bbox 1050 3141 1094 3194; x_wconf 85' lang='lat' dir='ltr'><strong>si</strong></span> <span class='ocrx_word' id='word_1_357' title='bbox 1117 3141 1285 3211; x_wconf 73' lang='lat' dir='ltr'><strong>fracto</strong></span> <span class='ocrx_word' id='word_1_358' title='bbox 1299 3141 1448 3212; x_wconf 83' lang='lat' dir='ltr'><strong>pede,</strong></span> <span class='ocrx_word' id='word_1_359' title='bbox 1471 3142 1515 3193; x_wconf 86' lang='lat' dir='ltr'><strong>si</strong></span> <span class='ocrx_word' id='word_1_360' title='bbox 1533 3158 1717 3207; x_wconf 86' lang='lat' dir='ltr'><strong>manu,</strong></span> 
     </span>
    </p>
   </div>
   <div class='ocr_carea' id='block_1_45' title="bbox 144 3230 1718 3304">
    <p class='ocr_par' dir='ltr' id='par_1_45' title="bbox 144 3230 1718 3304">
     <span class='ocr_line' id='line_1_45' title="bbox 144 3230 1718 3304; baseline -0.003 -16"><span class='ocrx_word' id='word_1_361' title='bbox 144 3234 185 3288; x_wconf 87' lang='lat' dir='ltr'><strong>si</strong></span> <span class='ocrx_word' id='word_1_362' title='bbox 204 3235 401 3304; x_wconf 79' lang='lat' dir='ltr'><strong>gibbus,</strong></span> <span class='ocrx_word' id='word_1_363' title='bbox 423 3236 470 3289; x_wconf 89' lang='lat' dir='ltr'><strong>si</strong></span> <span class='ocrx_word' id='word_1_364' title='bbox 494 3234 673 3304; x_wconf 79' lang='lat' dir='ltr'><strong>lippus</strong></span> <span class='ocrx_word' id='word_1_365' title='bbox 698 3273 719 3299; x_wconf 74' lang='lat'><strong>,</strong></span> <span class='ocrx_word' id='word_1_366' title='bbox 743 3234 786 3287; x_wconf 86' lang='lat' dir='ltr'><strong>si</strong></span> <span class='ocrx_word' id='word_1_367' title='bbox 816 3232 1114 3303; x_wconf 78' lang='lat' dir='ltr'><strong>albuginent</strong></span> <span class='ocrx_word' id='word_1_368' title='bbox 1142 3231 1337 3286; x_wconf 77' lang='lat' dir='ltr'><strong>habens</strong></span> <span class='ocrx_word' id='word_1_369' title='bbox 1364 3232 1419 3286; x_wconf 83' lang='lat' dir='ltr'><strong>in</strong></span> <span class='ocrx_word' id='word_1_370' title='bbox 1449 3231 1600 3286; x_wconf 81' lang='lat' dir='ltr'><strong>oculo</strong></span> <span class='ocrx_word' id='word_1_371' title='bbox 1627 3272 1642 3299; x_wconf 94' lang='lat'><strong>,</strong></span> <span class='ocrx_word' id='word_1_372' title='bbox 1671 3230 1718 3285; x_wconf 87' lang='lat' dir='ltr'><strong>si</strong></span> 
     </span>
    </p>
   </div>
   <div class='ocr_carea' id='block_1_46' title="bbox 1826 2042 3402 2127">
    <p class='ocr_par' dir='ltr' id='par_1_46' title="bbox 1826 2042 3402 2127">
     <span class='ocr_line' id='line_1_46' title="bbox 1826 2042 3402 2127; baseline 0.012 -33"><span class='ocrx_word' id='word_1_373' title='bbox 1826 2042 2133 2101; x_wconf 74' lang='lat' dir='ltr'><strong>humiliatus</strong></span> <span class='ocrx_word' id='word_1_374' title='bbox 2173 2064 2288 2102; x_wconf 85' lang='lat' dir='ltr'><strong>sum</strong></span> <span class='ocrx_word' id='word_1_375' title='bbox 2318 2066 2683 2124; x_wconf 72' lang='lat' dir='ltr'><strong>usquequaque</strong></span> <span class='ocrx_word' id='word_1_376' title='bbox 2712 2053 2885 2124; x_wconf 80' lang='lat' dir='ltr'><strong>(Pul.</strong></span> <span class='ocrx_word' id='word_1_377' title='bbox 2916 2058 3127 2127; x_wconf 74' lang='lat' dir='ltr'><strong>cxvttt).</strong></span> <span class='ocrx_word' id='word_1_378' title='bbox 3162 2054 3402 2123; x_wconf 83' lang='lat' dir='ltr'><strong>Quorum</strong></span> 
     </span>
    </p>
   </div>
   <div class='ocr_carea' id='block_1_47' title="bbox 1828 2132 3399 2215">
    <p class='ocr_par' dir='ltr' id='par_1_47' title="bbox 1828 2132 3399 2215">
     <span class='ocr_line' id='line_1_47' title="bbox 1828 2132 3399 2215; baseline 0.011 -29"><span class='ocrx_word' id='word_1_379' title='bbox 1828 2132 2040 2201; x_wconf 91' lang='lat' dir='ltr'><strong>culpam</strong></span> <span class='ocrx_word' id='word_1_380' title='bbox 2084 2151 2299 2207; x_wconf 91' lang='lat' dir='ltr'><strong>quoque</strong></span> <span class='ocrx_word' id='word_1_381' title='bbox 2343 2142 2686 2213; x_wconf 87' lang='lat' dir='ltr'><strong>semetipsam</strong></span> <span class='ocrx_word' id='word_1_382' title='bbox 2715 2142 2929 2201; x_wconf 82' lang='lat' dir='ltr'><strong>Veritas</strong></span> <span class='ocrx_word' id='word_1_383' title='bbox 2956 2148 3253 2215; x_wconf 71' lang='lat' dir='ltr'><strong>reprobatis</strong></span> <span class='ocrx_word' id='word_1_384' title='bbox 3276 2148 3356 2204; x_wconf 87' lang='lat' dir='ltr'><strong>ait</strong></span> <span class='ocrx_word' id='word_1_385' title='bbox 3383 2166 3399 2204; x_wconf 85' lang='lat'><strong>:</strong></span> 
     </span>
    </p>
   </div>
   <div class='ocr_carea' id='block_1_48' title="bbox 1828 2221 3401 2310">
    <p class='ocr_par' dir='ltr' id='par_1_48' title="bbox 1828 2221 3401 2310">
     <span class='ocr_line' id='line_1_48' title="bbox 1828 2221 3401 2310; baseline 0.013 -34"><span class='ocrx_word' id='word_1_386' title='bbox 1828 2221 2017 2279; x_wconf 84' lang='lat' dir='ltr'><strong>Semen</strong></span> <span class='ocrx_word' id='word_1_387' title='bbox 2042 2236 2217 2281; x_wconf 87' lang='lat' dir='ltr'><strong>autem</strong></span> <span class='ocrx_word' id='word_1_388' title='bbox 2239 2230 2378 2299; x_wconf 85' lang='lat' dir='ltr'><strong>quod</strong></span> <span class='ocrx_word' id='word_1_389' title='bbox 2404 2232 2459 2285; x_wconf 89' lang='lat' dir='ltr'><strong>in</strong></span> <span class='ocrx_word' id='word_1_390' title='bbox 2486 2233 2649 2302; x_wconf 82' lang='lat' dir='ltr'><strong>spinis</strong></span> <span class='ocrx_word' id='word_1_391' title='bbox 2678 2236 2897 2303; x_wconf 83' lang='lat' dir='ltr'><strong>cecidit,</strong></span> <span class='ocrx_word' id='word_1_392' title='bbox 2932 2238 2987 2292; x_wconf 87' lang='lat' dir='ltr'><strong>hi</strong></span> <span class='ocrx_word' id='word_1_393' title='bbox 3010 2248 3133 2294; x_wconf 78' lang='lat' dir='ltr'><strong>sunt</strong></span> <span class='ocrx_word' id='word_1_394' title='bbox 3177 2240 3265 2310; x_wconf 82' lang='lat' dir='ltr'><strong>qui</strong></span> <span class='ocrx_word' id='word_1_395' title='bbox 3302 2256 3401 2295; x_wconf 78' lang='lat' dir='ltr'><strong>att-</strong></span> 
     </span>
    </p>
   </div>
   <div class='ocr_carea' id='block_1_49' title="bbox 1822 2312 3401 2400">
    <p class='ocr_par' dir='ltr' id='par_1_49' title="bbox 1822 2312 3401 2400">
     <span class='ocr_line' id='line_1_49' title="bbox 1822 2312 3401 2400; baseline 0.012 -33"><span class='ocrx_word' id='word_1_396' title='bbox 1822 2312 2053 2381; x_wconf 82' lang='lat' dir='ltr'><strong>dierunt,</strong></span> <span class='ocrx_word' id='word_1_397' title='bbox 2081 2326 2130 2371; x_wconf 86' lang='lat' dir='ltr'><strong>et</strong></span> <span class='ocrx_word' id='word_1_398' title='bbox 2151 2336 2185 2373; x_wconf 90' lang='lat' dir='ltr'><strong>a</strong></span> <span class='ocrx_word' id='word_1_399' title='bbox 2213 2319 2654 2379; x_wconf 79' lang='lat' dir='ltr'><strong>sollicitudinibus</strong></span> <span class='ocrx_word' id='word_1_400' title='bbox 2683 2334 2732 2381; x_wconf 86' lang='lat' dir='ltr'><strong>et</strong></span> <span class='ocrx_word' id='word_1_401' title='bbox 2757 2325 2954 2382; x_wconf 69' lang='lat' dir='ltr'><strong>divitiis</strong></span> <span class='ocrx_word' id='word_1_402' title='bbox 2977 2336 3026 2382; x_wconf 87' lang='lat' dir='ltr'><strong>et</strong></span> <span class='ocrx_word' id='word_1_403' title='bbox 3052 2328 3401 2400; x_wconf 73' lang='lat' dir='ltr'><strong>uoluptatibus</strong></span> 
     </span>
    </p>
   </div>
   <div class='ocr_carea' id='block_1_50' title="bbox 1825 2406 3401 2491">
    <p class='ocr_par' dir='ltr' id='par_1_50' title="bbox 1825 2406 3401 2491">
     <span class='ocr_line' id='line_1_50' title="bbox 1825 2406 3401 2491; baseline 0.013 -32"><span class='ocrx_word' id='word_1_404' title='bbox 1825 2406 1941 2460; x_wconf 70' lang='lat' dir='ltr'><strong>vita:</strong></span> <span class='ocrx_word' id='word_1_405' title='bbox 1996 2418 2215 2478; x_wconf 84' lang='lat' dir='ltr'><strong>euntes,</strong></span> <span class='ocrx_word' id='word_1_406' title='bbox 2271 2412 2602 2484; x_wconf 72' lang='lat' dir='ltr'><strong>sit/[occatur</strong></span> <span class='ocrx_word' id='word_1_407' title='bbox 2654 2425 2703 2471; x_wconf 85' lang='lat' dir='ltr'><strong>et</strong></span> <span class='ocrx_word' id='word_1_408' title='bbox 2741 2434 2849 2473; x_wconf 87' lang='lat' dir='ltr'><strong>non</strong></span> <span class='ocrx_word' id='word_1_409' title='bbox 2901 2418 3135 2491; x_wconf 76' lang='lat' dir='ltr'><strong>referunt</strong></span> <span class='ocrx_word' id='word_1_410' title='bbox 3171 2420 3401 2491; x_wconf 63' lang='lat' dir='ltr'><strong>fructum</strong></span> 
     </span>
    </p>
   </div>
   <div class='ocr_carea' id='block_1_51' title="bbox 1825 2495 2218 2572">
    <p class='ocr_par' dir='ltr' id='par_1_51' title="bbox 1825 2495 2218 2572">
     <span class='ocr_line' id='line_1_51' title="bbox 1825 2495 2218 2572; baseline 0.018 -23"><span class='ocrx_word' id='word_1_411' title='bbox 1825 2495 2040 2566; x_wconf 80' lang='lat' dir='ltr'><strong>(Matth.</strong></span> <span class='ocrx_word' id='word_1_412' title='bbox 2073 2501 2218 2572; x_wconf 80' lang='lat' dir='ltr'><strong>xm).</strong></span> 
     </span>
    </p>
   </div>
   <div class='ocr_carea' id='block_1_52' title="bbox 1895 2586 3402 2675">
    <p class='ocr_par' dir='ltr' id='par_1_52' title="bbox 1895 2586 3402 2675">
     <span class='ocr_line' id='line_1_52' title="bbox 1895 2586 3402 2675; baseline 0.01 -32"><span class='ocrx_word' id='word_1_413' title='bbox 1895 2586 2099 2661; x_wconf 87' lang='lat' dir='ltr'><strong>Lippus</strong></span> <span class='ocrx_word' id='word_1_414' title='bbox 2124 2608 2255 2649; x_wconf 90' lang='lat' dir='ltr'><strong>vero</strong></span> <span class='ocrx_word' id='word_1_415' title='bbox 2276 2602 2360 2651; x_wconf 89' lang='lat' dir='ltr'><strong>est</strong></span> <span class='ocrx_word' id='word_1_416' title='bbox 2386 2598 2539 2669; x_wconf 84' lang='lat' dir='ltr'><strong>cujus</strong></span> <span class='ocrx_word' id='word_1_417' title='bbox 2566 2600 2783 2671; x_wconf 88' lang='lat' dir='ltr'><strong>quidem</strong></span> <span class='ocrx_word' id='word_1_418' title='bbox 2821 2601 3095 2673; x_wconf 84' lang='lat' dir='ltr'><strong>ingenium</strong></span> <span class='ocrx_word' id='word_1_419' title='bbox 3124 2603 3192 2660; x_wconf 90' lang='lat' dir='ltr'><strong>ad</strong></span> <span class='ocrx_word' id='word_1_420' title='bbox 3215 2588 3402 2675; x_wconf 87' lang='lat' dir='ltr'><strong>cogni-</strong></span> 
     </span>
    </p>
   </div>
   <div class='ocr_carea' id='block_1_53' title="bbox 1824 2678 3403 2759">
    <p class='ocr_par' dir='ltr' id='par_1_53' title="bbox 1824 2678 3403 2759">
     <span class='ocr_line' id='line_1_53' title="bbox 1824 2678 3403 2759; baseline 0.009 -22"><span class='ocrx_word' id='word_1_421' title='bbox 1824 2683 2026 2740; x_wconf 87' lang='lat' dir='ltr'><strong>tionem</strong></span> <span class='ocrx_word' id='word_1_422' title='bbox 2071 2689 2314 2746; x_wconf 84' lang='lat' dir='ltr'><strong>veritatis</strong></span> <span class='ocrx_word' id='word_1_423' title='bbox 2356 2694 2591 2759; x_wconf 83' lang='lat' dir='ltr'><strong>emicat,</strong></span> <span class='ocrx_word' id='word_1_424' title='bbox 2648 2692 2744 2751; x_wconf 81' lang='lat' dir='ltr'><strong>sed</strong></span> <span class='ocrx_word' id='word_1_425' title='bbox 2785 2678 2966 2752; x_wconf 81' lang='lat' dir='ltr'><strong>tamen</strong></span> <span class='ocrx_word' id='word_1_426' title='bbox 3009 2698 3114 2753; x_wconf 89' lang='lat' dir='ltr'><strong>hoc</strong></span> <span class='ocrx_word' id='word_1_427' title='bbox 3159 2696 3403 2753; x_wconf 88' lang='lat' dir='ltr'><strong>carnalia</strong></span> 
     </span>
    </p>
   </div>
   <div class='ocr_carea' id='block_1_54' title="bbox 1823 2774 3403 2858">
    <p class='ocr_par' dir='ltr' id='par_1_54' title="bbox 1823 2774 3403 2858">
     <span class='ocr_line' id='line_1_54' title="bbox 1823 2774 3403 2858; baseline 0.009 -30"><span class='ocrx_word' id='word_1_428' title='bbox 1823 2788 1986 2844; x_wconf 86' lang='lat' dir='ltr'><strong>opera</strong></span> <span class='ocrx_word' id='word_1_429' title='bbox 2011 2777 2323 2835; x_wconf 88' lang='lat' dir='ltr'><strong>obscurant.</strong></span> <span class='ocrx_word' id='word_1_430' title='bbox 2347 2774 2406 2836; x_wconf 86' lang='lat' dir='ltr'><strong>in</strong></span> <span class='ocrx_word' id='word_1_431' title='bbox 2426 2776 2583 2853; x_wconf 86' lang='lat' dir='ltr'><strong>lippis</strong></span> <span class='ocrx_word' id='word_1_432' title='bbox 2599 2786 2794 2856; x_wconf 80' lang='lat' dir='ltr'><strong>quippe</strong></span> <span class='ocrx_word' id='word_1_433' title='bbox 2818 2785 2989 2842; x_wconf 89' lang='lat' dir='ltr'><strong>oculis</strong></span> <span class='ocrx_word' id='word_1_434' title='bbox 3016 2786 3230 2858; x_wconf 69' lang='lat' dir='ltr'><strong>pupillae</strong></span> <span class='ocrx_word' id='word_1_435' title='bbox 3258 2801 3403 2843; x_wconf 69' lang='lat' dir='ltr'><strong>sana:</strong></span> 
     </span>
    </p>
   </div>
   <div class='ocr_carea' id='block_1_55' title="bbox 1824 2872 3403 2949">
    <p class='ocr_par' dir='ltr' id='par_1_55' title="bbox 1824 2872 3403 2949">
     <span class='ocr_line' id='line_1_55' title="bbox 1824 2872 3403 2949; baseline 0.009 -28"><span class='ocrx_word' id='word_1_436' title='bbox 1824 2876 1980 2935; x_wconf 85' lang='lat' dir='ltr'><strong>sunt,</strong></span> <span class='ocrx_word' id='word_1_437' title='bbox 2030 2872 2126 2926; x_wconf 86' lang='lat' dir='ltr'><strong>sed</strong></span> <span class='ocrx_word' id='word_1_438' title='bbox 2169 2874 2397 2929; x_wconf 89' lang='lat' dir='ltr'><strong>humore</strong></span> <span class='ocrx_word' id='word_1_439' title='bbox 2446 2874 2712 2932; x_wconf 81' lang='lat' dir='ltr'><strong>deﬂuente</strong></span> <span class='ocrx_word' id='word_1_440' title='bbox 2762 2876 3089 2933; x_wconf 88' lang='lat' dir='ltr'><strong>inﬁrmantia</strong></span> <span class='ocrx_word' id='word_1_441' title='bbox 3144 2879 3403 2949; x_wconf 84' lang='lat' dir='ltr'><strong>palpebra</strong></span> 
     </span>
    </p>
   </div>
   <div class='ocr_carea' id='block_1_56' title="bbox 1823 2965 3404 3035">
    <p class='ocr_par' dir='ltr' id='par_1_56' title="bbox 1823 2965 3404 3035">
     <span class='ocr_line' id='line_1_56' title="bbox 1823 2965 3404 3035; baseline 0.008 -22"><span class='ocrx_word' id='word_1_442' title='bbox 1823 2970 2175 3030; x_wconf 89' lang='lat' dir='ltr'><strong>grossescunt</strong></span> <span class='ocrx_word' id='word_1_443' title='bbox 2197 3003 2212 3028; x_wconf 93' lang='lat'><strong>,</strong></span> <span class='ocrx_word' id='word_1_444' title='bbox 2250 2979 2481 3033; x_wconf 90' lang='lat' dir='ltr'><strong>quorum</strong></span> <span class='ocrx_word' id='word_1_445' title='bbox 2516 2966 2643 3035; x_wconf 88' lang='lat' dir='ltr'><strong>quia</strong></span> <span class='ocrx_word' id='word_1_446' title='bbox 2685 2965 2955 3023; x_wconf 78' lang='lat' dir='ltr'><strong>inlusione</strong></span> <span class='ocrx_word' id='word_1_447' title='bbox 2999 2968 3192 3023; x_wconf 88' lang='lat' dir='ltr'><strong>crebro</strong></span> <span class='ocrx_word' id='word_1_448' title='bbox 3216 2970 3404 3025; x_wconf 87' lang='lat' dir='ltr'><strong>atteri-</strong></span> 
     </span>
    </p>
   </div>
   <div class='ocr_carea' id='block_1_57' title="bbox 1826 3053 3402 3127">
    <p class='ocr_par' dir='ltr' id='par_1_57' title="bbox 1826 3053 3402 3127">
     <span class='ocr_line' id='line_1_57' title="bbox 1826 3053 3402 3127; baseline 0.008 -22"><span class='ocrx_word' id='word_1_449' title='bbox 1826 3059 1948 3117; x_wconf 89' lang='lat' dir='ltr'><strong>tur,</strong></span> <span class='ocrx_word' id='word_1_450' title='bbox 1998 3053 2160 3107; x_wconf 89' lang='lat' dir='ltr'><strong>etiam</strong></span> <span class='ocrx_word' id='word_1_451' title='bbox 2200 3054 2347 3111; x_wconf 89' lang='lat' dir='ltr'><strong>acies</strong></span> <span class='ocrx_word' id='word_1_452' title='bbox 2379 3056 2591 3127; x_wconf 69' lang='lat' dir='ltr'><strong>pupillae</strong></span> <span class='ocrx_word' id='word_1_453' title='bbox 2632 3058 2870 3113; x_wconf 88' lang='lat' dir='ltr'><strong>vitiatur.</strong></span> <span class='ocrx_word' id='word_1_454' title='bbox 2913 3058 2984 3113; x_wconf 89' lang='lat' dir='ltr'><strong>Et</strong></span> <span class='ocrx_word' id='word_1_455' title='bbox 3010 3060 3137 3115; x_wconf 76' lang='lat' dir='ltr'><strong>sinit</strong></span> <span class='ocrx_word' id='word_1_456' title='bbox 3159 3060 3402 3117; x_wconf 90' lang='lat' dir='ltr'><strong>nonnulli</strong></span> 
     </span>
    </p>
   </div>
   <div class='ocr_carea' id='block_1_58' title="bbox 1821 3148 3400 3224">
    <p class='ocr_par' dir='ltr' id='par_1_58' title="bbox 1821 3148 3400 3224">
     <span class='ocr_line' id='line_1_58' title="bbox 1821 3148 3400 3224; baseline 0.006 -25"><span class='ocrx_word' id='word_1_457' title='bbox 1821 3158 2052 3214; x_wconf 90' lang='lat' dir='ltr'><strong>quorum</strong></span> <span class='ocrx_word' id='word_1_458' title='bbox 2080 3161 2301 3202; x_wconf 87' lang='lat' dir='ltr'><strong>sensum</strong></span> <span class='ocrx_word' id='word_1_459' title='bbox 2326 3148 2561 3204; x_wconf 87' lang='lat' dir='ltr'><strong>carnalis</strong></span> <span class='ocrx_word' id='word_1_460' title='bbox 2588 3150 2712 3205; x_wconf 67' lang='lat' dir='ltr'><strong>vitm</strong></span> <span class='ocrx_word' id='word_1_461' title='bbox 2747 3151 2990 3222; x_wconf 87' lang='lat' dir='ltr'><strong>operatio</strong></span> <span class='ocrx_word' id='word_1_462' title='bbox 3039 3153 3277 3219; x_wconf 87' lang='lat' dir='ltr'><strong>sauciat,</strong></span> <span class='ocrx_word' id='word_1_463' title='bbox 3305 3152 3400 3224; x_wconf 90' lang='lat' dir='ltr'><strong>qui</strong></span> 
     </span>
    </p>
   </div>
   <div class='ocr_carea' id='block_1_59' title="bbox 1820 3237 3402 3315">
    <p class='ocr_par' dir='ltr' id='par_1_59' title="bbox 1820 3237 3402 3315">
     <span class='ocr_line' id='line_1_59' title="bbox 1820 3237 3402 3315; baseline 0.009 -25"><span class='ocrx_word' id='word_1_464' title='bbox 1820 3237 2003 3293; x_wconf 87' lang='lat' dir='ltr'><strong>videre</strong></span> <span class='ocrx_word' id='word_1_465' title='bbox 2055 3248 2202 3294; x_wconf 88' lang='lat' dir='ltr'><strong>recta</strong></span> <span class='ocrx_word' id='word_1_466' title='bbox 2239 3241 2512 3298; x_wconf 86' lang='lat' dir='ltr'><strong>subtiliter</strong></span> <span class='ocrx_word' id='word_1_467' title='bbox 2549 3256 2646 3312; x_wconf 88' lang='lat' dir='ltr'><strong>per</strong></span> <span class='ocrx_word' id='word_1_468' title='bbox 2688 3244 2960 3315; x_wconf 85' lang='lat' dir='ltr'><strong>ingenium</strong></span> <span class='ocrx_word' id='word_1_469' title='bbox 3001 3254 3274 3314; x_wconf 85' lang='lat' dir='ltr'><strong>poterant,</strong></span> <span class='ocrx_word' id='word_1_470' title='bbox 3307 3249 3402 3304; x_wconf 89' lang='lat' dir='ltr'><strong>sed</strong></span> 
     </span>
    </p>
   </div>
   <div class='ocr_carea' id='block_1_60' title="bbox 137 3321 3395 3409">
    <p class='ocr_par' dir='ltr' id='par_1_60' title="bbox 137 3321 3395 3409">
     <span class='ocr_line' id='line_1_60' title="bbox 137 3321 3395 3409; baseline 0.005 -30"><span class='ocrx_word' id='word_1_471' title='bbox 137 3325 302 3397; x_wconf 81' lang='lat' dir='ltr'><strong>jugem</strong></span> <span class='ocrx_word' id='word_1_472' title='bbox 326 3327 565 3382; x_wconf 80' lang='lat' dir='ltr'><strong>scabiem</strong></span> <span class='ocrx_word' id='word_1_473' title='bbox 590 3367 605 3392; x_wconf 95' lang='lat'><strong>,</strong></span> <span class='ocrx_word' id='word_1_474' title='bbox 633 3326 680 3379; x_wconf 82' lang='lat' dir='ltr'><strong>si</strong></span> <span class='ocrx_word' id='word_1_475' title='bbox 707 3324 1056 3395; x_wconf 82' lang='lat' dir='ltr'><strong>impetiginem</strong></span> <span class='ocrx_word' id='word_1_476' title='bbox 1084 3323 1139 3377; x_wconf 88' lang='lat' dir='ltr'><strong>in</strong></span> <span class='ocrx_word' id='word_1_477' title='bbox 1161 3340 1380 3395; x_wconf 85' lang='lat' dir='ltr'><strong>corpore</strong></span> <span class='ocrx_word' id='word_1_478' title='bbox 1406 3364 1421 3387; x_wconf 95' lang='lat'><strong>,</strong></span> <span class='ocrx_word' id='word_1_479' title='bbox 1468 3321 1544 3378; x_wconf 86' lang='lat' dir='ltr'><strong>vel</strong></span> <span class='ocrx_word' id='word_1_480' title='bbox 1578 3340 1715 3394; x_wconf 87' lang='lat' dir='ltr'><strong>pon-</strong></span> <span class='ocrx_word' id='word_1_481' title='bbox 1744 3323 1788 3386; x_wconf 89' lang='lat' dir='ltr'><strong>C</strong></span> <span class='ocrx_word' id='word_1_482' title='bbox 1820 3343 1920 3383; x_wconf 87' lang='lat' dir='ltr'><strong>usu</strong></span> <span class='ocrx_word' id='word_1_483' title='bbox 1954 3345 2122 3399; x_wconf 85' lang='lat' dir='ltr'><strong>pravo</strong></span> <span class='ocrx_word' id='word_1_484' title='bbox 2159 3347 2259 3401; x_wconf 90' lang='lat' dir='ltr'><strong>per</strong></span> <span class='ocrx_word' id='word_1_485' title='bbox 2284 3341 2466 3388; x_wconf 88' lang='lat' dir='ltr'><strong>actum</strong></span> <span class='ocrx_word' id='word_1_486' title='bbox 2494 3334 2750 3405; x_wconf 87' lang='lat' dir='ltr'><strong>caligant.</strong></span> <span class='ocrx_word' id='word_1_487' title='bbox 2788 3335 2991 3408; x_wconf 86' lang='lat' dir='ltr'><strong>Lippus</strong></span> <span class='ocrx_word' id='word_1_488' title='bbox 3030 3337 3216 3409; x_wconf 86' lang='lat' dir='ltr'><strong>itaque</strong></span> <span class='ocrx_word' id='word_1_489' title='bbox 3264 3348 3350 3395; x_wconf 88' lang='lat' dir='ltr'><strong>est</strong></span> <span class='ocrx_word' id='word_1_490' title='bbox 3378 3380 3395 3405; x_wconf 93' lang='lat'><strong>,</strong></span> 
     </span>
    </p>
   </div>
   <div class='ocr_carea' id='block_1_61' title="bbox 138 3414 1718 3487">
    <p class='ocr_par' dir='ltr' id='par_1_61' title="bbox 138 3414 1718 3487">
     <span class='ocr_line' id='line_1_61' title="bbox 138 3414 1718 3487; baseline -0.001 -17"><span class='ocrx_word' id='word_1_491' title='bbox 138 3415 361 3477; x_wconf 78' lang='lat' dir='ltr'><strong>derasus.</strong></span> <span class='ocrx_word' id='word_1_492' title='bbox 400 3416 597 3474; x_wconf 66' lang='lat' dir='ltr'><strong>Caccus</strong></span> <span class='ocrx_word' id='word_1_493' title='bbox 641 3425 725 3471; x_wconf 90' lang='lat' dir='ltr'><strong>est</strong></span> <span class='ocrx_word' id='word_1_494' title='bbox 770 3415 861 3487; x_wconf 89' lang='lat' dir='ltr'><strong>qui</strong></span> <span class='ocrx_word' id='word_1_495' title='bbox 909 3432 1156 3485; x_wconf 78' lang='lat' dir='ltr'><strong>supernae</strong></span> <span class='ocrx_word' id='word_1_496' title='bbox 1182 3414 1364 3471; x_wconf 89' lang='lat' dir='ltr'><strong>lumen</strong></span> <span class='ocrx_word' id='word_1_497' title='bbox 1388 3414 1718 3485; x_wconf 87' lang='lat' dir='ltr'><strong>contempla-</strong></span> 
     </span>
    </p>
   </div>
   <div class='ocr_carea' id='block_1_62' title="bbox 139 3504 1712 3580">
    <p class='ocr_par' dir='ltr' id='par_1_62' title="bbox 139 3504 1712 3580">
     <span class='ocr_line' id='line_1_62' title="bbox 139 3504 1712 3580; baseline 0.001 -22"><span class='ocrx_word' id='word_1_498' title='bbox 139 3505 292 3562; x_wconf 85' lang='lat' dir='ltr'><strong>tionis</strong></span> <span class='ocrx_word' id='word_1_499' title='bbox 314 3508 563 3580; x_wconf 88' lang='lat' dir='ltr'><strong>ignorat,</strong></span> <span class='ocrx_word' id='word_1_500' title='bbox 592 3507 685 3579; x_wconf 90' lang='lat' dir='ltr'><strong>qui</strong></span> <span class='ocrx_word' id='word_1_501' title='bbox 713 3505 995 3576; x_wconf 67' lang='lat' dir='ltr'><strong>prmsentis</strong></span> <span class='ocrx_word' id='word_1_502' title='bbox 1034 3504 1155 3559; x_wconf 63' lang='lat' dir='ltr'><strong>vitae</strong></span> <span class='ocrx_word' id='word_1_503' title='bbox 1197 3505 1434 3560; x_wconf 89' lang='lat' dir='ltr'><strong>tenebris</strong></span> <span class='ocrx_word' id='word_1_504' title='bbox 1463 3521 1712 3576; x_wconf 89' lang='lat' dir='ltr'><strong>pressus,</strong></span> 
     </span>
    </p>
   </div>
   <div class='ocr_carea' id='block_1_63' title="bbox 139 3595 1718 3668">
    <p class='ocr_par' dir='ltr' id='par_1_63' title="bbox 139 3595 1718 3668">
     <span class='ocr_line' id='line_1_63' title="bbox 139 3595 1718 3668; baseline 0 -18"><span class='ocrx_word' id='word_1_505' title='bbox 139 3595 259 3651; x_wconf 88' lang='lat' dir='ltr'><strong>dum</strong></span> <span class='ocrx_word' id='word_1_506' title='bbox 284 3607 573 3655; x_wconf 88' lang='lat' dir='ltr'><strong>venturam</strong></span> <span class='ocrx_word' id='word_1_507' title='bbox 616 3598 792 3653; x_wconf 89' lang='lat' dir='ltr'><strong>lucem</strong></span> <span class='ocrx_word' id='word_1_508' title='bbox 832 3612 1177 3666; x_wconf 89' lang='lat' dir='ltr'><strong>nequaquam</strong></span> <span class='ocrx_word' id='word_1_509' title='bbox 1206 3595 1476 3668; x_wconf 86' lang='lat' dir='ltr'><strong>diligendo</strong></span> <span class='ocrx_word' id='word_1_510' title='bbox 1501 3596 1718 3667; x_wconf 86' lang='lat' dir='ltr'><strong>conspi-</strong></span> 
     </span>
    </p>
   </div>
   <div class='ocr_carea' id='block_1_64' title="bbox 133 3685 1718 3760">
    <p class='ocr_par' dir='ltr' id='par_1_64' title="bbox 133 3685 1718 3760">
     <span class='ocr_line' id='line_1_64' title="bbox 133 3685 1718 3760; baseline -0.001 -20"><span class='ocrx_word' id='word_1_511' title='bbox 133 3685 241 3752; x_wconf 89' lang='lat' dir='ltr'><strong>cit,</strong></span> <span class='ocrx_word' id='word_1_512' title='bbox 278 3704 383 3759; x_wconf 91' lang='lat' dir='ltr'><strong>quo</strong></span> <span class='ocrx_word' id='word_1_513' title='bbox 406 3704 663 3760; x_wconf 89' lang='lat' dir='ltr'><strong>gressum</strong></span> <span class='ocrx_word' id='word_1_514' title='bbox 686 3686 865 3755; x_wconf 89' lang='lat' dir='ltr'><strong>operis</strong></span> <span class='ocrx_word' id='word_1_515' title='bbox 889 3687 1131 3758; x_wconf 87' lang='lat' dir='ltr'><strong>porrigat</strong></span> <span class='ocrx_word' id='word_1_516' title='bbox 1158 3686 1353 3741; x_wconf 90' lang='lat' dir='ltr'><strong>nescit.</strong></span> <span class='ocrx_word' id='word_1_517' title='bbox 1381 3685 1518 3740; x_wconf 82' lang='lat' dir='ltr'><strong>Hinc</strong></span> <span class='ocrx_word' id='word_1_518' title='bbox 1543 3693 1599 3740; x_wconf 90' lang='lat' dir='ltr'><strong>et</strong></span> <span class='ocrx_word' id='word_1_519' title='bbox 1619 3700 1718 3754; x_wconf 89' lang='lat' dir='ltr'><strong>per</strong></span> 
     </span>
    </p>
   </div>
   <div class='ocr_carea' id='block_1_65' title="bbox 131 3775 1716 3848">
    <p class='ocr_par' dir='ltr' id='par_1_65' title="bbox 131 3775 1716 3848">
     <span class='ocr_line' id='line_1_65' title="bbox 131 3775 1716 3848; baseline -0.003 -15"><span class='ocrx_word' id='word_1_520' title='bbox 131 3779 544 3848; x_wconf 81' lang='lat' dir='ltr'><strong>prophetantem</strong></span> <span class='ocrx_word' id='word_1_521' title='bbox 597 3783 807 3832; x_wconf 85' lang='lat' dir='ltr'><strong>Annam</strong></span> <span class='ocrx_word' id='word_1_522' title='bbox 870 3778 1067 3835; x_wconf 87' lang='lat' dir='ltr'><strong>dicitur</strong></span> <span class='ocrx_word' id='word_1_523' title='bbox 1115 3794 1130 3830; x_wconf 88' lang='lat'><strong>:</strong></span> <span class='ocrx_word' id='word_1_524' title='bbox 1194 3775 1363 3832; x_wconf 85' lang='lat' dir='ltr'><strong>Pedes</strong></span> <span class='ocrx_word' id='word_1_525' title='bbox 1411 3785 1716 3829; x_wconf 83' lang='lat' dir='ltr'><strong>sanctorum</strong></span> 
     </span>
    </p>
   </div>
   <div class='ocr_carea' id='block_1_66' title="bbox 131 3866 1715 3935">
    <p class='ocr_par' dir='ltr' id='par_1_66' title="bbox 131 3866 1715 3935">
     <span class='ocr_line' id='line_1_66' title="bbox 131 3866 1715 3935; baseline 0.002 -16"><span class='ocrx_word' id='word_1_526' title='bbox 131 3882 334 3921; x_wconf 83' lang='lat' dir='ltr'><strong>suorum</strong></span> <span class='ocrx_word' id='word_1_527' title='bbox 385 3867 658 3931; x_wconf 76' lang='lat' dir='ltr'><strong>servabit,</strong></span> <span class='ocrx_word' id='word_1_528' title='bbox 706 3878 752 3920; x_wconf 85' lang='lat' dir='ltr'><strong>et</strong></span> <span class='ocrx_word' id='word_1_529' title='bbox 789 3868 936 3935; x_wconf 84' lang='lat' dir='ltr'><strong>impii</strong></span> <span class='ocrx_word' id='word_1_530' title='bbox 995 3868 1049 3919; x_wconf 89' lang='lat' dir='ltr'><strong>in</strong></span> <span class='ocrx_word' id='word_1_531' title='bbox 1096 3866 1321 3921; x_wconf 84' lang='lat' dir='ltr'><strong>tenebris</strong></span> <span class='ocrx_word' id='word_1_532' title='bbox 1372 3868 1715 3923; x_wconf 82' lang='lat' dir='ltr'><strong>conticescent</strong></span> 
     </span>
    </p>
   </div>
   <div class='ocr_carea' id='block_1_67' title="bbox 134 3955 1716 4029">
    <p class='ocr_par' dir='ltr' id='par_1_67' title="bbox 134 3955 1716 4029">
     <span class='ocr_line' id='line_1_67' title="bbox 134 3955 1716 4029; baseline 0.003 -19"><span class='ocrx_word' id='word_1_533' title='bbox 134 3955 172 4029; x_wconf 86' lang='grc'><strong>(1</strong></span> <span class='ocrx_word' id='word_1_534' title='bbox 198 3958 336 4028; x_wconf 81' lang='lat' dir='ltr'><strong>Reg.</strong></span> <span class='ocrx_word' id='word_1_535' title='bbox 371 3955 462 4029; x_wconf 84' lang='lat' dir='ltr'><strong>ll).</strong></span> <span class='ocrx_word' id='word_1_536' title='bbox 496 3956 733 4011; x_wconf 87' lang='lat' dir='ltr'><strong>Claudus</strong></span> <span class='ocrx_word' id='word_1_537' title='bbox 754 3973 883 4011; x_wconf 88' lang='lat' dir='ltr'><strong>vero</strong></span> <span class='ocrx_word' id='word_1_538' title='bbox 917 3967 1000 4012; x_wconf 87' lang='lat' dir='ltr'><strong>est</strong></span> <span class='ocrx_word' id='word_1_539' title='bbox 1022 3998 1036 4023; x_wconf 94' lang='lat'><strong>,</strong></span> <span class='ocrx_word' id='word_1_540' title='bbox 1067 3958 1283 4026; x_wconf 87' lang='lat' dir='ltr'><strong>quidem</strong></span> <span class='ocrx_word' id='word_1_541' title='bbox 1337 3974 1445 4027; x_wconf 91' lang='lat' dir='ltr'><strong>quo</strong></span> <span class='ocrx_word' id='word_1_542' title='bbox 1472 3972 1716 4028; x_wconf 79' lang='lat' dir='ltr'><strong>pergere</strong></span> 
     </span>
    </p>
   </div>
   <div class='ocr_carea' id='block_1_68' title="bbox 132 4046 1716 4119">
    <p class='ocr_par' dir='ltr' id='par_1_68' title="bbox 132 4046 1716 4119">
     <span class='ocr_line' id='line_1_68' title="bbox 132 4046 1716 4119; baseline 0.003 -20"><span class='ocrx_word' id='word_1_543' title='bbox 132 4047 308 4102; x_wconf 81' lang='lat' dir='ltr'><strong>debeat</strong></span> <span class='ocrx_word' id='word_1_544' title='bbox 330 4047 563 4118; x_wconf 87' lang='lat' dir='ltr'><strong>aspicit,</strong></span> <span class='ocrx_word' id='word_1_545' title='bbox 589 4046 681 4101; x_wconf 84' lang='lat' dir='ltr'><strong>sed</strong></span> <span class='ocrx_word' id='word_1_546' title='bbox 710 4064 808 4119; x_wconf 85' lang='lat' dir='ltr'><strong>per</strong></span> <span class='ocrx_word' id='word_1_547' title='bbox 834 4048 1209 4101; x_wconf 87' lang='lat' dir='ltr'><strong>inﬁrmitatem</strong></span> <span class='ocrx_word' id='word_1_548' title='bbox 1223 4049 1419 4103; x_wconf 86' lang='lat' dir='ltr'><strong>mentis</strong></span> <span class='ocrx_word' id='word_1_549' title='bbox 1431 4048 1557 4103; x_wconf 64' lang='lat' dir='ltr'><strong>vitae</strong></span> <span class='ocrx_word' id='word_1_550' title='bbox 1573 4049 1716 4104; x_wconf 87' lang='lat' dir='ltr'><strong>viam</strong></span> 
     </span>
    </p>
   </div>
   <div class='ocr_carea' id='block_1_69' title="bbox 133 4120 1714 4213">
    <p class='ocr_par' dir='ltr' id='par_1_69' title="bbox 133 4120 1714 4213">
     <span class='ocr_line' id='line_1_69' title="bbox 133 4120 1714 4213; baseline 0.005 -22"><span class='ocrx_word' id='word_1_551' title='bbox 133 4139 348 4207; x_wconf 82' lang='lat' dir='ltr'><strong>perfecte</strong></span> <span class='ocrx_word' id='word_1_552' title='bbox 373 4156 489 4194; x_wconf 90' lang='lat' dir='ltr'><strong>non</strong></span> <span class='ocrx_word' id='word_1_553' title='bbox 521 4140 665 4194; x_wconf 84' lang='lat' dir='ltr'><strong>valet</strong></span> <span class='ocrx_word' id='word_1_554' title='bbox 697 4149 878 4195; x_wconf 85' lang='lat' dir='ltr'><strong>tenere</strong></span> <span class='ocrx_word' id='word_1_555' title='bbox 901 4159 1062 4210; x_wconf 87' lang='lat' dir='ltr'><strong>quam</strong></span> <span class='ocrx_word' id='word_1_556' title='bbox 1083 4120 1240 4207; x_wconf 77' lang='lat' dir='ltr'><strong>vidit,</strong></span> <span class='ocrx_word' id='word_1_557' title='bbox 1260 4143 1386 4213; x_wconf 89' lang='lat' dir='ltr'><strong>quia</strong></span> <span class='ocrx_word' id='word_1_558' title='bbox 1403 4144 1469 4197; x_wconf 90' lang='lat' dir='ltr'><strong>ad</strong></span> <span class='ocrx_word' id='word_1_559' title='bbox 1499 4143 1714 4200; x_wconf 87' lang='lat' dir='ltr'><strong>virtutis</strong></span> 
     </span>
    </p>
   </div>
   <div class='ocr_carea' id='block_1_70' title="bbox 132 4228 1713 4302">
    <p class='ocr_par' dir='ltr' id='par_1_70' title="bbox 132 4228 1713 4302">
     <span class='ocr_line' id='line_1_70' title="bbox 132 4228 1713 4302; baseline 0.004 -22"><span class='ocrx_word' id='word_1_560' title='bbox 132 4237 312 4284; x_wconf 83' lang='lat' dir='ltr'><strong>statum</strong></span> <span class='ocrx_word' id='word_1_561' title='bbox 345 4228 573 4285; x_wconf 79' lang='lat' dir='ltr'><strong>deﬂuxu</strong></span> <span class='ocrx_word' id='word_1_562' title='bbox 606 4231 937 4285; x_wconf 86' lang='lat' dir='ltr'><strong>consuetudo</strong></span> <span class='ocrx_word' id='word_1_563' title='bbox 978 4246 1086 4285; x_wconf 91' lang='lat' dir='ltr'><strong>non</strong></span> <span class='ocrx_word' id='word_1_564' title='bbox 1115 4231 1345 4302; x_wconf 82' lang='lat' dir='ltr'><strong>erigitur</strong></span> <span class='ocrx_word' id='word_1_565' title='bbox 1371 4273 1387 4299; x_wconf 90' lang='lat'><strong>,</strong></span> <span class='ocrx_word' id='word_1_566' title='bbox 1437 4246 1558 4286; x_wconf 89' lang='lat' dir='ltr'><strong>cum</strong></span> <span class='ocrx_word' id='word_1_567' title='bbox 1606 4248 1713 4301; x_wconf 90' lang='lat' dir='ltr'><strong>quo</strong></span> 
     </span>
    </p>
   </div>
   <div class='ocr_carea' id='block_1_71' title="bbox 134 4318 1712 4393">
    <p class='ocr_par' dir='ltr' id='par_1_71' title="bbox 134 4318 1712 4393">
     <span class='ocr_line' id='line_1_71' title="bbox 134 4318 1712 4393; baseline 0.006 -23"><span class='ocrx_word' id='word_1_568' title='bbox 134 4318 381 4376; x_wconf 81' lang='lat' dir='ltr'><strong>desiderio</strong></span> <span class='ocrx_word' id='word_1_569' title='bbox 413 4321 678 4375; x_wconf 88' lang='lat' dir='ltr'><strong>innititur</strong></span> <span class='ocrx_word' id='word_1_570' title='bbox 702 4360 720 4387; x_wconf 90' lang='lat'><strong>,</strong></span> <span class='ocrx_word' id='word_1_571' title='bbox 770 4321 895 4377; x_wconf 89' lang='lat' dir='ltr'><strong>illuc</strong></span> <span class='ocrx_word' id='word_1_572' title='bbox 946 4338 1166 4393; x_wconf 85' lang='lat' dir='ltr'><strong>gressus</strong></span> <span class='ocrx_word' id='word_1_573' title='bbox 1204 4324 1386 4392; x_wconf 87' lang='lat' dir='ltr'><strong>operis</strong></span> <span class='ocrx_word' id='word_1_574' title='bbox 1414 4324 1712 4380; x_wconf 75' lang='lat' dir='ltr'><strong>efficaciter</strong></span> 
     </span>
    </p>
   </div>
   <div class='ocr_carea' id='block_1_72' title="bbox 1816 3421 3403 3493">
    <p class='ocr_par' dir='ltr' id='par_1_72' title="bbox 1816 3421 3403 3493">
     <span class='ocr_line' id='line_1_72' title="bbox 1816 3421 3403 3493; baseline 0.008 -19"><span class='ocrx_word' id='word_1_575' title='bbox 1816 3421 1974 3491; x_wconf 89' lang='lat' dir='ltr'><strong>cujus</strong></span> <span class='ocrx_word' id='word_1_576' title='bbox 2024 3438 2244 3480; x_wconf 88' lang='lat' dir='ltr'><strong>sensum</strong></span> <span class='ocrx_word' id='word_1_577' title='bbox 2296 3432 2492 3480; x_wconf 88' lang='lat' dir='ltr'><strong>natura</strong></span> <span class='ocrx_word' id='word_1_578' title='bbox 2538 3428 2775 3493; x_wconf 83' lang='lat' dir='ltr'><strong>exacuit,</strong></span> <span class='ocrx_word' id='word_1_579' title='bbox 2828 3429 2924 3484; x_wconf 88' lang='lat' dir='ltr'><strong>sed</strong></span> <span class='ocrx_word' id='word_1_580' title='bbox 2973 3431 3403 3487; x_wconf 85' lang='lat' dir='ltr'><strong>conversationis</strong></span> 
     </span>
    </p>
   </div>
   <div class='ocr_carea' id='block_1_73' title="bbox 1816 3512 3397 3590">
    <p class='ocr_par' dir='ltr' id='par_1_73' title="bbox 1816 3512 3397 3590">
     <span class='ocr_line' id='line_1_73' title="bbox 1816 3512 3397 3590; baseline 0.007 -27"><span class='ocrx_word' id='word_1_581' title='bbox 1816 3512 2055 3578; x_wconf 87' lang='lat' dir='ltr'><strong>pravitas</strong></span> <span class='ocrx_word' id='word_1_582' title='bbox 2081 3514 2381 3569; x_wconf 85' lang='lat' dir='ltr'><strong>confundit.</strong></span> <span class='ocrx_word' id='word_1_583' title='bbox 2412 3514 2511 3570; x_wconf 89' lang='lat' dir='ltr'><strong>Cui</strong></span> <span class='ocrx_word' id='word_1_584' title='bbox 2554 3516 2694 3571; x_wconf 87' lang='lat' dir='ltr'><strong>bene</strong></span> <span class='ocrx_word' id='word_1_585' title='bbox 2732 3532 2829 3585; x_wconf 89' lang='lat' dir='ltr'><strong>per</strong></span> <span class='ocrx_word' id='word_1_586' title='bbox 2863 3517 3125 3590; x_wconf 85' lang='lat' dir='ltr'><strong>Angelum</strong></span> <span class='ocrx_word' id='word_1_587' title='bbox 3150 3520 3352 3575; x_wconf 90' lang='lat' dir='ltr'><strong>dicitur</strong></span> <span class='ocrx_word' id='word_1_588' title='bbox 3382 3538 3397 3574; x_wconf 89' lang='lat'><strong>:</strong></span> 
     </span>
    </p>
   </div>
   <div class='ocr_carea' id='block_1_74' title="bbox 1818 3600 3400 3684">
    <p class='ocr_par' dir='ltr' id='par_1_74' title="bbox 1818 3600 3400 3684">
     <span class='ocr_line' id='line_1_74' title="bbox 1818 3600 3400 3684; baseline 0.008 -30"><span class='ocrx_word' id='word_1_589' title='bbox 1818 3600 2050 3672; x_wconf 84' lang='lat' dir='ltr'><strong>Collyrio</strong></span> <span class='ocrx_word' id='word_1_590' title='bbox 2076 3606 2269 3675; x_wconf 83' lang='lat' dir='ltr'><strong>inunge</strong></span> <span class='ocrx_word' id='word_1_591' title='bbox 2291 3604 2470 3659; x_wconf 83' lang='lat' dir='ltr'><strong>oculos</strong></span> <span class='ocrx_word' id='word_1_592' title='bbox 2497 3615 2613 3661; x_wconf 89' lang='lat' dir='ltr'><strong>tuos</strong></span> <span class='ocrx_word' id='word_1_593' title='bbox 2643 3616 2697 3661; x_wconf 88' lang='lat' dir='ltr'><strong>ut</strong></span> <span class='ocrx_word' id='word_1_594' title='bbox 2725 3608 2899 3662; x_wconf 79' lang='lat' dir='ltr'><strong>videas</strong></span> <span class='ocrx_word' id='word_1_595' title='bbox 2927 3607 3114 3680; x_wconf 78' lang='lat' dir='ltr'><strong>(Apoc.</strong></span> <span class='ocrx_word' id='word_1_596' title='bbox 3146 3610 3255 3684; x_wconf 84' lang='grc' dir='ltr'>ιιι).</span> <span class='ocrx_word' id='word_1_597' title='bbox 3279 3610 3400 3667; x_wconf 90' lang='lat' dir='ltr'><strong>Col-</strong></span> 
     </span>
    </p>
   </div>
   <div class='ocr_carea' id='block_1_75' title="bbox 1822 3691 3400 3769">
    <p class='ocr_par' dir='ltr' id='par_1_75' title="bbox 1822 3691 3400 3769">
     <span class='ocr_line' id='line_1_75' title="bbox 1822 3691 3400 3769; baseline 0.008 -25"><span class='ocrx_word' id='word_1_598' title='bbox 1822 3691 1961 3762; x_wconf 76' lang='lat' dir='ltr'><strong>lyrio</strong></span> <span class='ocrx_word' id='word_1_599' title='bbox 1989 3694 2188 3763; x_wconf 88' lang='lat' dir='ltr'><strong>quippe</strong></span> <span class='ocrx_word' id='word_1_600' title='bbox 2231 3696 2418 3751; x_wconf 87' lang='lat' dir='ltr'><strong>oculos</strong></span> <span class='ocrx_word' id='word_1_601' title='bbox 2467 3702 2527 3749; x_wconf 93' lang='lat' dir='ltr'><strong>ut</strong></span> <span class='ocrx_word' id='word_1_602' title='bbox 2580 3696 2858 3751; x_wconf 89' lang='lat' dir='ltr'><strong>videamus</strong></span> <span class='ocrx_word' id='word_1_603' title='bbox 2892 3699 3225 3769; x_wconf 74' lang='lat' dir='ltr'><strong>iniungimus,</strong></span> <span class='ocrx_word' id='word_1_604' title='bbox 3277 3715 3400 3757; x_wconf 86' lang='lat' dir='ltr'><strong>cum</strong></span> 
     </span>
    </p>
   </div>
   <div class='ocr_carea' id='block_1_76' title="bbox 1818 3770 3400 3858">
    <p class='ocr_par' dir='ltr' id='par_1_76' title="bbox 1818 3770 3400 3858">
     <span class='ocr_line' id='line_1_76' title="bbox 1818 3770 3400 3858; baseline 0.007 -21"><span class='ocrx_word' id='word_1_605' title='bbox 1818 3784 1887 3838; x_wconf 92' lang='lat' dir='ltr'><strong>ad</strong></span> <span class='ocrx_word' id='word_1_606' title='bbox 1928 3770 2354 3854; x_wconf 88' lang='lat' dir='ltr'><strong>cognoscendam</strong></span> <span class='ocrx_word' id='word_1_607' title='bbox 2416 3787 2527 3841; x_wconf 91' lang='lat' dir='ltr'><strong>veri</strong></span> <span class='ocrx_word' id='word_1_608' title='bbox 2580 3786 2800 3842; x_wconf 85' lang='lat' dir='ltr'><strong>luminis</strong></span> <span class='ocrx_word' id='word_1_609' title='bbox 2836 3788 3140 3845; x_wconf 84' lang='lat' dir='ltr'><strong>claritatem</strong></span> <span class='ocrx_word' id='word_1_610' title='bbox 3169 3830 3186 3858; x_wconf 94' lang='lat'><strong>,</strong></span> <span class='ocrx_word' id='word_1_611' title='bbox 3242 3792 3400 3849; x_wconf 87' lang='lat' dir='ltr'><strong>intel—</strong></span> 
     </span>
    </p>
   </div>
   <div class='ocr_carea' id='block_1_77' title="bbox 1814 3863 3397 3953">
    <p class='ocr_par' dir='ltr' id='par_1_77' title="bbox 1814 3863 3397 3953">
     <span class='ocr_line' id='line_1_77' title="bbox 1814 3863 3397 3953; baseline 0.006 -23"><span class='ocrx_word' id='word_1_612' title='bbox 1814 3876 1991 3932; x_wconf 90' lang='lat' dir='ltr'><strong>lectus</strong></span> <span class='ocrx_word' id='word_1_613' title='bbox 2032 3879 2206 3934; x_wconf 91' lang='lat' dir='ltr'><strong>nostri</strong></span> <span class='ocrx_word' id='word_1_614' title='bbox 2245 3877 2416 3934; x_wconf 88' lang='lat' dir='ltr'><strong>aciem</strong></span> <span class='ocrx_word' id='word_1_615' title='bbox 2461 3879 2820 3941; x_wconf 86' lang='lat' dir='ltr'><strong>medicamine</strong></span> <span class='ocrx_word' id='word_1_616' title='bbox 2864 3863 3020 3936; x_wconf 74' lang='lat' dir='ltr'><strong>bona:</strong></span> <span class='ocrx_word' id='word_1_617' title='bbox 3067 3883 3397 3953; x_wconf 84' lang='lat' dir='ltr'><strong>operationis</strong></span> 
     </span>
    </p>
   </div>
   <div class='ocr_carea' id='block_1_78' title="bbox 1817 3970 3396 4049">
    <p class='ocr_par' dir='ltr' id='par_1_78' title="bbox 1817 3970 3396 4049">
     <span class='ocr_line' id='line_1_78' title="bbox 1817 3970 3396 4049; baseline 0.005 -24"><span class='ocrx_word' id='word_1_618' title='bbox 1817 3970 2153 4039; x_wconf 87' lang='lat' dir='ltr'><strong>adjuvamus.</strong></span> <span class='ocrx_word' id='word_1_619' title='bbox 2192 3970 2517 4046; x_wconf 82' lang='lat' dir='ltr'><strong>Albugincm</strong></span> <span class='ocrx_word' id='word_1_620' title='bbox 2563 3993 2693 4033; x_wconf 87' lang='lat' dir='ltr'><strong>vero</strong></span> <span class='ocrx_word' id='word_1_621' title='bbox 2741 3979 2904 4036; x_wconf 88' lang='lat' dir='ltr'><strong>habet</strong></span> <span class='ocrx_word' id='word_1_622' title='bbox 2951 3978 3008 4033; x_wconf 90' lang='lat' dir='ltr'><strong>in</strong></span> <span class='ocrx_word' id='word_1_623' title='bbox 3053 3979 3250 4045; x_wconf 77' lang='lat' dir='ltr'><strong>oculo,</strong></span> <span class='ocrx_word' id='word_1_624' title='bbox 3305 3978 3396 4049; x_wconf 89' lang='lat' dir='ltr'><strong>qui</strong></span> 
     </span>
    </p>
   </div>
   <div class='ocr_carea' id='block_1_79' title="bbox 1816 4050 3395 4143">
    <p class='ocr_par' dir='ltr' id='par_1_79' title="bbox 1816 4050 3395 4143">
     <span class='ocr_line' id='line_1_79' title="bbox 1816 4050 3395 4143; baseline 0.008 -29"><span class='ocrx_word' id='word_1_625' title='bbox 1816 4062 2065 4118; x_wconf 87' lang='lat' dir='ltr'><strong>veritatis</strong></span> <span class='ocrx_word' id='word_1_626' title='bbox 2093 4064 2269 4120; x_wconf 90' lang='lat' dir='ltr'><strong>lucem</strong></span> <span class='ocrx_word' id='word_1_627' title='bbox 2310 4067 2493 4122; x_wconf 84' lang='lat' dir='ltr'><strong>videre</strong></span> <span class='ocrx_word' id='word_1_628' title='bbox 2535 4084 2643 4124; x_wconf 91' lang='lat' dir='ltr'><strong>non</strong></span> <span class='ocrx_word' id='word_1_629' title='bbox 2679 4050 2891 4135; x_wconf 73' lang='lat' dir='ltr'><strong>sinitur,</strong></span> <span class='ocrx_word' id='word_1_630' title='bbox 2918 4070 3045 4140; x_wconf 88' lang='lat' dir='ltr'><strong>quia</strong></span> <span class='ocrx_word' id='word_1_631' title='bbox 3089 4072 3395 4143; x_wconf 87' lang='lat' dir='ltr'><strong>arrogantia</strong></span> 
     </span>
    </p>
   </div>
   <div class='ocr_carea' id='block_1_80' title="bbox 1816 4155 3394 4233">
    <p class='ocr_par' dir='ltr' id='par_1_80' title="bbox 1816 4155 3394 4233">
     <span class='ocr_line' id='line_1_80' title="bbox 1816 4155 3394 4233; baseline 0.008 -25"><span class='ocrx_word' id='word_1_632' title='bbox 1816 4155 2099 4224; x_wconf 65' lang='lat' dir='ltr'><strong>sapientiae</strong></span> <span class='ocrx_word' id='word_1_633' title='bbox 2119 4173 2214 4213; x_wconf 88' lang='lat' dir='ltr'><strong>seu</strong></span> <span class='ocrx_word' id='word_1_634' title='bbox 2233 4156 2366 4227; x_wconf 87' lang='lat' dir='ltr'><strong>justi</strong></span> <span class='ocrx_word' id='word_1_635' title='bbox 2376 4161 2461 4215; x_wconf 65' lang='lat' dir='ltr'><strong>tim</strong></span> <span class='ocrx_word' id='word_1_636' title='bbox 2482 4169 2737 4217; x_wconf 62' lang='lat' dir='ltr'><strong>timeatur.</strong></span> <span class='ocrx_word' id='word_1_637' title='bbox 2764 4161 2971 4231; x_wconf 88' lang='lat' dir='ltr'><strong>Pupilla</strong></span> <span class='ocrx_word' id='word_1_638' title='bbox 3000 4178 3233 4233; x_wconf 77' lang='lat' dir='ltr'><strong>namque</strong></span> <span class='ocrx_word' id='word_1_639' title='bbox 3253 4162 3394 4221; x_wconf 81' lang='lat' dir='ltr'><strong>oculi</strong></span> 
     </span>
    </p>
   </div>
   <div class='ocr_carea' id='block_1_81' title="bbox 1813 4244 3392 4322">
    <p class='ocr_par' dir='ltr' id='par_1_81' title="bbox 1813 4244 3392 4322">
     <span class='ocr_line' id='line_1_81' title="bbox 1813 4244 3392 4322; baseline 0.008 -24"><span class='ocrx_word' id='word_1_640' title='bbox 1813 4244 1973 4315; x_wconf 88' lang='lat' dir='ltr'><strong>nigra</strong></span> <span class='ocrx_word' id='word_1_641' title='bbox 2002 4246 2173 4314; x_wconf 88' lang='lat' dir='ltr'><strong>videt,</strong></span> <span class='ocrx_word' id='word_1_642' title='bbox 2204 4249 2509 4319; x_wconf 84' lang='lat' dir='ltr'><strong>albuginem</strong></span> <span class='ocrx_word' id='word_1_643' title='bbox 2542 4250 2777 4306; x_wconf 88' lang='lat' dir='ltr'><strong>tolerans</strong></span> <span class='ocrx_word' id='word_1_644' title='bbox 2800 4251 2873 4305; x_wconf 84' lang='lat' dir='ltr'><strong>nil</strong></span> <span class='ocrx_word' id='word_1_645' title='bbox 2897 4252 3067 4317; x_wconf 83' lang='lat' dir='ltr'><strong>videt,</strong></span> <span class='ocrx_word' id='word_1_646' title='bbox 3092 4254 3219 4322; x_wconf 89' lang='lat' dir='ltr'><strong>quia</strong></span> <span class='ocrx_word' id='word_1_647' title='bbox 3248 4255 3392 4311; x_wconf 82' lang='lat' dir='ltr'><strong>vide-</strong></span> 
     </span>
    </p>
   </div>
   <div class='ocr_carea' id='block_1_82' title="bbox 1814 4335 3389 4413">
    <p class='ocr_par' dir='ltr' id='par_1_82' title="bbox 1814 4335 3389 4413">
     <span class='ocr_line' id='line_1_82' title="bbox 1814 4335 3389 4413; baseline 0.006 -23"><span class='ocrx_word' id='word_1_648' title='bbox 1814 4335 1943 4391; x_wconf 88' lang='lat' dir='ltr'><strong>licet</strong></span> <span class='ocrx_word' id='word_1_649' title='bbox 1984 4354 2177 4394; x_wconf 88' lang='lat' dir='ltr'><strong>sensus</strong></span> <span class='ocrx_word' id='word_1_650' title='bbox 2228 4341 2479 4397; x_wconf 68' lang='lat' dir='ltr'><strong>humanze</strong></span> <span class='ocrx_word' id='word_1_651' title='bbox 2524 4342 2869 4412; x_wconf 86' lang='lat' dir='ltr'><strong>cogitationis</strong></span> <span class='ocrx_word' id='word_1_652' title='bbox 2921 4342 2970 4397; x_wconf 85' lang='lat' dir='ltr'><strong>si</strong></span> <span class='ocrx_word' id='word_1_653' title='bbox 3020 4344 3243 4397; x_wconf 87' lang='lat' dir='ltr'><strong>stultum</strong></span> <span class='ocrx_word' id='word_1_654' title='bbox 3296 4361 3389 4413; x_wconf 89' lang='lat' dir='ltr'><strong>se,</strong></span> 
     </span>
    </p>
   </div>
   <div class='ocr_carea' id='block_1_83' title="bbox 134 4415 3391 4506">
    <p class='ocr_par' dir='ltr' id='par_1_83' title="bbox 134 4415 3391 4506">
     <span class='ocr_line' id='line_1_83' title="bbox 134 4415 3391 4506; baseline 0.003 -40"><span class='ocrx_word' id='word_1_655' title='bbox 134 4429 221 4468; x_wconf 85' lang='lat' dir='ltr'><strong>non</strong></span> <span class='ocrx_word' id='word_1_656' title='bbox 246 4426 574 4486; x_wconf 86' lang='lat' dir='ltr'><strong>sequuntur.</strong></span> <span class='ocrx_word' id='word_1_657' title='bbox 615 4415 752 4471; x_wconf 88' lang='lat' dir='ltr'><strong>llinc</strong></span> <span class='ocrx_word' id='word_1_658' title='bbox 781 4417 978 4472; x_wconf 85' lang='lat' dir='ltr'><strong>etenim</strong></span> <span class='ocrx_word' id='word_1_659' title='bbox 1006 4418 1204 4473; x_wconf 89' lang='lat' dir='ltr'><strong>Paulus</strong></span> <span class='ocrx_word' id='word_1_660' title='bbox 1235 4419 1365 4475; x_wconf 89' lang='lat' dir='ltr'><strong>dicit</strong></span> <span class='ocrx_word' id='word_1_661' title='bbox 1395 4438 1407 4473; x_wconf 91' lang='lat'>:</span> <span class='ocrx_word' id='word_1_662' title='bbox 1439 4418 1707 4475; x_wconf 86' lang='lat' dir='ltr'><strong>Remissas</strong></span> <span class='ocrx_word' id='word_1_663' title='bbox 1810 4437 2270 4501; x_wconf 84' lang='lat' dir='ltr'><strong>peccatorumque</strong></span> <span class='ocrx_word' id='word_1_664' title='bbox 2310 4433 2595 4504; x_wconf 79' lang='lat' dir='ltr'><strong>intelligit,</strong></span> <span class='ocrx_word' id='word_1_665' title='bbox 2644 4434 3013 4506; x_wconf 82' lang='lat' dir='ltr'><strong>cognitionem</strong></span> <span class='ocrx_word' id='word_1_666' title='bbox 3042 4432 3250 4487; x_wconf 59' lang='lat' dir='ltr'><strong>intima;</strong></span> <span class='ocrx_word' id='word_1_667' title='bbox 3282 4435 3391 4489; x_wconf 63' lang='lat' dir='ltr'><strong>cla-</strong></span> 
     </span>
    </p>
   </div>
   <div class='ocr_carea' id='block_1_84' title="bbox 136 4507 2389 4593">
    <p class='ocr_par' dir='ltr' id='par_1_84' title="bbox 136 4507 2389 4593">
     <span class='ocr_line' id='line_1_84' title="bbox 136 4507 2389 4593; baseline 0.012 -39"><span class='ocrx_word' id='word_1_668' title='bbox 136 4520 296 4561; x_wconf 78' lang='lat' dir='ltr'><strong>atauus</strong></span> <span class='ocrx_word' id='word_1_669' title='bbox 338 4522 386 4563; x_wconf 84' lang='lat' dir='ltr'><strong>et</strong></span> <span class='ocrx_word' id='word_1_670' title='bbox 426 4507 696 4565; x_wconf 84' lang='lat' dir='ltr'><strong>dissoluta</strong></span> <span class='ocrx_word' id='word_1_671' title='bbox 722 4525 893 4578; x_wconf 86' lang='lat' dir='ltr'><strong>genua</strong></span> <span class='ocrx_word' id='word_1_672' title='bbox 923 4511 1104 4580; x_wconf 84' lang='lat' dir='ltr'><strong>erigite</strong></span> <span class='ocrx_word' id='word_1_673' title='bbox 1131 4553 1145 4576; x_wconf 93' lang='lat'><strong>,</strong></span> <span class='ocrx_word' id='word_1_674' title='bbox 1191 4522 1238 4565; x_wconf 89' lang='lat' dir='ltr'><strong>et</strong></span> <span class='ocrx_word' id='word_1_675' title='bbox 1288 4529 1496 4583; x_wconf 80' lang='lat' dir='ltr'><strong>gressus</strong></span> <span class='ocrx_word' id='word_1_676' title='bbox 1537 4523 1705 4568; x_wconf 83' lang='lat' dir='ltr'><strong>rectos</strong></span> <span class='ocrx_word' id='word_1_677' title='bbox 1810 4519 1989 4576; x_wconf 88' lang='lat' dir='ltr'><strong>ritatis</strong></span> <span class='ocrx_word' id='word_1_678' title='bbox 2015 4524 2389 4593; x_wconf 79' lang='lat' dir='ltr'><strong>apprehendit.</strong></span> 
     </span>
    </p>
   </div>
   <div class='ocr_carea' id='block_1_85' title="bbox 134 4597 3390 4683">
    <p class='ocr_par' dir='ltr' id='par_1_85' title="bbox 134 4597 3390 4683">
     <span class='ocr_line' id='line_1_85' title="bbox 134 4597 3390 4683; baseline 0.007 -33"><span class='ocrx_word' id='word_1_679' title='bbox 134 4597 267 4665; x_wconf 69' lang='lat' dir='ltr'><strong>facile</strong></span> <span class='ocrx_word' id='word_1_680' title='bbox 287 4603 514 4673; x_wconf 76' lang='lat' dir='ltr'><strong>pedibus</strong></span> <span class='ocrx_word' id='word_1_681' title='bbox 543 4602 757 4668; x_wconf 80' lang='lat' dir='ltr'><strong>vestris,</strong></span> <span class='ocrx_word' id='word_1_682' title='bbox 803 4612 861 4655; x_wconf 87' lang='lat' dir='ltr'><strong>ut</strong></span> <span class='ocrx_word' id='word_1_683' title='bbox 892 4620 994 4656; x_wconf 87' lang='lat' dir='ltr'><strong>non</strong></span> <span class='ocrx_word' id='word_1_684' title='bbox 1017 4602 1324 4658; x_wconf 83' lang='lat' dir='ltr'><strong>claudicans</strong></span> <span class='ocrx_word' id='word_1_685' title='bbox 1351 4615 1511 4671; x_wconf 82' lang='lat' dir='ltr'><strong>erret,</strong></span> <span class='ocrx_word' id='word_1_686' title='bbox 1538 4605 1704 4675; x_wconf 82' lang='lat' dir='ltr'><strong>magis</strong></span> <span class='ocrx_word' id='word_1_687' title='bbox 1732 4676 1773 4683; x_wconf 68' lang='lat'><strong><em>_</em></strong></span> <span class='ocrx_word' id='word_1_688' title='bbox 1881 4608 1940 4663; x_wconf 88' lang='lat' dir='ltr'><strong>Si</strong></span> <span class='ocrx_word' id='word_1_689' title='bbox 1992 4618 2174 4665; x_wconf 84' lang='lat' dir='ltr'><strong>autem</strong></span> <span class='ocrx_word' id='word_1_690' title='bbox 2228 4613 2519 4666; x_wconf 84' lang='lat' dir='ltr'><strong>candorem</strong></span> <span class='ocrx_word' id='word_1_691' title='bbox 2571 4612 2673 4665; x_wconf 84' lang='lat' dir='ltr'><strong>sibi</strong></span> <span class='ocrx_word' id='word_1_692' title='bbox 2714 4608 2944 4679; x_wconf 64' lang='lat' dir='ltr'><strong>iustitiae</strong></span> <span class='ocrx_word' id='word_1_693' title='bbox 2988 4626 3080 4667; x_wconf 87' lang='lat' dir='ltr'><strong>seu</strong></span> <span class='ocrx_word' id='word_1_694' title='bbox 3111 4614 3390 4683; x_wconf 67' lang='lat' dir='ltr'><strong>sapientia:</strong></span> 
     </span>
    </p>
   </div>
   <div class='ocr_carea' id='block_1_86' title="bbox 135 4676 3386 4775">
    <p class='ocr_par' dir='ltr' id='par_1_86' title="bbox 135 4676 3386 4775">
     <span class='ocr_line' id='line_1_86' title="bbox 135 4676 3386 4775; baseline 0.007 -36"><span class='ocrx_word' id='word_1_695' title='bbox 135 4701 283 4743; x_wconf 78' lang='lat' dir='ltr'><strong>autent</strong></span> <span class='ocrx_word' id='word_1_696' title='bbox 304 4704 526 4748; x_wconf 80' lang='lat' dir='ltr'><strong>sanetur</strong></span> <span class='ocrx_word' id='word_1_697' title='bbox 541 4690 683 4765; x_wconf 88' lang='lat' dir='ltr'><strong>(Isa.</strong></span> <span class='ocrx_word' id='word_1_698' title='bbox 711 4689 1011 4763; x_wconf 79' lang='lat' dir='ltr'><strong>Lv).Parvo</strong></span> <span class='ocrx_word' id='word_1_699' title='bbox 1030 4702 1210 4747; x_wconf 90' lang='lat' dir='ltr'><strong>autem</strong></span> <span class='ocrx_word' id='word_1_700' title='bbox 1234 4709 1365 4748; x_wconf 88' lang='lat' dir='ltr'><strong>naso</strong></span> <span class='ocrx_word' id='word_1_701' title='bbox 1386 4692 1607 4764; x_wconf 73' lang='lat' dir='ltr'><strong>est,&#39;qui</strong></span> <span class='ocrx_word' id='word_1_702' title='bbox 1634 4696 1703 4750; x_wconf 89' lang='lat' dir='ltr'><strong>ad</strong></span> <span class='ocrx_word' id='word_1_703' title='bbox 1730 4676 1784 4736; x_wconf 83' lang='lat' dir='ltr'><strong>D</strong></span> <span class='ocrx_word' id='word_1_704' title='bbox 1811 4699 2028 4763; x_wconf 85' lang='lat' dir='ltr'><strong>tribuit,</strong></span> <span class='ocrx_word' id='word_1_705' title='bbox 2083 4716 2112 4753; x_wconf 89' lang='lat' dir='ltr'><strong>a</strong></span> <span class='ocrx_word' id='word_1_706' title='bbox 2154 4700 2271 4754; x_wconf 86' lang='lat' dir='ltr'><strong>luce</strong></span> <span class='ocrx_word' id='word_1_707' title='bbox 2315 4716 2372 4755; x_wconf 90' lang='lat' dir='ltr'><strong>se</strong></span> <span class='ocrx_word' id='word_1_708' title='bbox 2413 4716 2660 4770; x_wconf 70' lang='lat' dir='ltr'><strong>superate</strong></span> <span class='ocrx_word' id='word_1_709' title='bbox 2714 4676 3039 4773; x_wconf 76' lang='lat' dir='ltr'><strong>cognitionis</strong></span> <span class='ocrx_word' id='word_1_710' title='bbox 3100 4704 3339 4762; x_wconf 79' lang='lat' dir='ltr'><strong>excludit</strong></span> <span class='ocrx_word' id='word_1_711' title='bbox 3367 4749 3386 4775; x_wconf 94' lang='lat'><strong>,</strong></span> 
     </span>
    </p>
   </div>
   <div class='ocr_carea' id='block_1_87' title="bbox 134 4782 3386 4867">
    <p class='ocr_par' dir='ltr' id='par_1_87' title="bbox 134 4782 3386 4867">
     <span class='ocr_line' id='line_1_87' title="bbox 134 4782 3386 4867; baseline 0.006 -35"><span class='ocrx_word' id='word_1_712' title='bbox 134 4782 395 4837; x_wconf 83' lang='lat' dir='ltr'><strong>tenendam</strong></span> <span class='ocrx_word' id='word_1_713' title='bbox 438 4799 763 4838; x_wconf 84' lang='lat' dir='ltr'><strong>mensuram</strong></span> <span class='ocrx_word' id='word_1_714' title='bbox 793 4784 1136 4839; x_wconf 87' lang='lat' dir='ltr'><strong>discretionis</strong></span> <span class='ocrx_word' id='word_1_715' title='bbox 1172 4784 1395 4839; x_wconf 86' lang='lat' dir='ltr'><strong>idoneus</strong></span> <span class='ocrx_word' id='word_1_716' title='bbox 1445 4801 1552 4839; x_wconf 92' lang='lat' dir='ltr'><strong>non</strong></span> <span class='ocrx_word' id='word_1_717' title='bbox 1596 4795 1701 4852; x_wconf 89' lang='lat' dir='ltr'><strong>est,</strong></span> <span class='ocrx_word' id='word_1_718' title='bbox 1807 4796 1863 4842; x_wconf 89' lang='lat' dir='ltr'><strong>et</strong></span> <span class='ocrx_word' id='word_1_719' title='bbox 1910 4804 1976 4844; x_wconf 89' lang='lat' dir='ltr'><strong>eo</strong></span> <span class='ocrx_word' id='word_1_720' title='bbox 2003 4788 2303 4843; x_wconf 86' lang='lat' dir='ltr'><strong>claritatem</strong></span> <span class='ocrx_word' id='word_1_721' title='bbox 2330 4791 2445 4843; x_wconf 82' lang='lat' dir='ltr'><strong>veri</strong></span> <span class='ocrx_word' id='word_1_722' title='bbox 2476 4790 2693 4845; x_wconf 89' lang='lat' dir='ltr'><strong>luminis</strong></span> <span class='ocrx_word' id='word_1_723' title='bbox 2718 4806 3058 4861; x_wconf 87' lang='lat' dir='ltr'><strong>nequaquam</strong></span> <span class='ocrx_word' id='word_1_724' title='bbox 3093 4806 3386 4867; x_wconf 88' lang='lat' dir='ltr'><strong>penetrat,</strong></span> 
     </span>
    </p>
   </div>
   <div class='ocr_carea' id='block_1_88' title="bbox 133 4869 3388 4953">
    <p class='ocr_par' dir='ltr' id='par_1_88' title="bbox 133 4869 3388 4953">
     <span class='ocr_line' id='line_1_88' title="bbox 133 4869 3388 4953; baseline 0.004 -22"><span class='ocrx_word' id='word_1_725' title='bbox 133 4869 253 4931; x_wconf 81' lang='lat' dir='ltr'><strong>Naso</strong></span> <span class='ocrx_word' id='word_1_726' title='bbox 280 4881 481 4950; x_wconf 87' lang='lat' dir='ltr'><strong>quippe</strong></span> <span class='ocrx_word' id='word_1_727' title='bbox 527 4881 735 4934; x_wconf 87' lang='lat' dir='ltr'><strong>odores</strong></span> <span class='ocrx_word' id='word_1_728' title='bbox 762 4880 1067 4950; x_wconf 85' lang='lat' dir='ltr'><strong>fetoresque</strong></span> <span class='ocrx_word' id='word_1_729' title='bbox 1112 4881 1492 4937; x_wconf 88' lang='lat' dir='ltr'><strong>discernimus.</strong></span> <span class='ocrx_word' id='word_1_730' title='bbox 1536 4882 1704 4940; x_wconf 80' lang='lat' dir='ltr'><strong>Recte</strong></span> <span class='ocrx_word' id='word_1_731' title='bbox 1807 4895 1915 4948; x_wconf 90' lang='lat' dir='ltr'><strong>quo</strong></span> <span class='ocrx_word' id='word_1_732' title='bbox 1952 4894 2012 4934; x_wconf 90' lang='lat' dir='ltr'><strong>se</strong></span> <span class='ocrx_word' id='word_1_733' title='bbox 2048 4879 2189 4949; x_wconf 89' lang='lat' dir='ltr'><strong>apud</strong></span> <span class='ocrx_word' id='word_1_734' title='bbox 2217 4895 2274 4935; x_wconf 92' lang='lat' dir='ltr'><strong>se</strong></span> <span class='ocrx_word' id='word_1_735' title='bbox 2314 4894 2412 4949; x_wconf 89' lang='lat' dir='ltr'><strong>per</strong></span> <span class='ocrx_word' id='word_1_736' title='bbox 2447 4882 2813 4953; x_wconf 88' lang='lat' dir='ltr'><strong>arrogantiam</strong></span> <span class='ocrx_word' id='word_1_737' title='bbox 2848 4884 3089 4951; x_wconf 78' lang='lat' dir='ltr'><strong>exultat,</strong></span> <span class='ocrx_word' id='word_1_738' title='bbox 3129 4888 3272 4942; x_wconf 86' lang='lat' dir='ltr'><strong>sicut</strong></span> <span class='ocrx_word' id='word_1_739' title='bbox 3321 4889 3388 4943; x_wconf 86' lang='lat' dir='ltr'><strong>de</strong></span> 
     </span>
    </p>
   </div>
   <div class='ocr_carea' id='block_1_89' title="bbox 133 4969 1704 5042">
    <p class='ocr_par' dir='ltr' id='par_1_89' title="bbox 133 4969 1704 5042">
     <span class='ocr_line' id='line_1_89' title="bbox 133 4969 1704 5042; baseline 0.004 -21"><span class='ocrx_word' id='word_1_740' title='bbox 133 4977 238 5036; x_wconf 66' lang='lat' dir='ltr'><strong>ergo</strong></span> <span class='ocrx_word' id='word_1_741' title='bbox 262 4984 355 5037; x_wconf 91' lang='lat' dir='ltr'><strong>per</strong></span> <span class='ocrx_word' id='word_1_742' title='bbox 386 4986 585 5025; x_wconf 90' lang='lat' dir='ltr'><strong>nasum</strong></span> <span class='ocrx_word' id='word_1_743' title='bbox 620 4969 880 5024; x_wconf 87' lang='lat' dir='ltr'><strong>discretio</strong></span> <span class='ocrx_word' id='word_1_744' title='bbox 904 4972 1243 5039; x_wconf 80' lang='lat' dir='ltr'><strong>exprimitur,</strong></span> <span class='ocrx_word' id='word_1_745' title='bbox 1272 4988 1370 5042; x_wconf 89' lang='lat' dir='ltr'><strong>per</strong></span> <span class='ocrx_word' id='word_1_746' title='bbox 1408 4989 1569 5042; x_wconf 90' lang='lat' dir='ltr'><strong>quam</strong></span> <span class='ocrx_word' id='word_1_747' title='bbox 1597 4974 1704 5028; x_wconf 86' lang='lat' dir='ltr'><strong>vir-</strong></span> 
     </span>
    </p>
   </div>
   <div class='ocr_carea' id='block_1_90' title="bbox 134 5059 1701 5132">
    <p class='ocr_par' dir='ltr' id='par_1_90' title="bbox 134 5059 1701 5132">
     <span class='ocr_line' id='line_1_90' title="bbox 134 5059 1701 5132; baseline 0.008 -24"><span class='ocrx_word' id='word_1_748' title='bbox 134 5062 253 5113; x_wconf 73' lang='lat' dir='ltr'><strong>tutes</strong></span> <span class='ocrx_word' id='word_1_749' title='bbox 268 5059 543 5132; x_wconf 87' lang='lat' dir='ltr'><strong>eligimus,</strong></span> <span class='ocrx_word' id='word_1_750' title='bbox 568 5059 772 5116; x_wconf 80' lang='lat' dir='ltr'><strong>delicta</strong></span> <span class='ocrx_word' id='word_1_751' title='bbox 808 5061 1179 5128; x_wconf 87' lang='lat' dir='ltr'><strong>reprobamus.</strong></span> <span class='ocrx_word' id='word_1_752' title='bbox 1210 5063 1358 5119; x_wconf 90' lang='lat' dir='ltr'><strong>Unde</strong></span> <span class='ocrx_word' id='word_1_753' title='bbox 1382 5073 1438 5119; x_wconf 91' lang='lat' dir='ltr'><strong>et</strong></span> <span class='ocrx_word' id='word_1_754' title='bbox 1464 5066 1517 5119; x_wconf 90' lang='lat' dir='ltr'><strong>in</strong></span> <span class='ocrx_word' id='word_1_755' title='bbox 1544 5065 1701 5121; x_wconf 86' lang='lat' dir='ltr'><strong>laude</strong></span> 
     </span>
    </p>
   </div>
   <div class='ocr_carea' id='block_1_91' title="bbox 132 5151 1703 5228">
    <p class='ocr_par' dir='ltr' id='par_1_91' title="bbox 132 5151 1703 5228">
     <span class='ocr_line' id='line_1_91' title="bbox 132 5151 1703 5228; baseline 0.008 -28"><span class='ocrx_word' id='word_1_756' title='bbox 132 5160 315 5215; x_wconf 62' lang='lat' dir='ltr'><strong>sponsae</strong></span> <span class='ocrx_word' id='word_1_757' title='bbox 340 5153 544 5208; x_wconf 88' lang='lat' dir='ltr'><strong>dicitur</strong></span> <span class='ocrx_word' id='word_1_758' title='bbox 577 5172 593 5208; x_wconf 89' lang='lat'><strong>:</strong></span> <span class='ocrx_word' id='word_1_759' title='bbox 625 5151 811 5206; x_wconf 84' lang='lat' dir='ltr'><strong>Nasus</strong></span> <span class='ocrx_word' id='word_1_760' title='bbox 853 5160 974 5205; x_wconf 84' lang='lat' dir='ltr'><strong>tuus</strong></span> <span class='ocrx_word' id='word_1_761' title='bbox 1017 5152 1149 5206; x_wconf 87' lang='lat' dir='ltr'><strong>sicut</strong></span> <span class='ocrx_word' id='word_1_762' title='bbox 1196 5156 1356 5209; x_wconf 83' lang='lat' dir='ltr'><strong>turris</strong></span> <span class='ocrx_word' id='word_1_763' title='bbox 1390 5174 1506 5228; x_wconf 67' lang='lat' dir='ltr'><strong>quia</strong></span> <span class='ocrx_word' id='word_1_764' title='bbox 1539 5168 1616 5212; x_wconf 85' lang='lat' dir='ltr'><strong>est</strong></span> <span class='ocrx_word' id='word_1_765' title='bbox 1645 5160 1703 5213; x_wconf 81' lang='lat' dir='ltr'><strong>in</strong></span> 
     </span>
    </p>
   </div>
   <div class='ocr_carea' id='block_1_92' title="bbox 131 5233 1699 5318">
    <p class='ocr_par' dir='ltr' id='par_1_92' title="bbox 131 5233 1699 5318">
     <span class='ocr_line' id='line_1_92' title="bbox 131 5233 1699 5318; baseline 0.013 -33"><span class='ocrx_word' id='word_1_766' title='bbox 131 5233 303 5295; x_wconf 84' lang='lat' dir='ltr'><strong>Libano</strong></span> <span class='ocrx_word' id='word_1_767' title='bbox 338 5242 521 5317; x_wconf 84' lang='lat' dir='ltr'><strong>(Cant.</strong></span> <span class='ocrx_word' id='word_1_768' title='bbox 556 5244 699 5316; x_wconf 86' lang='lat' dir='ltr'><strong>vn);</strong></span> <span class='ocrx_word' id='word_1_769' title='bbox 732 5244 856 5314; x_wconf 86' lang='lat' dir='ltr'><strong>quia</strong></span> <span class='ocrx_word' id='word_1_770' title='bbox 904 5244 1160 5299; x_wconf 88' lang='lat' dir='ltr'><strong>nimirum</strong></span> <span class='ocrx_word' id='word_1_771' title='bbox 1200 5255 1387 5301; x_wconf 88' lang='lat' dir='ltr'><strong>sancta</strong></span> <span class='ocrx_word' id='word_1_772' title='bbox 1419 5248 1659 5305; x_wconf 87' lang='lat' dir='ltr'><strong>Ecclesia</strong></span> <span class='ocrx_word' id='word_1_773' title='bbox 1683 5290 1699 5318; x_wconf 93' lang='lat'><strong>,</strong></span> 
     </span>
    </p>
   </div>
   <div class='ocr_carea' id='block_1_93' title="bbox 131 5334 1702 5409">
    <p class='ocr_par' dir='ltr' id='par_1_93' title="bbox 131 5334 1702 5409">
     <span class='ocr_line' id='line_1_93' title="bbox 131 5334 1702 5409; baseline 0.009 -28"><span class='ocrx_word' id='word_1_774' title='bbox 131 5340 231 5393; x_wconf 69' lang='lat' dir='ltr'><strong>Quae</strong></span> <span class='ocrx_word' id='word_1_775' title='bbox 254 5348 317 5389; x_wconf 81' lang='lat' dir='ltr'><strong>ex</strong></span> <span class='ocrx_word' id='word_1_776' title='bbox 365 5336 554 5392; x_wconf 88' lang='lat' dir='ltr'><strong>causis</strong></span> <span class='ocrx_word' id='word_1_777' title='bbox 598 5335 829 5405; x_wconf 80' lang='lat' dir='ltr'><strong>singulis</strong></span> <span class='ocrx_word' id='word_1_778' title='bbox 879 5343 1261 5406; x_wconf 84' lang='lat' dir='ltr'><strong>temptamenta</strong></span> <span class='ocrx_word' id='word_1_779' title='bbox 1306 5338 1567 5406; x_wconf 86' lang='lat' dir='ltr'><strong>prodeant</strong></span> <span class='ocrx_word' id='word_1_780' title='bbox 1607 5334 1702 5409; x_wconf 88' lang='lat' dir='ltr'><strong>per</strong></span> 
     </span>
    </p>
   </div>
   <div class='ocr_carea' id='block_1_94' title="bbox 131 5416 1699 5496">
    <p class='ocr_par' dir='ltr' id='par_1_94' title="bbox 131 5416 1699 5496">
     <span class='ocr_line' id='line_1_94' title="bbox 131 5416 1699 5496; baseline 0.009 -23"><span class='ocrx_word' id='word_1_781' title='bbox 131 5416 487 5481; x_wconf 86' lang='lat' dir='ltr'><strong>discretionem</strong></span> <span class='ocrx_word' id='word_1_782' title='bbox 518 5426 834 5496; x_wconf 88' lang='lat' dir='ltr'><strong>conspicit,</strong></span> <span class='ocrx_word' id='word_1_783' title='bbox 873 5434 929 5480; x_wconf 91' lang='lat' dir='ltr'><strong>et</strong></span> <span class='ocrx_word' id='word_1_784' title='bbox 970 5436 1197 5483; x_wconf 88' lang='lat' dir='ltr'><strong>ventura</strong></span> <span class='ocrx_word' id='word_1_785' title='bbox 1247 5429 1503 5485; x_wconf 88' lang='lat' dir='ltr'><strong>vitiorum</strong></span> <span class='ocrx_word' id='word_1_786' title='bbox 1561 5431 1699 5487; x_wconf 82' lang='lat' dir='ltr'><strong>bella</strong></span> 
     </span>
    </p>
   </div>
   <div class='ocr_carea' id='block_1_95' title="bbox 130 5512 1700 5587">
    <p class='ocr_par' dir='ltr' id='par_1_95' title="bbox 130 5512 1700 5587">
     <span class='ocr_line' id='line_1_95' title="bbox 130 5512 1700 5587; baseline 0.01 -26"><span class='ocrx_word' id='word_1_787' title='bbox 130 5512 305 5569; x_wconf 78' lang='lat' dir='ltr'><strong>exalta</strong></span> <span class='ocrx_word' id='word_1_788' title='bbox 334 5517 782 5572; x_wconf 85' lang='lat' dir='ltr'><strong>consideratione</strong></span> <span class='ocrx_word' id='word_1_789' title='bbox 824 5516 1194 5587; x_wconf 87' lang='lat' dir='ltr'><strong>deprehendit.</strong></span> <span class='ocrx_word' id='word_1_790' title='bbox 1255 5520 1362 5575; x_wconf 88' lang='lat' dir='ltr'><strong>Sed</strong></span> <span class='ocrx_word' id='word_1_791' title='bbox 1403 5529 1530 5576; x_wconf 91' lang='lat' dir='ltr'><strong>sunt</strong></span> <span class='ocrx_word' id='word_1_792' title='bbox 1568 5538 1700 5578; x_wconf 57' lang='lat' dir='ltr'><strong>non.</strong></span> 
     </span>
    </p>
   </div>
   <div class='ocr_carea' id='block_1_96' title="bbox 130 5600 1700 5686">
    <p class='ocr_par' dir='ltr' id='par_1_96' title="bbox 130 5600 1700 5686">
     <span class='ocr_line' id='line_1_96' title="bbox 130 5600 1700 5686; baseline 0.01 -29"><span class='ocrx_word' id='word_1_793' title='bbox 130 5600 241 5658; x_wconf 84' lang='lat' dir='ltr'><strong>nulli</strong></span> <span class='ocrx_word' id='word_1_794' title='bbox 267 5608 356 5676; x_wconf 89' lang='lat' dir='ltr'><strong>qui</strong></span> <span class='ocrx_word' id='word_1_795' title='bbox 387 5611 519 5664; x_wconf 91' lang='lat' dir='ltr'><strong>dum</strong></span> <span class='ocrx_word' id='word_1_796' title='bbox 550 5609 830 5664; x_wconf 72' lang='lat' dir='ltr'><strong>testimare</strong></span> <span class='ocrx_word' id='word_1_797' title='bbox 856 5625 913 5665; x_wconf 90' lang='lat' dir='ltr'><strong>se</strong></span> <span class='ocrx_word' id='word_1_798' title='bbox 941 5609 1162 5665; x_wconf 87' lang='lat' dir='ltr'><strong>hebetes</strong></span> <span class='ocrx_word' id='word_1_799' title='bbox 1192 5612 1380 5667; x_wconf 90' lang='lat' dir='ltr'><strong>nolunt</strong></span> <span class='ocrx_word' id='word_1_800' title='bbox 1409 5654 1426 5680; x_wconf 94' lang='lat'><strong>,</strong></span> <span class='ocrx_word' id='word_1_801' title='bbox 1467 5630 1611 5686; x_wconf 64' lang='lat' dir='ltr'><strong>saepe</strong></span> <span class='ocrx_word' id='word_1_802' title='bbox 1640 5631 1700 5672; x_wconf 88' lang='lat' dir='ltr'><strong>se</strong></span> 
     </span>
    </p>
   </div>
   <div class='ocr_carea' id='block_1_97' title="bbox 129 5687 1700 5773">
    <p class='ocr_par' dir='ltr' id='par_1_97' title="bbox 129 5687 1700 5773">
     <span class='ocr_line' id='line_1_97' title="bbox 129 5687 1700 5773; baseline 0.013 -28"><span class='ocrx_word' id='word_1_803' title='bbox 129 5687 177 5745; x_wconf 85' lang='lat' dir='ltr'><strong>in</strong></span> <span class='ocrx_word' id='word_1_804' title='bbox 201 5698 519 5765; x_wconf 86' lang='lat' dir='ltr'><strong>quibusdam</strong></span> <span class='ocrx_word' id='word_1_805' title='bbox 562 5700 1010 5769; x_wconf 87' lang='lat' dir='ltr'><strong>inquisitionibus</strong></span> <span class='ocrx_word' id='word_1_806' title='bbox 1047 5702 1329 5773; x_wconf 83' lang='lat' dir='ltr'><strong>plusquam</strong></span> <span class='ocrx_word' id='word_1_807' title='bbox 1363 5720 1588 5763; x_wconf 86' lang='lat' dir='ltr'><strong>necesse</strong></span> <span class='ocrx_word' id='word_1_808' title='bbox 1615 5718 1700 5765; x_wconf 79' lang='lat' dir='ltr'><strong>est</strong></span> 
     </span>
    </p>
   </div>
   <div class='ocr_carea' id='block_1_98' title="bbox 128 5791 1697 5858">
    <p class='ocr_par' dir='ltr' id='par_1_98' title="bbox 128 5791 1697 5858">
     <span class='ocr_line' id='line_1_98' title="bbox 128 5791 1697 5858; baseline 0.005 -9"><span class='ocrx_word' id='word_1_809' title='bbox 128 5791 446 5858; x_wconf 44' lang='lat' dir='ltr'><strong>“ementes,</strong></span> <span class='ocrx_word' id='word_1_810' title='bbox 475 5807 546 5846; x_wconf 79' lang='lat' dir='ltr'><strong>ex</strong></span> <span class='ocrx_word' id='word_1_811' title='bbox 578 5791 753 5847; x_wconf 84' lang='lat' dir='ltr'><strong>nimia</strong></span> <span class='ocrx_word' id='word_1_812' title='bbox 780 5791 1077 5849; x_wconf 83' lang='lat' dir='ltr'><strong>subtilitate</strong></span> <span class='ocrx_word' id='word_1_813' title='bbox 1120 5794 1399 5853; x_wconf 71' lang='lat' dir='ltr'><strong>falluntur.</strong></span> <span class='ocrx_word' id='word_1_814' title='bbox 1427 5798 1581 5855; x_wconf 88' lang='lat' dir='ltr'><strong>Unde</strong></span> <span class='ocrx_word' id='word_1_815' title='bbox 1606 5801 1697 5857; x_wconf 81' lang='lat' dir='ltr'><strong>hic</strong></span> 
     </span>
    </p>
   </div>
   <div class='ocr_carea' id='block_1_99' title="bbox 132 5880 1696 5953">
    <p class='ocr_par' dir='ltr' id='par_1_99' title="bbox 132 5880 1696 5953">
     <span class='ocr_line' id='line_1_99' title="bbox 132 5880 1696 5953; baseline 0.008 -20"><span class='ocrx_word' id='word_1_816' title='bbox 132 5883 324 5947; x_wconf 76' lang='lat' dir='ltr'><strong>quoque</strong></span> <span class='ocrx_word' id='word_1_817' title='bbox 364 5883 623 5940; x_wconf 88' lang='lat' dir='ltr'><strong>subditur</strong></span> <span class='ocrx_word' id='word_1_818' title='bbox 663 5901 675 5935; x_wconf 87' lang='lat'><strong>:</strong></span> <span class='ocrx_word' id='word_1_819' title='bbox 731 5880 821 5938; x_wconf 81' lang='lat' dir='ltr'><strong>Vel</strong></span> <span class='ocrx_word' id='word_1_820' title='bbox 864 5885 1053 5953; x_wconf 85' lang='lat' dir='ltr'><strong>grandi</strong></span> <span class='ocrx_word' id='word_1_821' title='bbox 1092 5896 1139 5940; x_wconf 88' lang='lat' dir='ltr'><strong>et</strong></span> <span class='ocrx_word' id='word_1_822' title='bbox 1177 5896 1311 5942; x_wconf 86' lang='lat' dir='ltr'><strong>torto</strong></span> <span class='ocrx_word' id='word_1_823' title='bbox 1340 5906 1489 5944; x_wconf 84' lang='lat' dir='ltr'><strong>naso.</strong></span> <span class='ocrx_word' id='word_1_824' title='bbox 1522 5888 1696 5947; x_wconf 87' lang='lat' dir='ltr'><strong>Nasus</strong></span> 
     </span>
    </p>
   </div>
   <div class='ocr_carea' id='block_1_100' title="bbox 1803 4971 3382 5052">
    <p class='ocr_par' dir='ltr' id='par_1_100' title="bbox 1803 4971 3382 5052">
     <span class='ocr_line' id='line_1_100' title="bbox 1803 4971 3382 5052; baseline 0.007 -29"><span class='ocrx_word' id='word_1_825' title='bbox 1803 4971 2129 5039; x_wconf 88' lang='lat' dir='ltr'><strong>quibusdam</strong></span> <span class='ocrx_word' id='word_1_826' title='bbox 2159 4972 2360 5027; x_wconf 88' lang='lat' dir='ltr'><strong>dicitur</strong></span> <span class='ocrx_word' id='word_1_827' title='bbox 2390 4987 2404 5026; x_wconf 90' lang='lat'><strong>:</strong></span> <span class='ocrx_word' id='word_1_828' title='bbox 2432 4971 2675 5027; x_wconf 80' lang='lat' dir='ltr'><strong>Dicentes</strong></span> <span class='ocrx_word' id='word_1_829' title='bbox 2697 4975 2837 5029; x_wconf 83' lang='lat' dir='ltr'><strong>enim</strong></span> <span class='ocrx_word' id='word_1_830' title='bbox 2878 4993 2932 5030; x_wconf 87' lang='lat' dir='ltr'><strong>se</strong></span> <span class='ocrx_word' id='word_1_831' title='bbox 2968 4993 3078 5032; x_wconf 86' lang='lat' dir='ltr'><strong>esse</strong></span> <span class='ocrx_word' id='word_1_832' title='bbox 3102 4981 3382 5052; x_wconf 80' lang='lat' dir='ltr'><strong>sapientes,</strong></span> 
     </span>
    </p>
   </div>
   <div class='ocr_carea' id='block_1_101' title="bbox 1804 5058 3384 5138">
    <p class='ocr_par' dir='ltr' id='par_1_101' title="bbox 1804 5058 3384 5138">
     <span class='ocr_line' id='line_1_101' title="bbox 1804 5058 3384 5138; baseline 0.008 -25"><span class='ocrx_word' id='word_1_833' title='bbox 1804 5060 1950 5114; x_wconf 84' lang='lat' dir='ltr'><strong>stulti</strong></span> <span class='ocrx_word' id='word_1_834' title='bbox 1979 5060 2108 5131; x_wconf 81' lang='lat' dir='ltr'><strong>facti</strong></span> <span class='ocrx_word' id='word_1_835' title='bbox 2128 5071 2246 5115; x_wconf 83' lang='lat' dir='ltr'><strong>sunt</strong></span> <span class='ocrx_word' id='word_1_836' title='bbox 2274 5060 2462 5133; x_wconf 85' lang='lat' dir='ltr'><strong>(Rom.</strong></span> <span class='ocrx_word' id='word_1_837' title='bbox 2488 5061 2551 5134; x_wconf 88' lang='grc' dir='ltr'><strong>ι).</strong></span> <span class='ocrx_word' id='word_1_838' title='bbox 2576 5058 2766 5135; x_wconf 83' lang='lat' dir='ltr'><strong>Jugem</strong></span> <span class='ocrx_word' id='word_1_839' title='bbox 2788 5080 2915 5120; x_wconf 82' lang='lat' dir='ltr'><strong>vero</strong></span> <span class='ocrx_word' id='word_1_840' title='bbox 2936 5066 3098 5122; x_wconf 88' lang='lat' dir='ltr'><strong>habet</strong></span> <span class='ocrx_word' id='word_1_841' title='bbox 3126 5068 3384 5138; x_wconf 85' lang='lat' dir='ltr'><strong>scabiem,</strong></span> 
     </span>
    </p>
   </div>
   <div class='ocr_carea' id='block_1_102' title="bbox 1803 5152 3383 5222">
    <p class='ocr_par' dir='ltr' id='par_1_102' title="bbox 1803 5152 3383 5222">
     <span class='ocr_line' id='line_1_102' title="bbox 1803 5152 3383 5222; baseline 0.004 -16"><span class='ocrx_word' id='word_1_842' title='bbox 1803 5152 1889 5206; x_wconf 90' lang='lat' dir='ltr'><strong>cui</strong></span> <span class='ocrx_word' id='word_1_843' title='bbox 1932 5153 2114 5207; x_wconf 87' lang='lat' dir='ltr'><strong>carnis</strong></span> <span class='ocrx_word' id='word_1_844' title='bbox 2141 5152 2439 5222; x_wconf 88' lang='lat' dir='ltr'><strong>petulantia</strong></span> <span class='ocrx_word' id='word_1_845' title='bbox 2476 5154 2593 5208; x_wconf 90' lang='lat' dir='ltr'><strong>sine</strong></span> <span class='ocrx_word' id='word_1_846' title='bbox 2625 5157 2930 5211; x_wconf 87' lang='lat' dir='ltr'><strong>cessatione</strong></span> <span class='ocrx_word' id='word_1_847' title='bbox 2975 5159 3284 5215; x_wconf 86' lang='lat' dir='ltr'><strong>dominatur</strong></span> <span class='ocrx_word' id='word_1_848' title='bbox 3329 5158 3383 5213; x_wconf 78' lang='lat' dir='ltr'><strong>ili</strong></span> 
     </span>
    </p>
   </div>
   <div class='ocr_carea' id='block_1_103' title="bbox 1803 5242 3381 5305">
    <p class='ocr_par' dir='ltr' id='par_1_103' title="bbox 1803 5242 3381 5305">
     <span class='ocr_line' id='line_1_103' title="bbox 1803 5242 3381 5305; baseline 0.005 -10"><span class='ocrx_word' id='word_1_849' title='bbox 1803 5250 2008 5296; x_wconf 89' lang='lat' dir='ltr'><strong>monte.</strong></span> <span class='ocrx_word' id='word_1_850' title='bbox 2038 5242 2096 5296; x_wconf 79' lang='lat' dir='ltr'><strong>in</strong></span> <span class='ocrx_word' id='word_1_851' title='bbox 2132 5244 2315 5298; x_wconf 87' lang='lat' dir='ltr'><strong>scabie</strong></span> <span class='ocrx_word' id='word_1_852' title='bbox 2356 5245 2555 5299; x_wconf 87' lang='lat' dir='ltr'><strong>etenim</strong></span> <span class='ocrx_word' id='word_1_853' title='bbox 2581 5244 2760 5303; x_wconf 88' lang='lat' dir='ltr'><strong>fervor</strong></span> <span class='ocrx_word' id='word_1_854' title='bbox 2784 5248 3055 5303; x_wconf 90' lang='lat' dir='ltr'><strong>viscerum</strong></span> <span class='ocrx_word' id='word_1_855' title='bbox 3094 5251 3161 5305; x_wconf 91' lang='lat' dir='ltr'><strong>ad</strong></span> <span class='ocrx_word' id='word_1_856' title='bbox 3204 5259 3381 5304; x_wconf 80' lang='lat' dir='ltr'><strong>cutem</strong></span> 
     </span>
    </p>
   </div>
   <div class='ocr_carea' id='block_1_104' title="bbox 1805 5334 3381 5411">
    <p class='ocr_par' dir='ltr' id='par_1_104' title="bbox 1805 5334 3381 5411">
     <span class='ocr_line' id='line_1_104' title="bbox 1805 5334 3381 5411; baseline 0.005 -24"><span class='ocrx_word' id='word_1_857' title='bbox 1805 5334 2064 5399; x_wconf 87' lang='lat' dir='ltr'><strong>trahitur,</strong></span> <span class='ocrx_word' id='word_1_858' title='bbox 2104 5352 2202 5405; x_wconf 91' lang='lat' dir='ltr'><strong>per</strong></span> <span class='ocrx_word' id='word_1_859' title='bbox 2237 5352 2399 5407; x_wconf 87' lang='lat' dir='ltr'><strong>quam</strong></span> <span class='ocrx_word' id='word_1_860' title='bbox 2443 5347 2589 5393; x_wconf 87' lang='lat' dir='ltr'><strong>recte</strong></span> <span class='ocrx_word' id='word_1_861' title='bbox 2622 5337 2835 5395; x_wconf 78' lang='lat' dir='ltr'><strong>luxuria</strong></span> <span class='ocrx_word' id='word_1_862' title='bbox 2871 5342 3199 5411; x_wconf 87' lang='lat' dir='ltr'><strong>designatur.</strong></span> <span class='ocrx_word' id='word_1_863' title='bbox 3243 5340 3381 5406; x_wconf 83' lang='lat' dir='ltr'><strong>Quia</strong></span> 
     </span>
    </p>
   </div>
   <div class='ocr_carea' id='block_1_105' title="bbox 1802 5425 3379 5501">
    <p class='ocr_par' dir='ltr' id='par_1_105' title="bbox 1802 5425 3379 5501">
     <span class='ocr_line' id='line_1_105' title="bbox 1802 5425 3379 5501; baseline 0.003 -20"><span class='ocrx_word' id='word_1_864' title='bbox 1802 5425 1852 5481; x_wconf 89' lang='lat' dir='ltr'><strong>si</strong></span> <span class='ocrx_word' id='word_1_865' title='bbox 1902 5426 2083 5501; x_wconf 84' lang='lat' dir='ltr'><strong>cordis</strong></span> <span class='ocrx_word' id='word_1_866' title='bbox 2116 5428 2394 5496; x_wconf 86' lang='lat' dir='ltr'><strong>temptatio</strong></span> <span class='ocrx_word' id='word_1_867' title='bbox 2421 5444 2591 5500; x_wconf 88' lang='lat' dir='ltr'><strong>usque</strong></span> <span class='ocrx_word' id='word_1_868' title='bbox 2618 5430 2689 5484; x_wconf 78' lang='lat' dir='ltr'><strong>ad</strong></span> <span class='ocrx_word' id='word_1_869' title='bbox 2713 5430 3081 5500; x_wconf 79' lang='lat' dir='ltr'><strong>operatltmem</strong></span> <span class='ocrx_word' id='word_1_870' title='bbox 3126 5430 3338 5499; x_wconf 89' lang='lat' dir='ltr'><strong>prosilit</strong></span> <span class='ocrx_word' id='word_1_871' title='bbox 3362 5468 3379 5498; x_wconf 86' lang='lat'><strong>,</strong></span> 
     </span>
    </p>
   </div>
   <div class='ocr_carea' id='block_1_106' title="bbox 1804 5520 3379 5593">
    <p class='ocr_par' dir='ltr' id='par_1_106' title="bbox 1804 5520 3379 5593">
     <span class='ocr_line' id='line_1_106' title="bbox 1804 5520 3379 5593; baseline 0.003 -19"><span class='ocrx_word' id='word_1_872' title='bbox 1804 5520 2061 5574; x_wconf 88' lang='lat' dir='ltr'><strong>nimirum</strong></span> <span class='ocrx_word' id='word_1_873' title='bbox 2094 5520 2274 5576; x_wconf 88' lang='lat' dir='ltr'><strong>fervor</strong></span> <span class='ocrx_word' id='word_1_874' title='bbox 2300 5522 2524 5578; x_wconf 88' lang='lat' dir='ltr'><strong>intimus</strong></span> <span class='ocrx_word' id='word_1_875' title='bbox 2543 5538 2715 5593; x_wconf 87' lang='lat' dir='ltr'><strong>usque</strong></span> <span class='ocrx_word' id='word_1_876' title='bbox 2733 5522 2802 5576; x_wconf 89' lang='lat' dir='ltr'><strong>ad</strong></span> <span class='ocrx_word' id='word_1_877' title='bbox 2824 5522 2967 5576; x_wconf 86' lang='lat' dir='ltr'><strong>cutis</strong></span> <span class='ocrx_word' id='word_1_878' title='bbox 2992 5521 3226 5576; x_wconf 86' lang='lat' dir='ltr'><strong>scabiem</strong></span> <span class='ocrx_word' id='word_1_879' title='bbox 3249 5537 3379 5591; x_wconf 82' lang='lat' dir='ltr'><strong>pro—</strong></span> 
     </span>
    </p>
   </div>
   <div class='ocr_carea' id='block_1_107' title="bbox 1804 5611 3379 5686">
    <p class='ocr_par' dir='ltr' id='par_1_107' title="bbox 1804 5611 3379 5686">
     <span class='ocr_line' id='line_1_107' title="bbox 1804 5611 3379 5686; baseline 0.004 -21"><span class='ocrx_word' id='word_1_880' title='bbox 1804 5612 2026 5681; x_wconf 85' lang='lat' dir='ltr'><strong>rumpit,</strong></span> <span class='ocrx_word' id='word_1_881' title='bbox 2054 5620 2106 5669; x_wconf 88' lang='lat' dir='ltr'><strong>et</strong></span> <span class='ocrx_word' id='word_1_882' title='bbox 2152 5613 2300 5671; x_wconf 88' lang='lat' dir='ltr'><strong>foras</strong></span> <span class='ocrx_word' id='word_1_883' title='bbox 2326 5614 2439 5683; x_wconf 85' lang='lat' dir='ltr'><strong>iam</strong></span> <span class='ocrx_word' id='word_1_884' title='bbox 2482 5632 2679 5686; x_wconf 88' lang='lat' dir='ltr'><strong>corpus</strong></span> <span class='ocrx_word' id='word_1_885' title='bbox 2729 5613 2954 5678; x_wconf 89' lang='lat' dir='ltr'><strong>sauciat,</strong></span> <span class='ocrx_word' id='word_1_886' title='bbox 2993 5611 3121 5682; x_wconf 90' lang='lat' dir='ltr'><strong>quia</strong></span> <span class='ocrx_word' id='word_1_887' title='bbox 3151 5612 3276 5669; x_wconf 91' lang='lat' dir='ltr'><strong>dum</strong></span> <span class='ocrx_word' id='word_1_888' title='bbox 3324 5615 3379 5673; x_wconf 89' lang='lat' dir='ltr'><strong>in</strong></span> 
     </span>
    </p>
   </div>
   <div class='ocr_carea' id='block_1_108' title="bbox 1801 5696 3393 5778">
    <p class='ocr_par' dir='ltr' id='par_1_108' title="bbox 1801 5696 3393 5778">
     <span class='ocr_line' id='line_1_108' title="bbox 1801 5696 3393 5778; baseline 0.002 -17"><span class='ocrx_word' id='word_1_889' title='bbox 1801 5704 2129 5775; x_wconf 82' lang='lat' dir='ltr'><strong>cogitatione</strong></span> <span class='ocrx_word' id='word_1_890' title='bbox 2150 5708 2398 5778; x_wconf 85' lang='lat' dir='ltr'><strong>voluptas</strong></span> <span class='ocrx_word' id='word_1_891' title='bbox 2420 5724 2525 5762; x_wconf 90' lang='lat' dir='ltr'><strong>non</strong></span> <span class='ocrx_word' id='word_1_892' title='bbox 2551 5704 2884 5774; x_wconf 84' lang='lat' dir='ltr'><strong>reprimitur,</strong></span> <span class='ocrx_word' id='word_1_893' title='bbox 2897 5701 3064 5756; x_wconf 84' lang='lat' dir='ltr'><strong>etiam</strong></span> <span class='ocrx_word' id='word_1_894' title='bbox 3086 5702 3143 5760; x_wconf 89' lang='lat' dir='ltr'><strong>in</strong></span> <span class='ocrx_word' id='word_1_895' title='bbox 3167 5696 3393 5765; x_wconf 84' lang='lat' dir='ltr'><strong>actione</strong></span> 
     </span>
    </p>
   </div>
   <div class='ocr_carea' id='block_1_109' title="bbox 1800 5793 3377 5866">
    <p class='ocr_par' dir='ltr' id='par_1_109' title="bbox 1800 5793 3377 5866">
     <span class='ocr_line' id='line_1_109' title="bbox 1800 5793 3377 5866; baseline 0.003 -13"><span class='ocrx_word' id='word_1_896' title='bbox 1800 5797 2129 5854; x_wconf 83' lang='lat' dir='ltr'><strong>dominatur.</strong></span> <span class='ocrx_word' id='word_1_897' title='bbox 2161 5797 2329 5866; x_wconf 82' lang='lat' dir='ltr'><strong>Quasi</strong></span> <span class='ocrx_word' id='word_1_898' title='bbox 2358 5798 2504 5853; x_wconf 88' lang='lat' dir='ltr'><strong>enim</strong></span> <span class='ocrx_word' id='word_1_899' title='bbox 2528 5795 2672 5852; x_wconf 86' lang='lat' dir='ltr'><strong>cutis</strong></span> <span class='ocrx_word' id='word_1_900' title='bbox 2701 5793 3034 5866; x_wconf 81' lang='lat' dir='ltr'><strong>pruriginem</strong></span> <span class='ocrx_word' id='word_1_901' title='bbox 3060 5797 3261 5855; x_wconf 70' lang='lat' dir='ltr'><strong>Paulus</strong></span> <span class='ocrx_word' id='word_1_902' title='bbox 3287 5817 3377 5857; x_wconf 84' lang='lat' dir='ltr'><strong>cu-</strong></span> 
     </span>
    </p>
   </div>
   <div class='ocr_carea' id='block_1_110' title="bbox 1804 5884 3380 5963">
    <p class='ocr_par' dir='ltr' id='par_1_110' title="bbox 1804 5884 3380 5963">
     <span class='ocr_line' id='line_1_110' title="bbox 1804 5884 3380 5963; baseline 0.003 -17"><span class='ocrx_word' id='word_1_903' title='bbox 1804 5890 1957 5947; x_wconf 89' lang='lat' dir='ltr'><strong>rabat</strong></span> <span class='ocrx_word' id='word_1_904' title='bbox 2006 5893 2315 5963; x_wconf 83' lang='lat' dir='ltr'><strong>abstergere</strong></span> <span class='ocrx_word' id='word_1_905' title='bbox 2364 5906 2489 5946; x_wconf 85' lang='lat' dir='ltr'><strong>cum</strong></span> <span class='ocrx_word' id='word_1_906' title='bbox 2522 5888 2737 5945; x_wconf 87' lang='lat' dir='ltr'><strong>dicebat</strong></span> <span class='ocrx_word' id='word_1_907' title='bbox 2771 5906 2784 5942; x_wconf 91' lang='lat'>:</span> <span class='ocrx_word' id='word_1_908' title='bbox 2820 5884 3110 5961; x_wconf 81' lang='lat' dir='ltr'><strong>Temptatio</strong></span> <span class='ocrx_word' id='word_1_909' title='bbox 3150 5910 3235 5950; x_wconf 83' lang='lat' dir='ltr'><strong>vos</strong></span> <span class='ocrx_word' id='word_1_910' title='bbox 3276 5910 3380 5951; x_wconf 81' lang='lat' dir='ltr'><strong>non</strong></span> 
     </span>
    </p>
   </div>
   <div class='ocr_carea' id='block_1_111' title="bbox 2764 5978 2777 6003">
    <p class='ocr_par' dir='ltr' id='par_1_111' title="bbox 2764 5978 2777 6003">
     <span class='ocr_line' id='line_1_111' title="bbox 2764 5978 2777 6003; baseline 0 0"><span class='ocrx_word' id='word_1_911' title='bbox 2764 5978 2777 6003; x_wconf 66' lang='grc' dir='ltr'>ι</span> 
     </span>
    </p>
   </div>
  </div>
