3994 6352
459 400 567 461 487

1115 389 1180 443 Β.
1217 382 1477 444 RABANI
1513 376 1735 438 MIA'URI
1771 370 2096 436 ARCHIEP.
2133 368 2447 427 MOGUNT.
2485 362 2773 426 OPERUM
2807 359 3072 421 PARS'I.

3619 357 3736 416 488

457 503 814 582 apprehendat
853 500 956 556 nisi
993 500 1228 554 humana
1271 496 1334 567 (Ι
1363 494 1485 550 Cor.
1527 493 1606 565 ι).
1652 491 1730 546 Ac
1775 490 1821 545 si
1861 493 2044 582 aperte
2069 486 2124 546 Α
2149 482 2286 582 libet
2357 481 2738 582 praedictarum
2785 475 3140 582 ‘macularum
3196 471 3740 582 habentem;

451 563 667 661 diceret
688 639 703 666 ,
747 597 1059 652 Humanum
1085 563 1303 663 quidem
1330 597 1415 644 est
1457 587 1514 642 in
1545 563 1708 641 corde
1735 581 2042 652 temptatio-
2133 574 2324 666 velum
2353 582 2538 666 tamen
2569 581 2628 627 et
2655 571 2726 626 ad
2752 569 2966 666 altarc,_
2993 582 3193 666 corpus
3219 563 3737 666 videlicet—Christi,

455 707 583 749 nem
609 686 838 760 perpeti,
857 682 1215 739 daemonicum
1239 695 1370 734 vero
1391 685 1474 734 est
1498 673 1796 733 certamine
1817 679 2042 740 tempta-

456 781 626 838 tionis
645 787 702 834 et
725 779 780 834 in
807 773 1124 847 operatione
1147 770 1408 842 superari.

533 869 905 942 lmpetiginem
947 878 1166 936 quoque
1217 863 1384 916 habet
1420 860 1476 914 in
1524 869 1752 929 corpore
1795 851 2043 926 quisquis

463 964 695 1023 avaritia
723 967 972 1017 vastatur
1015 958 1073 1012 in
1114 963 1334 1020 mente;
1385 950 1580 1022 quae-si
1625 947 1906 1020 inpparvis
1934 959 2042 1001 non

464 1054 847 1127 compescitur,
888 1049 1146 1105 nimirum
1173 1047 1290 1104 sine
1319 1057 1572 1102 mensura
1612 1040 1884 1096 dilatatur.
1935 1037 2042 1092 lm-

461 1149 646 1222 petigo
669 1146 865 1218 quippe
891 1144 1008 1199 sine
1035 1140 1219 1196 dolore
1247 1153 1445 1222 corpus
1465 1142 1712 1204 occupat,
1758 1139 1814 1186 et
1841 1130 2045 1200 absque

463 1221 895 1315 oceupati‘tzedio
918 1249 1255 1301 excrescens,
1285 1221 1650 1287 membrorum
1677 1227 1926 1282 decorem
1947 1221 2046 1277 roe—

465 1338 596 1402 dat;
631 1334 756 1405 quia
781 1339 835 1385 et
877 1328 1100 1384 avaritia
1129 1326 1270 1396 capti
1301 1324 1572 1402 animum,
1617 1321 1742 1376 dum
1771 1317 1924 1388 quasi
1949 1316 2044 1371 de-

457 1428 648 1491 lectat,
680 1415 976 1486 exulcerat,
1023 1408 1151 1474 dum
1201 1414 1548 1486 adipiscenda
1578 1427 1806 1484 qumque
1844 1407 2047 1494 cogita-

467 1517 600 1574 tioni
624 1513 829 1583 objicit,
858 1513 926 1568 ad
956 1507 1272 1565 inimicitias
1323 1505 1592 1570 accendit,
1628 1513 1685 1559 et
1718 1503 1958 1558 dolorem
1989 1499 2048 1554 in

463 1608 691 1662 vulnere
738 1620 848 1659 non
903 1599 1056 1668 facit,
1091 1601 1216 1670 quia
1259 1601 1510 1654 aestuanti
1556 1595 1739 1650 animo
1793 1609 1858 1646 ex
1889 1591 2046 1660 culpa

2143 665 2198 721 id
2226 673 2329 732 est,
2377 665 2692 720 ministrare
2741 663 2822 717 sic
2867 661 3056 716 ethoc
3102 660 3331 715 forsitan
3361 659 3420 713 in
3467 659 3740 716 Eccleﬁis

2143 758 2396 813 invenies
2416 745 2702 813 custodiri.
2755 753 2813 809 Si
2838 753 2966 823 quis
3000 751 3146 806 enim
3185 752 3518 821 approbatus
3567 751 3741 808 fuerit

2143 851 2481 907 sacerdotem
2507 830 3060 904 maculam-habuisse
3089 845 3384 914 aliquando
3429 845 3652 911 animus,
3681 853 3739 900 et

2139 944 2220 1000 ab
2233 958 2299 999 ea
2329 942 2582 1008 cessavit,
2634 939 2839 996 sanctis
2883 936 3101 1009 quidem
3143 935 3558 992 communicare
3611 949 3729 991 non

2144 1033 2504 1106 prohibetur;
2559 1031 2878 1086 ministrare
2920 1035 3104 1082 autem
3154 1027 3299 1082 hunc
3345 1026 3440 1096 qui
3491 1025 3738 1082 taiisest

2143 1141 2255 1184 non
2297 1127 2451 1193 licet,
2481 1139 2584 1180 nec
2605 1125 2674 1180 ad
2713 1122 2896 1178 velum
2926 1119 3209 1184 accedere,
3237 1126 3298 1173 et
3345 1118 3414 1173 ad
3447 1118 3648 1184 altare,
3683 1118 3737 1172 id

2143 1230 2249 1286 est,
2275 1221 2343 1274 ad
2366 1233 2562 1290 corpus
2583 1216 2798 1273 Domini
2819 1223 2886 1270 ut
2903 1215 3026 1286 ejus
3063 1214 3426 1268 ministerium
3461 1217 3734 1282 peragat.

2145 1309 2266 1369 Hoc
2285 1311 2488 1368 etenim
2515 1311 2697 1365 velum
2741 1315 2799 1364 et
2825 1305 3000 1362 altare
3035 1306 3250 1361 Pauius
3285 1305 3538 1360 Πρω-κίε
3557 1304 3736 1360 "scri-

2146 1406 2302 1470 bens,
2330 1403 2514 1458 docuit
2541 1421 2556 1455 :
2589 1391 2860 1454 Habemus
2885 1397 3076 1463 altare,
3111 1397 3177 1451 de
3201 1411 3304 1468 quo
3330 1395 3609 1450 consedere
3629 1413 3737 1449 non

2146 1495 2338 1550 habent
2361 1501 2668 1565 potestatem
2690 1491 2746 1545 hi
2771 1491 2862 1561 qui
2887 1486 3226 1544 tabernaculo
3257 1486 3504 1550 serviunt,
3537 1484 3737 1539 videli-

2148 1595 2237 1643 cet
2272 1584 2545 1641 Dominici
2591 1582 2857 1653 corporis.
2902 1579 3018 1637 Hoc
3065 1580 3214 1635 enim
3261 1577 3479 1642 ludatis,
3509 1587 3738 1648 propter

465 1696 854 1754 abundantiam
891 1690 1180 1764 promittit.
1227 1687 1334 1742 Sed
1368 1687 1532 1742 decor
1558 1684 1928 1738 membrorum
1949 1694 2049 1749 per
2153 1677 2596 1735 incredulitatem
2647 1683 2702 1731 et
2737 1674 3056 1730 servitutem
3087 1672 3282 1727 litterae
3315 1672 3396 1726 uti
3435 1685 3548 1727 non
3585 1670 3732 1725 licet.

464 1787 840 1860 impetiginem
882 1784 1151 1854 perditur,
1189 1781 1315 1850 quia
1363 1777 1593 1832 aliarum
1638 1788 1850 1845 quoque
1875 1775 2046 1827 virtu-

467 1890 582 1935 tum
606 1876 952 1949 pulchritudo
987 1889 1087 1944 per
1141 1873 1284 1926 hanc
1309 1871 1656 1940 depravatur,
1687 1875 1741 1923 et
1770 1866 1926 1938 quasi
1957 1874 2040 1920 to-

469 1981 585 2028 tum
609 1983 808 2040 corpus
842 1973 1146 2036 exasperat,
1184 1963 1310 2033 quia
1337 1977 1438 2032 per
1478 1959 1732 2014 universa
1757 1957 1890 2012 vitia
1921 1955 2040 2010 ani-

474 2079 624 2120 mum
654 2062 980 2133 supplantat,
1017 2057 1187 2114 Paulo
1232 2065 1544 2119 attestante,
1579 2055 1671 2124 qui
1715 2053 1831 2108 ait:
1867 2051 2045 2105 Radix

469 2155 702 2219 omnium
739 2154 1001 2208 malorum
1027 2151 1101 2207 est
1138 2149 1400 2222 cupiditas
1451 2147 1502 2221 (I
1535 2147 1669 2201 Tim.
1702 2145 1799 2218 v1).
1837 2144 2045 2201 Ponde-

465 2261 626 2304 rosus
654 2260 784 2302 vero
805 2253 890 2300 est
916 2243 1010 2315 qui
1039 2243 1429 2314 turpitudinem
1458 2253 1564 2294 non
1593 2245 1812 2293 exercet
1838 2237 1893 2290 in
1917 2249 2046 2306 ope-

469 2354 554 2406 re,
595 2338 690 2395 sed
747 2345 931 2392 tamen
985 2336 1052 2391 ab
1084 2336 1189 2390 hac
1242 2332 1573 2404 cogitatione
1629 2329 1886 2385 continua
1927 2327 2044 2381 sine

471 2428 842 2487 moderamine
889 2434 1147 2499 gravatur
1204 2424 1260 2478 i'n
1301 2431 1503 2489 mente,
1562 2422 1653 2492 qui
1705 2434 2046 2490 nequaquam

470 2521 692 2592 quidem
720 2534 894 2590 usque
921 2521 990 2573 ad
1049 2533 1183 2590 opus
1210 2515 1482 2572 nefarium
1535 2514 1767 2584 rapitur,
1799 2511 1892 2566 sed
1926 2508 2044 2579 ejus

471 2609 684 2664 animus
732 2608 998 2681 voluptati
1050 2607 1280 2662 luxurite
1337 2607 1451 2662 sive
1480 2604 1588 2660 ullo
1639 2601 2047 2674 repugnationis

475 2703 757 2759 obstaculo
787 2702 1108 2758 delectatur.
1148 2700 1354 2755 Vitium
1408 2698 1605 2770 quippe
1631 2707 1714 2752 est
1769 2695 2044 2766 ponderis,

471 2809 596 2848 cum
648 2794 846 2848 humor
889 2792 1166 2846 viscerum
1196 2790 1264 2844 ad
1295 2789 1438 2844 vires
1468 2787 1688 2851 labitur,
1723 2801 1842 2856 qua:
1869 2785 2047 2856 profe-

469 2892 560 2940 cto
593 2899 719 2939 cum
769 2882 1020 2938 molestia
1069 2880 1350 2936 dedecoris
1399 2878 1788 2933 intumescunt.
1838 2875 2048 2931 Ponde-

469 2991 628 3032 rosus
657 2990 786 3046 ergo
815 2982 900 3030 est
932 2973 1024 3045 qui
1062 2973 1190 3027 totis
1218 2971 1635 3042 cogitationibus
1669 2968 1738 3023 ad
1765 2968 2045 3024 lasciviam

469 3064 730 3132 defluens,
779 3067 988 3136 pondus
1023 3063 1376 3135 turpitudinis
1415 3070 1595 3134 gestat
1645 3061 1701 3116 in
1757 3061 1944 3126 corde,
1992 3068 2047 3114 et

469 3156 720 3226 quamvis
763 3171 952 3228 prava,
981 3169 1090 3209 non
1123 3161 1381 3210 exerceat
1408 3167 1593 3224 opera,
1655 3153 1724 3206 ab
1747 3151 1833 3206 his
1863 3160 2044 3206 tamen

477 3260 588 3299 non
627 3244 875 3299 evellitur
925 3244 1124 3299 mentis
1177 3244 1395 3309 intuitu,
1452 3257 1551 3297 nec
1603 3241 1672 3296 ad
1709 3256 1869 3297 usum
1920 3240 2048 3294 boni

474 3334 659 3406 operis
685 3334 740 3388 in
784 3341 974 3404 aperto
1016 3333 1162 3388 valet
1197 3348 1506 3404 assurgere,
1535 3333 1661 3404 quia
1688 3341 1878 3405 gravat
1904 3332 2052 3387 hunc

478 3424 534 3479 in
567 3423 766 3479 abditis
811 3423 1024 3495 pondus
1073 3431 1246 3494 turpe.
1283 3422 1391 3494 (Ea:
1442 3421 1748 3495 Hesychia.)
1797 3423 2052 3494 Quisquis

475 3530 609 3587 ergo
638 3514 877 3586 quolibet
900 3515 1093 3570 horum
1132 3515 1387 3571 vitiorum
1415 3514 1716 3583 subjicitur,
1746 3532 1916 3587 panes
1941 3517 2049 3571 D0-

480 3607 629 3662 mino
650 3605 848 3664 offerre
872 3607 1215 3680 prohibetur,
1244 3623 1313 3664 ne
1340 3606 1588 3679 profecto
1621 3607 1827 3664 diluere
1872 3609 2050 3664 aliena

475 3697 672 3756 delicta
698 3715 806 3755 non
825 3700 1004 3756 valeat
1035 3700 1082 3756 is
1105 3715 1267 3770 quem
1297 3701 1473 3756 adhuc
1498 3701 1720 3773 propria
1744 3702 2049 3769 devastant,

475 3789 604 3860 quia
628 3789 1034 3845 immaculatum
1081 3805 1203 3846 esse
1229 3791 1645 3846 conversatione
1669 3800 1725 3848 et
1751 3793 1933 3848 animo
1963 3808 2052 3848 sa-

476 3884 752 3938 cerdotem
785 3890 1018 3954 oportet,
1049 3897 1210 3952 quem
1238 3882 1380 3938 sicut
1407 3881 1618 3954 Moyses
1638 3884 1922 3939 duodecim
1945 3899 2054 3939 ma-

478 3973 618 4029 culis
670 3974 926 4028 mundum
963 3987 1084 4028 esse
1136 3974 1434 4046 praecepit:
1473 3982 1554 4030 tot
1588 3975 1734 4030 enim
1782 3988 1876 4031 eas
1905 3975 2056 4031 inve-

477 4064 597 4119 nies
649 4063 948 4119 secundum
1005 4061 1360 4135 Septuaginta
1412 4065 1802 4122 dinumeratas.
1857 4065 1948 4122 Sic
2001 4074 2058 4122 et

476 4151 700 4219 Paulus,
729 4154 1011 4208 duodecim
1045 4169 1373 4212 conservare
1393 4173 1518 4214 eum
1569 4160 1662 4229 qui
1693 4160 2054 4215 sacerdotium

481 4243 779 4320 sortiturus
799 4251 902 4308 est,
936 4245 1210 4313 praeepit,
1243 4245 1428 4301 dicens
1457 4265 1470 4301 :
1505 4246 1723 4317 Oportet
1758 4250 2056 4320 episcopum

477 4331 982 4404 irreprehensibilem
1049 4349 1180 4400 esse,
1238 4335 1372 4388 sicut
1427 4334 1526 4390 Dei
1564 4337 1975 4406 dispensatorem
2003 4336 2056 4409 (Ι

483 4425 618 4482 Tim.
650 4425 746 4498 γι).
788 4424 922 4495 Quis
947 4433 1128 4481 autem
1172 4425 1688 4496 irreprehensibilis,
1731 4428 1835 4483 nisi
1868 4429 2059 4500 impol-

468 4515 642 4581 jutus.
708 4517 908 4572 Deinde
960 4517 1102 4572 unde
1177 4516 1463 4588 colligatur
1522 4517 2055 4588 irreprehensibilem

477 4620 604 4661 eum
659 4621 778 4661 esse
807 4622 838 4661 a
887 4605 1140 4677 qualibus
1185 4607 1413 4661 maculis
1467 4616 1561 4663 aut
1587 4609 1930 4680 passionibus
1959 4626 2058 4666 ca-

483 4695 678 4760 rendo,
731 4696 783 4750 in
833 4698 1212 4769 subsequendo
1261 4699 1538 4756 ostendit:
1576 4699 1700 4756 Non
1751 4701 2054 4774 superbum,

483 4799 588 4838 non
614 4784 947 4853 iracundum,
981 4807 1084 4844 non
1135 4790 1474 4858 vinolentum,
1525 4809 1628 4847 non
1674 4811 2056 4865 percussorem,
2101 4797 2111 4808 '

488 4889 593 4928 non
614 4873 779 4944 turpis
809 4873 943 4928 lucri
969 4879 1214 4948 cupidum
1236 4893 1254 4932 :
1285 4880 1375 4934 sed
1399 4880 1728 4953 hospitalem,
1754 4884 2054 4956 benignum,

481 4972 708 5030 castum,
725 4963 962 5034 justum,’
985 4979 1242 5034 sanctum,
1272 4970 1638 5037 continentem,
1665 4974 2057 5044 amplectentem

485 5068 603 5108 eum
634 5053 723 5124 qui
769 5056 1052 5110 secundum
1085 5058 1378 5115 doctrinam
1400 5072 1474 5116 est
1500 5062 1708 5132 ﬁdelem
1743 5081 2054 5124 sermonm.

486 5143 778 5201 Duodecim
809 5161 938 5217 ergo
985 5157 1040 5203 et
1083 5149 1197 5218 ipse
1229 5154 1503 5208 custodire
1556 5156 1893 5211 sacerdotem
1917 5158 2056 5215 vult.

488 5239 557 5294 Et
595 5237 948 5308 quamobrem
974 5239 1023 5295 ei
1056 5249 1204 5295 tanta
1230 5245 1643 5316 superimponit,
1669 5247 1721 5302 in
1751 5249 2059 5319 praeceden-

488 5330 634 5386 tibus
655 5329 829 5384 dixit:
867 5327 1083 5402 Oportet
1131 5331 1270 5384 enim
1307 5335 1601 5404 episcopum
1629 5339 2060 5408 irreprehensibi-

486 5419 587 5475 lem
611 5437 742 5486 esse,
759 5421 893 5476 sicut
905 5419 1005 5476 Dei
1031 5421 1465 5494 dispensatorem.
1509 5425 1611 5492 Qui
1641 5437 1820 5484 autem
1844 5431 2061 5502 dispen-

487 5521 572 5568 sat
605 5529 726 5583 qua:
755 5513 851 5568 Dei
878 5521 1026 5580 sunt,
1057 5529 1193 5585 opus
1216 5513 1380 5570 habet
1405 5529 1499 5570 eos
1525 5532 1756 5586 quorum
1786 5520 2062 5592 dispensa-

487 5613 574 5660 tor
595 5614 681 5662 cst
701 5605 988 5663 virtutibus
1011 5607 1334 5678 praecedere.
1375 5606 1512 5662 Nam
1533 5611 1798 5679 quomodo
1825 5613 1930 5668 illis
1953 5614 2063 5669 dis-

491 5712 742 5768 pensare,
763 5701 1034 5768 quomodo
1052 5701 1338 5772 disponere
1364 5702 1598 5772 poterit?
1627 5702 1760 5771 Quia
1786 5715 1967 5762 autem
1986 5707 2062 5764 le-

490 5786 716 5859 gislator
749 5793 1036 5848 comedere
1066 5793 1134 5850 de
1159 5795 1366 5851 sanctis
1404 5796 1659 5866 praecepit
1683 5812 1847 5854 unam
1872 5815 2064 5870 quam-

2219 1771 2334 1826 Hoc
2359 1771 2538 1840 ipsum
2578 1776 2778 1832 autem,
2806 1775 2864 1821 et
2907 1765 3088 1820 velum
3111 1765 3217 1819 dici
3264 1764 3333 1818 ab
3367 1763 3488 1832 ipso
3533 1761 3688 1816 disce
3717 1781 3730 1814 :

2069 1847 2118 1908 Β
2151 1861 2419 1918 Habentes
2449 1877 2570 1931 ergo
2600 1858 2976 1928 conﬁdentiam
3005 1858 3064 1910 in
3110 1855 3383 1910 introitum
3427 1863 3734 1908 caudarum

2073 3204 2124 3270 C

2057 5937 2110 5956 "-

2144 1971 2238 2028 per
2261 1953 2515 2016 uelamen,
2541 1952 2596 2006 id
2624 1959 2723 2016 est,
2759 1965 2969 2004 carnem
2994 1949 3130 2018 ejus.
3163 1945 3244 2001 Ad
3271 1948 3374 2002 hoc
3398 1945 3600 2011 solum,
3638 1945 3730 2014 qui

2144 2046 2416 2103 maculam
2447 2044 2612 2100 habet
2641 2043 2833 2097 animae
2859 2055 2968 2098 non
2981 2039 3304 2112 ingreditur.
3333 2035 3738 2105 Quamobrem?

2149 2139 2287 2206 Quia
2309 2135 2570 2193 maculam
2603 2135 2795 2199 habet,
2836 2143 2881 2187 et
2912 2148 3014 2186 non
3046 2131 3194 2186 debet
3222 2131 3586 2185 contaminare
3611 2145 3734 2183 san-

2147 2235 2410 2288 ctuarium
2448 2247 2642 2304 meum.
2700 2228 3101 2285 Contaminatio
3129 2227 3274 2282 enim
3308 2234 3624 2282 sanctorum
3658 2233 3737 2280 at-

2146 2339 2250 2395 que
2275 2324 2474 2395 injuria
2496 2331 2601 2388 est,
2629 2321 2767 2377 tales
2803 2322 2872 2376 ad
2901 2319 3264 2375 ministerium
3293 2317 3499 2385 oderri,
3542 2318 3598 2372 in
3625 2317 3739 2389 qui-

2145 2418 2248 2473 bus
2276 2415 2499 2472 oﬂ'endit
2522 2413 2774 2486 populus,
2825 2422 2880 2468 et
2922 2412 3013 2482 qui
3041 2419 3374 2482 cognoscunt
3404 2423 3596 2464 comm
3625 2424 3741 2463 ma-

2147 2508 2298 2564 culas
2322 2507 2780 2563 scandalizantur.
2825 2503 3055 2574 Propter
3076 2502 3218 2571 quod
3253 2509 3308 2555 et
3343 2499 3570 2565 Paulus,
3599 2500 3740 2554 testi-

2147 2600 2382 2653 monium
2417 2597 2608 2651 bonum
2632 2596 2822 2650 habere
2859 2595 2923 2649 ab
2955 2595 3030 2648 eis
3077 2593 3167 2665 qui
3203 2593 3332 2662 foris
3361 2599 3486 2646 sunt
3513 2589 3734 2661 (Coloss.

2148 2690 2247 2763 tv),
2277 2691 2617 2746 sacerdotem
2638 2688 2771 2743 vult.
2814 2687 2926 2743 Lex
2947 2694 3128 2742 autem
3155 2685 3503 2742 conﬁrmavit
3530 2699 3594 2738 ea
3622 2698 3736 2753 qua:

2147 2784 2294 2854 dicta
2321 2791 2446 2839 sunt
2470 2799 2537 2838 ex
2558 2797 2623 2838 eo
2652 2782 2794 2853 quod
2825 2781 3000 2837 dixit:
3040 2779 3154 2851 Ego
3181 2779 3462 2844 Dominus,
3489 2778 3581 2848 qui
3609 2795 3736 2831 san-

2149 2874 2320 2943 ctiﬁco
2345 2891 2452 2928 vos.
2483 2873 2595 2945 Ego
2613 2913 2627 2938 ,
2657 2873 2823 2942 quis?
2867 2871 2958 2942 qui
2991 2872 3248 2943 praecipio
3275 2878 3330 2926 et
3360 2870 3579 2925 mando.
3619 2869 3741 2930 Per-

2148 2965 2270 3036 fecti
2294 2965 2926 3036 estote,quemadmodum
2952 2974 2999 3019 et
3023 2961 3185 3018 Pater
3205 2974 3366 3018 vester
3391 2964 3614 3018 calestis
3634 2979 3741 3032 per-

2149 3055 2313 3125 fectus
2339 3065 2434 3111 est.
2461 3056 2518 3110 In
2544 3071 2652 3127 quo
2677 3059 2822 3111 enim
2844 3055 3052 3110 macula
3081 3055 3207 3112 licet
3227 3072 3332 3110 una
3355 3057 3737 3126 praedictarum

2149 3157 2254 3216 est,
2287 3150 2375 3205 llic
2400 3166 2507 3204 non
2542 3159 2625 3206 est
2651 3151 2950 3221 perfectus.

2223 3242 2452 3296 Locutus
2477 3250 2552 3297 est
2580 3259 2701 3313 ergo
2737 3241 2942 3314 Moyses
2981 3242 3052 3297 ad
3073 3241 3252 3298 Aaron
3272 3249 3323 3296 et
3345 3243 3418 3296 ad
3442 3241 3585 3311 ﬁlios
3607 3242 3738 3312 ejus,

2152 3341 2200 3388 et
2227 3333 2296 3387 ad
2338 3350 2540 3389 omnem
2583 3332 2773 3399 Israel,
2826 3344 3012 3388 cuncta
3041 3351 3158 3405 qua:
3205 3331 3302 3388 sibi
3344 3335 3743 3404 fuerantimpeo

2153 3436 2270 3482 rata
2299 3425 2451 3496 (Cap.
2485 3425 2623 3498 xxr).
2675 3425 2806 3494 Quae
2830 3435 2954 3482 sunt
2985 3427 3098 3482 haec
3119 3441 3240 3496 qua:
3267 3425 3481 3480 locutus
3518 3426 3642 3481 est?
3669 3425 3743 3480 Ea

2151 3515 2404 3570 videlicet
2431 3531 2550 3586 qua:
2588 3516 2844 3586 praedicta
2882 3523 3048 3586 sunt,
3086 3531 3204 3586 qua:
3235 3513 3377 3570 Deus
3409 3515 3632 3586 quidem
3679 3515 3743 3570 ad

2152 3606 2373 3678 Moysen
2403 3607 2616 3664 locutus
2661 3617 2764 3665 est.
2823 3608 3036 3680 Moyses
3090 3619 3273 3664 autem
3314 3608 3496 3664 Aaron
3531 3616 3587 3664 et
3619 3607 3746 3662 ﬁliis

2153 3697 2270 3768 ejus
2301 3706 2356 3754 et
2383 3701 2604 3770 pepulo,
2652 3701 2792 3756 sicut
2820 3704 3112 3756 ostendunt
3139 3717 3205 3756 ea
3248 3717 3368 3772 qua:
3407 3715 3551 3754 nunc
3596 3698 3744 3753 lecta

2155 3800 2282 3847 sunt
2311 3791 2554 3857 tradidit,
2577 3805 2686 3846 non
2715 3790 2917 3846 frustra
2941 3793 3058 3848 haec
3083 3792 3199 3864 lege
3220 3791 3608 3862 distinguente.
3637 3785 3742 3843 Sed

2153 3890 2215 3936 ut
2259 3881 2469 3954 Moyses
2513 3881 2828 3954 dignitatem
2883 3885 3288 3940 commendaret
3332 3893 3386 3938 et
3436 3883 3746 3940 ostenderet

2156 3983 2364 4043 aperte,
2419 3973 2547 4045 quia
2589 3974 2711 4030 aliis
2735 3975 2950 4045 quidem
2999 3991 3202 4046 pauca,
3242 3976 3346 4046 ipsi
3384 3991 3518 4031 vero
3564 3976 3743 4029 omnia

2157 4064 2300 4120 Deus
2333 4065 2663 4135 loqueretur,
2697 4074 2922 4136 prepter
2950 4064 3065 4133 ejus
3085 4065 3353 4137 justitiam
3379 4072 3436 4120 et
3455 4065 3744 4135 imaginem

2157 4170 2319 4225 quam
2358 4157 2582 4225 gerebat
2611 4155 2858 4211 Christi:
2907 4155 3158 4210 similiter
3197 4164 3252 4211 et
3279 4172 3379 4212 nos
3417 4156 3625 4211 docens
3653 4156 3743 4210 ha-

2157 4243 2288 4298 bere
2317 4252 2552 4298 mentem
2583 4244 2650 4299 ad
2685 4259 3017 4315 quaecunque
3049 4244 3283 4314 majores
3316 4254 3372 4300 et
3409 4244 3743 4316 perfectione

2159 4333 2433 4401 dixerint,
2483 4335 2718 4392 scientes
2752 4336 2876 4406 quia
2909 4338 3163 4392 continue
3193 4338 3295 4408 ipsi
3341 4353 3579 4409 superna
3623 4353 3747 4408 ope-

2159 4425 2370 4480 ratione
2406 4423 2678 4481 fruuntur.

2232 4517 2459 4573 Locutus
2489 4537 2691 4591 quoque
2724 4529 2801 4575 est
2840 4519 3101 4575 Dominus
3140 4521 3210 4575 ad
3252 4517 3490 4592 Moysen,
3526 4523 3745 4576 dicens:

2161 4607 2396 4680 Loquere
2418 4610 2487 4663 ad
2512 4611 2690 4664 Aaron
2716 4620 2764 4664 et
2786 4610 2925 4679 ﬁlios
2947 4611 3084 4682 ejus,
3123 4620 3180 4665 ut
3199 4620 3410 4665 caveant
3438 4611 3502 4665 ab
3524 4612 3610 4666 his
3631 4629 3745 4684 qua:

2161 4689 2462 4755 consecrata
2502 4713 2621 4756 sunt
2657 4701 2887 4772 ﬁliorum
2927 4703 3138 4769 Israel,
3171 4713 3218 4758 et
3259 4721 3364 4758 non
3391 4707 3745 4760 contaminent

2163 4808 2352 4846 nomen
2391 4793 2837 4862 sanctiﬁcatorum
2877 4793 3027 4858 mihi,
3066 4809 3183 4864 qua:
3212 4793 3310 4864 ipsi
3342 4792 3610 4860 offerunt;
3657 4809 3745 4863 ego

2162 4883 2440 4938 Dominus.
2492 4883 2589 4937 Dic
2618 4884 2687 4936 ad
2714 4901 2800 4937 eos
2840 4893 2888 4937 et
2922 4883 2990 4936 ad
3035 4892 3266 4953 posteros
3307 4899 3487 4936 eorum
3511 4895 3532 4934 :
3564 4881 3745 4937 Omnis

2163 4977 2318 5030 homo
2343 4977 2434 5047 qui
2468 4976 2738 5029 accesserit
2783 4976 2847 5028 de
2880 4975 3036 5045 stirpe
3075 4984 3243 5028 vestra
3273 4973 3343 5026 ad
3385 4991 3447 5027 ea
3471 4990 3594 5042 qua:
3625 4989 3749 5027 conp

2161 5076 2366 5122 secrato
2390 5077 2530 5132 sunt,
2579 5076 2626 5120 et
2649 5083 2764 5137 qum
2792 5066 3086 5120 obtulerunt
3127 5065 3228 5134 ﬁlii
3268 5063 3440 5118 Israel
3481 5059 3744 5132 Domino,

2159 5159 2216 5212 in
2247 5174 2350 5229 quo
2373 5167 2447 5212 est
2487 5158 2842 5223 immunditia,
2876 5157 3062 5228 peribit
3088 5173 3266 5211 coram
3309 5155 3535 5210 Domino
3557 5171 3578 5211 :
3631 5155 3747 5226 Ego

2161 5264 2278 5303 sum
2320 5246 2577 5302 Dominus
2619 5249 2756 5320 (cap.
2800 5245 2959 5318 mi).
3013 5245 3122 5320 [Eat
3163 5243 3502 5319 Augustino.]
3549 5245 3748 5302 Ablata

2161 5348 2248 5394 est
2273 5340 2449 5396 omnis
2477 5339 2740 5394 dubitatio
2767 5339 3040 5394 neminem
3089 5339 3426 5395 sacerdotum
3443 5378 3459 5404 ,
3487 5337 3574 5393 vel
3597 5354 3752 5394 sum-

2162 5447 2397 5500 morum,
2424 5433 2510 5487 vel
2534 5432 2924 5500 secundorum,
2956 5433 3206 5490 debuisse
3234 5433 3493 5490 accedere
3519 5432 3590 5487 ad
3619 5447 3751 5486 san-

2162 5531 2266 5589 cta,
2297 5523 2344 5578 si
2375 5522 2713 5579 immunditia
2740 5524 2856 5595 ejus
2875 5525 2931 5580 in
2961 5524 3078 5594 ipso
3111 5532 3273 5580 esset.
3304 5523 3434 5579 Erat
3456 5537 3590 5594 ergo
3619 5539 3752 5579 con-

2161 5627 2397 5682 sequens
2425 5614 2756 5670 continentia
2785 5615 3100 5680 sacerdotis,
3150 5631 3218 5670 ne
3261 5623 3482 5686 propter
3505 5614 3749 5670 ﬁliorum

2160 5704 2595 5776 procreationem
2647 5706 2916 5776 aliquibus
2974 5707 3164 5762 diebus
3215 5723 3323 5761 non
3375 5706 3750 5776 imponeretur

2159 5793 2584 5853 continuationis
2605 5794 2908 5864 incensum,
2934 5796 3078 5867 quod
3099 5812 3131 5852 a
3156 5796 3284 5852 solis
3309 5796 3536 5853 summis
3561 5809 3752 5852 sacer-
