3892 6344
178 364 281 427 uso

796 373 831 423 »ῖ
854 376 953 423 ’ίῖῐ
1030 374 1049 401 τ
1074 369 1707 433 ΜΙἨΟΝΕΒᾸΜ

1806 360 2611 444 γωαιωέᾎέρωάκιέεί.
2704 354 2753 445 ,ε’

3298 402 3416 465 suo

176 472 679 583 ,dstwpsbis’in'die
700 476 914 580 solebat
935 479 1365 583 imponi,umane
1384 496 1692 559 ot‘uespere
1717 495 1813 555 εξΔ
1835 490 1912 561 ι).
1956 490 2020 547 In
2043 494 2128 551 his
2148 505 2332 553 autem
2367 510 2497 555 vera
2536 501 2738 560 animm
2763 507 3003 575 perditio.
3021 476 3413 583 sivo-extenua

176 562 590 637 quandoquidem
620 574 748 637 post
787 568 991 627 coitum
1032 569 1372 645 coniugalem
1418 577 1585 633 etiam
1620 578 1734 635 loto

172 669 391 726 corpora
415 655 874 719 immunduserst
898 676 1072 732 usque
1110 665 1182 720 ad
1215 681 1518 736 semesam,
1562 682 1733 742 aquo

170 747 606 813 idntcessesrat.
625 748 851 819 imponi.
879 751 1030 819 Quod
1051 761 1234 815 autem
1261 758 1365 823 ait,
1397 763 1732 831 quassanti-

174 837 445 908 ﬁcantﬁlii
470 837 1225 919 Israelhintelligendumest,
1248 848 1731 911 oderendosacer-

178 931 364 999 dntibus
382 929 729 997 atterende
768 949 870 1006 per
910 952 1005 1009 eos
1028 938 1282 999 Domino.
1308 942 1397 1001 .Et
1430 946 1729 1005 notandum

170 1023 825 1098 sanctiﬁcationismus,
857 1030 1001 1100 quod
1025 1030 1315 1091 ﬁt.voto’et
1342 1035 1730 1111 devotione-oi-

168 1113 399 1177 tlerentis.
425 1115 531 1177 Sed
556 1126 739 1179 utrum
760 1120 904 1179 sicut
926 1122 1035 1181 isto
1048 1112 1215 1183 modo
1232 1127 1726 1189 sanctiﬁcantures

173 1204 590 1279 antecellerent“
624 1208 1049 1275 abdwmin'dms
1068 1216 1208 1282 rita
1236 1218 1726 1291 etipsibomines

168 1296 1151 1369 φάειιιωοάοιβθὶωοᾶεβωβιίῆωεθ
1170 1306 1430 1369 ditantur
1453 1346 1479 1377 ,ι
1510 1326 1641 1373 cum
1656 1312 1725 1373 .lll

164 1386 322 1457 aliqua
335 1403 395 1451 re
407 1390 619 1460 seipsos
627 1401 846 1455 vorent.
864 1394 973 1467 (Ea:
986 1395 1292 1472 Hesychia).
1311 1399 1726 1461 Observandum

166 1485 241 1533 est
271 1477 323 1535 in
378 1477 678 1552 Scripturis
699 1522 717 1549 ,
764 1499 873 1541 non
921 1486 1315 1559 qualiscunque
1364 1489 1603 1560 dignitas
1638 1506 1729 1549 sa-

410 1569 555 1629 Huic
580 1574 729 1633 enim
756 1585 906 1633 sorte
930 1576 1122 1635 datum
1151 1586 1239 1637 est
1262 1587 1324 1634 ut
1366 1581 1636 1639 mediator
1656 1583 1727 1641 sit

161 1657 285 1717 inter
306 1659 475 1717 Deum
496 1673 553 1719 et
578 1664 828 1725 homines
845 1703 861 1732 ,
898 1676 954 1723 et
976 1682 1076 1737 per
1107 1669 1253 1725 hanc
1280 1684 1457 1741 genus
1476 1679 1723 1731 nostrum

155 1752 367 1808 creatori
396 1755 805 1813 reconciliatur.
852 1756 913 1812 In
959 1758 1143 1830 lingua
1169 1760 1509 1818 sacerdotum
1550 1777 1721 1820 nexus

2014 587 2220 679 est,_id
2238 589 2465 654 est,.illa
2482 592 2689 662 deum
2712 596 3068 656 Dominum
3100 603 3414 679 Evangelii:

1832 668 2083 771 dicebat:
2121 673 2479 745 Timeteeuut,
2509 682 2787 771 quipomt
2820 697 2871 742 et
2892 668 3412 771 ηὲιηοκιιροᾶνριιε

1830 762 2043 831 perdere
2086 765 2143 819 in
2186 767 2492 836 gehennam.
2532 770 2833 843 Eumenen
2874 777 3090 851 fmstraa
3122 762 3412 848 subdidit}v

1824 851 1946 951 ἶΕρθ
1989 854 2292 951 υθηιὶιξαειξ
2326 860 2422 917 sed
2452 864 2777 939 ostendens”
2799 870 2925 937 quia
2966 874 3406 951 qni-elaedielt,

1824 943 1947 1015 ipse
1968 953 2063 1004 est
2078 947 2176 1023 qui
2202 947 2351 1007 solus
2379 952 2614 1015 alituum
2634 958 2860 1025 perdere
2880 969 3079 1030 ροηει
3208 994 3211 999 .

2393 1084 2834 1189 ωυῒϊξινιη-
2876 1180 2915 1189 ..
2952 1080 2967 1189 1

1824 1200 2083 1279 Damasus
2116 1213 2208 1286 apt
2234 1207 2437 1283 patiens
2460 1204 2687 1289 ﬂuxum,
2708 1213 2919 1294 seminis
2944 1204 3193 1299 (ipsum
3224 1200 3407 1301 Ααξρῂ

2064 1346 2069 1351 _
2162 1350 2165 1352 _
2214 1293 2318 1352 non
2344 1288 2575 1352 vescatur
2603 1276 2667 1352 de
2688 1284 3042 1352 sanctzﬁcatts.
3250 1300 3255 1307 ‘
3366 1347 3373 1352 _

1852 1354 2050 1457 δίελέ·
2282 1364 2454 1463 Home.
2481 1358 2544 1460 άε
2584 1347 3405 1487 “biniMiseret‘ildidtliii

1824 1487 2037 1549 prosus,
2081 1485 2171 1531 aut
2198 1480 2397 1547 patiens
2420 1482 2627 1549 ﬂuxum
2651 1474 2895 1551 seminis,
2930 1502 3033 1541 non
3064 1474 3299 1553 nascetur

1825 1561 1909 1621 Itis
1929 1580 2047 1635 gate
2071 1568 2368 1637 santiﬁcata
2387 1580 2506 1625 sunt
2537 1572 2682 1638 mihi,
2704 1573 2868 1629 donec
2888 1585 3122 1634 sanetur.
3160 1578 3264 1646 Qui
3288 1561 3405 1643 teli;

1822 1657 1956 1727 gerit
1984 1656 2309 1717 immundam
2353 1678 2511 1733 super
2550 1672 2783 1730 mortuo,
2823 1674 2869 1721 et
2901 1682 2967 1721 ea:
3002 1685 3105 1740 quo
3142 1672 3408 1740 egreditur

1821 1758 1995 1801 semen
2022 1749 2175 1818 quasi
2204 1751 2394 1819 coitus,
2429 1760 2480 1807 et
2499 1754 2590 1822 qui
2614 1754 2782 1823 tangit
2819 1754 3018 1827 reptile,
3068 1767 3117 1813 et
3143 1760 3407 1832 quodlibet

150 1847 197 1895 ει
220 1842 487 1900 ηῃεοιυιίο
519 1855 833 1903 “mu-orum
864 1855 1217 1917 Mm,“
1238 1850 1499 1906 εοηείειίι,
1530 1850 1723 1911 osum.
1742 1852 1791 1921 Β
1821 1836 2147 1921 immundum
2177 1840 2329 1912 cujus
2366 1850 2536 1898 tactus
2569 1851 2645 1900 est
2670 1846 2938 1913 sordidus,
2969 1849 3270 1909 immundus
3304 1856 3406 1911 erit

144 1930 215 1993 dit
247 1942 435 1990 autem
478 1933 777 1993 Malacbias
802 1946 1018 2008 quanta:
1038 1938 1315 2010 dignitatis
1340 1940 1412 1996 sit
1434 1942 1712 2010 sacerdos,

138 2028 189 2079 et
222 2038 344 2094 quae
380 2025 455 2080 ab
480 2040 548 2084 eo
572 2035 855 2098 Oporteant
879 2029 1181 2097 exspectari
1200 2049 1219 2084 ε
1243 2028 1403 2098 {Quia
1429 2030 1591 2099 labia,
1624 2033 1713 2089 in-

135 2115 274 2184 quit,
301 2116 589 2179 sacerdotis
607 2119 902 2174 custodiunt
924 2120 1219 2186 scientiam,
1252 2130 1303 2175 et
1340 2121 1503 2193 legem
1530 2125 1714 2196 εκᾳαί-

136 2211 255 2256 runt
280 2221 346 2259 ea:
371 2222 462 2260 are
486 2208 623 2277 ejus,
649 2208 772 2278 quia
793 2208 1008 2279 angelus
1030 2209 1247 2265 Domini
1281 2215 1607 2269 exercituum
1632 2225 1710 2273 est

139 2290 383 2363 (Malae-It.
430 2293 513 2364 ιι).
562 2295 855 2366 Propterea
894 2313 1021 2357 cum
1067 2301 1153 2357 bis
1180 2316 1303 2373 quae
1341 2312 1472 2361 ante
1495 2307 1712 2369 sancita

143 2388 258 2435 sunt
296 2380 362 2436 de
390 2382 758 2441 sacerdotibus
796 2386 962 2443 etiam
1003 2389 1120 2444 haec
1143 2392 1439 2465 praecepit;
1478 2392 1710 2455 Caveant

144 2471 201 2523 ab
237 2471 316 2526 Itis
342 2488 458 2545 quis
498 2486 801 2534 consecrata
848 2489 972 2535 sunt
1015 2480 1250 2553 ﬁliorum
1278 2482 1477 2551 Israel,
1526 2496 1709 2543 etnon

146 2564 476 2621 contaminent
522 2584 709 2627 nomen
748 2572 1196 2641 sanetificatorum
1243 2575 1374 2631 mihi
1397 2615 1414 2643 ,
1451 2593 1568 2647 qua:
1607 2578 1708 2648 ipsi

145 2655 372 2725 offerunt.
422 2656 483 2714 Si
509 2669 692 2719 autem
719 2662 807 2718 isti
832 2664 1267 2722 abominabiliter
1296 2672 1351 2723 et
1376 2667 1705 2736 inordinate,

142 2752 189 2799 et
232 2753 379 2803 extra
413 2762 637 2807 omnem
680 2751 1093 2823 religiositatem
1108 2754 1299 2827 populi,
1319 2755 1709 2831 oblationibus,

140 2843 185 2889 ει
208 2835 287 2903 his
308 2854 435 2910 quae
461 2855 783 2915 quocunque
814 2844 973 2901 modo
1019 2842 1356 2903 sanctiﬁcata
1379 2846 1707 2923 olferuntur,

139 2930 496 2987 contaminant
521 2948 721 2991 nomen
743 2936 1200 2997 sanctiﬁcatorum
1223 2954 1241 3003 ;
1265 2937 1380 2994 sive
1407 2939 1709 3021 secundum

139 3014 481 3093 Septuaginta
527 3039 715 3079 nomen
757 3034 999 3081 sanctum
1042 3025 1164 3081 Dei.
1200 3024 1442 3087 Primum
1486 3014 1706 3100 quidem

137 3104 313 3177 ipsum,
340 3118 402 3167 ut
425 3112 528 3183 qui
557 3126 652 3168 eos
687 3113 821 3168 tales
844 3113 1068 3186 elegerit
1099 3114 1475 3187 blasphemare
1510 3106 1709 3176 faciet;

1815 1942 1978 1999 usque
2002 1920 2073 1983 ad
2095 1944 2383 2000 vesperum,
2408 1940 2459 1991 et
2493 1948 2598 1987 non
2618 1943 2852 1991 vescetur
2874 1937 2939 1990 de
2957 1938 3038 1993 his
3057 1956 3176 2011 qua:
3206 1943 3404 2000 sancti-

1815 2016 1979 2085 ﬁcata
2000 2030 2121 2074 sunt
2142 2036 2163 2085 ;
2200 2022 2292 2076 sed
2315 2038 2434 2078 cum
2459 2022 2642 2081 laverit
2663 2042 2872 2082 carnem
2897 2044 3048 2085 suam
3070 2047 3208 2103 aqua
3233 2041 3282 2087 et
3308 2018 3396 2087 ac;

1814 2107 2050 2185 cubuerit
2080 2110 2159 2165 sol
2178 2154 2192 2177 ,
2232 2123 2356 2167 tunc
2378 2115 2662 2171 mundatus
2686 2127 2920 2174 vescetur
2942 2120 3006 2177 de
3033 2124 3399 2195 saneti/icatis,

1810 2201 1935 2273 quia
1962 2200 2126 2267 ,cibus
2146 2199 2290 2258 illius
2332 2213 2427 2259 est.
2466 2204 2804 2263 Morticinum
2830 2219 2878 2263 et
2914 2218 3121 2281 captum
3155 2231 3197 2287 α³
3215 2214 3399 2301 bestia,

1810 2306 1917 2345 non
1949 2293 2216 2348 comedent
2253 2311 2345 2349 nec
2382 2294 2683 2368 polluentur
2726 2300 2781 2355 in
2822 2300 2937 2358 eis:
2981 2319 3073 2372 ego
3120 2293 3397 2381 Dominus.

1810 2378 1920 2461 (Ea:
1942 2379 2249 2458 Hesychia.)
2270 2383 2568 2443 Comedere
2598 2397 2787 2445 sancta
2814 2390 3047 2463 pollutos
3074 2378 3243 2465 usque
3270 2396 3397 2465 dum

1808 2456 2136 2528 mundentur
2163 2456 2272 2530 non
2302 2475 2434 2544 vult,
2484 2477 2581 2533 sed
2609 2494 2711 2534 nec
2730 2478 2960 2536 Omnino
2981 2496 3075 2537 eos
3104 2498 3202 2554 per
3226 2480 3399 2545 absti-

1807 2562 2049 2619 nentiam
2075 2564 2364 2634 prohibere
2382 2606 2398 2633 ,
2438 2577 2721 2637 propterea
2749 2582 2874 2625 eum
2902 2568 2995 2640 qui
3026 2586 3133 2627 uno
3154 2571 3397 2643 quolibet

1806 2648 2002 2707 borum
2030 2653 2267 2724 pollutus
2294 2663 2377 2712 est
2410 2656 2500 2712 hic
2524 2660 2866 2715 enumeravit
2906 2652 3240 2716 immundum
3272 2680 3395 2720 esse

1808 2758 1977 2816 usque
1998 2748 2066 2802 ad
2099 2763 2388 2820 vesperum
2409 2749 2594 2806 dicens
2618 2769 2631 2805 :
2675 2749 2800 2805 Non
2820 2762 3049 2806 vescetur
3084 2753 3149 2806 de
3173 2750 3394 2827 hisqua:

1806 2838 2137 2905 sanctificata
2194 2849 2314 2894 sunt
2341 2880 2357 2906 ,
2418 2841 2509 2896 sed
2564 2859 2683 2895 cum
2746 2836 2929 2896 laverit
2977 2859 3187 2899 carnem
3241 2860 3397 2921 suam

1807 2940 1977 2993 aqua,
2022 2935 2072 2980 et
2128 2927 2425 2982 occubuerit
2461 2927 2559 2982 sol.
2595 2929 2887 3000 Vesperum
2935 2938 2991 2985 et
3028 2945 3281 2986 occasum
3311 2948 3395 2988 so-

1804 3012 1872 3069 lis
1919 3013 2583 3089 pmnitentiamyaquam
2626 3008 2759 3074 vero
2808 3033 2913 3091 qua
2967 3016 3023 3074 in
3059 3035 3179 3075 eam
3222 3021 3391 3093 lavat,

1804 3103 2103 3176 lacrymam
2133 3106 2343 3174 dicens,
2392 3107 2459 3163 de
2486 3124 2594 3180 qua
2637 3106 2804 3164 David
2851 3109 3025 3166 dixit:
3056 3104 3266 3167 Lavabo
3297 3131 3396 3185 per

139 3194 320 3255 Deinde
362 3209 420 3258 et
460 3200 721 3275 populum
750 3202 1022 3263 oﬁ‘endere
1051 3204 1107 3262 in
1131 3206 1337 3262 sanctis
1363 3216 1592 3281 cogunt,
1646 3214 1702 3264 et
1728 3212 1781 3281 ο
1804 3196 2039 3269 singulas
2064 3209 2237 3280 noctes
2281 3199 2471 3254 lectum
2514 3212 2708 3267 meum,
2739 3201 2986 3274 lacrgmis
3010 3204 3137 3259 meis
3166 3213 3389 3261 stratum

137 3294 308 3354 putare
328 3289 479 3361 quod
505 3290 833 3375 superﬂuum
856 3293 928 3348 sit
954 3293 1052 3351 Dei
1081 3293 1442 3353 ministerium
1467 3304 1523 3352 et
1539 3297 1701 3368 jusﬁ-
1803 3302 1975 3341 meum
2008 3282 2200 3361 rigabo'
2220 3284 2291 3360 (Ρ
2292 3287 2392 3344 “1’-
2419 3288 2517 3363 ν¹)·
2572 3289 2718 3345 Idem
2757 3298 2936 3346 amem
2984 3306 3265 3363 vesperam
3310 3292 3391 3352 δίο

139 3375 200 3431 tia
238 3388 289 3433 et
312 3377 599 3449 judicium.
645 3381 917 3451 Quantum
951 3399 1080 3442 vero
1108 3382 1282 3463 Deus,
1329 3388 1376 3444 si
1418 3390 1696 3458 sacerdos,

135 3468 237 3523 sive
271 3469 362 3551 ﬁlii
409 3472 549 3545 ejus,
586 3474 643 3531 id
681 3484 786 3544 est,
822 3464 1070 3549 discipuli
1092 3481 1440 3552 peccaverint
1473 3482 1531 3538 in
1569 3499 1700 3540 san-

133 3564 235 3625 cta,
270 3559 554 3632 irascatur,
601 3566 893 3622 ostendunt
942 3582 1006 3624 ea
1032 3584 1152 3639 qua:
1182 3566 1300 3625 Heli
1329 3578 1385 3626 et
1425 3571 1550 3628 ﬁliis
1581 3572 1700 3643 ejus

131 3652 477 3723 contigerunt;
506 3664 794 3729 propterea
831 3657 1070 3714 subdidit
1095 3677 1107 3714 :
1132 3657 1246 3733 Ego
1282 3659 1537 3718 Dominus
1550 3675 1576 3731 A:
1601 3661 1697 3715 Di-

131 3754 199 3791 ces
223 3741 291 3794 ad
317 3760 406 3798 eos
422 3758 441 3796 :
465 3744 580 3816 Ego
592 3734 869 3815 Dominus,
897 3748 988 3818 qui
1014 3746 1498 3827 irascor‘videl‘icet
1516 3759 1573 3809 et
1585 3749 1698 3807 vin-

129 3827 251 3913 dico.
287 3829 436 3899 Quid
466 3841 645 3889 autem
670 3834 848 3891 dixit?
872 3832 1025 3893 Dices
1049 3837 1118 3893 ad
1147 3855 1234 3895 eos
1252 3879 1268 3905 ,
1298 3848 1349 3899 et
1373 3836 1443 3895 ad
1462 3848 1696 3913 posteros

129 3910 290 3971 eorum
316 3933 335 3971 :
386 3912 587 3976 Omnis
613 3926 702 3994 qui
731 3926 997 3981 accesserit
1030 3927 1095 3982 de
1140 3930 1299 3998 stirpe
1325 3910 1492 3985 vestra
1519 3932 1589 3987 ad
1633 3948 1698 3989 ea

129 4022 221 4076 qua:
250 4020 562 4066 consecrata
600 4021 743 4080 sunt,
786 4031 904 4086 quae
929 4015 1226 4072 obtulerunt
1266 4018 1364 4088 ﬁlii
1392 4017 1564 4076 Israel
1586 4020 1699 4075 Do-

130 4097 266 4163 mino,
299 4101 357 4154 in
386 4115 496 4172 quo
517 4111 591 4156 est
635 4094 989 4173 immunditia,
1030 4107 1220 4178 peribit
1240 4126 1421 4179 iceram
1443 4109 1691 4169 Domino.

1801 3374 1958 3431 nobis
1993 3376 2324 3447 poenitentiae
2366 3387 2420 3434 et
2447 3379 2700 3451 gaudium
2749 3395 2820 3464 es
2841 3395 2905 3435 ea
2939 3380 3280 3454 signiﬁcavit,
3308 3382 3391 3465 dij-

1799 3481 1965 3523 cens:
2002 3467 2084 3522 Ad
2111 3486 2377 3543 vesperum
2407 3471 2765 3527 demorabitur
2797 3455 2951 3542 fletus
2971 3514 2986 3539 ,
3030 3485 3079 3529 et
3112 3474 3182 3529 ad
3216 3456 3391 3531 matu-

1799 3553 1967 3609 tinum
2000 3554 2185 3612 lwtitia
2235 3557 2407 3629 (Psal.
2459 3558 2635 3632 xxix).
2689 3556 2913 3627 Quando
2965 3577 3095 3634 ergo
3131 3561 3390 3636 lacrymis

1800 3643 1922 3713 quis
1946 3645 2278 3715 paenitentiae
2315 3645 2530 3702 ablutus
2576 3645 2761 3713 fuerit,
2812 3656 2943 3704 tunc
2972 3657 3164 3705 sancta
3201 3666 3386 3706 come-

1800 3734 1911 3799 det,
1957 3733 2085 3804 quia
2125 3736 2281 3804 panis
2318 3732 2436 3805 eius
2476 3743 2560 3790 est
2593 3734 2700 3802 ille,
2757 3734 2825 3791 de
2872 3751 2980 3807 quo
3027 3738 3289 3793 Dominus
3332 3736 3389 3795 in

1798 3818 2103 3897 Evangeliis
2143 3823 2394 3882 dicebat:
2444 3823 2514 3881 Et
2545 3826 2695 3897 panis
2740 3841 2894 3897 quem
2945 3842 3038 3898 ego
3080 3820 3217 3881 dabo
3260 3842 3388 3883 caro

1796 3930 1914 3970 mea
1939 3925 2014 3970 est
2046 3914 2231 3989 (Joan.
2270 3915 2369 3989 γι).
2420 3913 2575 3983 Quod
2598 3921 2675 3970 vet
2696 3926 2839 3970 nunc
2882 3913 3038 3985 panis
3066 3913 3386 3973 memoriam

1797 4003 2026 4072 faciens,
2055 4014 2112 4061 et
2130 4014 2266 4077 quos
2289 4012 2538 4077 oporteat
2568 4005 2635 4061 de
2656 4018 2721 4061 eo
2738 4006 3023 4062 comedere
3047 4002 3386 4076 distinguens

1799 4094 2043 4150 addidit:
2086 4094 2427 4150 Morticlnum
2454 4104 2505 4150 et
2544 4103 2753 4167 captum
2786 4111 2817 4149 a
2856 4092 3018 4149 bestia
3062 4108 3167 4150 non
3209 4104 3383 4151 come-'-

130 4180 223 4257 Ego
244 4182 368 4267 sum
392 4182 693 4248 Dominus.
744 4193 986 4252 Primum
1010 4197 1228 4269 quidem
1257 4188 1479 4257 seminis
1506 4217 1694 4258 sacer-

1806 4193 1941 4261 dent,
1990 4208 2082 4248 nec
2123 4187 2424 4265 polluentur
2459 4193 2516 4246 in
2561 4191 2675 4257 eis;
2712 4207 2805 4262 ego
2835 4205 2953 4245 sum
2987 4189 3245 4247 Dominus
3268 4203 3289 4243 :
3312 4180 3384 4245 ui

132 4276 302 4335 dotalis
329 4284 658 4339 memoriam
684 4284 911 4354 faciens,
966 4297 1155 4359 aperte
1188 4289 1317 4345 illud
1343 4284 1701 4364 signiﬁcavit,
1795 4284 1899 4341 1100
1923 4284 2065 4356 quod
2099 4284 2302 4339 ἀίοῑιιω
2342 4292 2446 4349 θεῖν
2492 4300 2585 4355 ⁸90
2609 4282 2889 4348 Dominus,
2927 4280 3155 4338 audiens
3183 4278 3382 4338 ίηίθυί·

132 4364 237 4433 quia
260 4385 366 4426 non
392 4371 573 4427 solum
604 4373 959 4443 sacerdotem,
1009 4377 1104 4433 sed
1130 4395 1346 4435 onmem
1376 4390 1690 4457 sanctorum
1794 4392 1888 4448 gas
1910 4377 2054 4432 hunc
2083 4376 2353 4432 dicentem
2377 4392 2391 4430 :
2432 4375 2545 4447 Ego
2564 4393 2682 4431 sum
2707 4377 2883 4447 panis,
2920 4376 3011 4444 qui
3045 4375 3109 4429 de
3130 4373 3256 4428 caelo
3290 4374 3381 4459 def

134 4460 415 4520 ministrum
447 4465 663 4525 etiamsi
696 4477 894 4524 sortem
929 4470 984 4525 in
1012 4471 1091 4527 eis
1118 4471 1361 4527 ultimam
1390 4473 1605 4536 habeat,
1635 4481 1692 4529 et
1792 4468 1989 4523 scandi.
2034 4466 2140 4523 Per
2172 4466 2580 4523 morticinorum
2616 4475 2795 4521 autem
2836 4472 2891 4517 et
2925 4477 2956 4515 a
2992 4461 3166 4516 bestia
3193 4468 3381 4531 capto-

133 4548 1014 4631 novissimam,pratsentemjubeai
1034 4563 1369 4619 sanctionem
1388 4564 1684 4621 custodire.
1712 4566 1767 4628 Ι)
1792 4576 1910 4614 rum
1945 4559 2362 4631 prohibitionem
2385 4575 2494 4613 non
2520 4565 2769 4628 oportere
2791 4568 2991 4609 mensa:
3021 4551 3233 4608 Domini
3255 4568 3378 4624 par-

133 4634 301 4702 Dicens
322 4656 513 4704 autem
537 4649 603 4705 de
636 4651 803 4721 stirpe
829 4659 1039 4719 vestra,
1091 4653 1327 4710 ostendit
1366 4655 1507 4725 quod
1549 4669 1692 4710 sem-

130 4742 211 4798 per
230 4737 501 4794 custodire
553 4739 657 4794 hoc
682 4749 928 4812 oporteat
971 4750 1295 4813 praeceptum
1317 4783 1332 4809 ,
1378 4752 1441 4798 ut
1465 4744 1559 4814 qui
1589 4745 1690 4801 im-

132 4827 420 4907 munditiam
454 4829 515 4885 in
546 4832 837 4905 semetipso
861 4835 1024 4891 habet
1049 4834 1264 4890 animae.
1298 4834 1390 4891 Sic
1417 4837 1564 4891 enim
1595 4834 1693 4894 Se-

131 4902 381 4999 ptuaginta
426 4921 642 4977 edunt:
681 4902 805 4977 Non
844 4923 1013 4978 solum
1059 4924 1346 4981 ministerio
1385 4937 1433 4981 et
1473 4914 1693 4999 mystico

132 4996 269 5073 efﬁcio
295 5027 348 5066 se
370 5010 659 5078 abstineat,
687 5011 778 5074 sed
800 5028 891 5066 nec
914 5021 1092 5087 tangat
1123 5032 1184 5070 ea
1211 5033 1326 5086 qua:
1344 4996 1686 5085 oblataisunt,

132 5107 268 5169 neque
287 5103 349 5158 de
368 5105 445 5160 eis
464 5112 666 5159 sumat.
698 5102 927 5158 Mundus
950 5106 1089 5158 enim
1116 5104 1186 5159 ad
1205 5106 1399 5160 munda
1428 5107 1575 5163 debet
1600 5126 1688 5163 ac-

132 5188 302 5247 cedere.
341 5193 403 5251 Si
435 5196 561 5266 quis
596 5204 771 5249 autem
803 5212 909 5250 non
945 5195 1021 5250 sic
1043 5194 1258 5262 accedit,
1301 5198 1483 5267 peribit
1508 5192 1693 5253 coram

136 5272 363 5352 Domino,
407 5300 736 5357 semperque
779 5286 927 5341 hunc
977 5285 1121 5342 Deus
1161 5294 1474 5353 aversatur,
1523 5296 1578 5342 et
1618 5289 1687 5346 ab

132 5370 256 5426 omni
292 5375 509 5447 repellit
562 5377 994 5448 participatione,
1046 5386 1101 5433 et
1127 5378 1503 5435 communione
1533 5379 1691 5449 spiri—

133 5458 243 5512 tus?
266 5458 380 5519 Hoc
422 5472 609 5520 autem
647 5467 912 5521 aversatio
955 5467 1172 5538 proprie
1212 5467 1303 5523 hic
1332 5466 1685 5540 intelligitur;

131 5551 253 5615 quod
292 5551 654 5627 Septuaginta
682 5555 1051 5627 dicuntperire
1089 5573 1263 5612 coram
1300 5557 1544 5613 Domino.
1587 5556 1690 5614 Te-

131 5644 199 5692 ste
220 5643 405 5712 David,
437 5647 534 5718 qui
560 5649 635 5702 ait
662 5667 674 5702 :
710 5646 834 5703 Non
869 5659 1069 5705 avertas
1103 5650 1289 5719 faciem
1316 5660 1460 5704 tuam
1499 5667 1530 5703 a
1562 5666 1643 5705 me
1667 5663 1687 5701 :

131 5741 171 5783 et
202 5732 453 5805 Spiritum
497 5750 736 5795 sanctum
776 5751 951 5810 tuum,
1002 5761 1064 5800 ne
1091 5744 1302 5815 auferas
1341 5762 1373 5799 a
1402 5762 1482 5800 me
1510 5743 1683 5817 (Psal.

351 5854 632 5931 Ρῃκοι..
676 5856 891 5918 cvm.
1135 5830 1171 5905 ἵ

1793 4650 2006 4721 tieipari
2054 4656 2110 4704 et
2161 4665 2362 4704 mensa:
2417 4648 2804 4701 daemoniorum
2854 4643 3127 4714 praecepit.
3183 4638 3242 4696 ln
3291 4632 3379 4729 bis

1792 4742 1938 4797 enim
1963 4749 2089 4796 sunt
2118 4756 2248 4796 vere
2290 4739 2577 4794 morticina
2621 4745 2677 4793 et
2706 4754 2737 4792 a
2780 4734 2971 4793 bestiis
2994 4744 3168 4809 capta.
3223 4734 3375 4804 Quod
3412 4755 3421 4767 ·

1792 4840 1975 4887 autem
2006 4831 2317 4900 frequenter
2346 4830 2412 4884 de
2444 4829 2550 4884 hac
2580 4828 2859 4884 sanctione
2889 4826 3153 4895 diximus,
3186 4824 3293 4882 dici
3320 4832 3379 4884 et.

1791 4936 1936 4977 nunc
1970 4919 2336 4977 necessarium
2357 4926 2440 4975 est
2465 4935 2479 4986 ;
2508 4918 2728 4989 prodest
2751 4917 2894 4973 enim
2927 4916 3289 4985 audientibus,
3319 4918 3375 5005 id

1791 5020 1895 5080 est,
1928 5012 2053 5084 quia
2081 5010 2325 5081 leprosos
2347 5019 2402 5065 et
2438 5009 2662 5066 seminis
2687 5006 2889 5065 ﬂuxum
2915 5008 3212 5079 patientes,
3263 5025 3373 5064 non

1792 5103 2075 5162 sensibiles
2120 5102 2397 5174 legislator
2435 5101 2805 5167 abominatur,
2836 5115 3013 5172 neque
3044 5099 3369 5167 voluntarie,

1791 5197 1886 5254 sed
1912 5196 2067 5252 inviti
2092 5196 2232 5250 hanc
2258 5182 2561 5266 passionem
2592 5194 2877 5262 sustinent,
2907 5193 3002 5249 sed
3022 5207 3114 5247 eos
3140 5190 3230 5261 qui
3258 5189 3371 5267 ani-

1790 5304 1937 5344 mam
1974 5286 2242 5359 leprosam
2267 5328 2282 5355 ,
2321 5295 2414 5341 aut
2436 5283 2636 5341 ﬂuxum
2666 5286 2888 5343 seminis
2929 5283 3222 5356 patientem
3262 5278 3365 5333 hal-

1789 5387 1950 5451 bent,
1994 5389 2281 5455 propterea
2311 5381 2516 5449 dicens,
2546 5379 2781 5452 leprosus
2823 5388 2871 5433 et
2908 5378 3111 5447 ﬂuxum
3155 5368 3366 5425 seminis

1789 5477 2011 5548 patiens,
2038 5490 2142 5528 non
2164 5483 2394 5531 vescatur
2414 5474 2575 5529 donec
2602 5481 2835 5534 sanetur,
2864 5463 3132 5564 quompdo
3150 5468 3367 5564 oporte-

1791 5576 1877 5624 ret
1906 5569 2009 5623 hoc
2034 5565 2256 5639 intelligi
2303 5568 2667 5638 interpretans
2710 5560 2952 5617 addidit:
3005 5555 3108 5622 Qui
3141 5555 3363 5624 tetigerit

1789 5654 2116 5711 immundum
2150 5674 2303 5729 super
2335 5667 2615 5719 mortuum,
2649 5652 2762 5705 sive
2808 5642 3100 5704 secundum
3136 5642 3363 5714 Septua-

1791 5747 1956 5838 gint.a,
1992 5764 2194 5804 omnem
2216 5749 2600 5805 immunditiam
2626 5742 2834 5798 animae.
2890 5736 3228 5829 Immunditia
3267 5753 3361 5793 au-

2846 5854 2918 5915 16
