3892 6344
172 322 261 389 m
298 310 306 318 .

954 368 957 373 .
1038 307 1543 373 ΕΧΡοειΤιοΝΕδ
1574 308 1646 379 IN
1676 307 2087 371 LEVITICUM.
2125 338 2198 350 -—
2226 307 2356 373 ΜΒ,
2399 307 2485 363 Vl.

3278 314 3383 381 49d

170 433 392 511 pm'ﬂs
432 446 562 505 vero
606 432 716 493 lilia
762 427 1063 509 sacerdotis
1088 425 1281 483 eﬂ‘ecta
1321 439 1422 497 per
1445 438 1569 480 eam
1588 439 1717 503 qua:
1741 426 1793 511 ᾼ
1816 439 1997 485 Sermo
2016 438 2176 497 quem
2196 422 2439 501 tradidit,
2464 422 2701 495 quinque
2723 424 2815 497 qui
2839 424 2895 480 in
2914 425 3073 482 nobis
3094 437 3218 497 sunt
3238 445 3386 487 com-

174 531 291 589 dicta
317 533 405 582 est
424 523 913 598 regenerationem,
954 519 1267 591 alienigenae
1292 516 1581 587 conjuncta
1600 516 1718 577 (tte-

170 622 247 690 ιιι,
268 619 575 683 haeretica!
601 614 729 685 quid
755 627 920 685 agens
949 609 1033 668 vel
1050 608 1334 675 Iudaicum
1371 608 1457 679 vel
1494 608 1712 685 gentile,

168 720 215 787 et
232 709 376 771 uidua
399 706 548 777 (facta
578 703 747 769 fuerit
775 702 859 765 vel
872 701 1185 772 repudiata,
1231 698 1542 772 relinquens
1566 713 1717 769 erro-

170 800 525 869 minuimus
546 805 607 855 et
633 794 1029 868 quodammodo
1054 792 1322 873 sepeliens
1363 791 1534 863 illum.
1570 791 1719 867 etab

172 894 323 963 iniqua
359 890 708 960 semetipsam
742 884 1027 951 θὺεεολῑςιιε
1062 876 1466 957 cummisﬁope,
1496 895 1718 953 reversa

170 986 305 1050 fuerit
326 984 379 1039 in
408 983 631 1051 domum
662 996 817 1039 suam
840 986 1152 1067 paternam,
1261 986 1364 1042 est,
1395 974 1712 1045 Ecclesiam,

164 1087 214 1145 ,οι
239 1077 521 1145 seut-slum
541 1073 878 1143 iuventutem
899 1085 1074 1141 suam,
1102 1069 1157 1125 in
1182 1082 1287 1139 qua
1314 1065 1556 1137 fervebat
1594 1078 1721 1139 cum

169 1169 312 1226 sacris
330 1166 675 1241 dogmatibus
688 1163 813 1223 ﬁdei
833 1160 1199 1227 nutriebatur,
1229 1156 1585 1228 juvenescens
1609 1154 1718 1208 vir-

170 1262 345 1318 tutibus
366 1268 423 1315 et
449 1258 638 1329 virago
683 1255 887 1312 abillis
934 1250 1221 1324 appellata,
1269 1250 1335 1307 de
1383 1249 1579 1321 quibus
1620 1246 1719 1302 Dei

168 1352 374 1425 Spiritus
406 1349 478 1403 ad
520 1346 793 1403 Christum
824 1345 880 1399 in
915 1341 1155 1400 Canticis
1184 1338 1435 1401 dicebat:
1470 1335 1716 1408 Unguen-

168 1424 265 1496 tum
289 1441 505 1511 eius“
529 1445 604 1492 est
633 1452 821 1492 nomen
868 1442 1015 1488 tuum
1041 1472 1057 1497 ,
1101 1437 1377 1503 propterea
1424 1424 1725 1480 adolescen-

166 1533 273 1588 tslte
301 1531 589 1586 dilexerunt
615 1536 663 1583 te
696 1525 873 1600 (Cant.
902 1524 980 1596 ι),
1025 1522 1093 1578 de
1118 1519 1351 1599 panibus
1395 1515 1569 1587 patris
1618 1511 1725 1578 sui,

164 1622 209 1683 id
235 1631 327 1689 est,
362 1621 565 1678 Christi
590 1617 841 1675 comedat
862 1655 878 1680 ,
920 1614 970 1669 si
994 1613 1140 1669 enim
1171 1616 1403 1664 matrem
1428 1604 1726 1679 Ecclesiam

162 1714 509 1787 unusquisque
556 1717 827 1771 nostrum,
870 1711 931 1771 et
976 1708 1191 1772 patrem
1221 1698 1494 1765 Christum
1538 1694 1721 1765 habet.

1810 515 1964 595 ponit
1983 530 2192 571 sensus.
2214 516 2283 587 Et
2305 531 2413 572 non
2434 515 2607 571 solum
2632 525 3117 593 nostrumgustum
3138 523 3388 591 producit

1815 605 1884 675 ad
1917 606 2262 683 mysterium,
2294 606 2389 681 sed
2427 612 2482 662 et
2516 606 2761 663 auditum
2799 615 2853 663 et
2881 608 3058 663 visum
3096 618 3152 666 et
3180 619 3381 671 tactum

1816 706 1873 755 et
1908 699 2195 775 odoratum
2220 716 2239 767 ;‘
2279 698 2354 753 ita
2382 705 2443 771 ut
2468 697 2606 765 nihil
2639 698 2692 757 in
2731 698 2811 754 eis
2855 700 3081 759 minoris
3123 704 3387 775 rationis,

1808 798 1873 861 et
1898 790 2127 863 inﬁrma:
2156 789 2331 865 menti
2370 790 2674 863 proximum
2694 831 2709 857 ,
2740 789 2804 845 de
2841 791 2927 847 bis
2958 791 3237 861 videlicet,
3269 813 3391 869 quas

1815 880 1973 957 valde
2018 896 2253 961 superna
2297 887 2450 955 sunt,
2501 881 2855 959 suspicemur.
2892 881 3214 963 Quicunque
3259 902 3391 967 ergo

1816 971 2159 1047 sanctiﬁcata
2208 986 2308 1043 per
2351 954 2711 1051 ignorantiam
2753 954 3083 1051 comederit,
3122 954 3391 1048 ignorans

1816 1076 2006 1133 eorum
2036 1063 2295 1117 virtutem
2325 1062 2463 1117 sicut
2501 1063 2735 1121 diximus
2756 1105 2770 1132 ,
2802 1062 2954 1121 addit
2987 1067 3231 1140 quintam
3274 1070 3392 1140 ejus

1816 1168 1981 1227 super
2014 1167 2079 1208 eo
2101 1151 2186 1208 vel
2212 1168 2333 1207 cum
2356 1168 2451 1219 eo,
2478 1161 2532 1208 et
2567 1155 2713 1209 dabit
2750 1151 3015 1213 sacerdoti
3052 1160 3105 1214 in
3142 1170 3388 1217 sanctua-

1817 1243 1960 1315 rium
1989 1262 2001 1297 :
2026 1242 2515 1319 sanctiﬁcationem
2540 1244 2684 1299 enim
2714 1248 2928 1317 mystici
2956 1250 3207 1305 sacriﬁcii
3226 1292 3241 1319 ,
3270 1260 3325 1307 et
3355 1267 3387 1307 a

1820 1332 2169 1411 sensibilibus
2198 1333 2266 1388 ad
2291 1333 2649 1405 intelligibilia
2676 1336 3084 1393 translationem
3111 1341 3222 1396 sive
3244 1359 3388 1399 com-

1822 1422 2178 1491 mutationem
2221 1423 2305 1489 ei,
2352 1424 2445 1493 qui
2491 1439 2655 1479 verus
2696 1434 2779 1480 est
2818 1427 3107 1497 sacerdos,
3144 1431 3393 1489 videlicet

1825 1508 2075 1587 Christo,
2105 1520 2317 1582 oportet
2343 1512 2490 1581 dari,
2523 1513 2575 1567 id
2600 1523 2715 1581 est,
2746 1514 2847 1585 ipsi
2878 1515 2945 1570 de
2970 1516 3049 1572 eis
3077 1518 3395 1575 miraculum

1826 1600 2021 1656 cedere
2052 1607 2105 1654 et
2131 1598 2429 1671 imputare,
2461 1602 2589 1671 quia
2614 1617 2711 1673 per
2739 1602 2855 1673 ejus
2880 1603 3137 1660 virtutem
3183 1615 3237 1662 et
3278 1623 3399 1679 pro-

1823 1685 1991 1761 latum
2019 1687 2087 1743 ab
2111 1703 2177 1743 eo
2200 1691 2422 1753 verbum
2445 1730 2459 1755 ,
2486 1705 2605 1761 qum
2632 1691 2881 1746 videntur
2907 1701 3016 1748 tam
3056 1696 3395 1755 sanctiﬁcata

165 1763 503 1787 --ς--τρ--νε
558 1763 567 1764 κ
813 1763 824 1771 ,
870 1766 875 1771 .
977 1763 998 1772 ,
1678 1763 1681 1765 _

158 1804 329 1863 Omnis
348 1802 656 1877 alienigena
685 1793 1003 1863 comedendi
1036 1806 1103 1855 ex
1148 1791 1231 1859 eis
1252 1804 1361 1855 non
1386 1788 1548 1843 habet
1574 1793 1724 1856 pote—
1747 1763 1797 1843 Β
1822 1788 1979 1845 sunt,
2008 1795 2170 1849 quam
2197 1790 2449 1835 cunctum
2474 1783 2655 1837 carnis
2678 1785 2949 1840 excedunt
2975 1802 3214 1843 sensum.

150 1905 356 1961 etatem,
402 1894 460 1950 id
482 1899 590 1959 est,
628 1889 725 1963 qui
753 1887 925 1942 aliena
952 1883 1166 1940 Christo
1194 1888 1249 1937 et
1278 1880 1485 1952 legibus
1510 1878 1626 1961 ejus
1667 1884 1724 1933 et

1893 1870 2062 1927 Recte
2099 1887 2231 1945 ergo
2261 1872 2505 1927 addidit:
2557 1872 2668 1928 Nec
2711 1877 3138 1933 contaminabunt
3167 1882 3400 1952 sanctiﬁ-

142 1988 323 2061 ειοιιίω
353 1984 489 2059 agit.
534 1961 664 2053 Ejus
687 1979 832 2039 enim
855 1977 944 2037 lex
964 1984 1081 2031 est:
1115 1971 1239 2028 Non
1263 1971 1453 2029 dabitis
1483 1979 1721 2025 sanctum
1822 1971 1943 2031 cata
1976 1961 2211 2032 ﬁliorum
2243 1961 2443 2026 Israel,
2478 1979 2594 2034 qutv
2622 1963 2849 2033 o/ferunt
2878 1964 3134 2033 Domino,
3163 1984 3227 2023 ne
3260 1969 3396 2040 forte

144 2055 582 2146 canibusgneque
606 2071 825 2129 mittatis
845 2066 1157 2139 margaritas
1178 2074 1369 2127 vestras
1395 2072 1512 2118 ante
1536 2077 1721 2135 porcos
1808 2055 2115 2125 sustineant
2160 2055 2488 2128 iniquitatem
2532 2055 2705 2110 delicti
2748 2057 2830 2110 sui
2837 2099 2862 2141 ε,
2908 2076 3027 2113 cum
3063 2062 3394 2132 sanctiﬁcata

147 2169 358 2242 (Matth.
389 2165 516 2235 vn).
547 2161 840 2232 Sequitur:
1092 2224 1105 2239 ἱ
1823 2147 2159 2219 comederint.
2190 2146 2290 2214 Qui
2313 2147 2459 2202 enim
2484 2144 2700 2201 Christo
2721 2128 2943 2202 suorum
2968 2128 3392 2208 ministeriorum

214 2258 317 2324 Qui
339 2252 627 2310 comederit
653 2250 720 2304 de
746 2224 1198 2317 sanetiﬁcalt's‘per
1219 2244 1570 2316 ignorantiam
1588 2284 1604 2310 ,
1631 2242 1723 2298 ad—
1822 2240 2311 2307 sanctiﬁcationem
2338 2240 2636 2312 imputant,
2666 2248 2719 2294 et
2751 2240 3011 2297 addentes
3036 2222 3390 2315 sibimetipsis

151 2349 220 2403 dit
250 2347 491 2421 quintam
514 2350 718 2415 partem
754 2355 872 2395 cum
905 2354 995 2404 eo,
1032 2337 1171 2409 quod
1204 2336 1456 2402 comedit,
1497 2345 1545 2390 et
1573 2335 1720 2390 dabit
1818 2334 2066 2406 quintam
2112 2347 2232 2405 quae
2274 2331 2484 2402 prolata
2530 2338 2644 2398 est,
2691 2331 2942 2388 videlicet
2983 2334 3207 2389 verbum
3242 2334 3391 2405 ejus,

160 2438 402 2495 sacerdoti
432 2439 490 2492 in
515 2432 910 2497 sanctuarium,
944 2446 1036 2495 nec
1075 2428 1502 2485 contaminabunt
1528 2428 1721 2483 sancti-
1822 2425 1964 2501 quod
2007 2426 2226 2479 nostros
2264 2422 2515 2493 producit
2546 2436 2739 2478 sensus
2783 2423 2851 2479 ad
2893 2424 3242 2492 sublimiora,
3283 2443 3393 2485 non

161 2536 305 2606 βίαια
328 2531 558 2603 ﬁliorum
583 2526 754 2593 Israel
772 2566 788 2593 ,
817 2540 934 2597 qua:
956 2521 1186 2594 {oﬁerunt
1220 2520 1440 2575 Domino
1466 2560 1479 2584 ,
1503 2536 1564 2572 ne
1586 2519 1720 2590 forte
1820 2514 2191 2606 contaminant
2214 2512 2412 2569 Sancta
2438 2522 2774 2580 sanctorum,
2796 2523 2857 2569 ut
2882 2523 3008 2585 pote
3033 2516 3211 2586 qualia
3243 2533 3400 2590 Opor-

161 2601 437 2681 sustineant
490 2621 819 2692 iniquitatem
868 2617 1043 2671 delicti
1093 2615 1218 2679 sui,
1264 2627 1381 2666 cum
1418 2609 1721 2679 santiﬁcata
1820 2611 1900 2660 tet
1926 2603 1991 2659 de
2019 2603 2099 2659 eis
2129 2601 2522 2674 intelligentes,
2566 2603 2657 2661 sed
2698 2617 2799 2659 nec
2827 2604 3086 2660 inducunt
3119 2622 3282 2678 super
3306 2625 3393 2677 se,

164 2715 504 2769 comederint:
531 2711 648 2784 Ego
677 2710 969 2774 Dominus,
1001 2705 1090 2778 qui
1124 2702 1395 2772 sanctiﬁco
1434 2717 1541 2755 eos.
1587 2698 1722 2754 San-
1754 2742 1768 2754 .
1819 2696 2162 2767 iniquitatem
2222 2694 2402 2750 delicti
2454 2695 2507 2749 in
2554 2696 2885 2752 comedenda
2936 2696 3135 2753 Sancta
3186 2709 3398 2757 sancto-

163 2815 240 2861 cta
266 2813 579 2860 sanctorum
608 2806 736 2865 sunt
760 2798 979 2871 proprie
1017 2795 1216 2850 Christi
1263 2792 1553 2864 mysteria,
1595 2790 1721 2871 quia
1819 2804 1979 2855 rum;
2006 2802 2108 2842 nec
2131 2786 2277 2841 enim
2316 2796 2376 2841 ut
2412 2785 2478 2840 ad
2516 2802 2856 2842 communem
2892 2786 3071 2842 cibum
3095 2829 3109 2854 ,
3152 2791 3247 2845 sed
3292 2791 3391 2845 sic-

167 2894 318 2966 ipsius
343 2901 428 2949 est
452 2904 676 2962 corpus,
707 2889 774 2945 de
800 2902 908 2958 quo
936 2883 1156 2949 Gabriel
1184 2882 1250 2936 ad
1282 2879 1552 2951 Virginem
1581 2878 1723 2945 dice-
1822 2886 1885 2933 ut
1927 2879 1996 2941 ad
2033 2878 2322 2949 mysticum
2362 2885 2418 2930 et
2455 2875 2695 2931 terribile
2738 2884 2793 2930 et
2834 2876 3056 2932 caeleste
3095 2879 3396 2935 accedunt:

164 2985 284 3039 bat:
318 2982 557 3055 Spiritus
602 2986 816 3035 sanctus
863 2974 1187 3061 superveniet
1232 2973 1291 3026 in
1335 2980 1417 3036 te,
1464 2980 1512 3024 et
1558 2969 1720 3035 virtus
1825 2969 1894 3029 ad
1938 2982 2099 3049 quem
2118 3008 2141 3047 ν,
2188 2968 2280 3037 qui
2325 2974 2527 3021 temere
2580 2967 2886 3033 accedunt,
2931 2981 3035 3021 non
3082 2968 3399 3040 simpliciter

162 3072 399 3129 Altissimi
434 3069 768 3128 obumbrabit
794 3058 925 3133 tibi,
953 3066 1070 3119 ideo
1109 3061 1247 3136 quod
1290 3067 1531 3115 nascetur
1569 3072 1634 3111 ex
1673 3064 1723 3109 te
1751 3110 1794 3136 η
1825 3067 2083 3135 peccant,
2132 3058 2472 3130 iniquitatem
2521 3058 2697 3114 delicti
2744 3058 2825 3113 sui
2868 3066 3084 3129 portare
3128 3060 3400 3120 dicuntur.

163 3176 385 3223 sanctum
410 3205 426 3233 ,
482 3163 760 3219 vocabitur
801 3157 979 3213 Filius
1014 3156 1120 3233 ‘Dei
1165 3153 1331 3227 (Luc.
1378 3151 1460 3223 ι).
1516 3149 1621 3205 Sed
1670 3154 1724 3202 et
1751 3146 1795 3173 υ
1826 3152 2092 3209 Delictum
2133 3157 2313 3215 autem
2354 3146 2573 3223 proprie
2618 3164 2648 3203 a
2692 3149 2997 3220 legislatore
3040 3151 3237 3207 dicitur
3276 3168 3401 3226 pec.

163 3255 353 3314 Isaias:
401 3256 636 3314 Sanetus
676 3252 962 3316 Dominus,
998 3257 1049 3304 et
1083 3249 1140 3303 in
1179 3245 1300 3302 altis
1332 3243 1532 3299 habitat
1561 3239 1720 3313 [Al.,

164 3348 400 3403 Sanctum
437 3362 627 3407 nomen
667 3344 781 3414 ejus
821 3343 877 3397 in
897 3336 1119 3410 excelso]
1153 3334 1299 3410 (Isa.
1339 3332 1492 3405 Lvn),
1520 3332 1575 3385 in
1601 3330 1722 3385 sinu

161 3440 398 3499 videlicet
417 3438 623 3496 Patris.
651 3434 733 3489 Ab
757 3434 860 3489 hoc
883 3431 1027 3487 enim
1052 3443 1162 3484 non
1190 3425 1363 3497 solum
1394 3421 1723 3496 alienigenas

169 3539 223 3586 et
259 3532 553 3605 inquilinos
595 3535 651 3584 et
692 3523 1059 3581 mercenaries
1100 3517 1369 3587 sacriﬁcio
1414 3510 1721 3585 prohibuit,

162 3622 254 3681 Sed
280 3637 374 3678 nec
399 3638 502 3699 per
528 3617 892 3692 ignorantiam
919 3611 1199 3683 percipere
1222 3606 1486 3678 praecipit.

223 3712 325 3770 Per
372 3696 739 3787 ignorantiam
790 3714 970 3772 autem
1016 3700 1282 3774 percipit,
1334 3697 1426 3767 qui
1469 3696 1726 3750 virtutem

167 3804 273 3875 eius
299 3814 356 3863 et
387 3804 710 3875 dignitatem
740 3800 983 3870 ignorat,
1015 3795 1109 3865 qui
1150 3790 1327 3847 nescit
1367 3787 1493 3859 quia
1533 3798 1728 3855 corpus

163 3876 260 3966 hoc
288 3903 349 3949 et
378 3892 606 3963 sanguis
632 3897 717 3946 est
747 3888 1042 3957 secundum
1065 3884 1349 3938 veritatem
1373 3897 1389 3944 ;
1417 3878 1510 3932 sed
1533 3884 1730 3947 myste-

160 3962 233 4040 ria
263 3982 491 4052 quidem
516 3977 778 4050 percipit,
807 3974 979 4030 nescit
1007 3983 1185 4026 autem
1214 3965 1599 4038 mysteriorum
1624 3962 1730 4016 vir-

162 4050 341 4139 tutem.
377 4069 466 4124 Ad
498 4050 660 4139 quem
684 4064 947 4137 Salomon
978 4060 1139 4135 dicit,
1169 4057 1255 4114 vel
1286 4054 1459 4126 magis
1498 4050 1733 4121 Spiritus

169 4164 249 4233 qui
286 4164 342 4218 in
384 4175 454 4217 eo
498 4167 627 4216 est:
676 4154 901 4223 Quando
946 4149 1181 4214 sederis,
1219 4154 1277 4202 ut
1324 4141 1566 4198 comedas
1611 4155 1731 4194 cum

169 4256 422 4327 principe,
452 4249 740 4322 diligenter
766 4243 976 4300 attende
993 4280 1009 4308 ,
1037 4255 1155 4312 qua:
1184 4237 1356 4309 posita
1384 4241 1507 4288 sunt
1535 4238 1656 4284 ante
1682 4236 1731 4282 te

172 4345 357 4417 (Prov.
384 4360 529 4401 χχιιι
551 4343 593 4414 ).
620 4341 823 4411 Aperte
846 4344 902 4391 et
926 4335 1041 4406 ipse
1069 4327 1397 4400 compellens
1436 4331 1492 4378 et
1531 4334 1730 4392 cogens

1822 3255 2044 3320 catum,
2096 3244 2239 3317 quod
2286 3243 2339 3298 in
2385 3243 2552 3298 Deum
2601 3241 2975 3311 committitur,
3020 3251 3077 3299 et
3119 3261 3222 3311 ea,
3273 3264 3394 3319 qua:

1829 3339 1898 3397 ad
1938 3339 2043 3397 hoc
2072 3336 2350 3409 pertinent
2387 3333 2443 3389 in
2480 3333 2764 3390 sacriﬁciis
2784 3374 2797 3400 ,
2822 3348 2942 3404 quae
2965 3349 3067 3405 pro
3091 3336 3304 3395 delictis
3327 3340 3407 3395 of—

1824 3430 2095 3496 feruntur,
2142 3427 2353 3501 pridem
2393 3426 2746 3482 ostendimus.
2792 3424 2941 3482 Unde
2975 3436 3031 3483 et
3064 3443 3238 3497 nunc,
3281 3444 3403 3487 cum

1828 3520 2055 3577 dixisset
2080 3537 2093 3573 :
2125 3512 2208 3572 Ne
2236 3516 2370 3586 forte
2406 3518 2697 3571 sustineant
2724 3516 3053 3586 iniquitatem
3079 3517 3255 3573 delicti
3283 3521 3400 3587 sui,

1818 3617 1973 3681 recte
2016 3605 2293 3667 subdidit:
2342 3604 2457 3675 Ego
2494 3605 2788 3671 Dominus,
2827 3606 2918 3678 qui
2961 3608 3231 3678 sancti/ica
3275 3625 3406 3675 eos;

1820 3702 1942 3779 vltoc
1978 3700 2296 3762 ostendens,
2339 3698 2468 3768 quia
2505 3697 2791 3764 delictum,
2834 3697 2886 3751 id
2922 3707 3039 3765 est,
3077 3700 3328 3769 impietas
3351 3703 3407 3757 in
3478 3752 3491 3761 .

1830 3792 2005 3848 Deum
2023 3831 2037 3856 ,
2066 3791 2438 3860 incompetens
2462 3796 2769 3842 sanctorum
2790 3789 3067 3860 perceptio
3087 3791 3407 3863 appellatur,

1828 3883 2180 3953 tenditenim
2204 3882 2271 3938 ad
2296 3880 2467 3936 Deum
2494 3879 2942 3936 sanctiﬁcantem.

2414 3991 2641 4048 CAPUT
2678 3990 2820 4067 xm.

1857 4086 2065 4157 Hostia:
2087 4100 2205 4158 qute
2226 4084 2524 4158 alienantur
2542 4081 2770 4158 Domino
2786 4122 2805 4149 ,
2819 4090 2887 4155 ‘ut
2913 4082 3251 4155 acceptabiles
3272 4086 3379 4142 sint

2347 4150 2699 4207 immaculata:
2722 4150 2892 4207 erunt.

1903 4242 2119 4318 (1311).)
2155 4240 2384 4317 Locutus
2418 4249 2495 4296 est
2523 4239 2781 4311 Dominus
2810 4240 2881 4293 ad
2912 4239 3162 4314 Moysen,
3188 4242 3367 4300 dicens
3390 4262 3412 4301 :

1830 4336 2065 4408 Loquere
2089 4333 2157 4389 ad
2182 4333 2363 4387 Aaron
2390 4339 2439 4386 et
2468 4330 2537 4405 ad
2561 4328 2699 4401 ﬁlios
2724 4330 2861 4401 ejus,
2891 4339 2937 4383 et
2965 4330 3034 4386 ad
3064 4347 3241 4386 omnes
3268 4333 3411 4402 ﬁlios

177 4413 314 4505 l3“mi
355 4436 451 4508 qui
496 4413 746 4506 ίέυοτξλῑν
793 4428 1003 4520 “fidei?
1034 4422 1277 4493 qnimam
1756 4459 1810 4520 Β
1835 4426 2040 4495 Israel,
2069 4427 2307 4497 dicesque
2330 4423 2399 4478 ad
2425 4440 2512 4478 eos
2534 4436 2553 4475 :
2588 4422 2762 4477 Homo
2781 4421 2855 4496 de
2883 4422 3039 4475 domo
3068 4421 3241 4478 Israel
3269 4433 3318 4477 et
3344 4426 3412 4481 de

180 4502 309 4582 enim
364 4502 561 4599 quinta
607 4502 789 4577 addita
836 4515 1137 4585 intelligere
1178 4523 1279 4565 nos
1327 4502 1762 4576 intelligibiliter'

174 4619 337 4687 divina
359 4597 417 4677 et
441 4618 680 4691 mystica
705 4613 856 4669 facit.
882 4609 1024 4691 Quid
1050 4608 1121 4664 sit
1149 4612 1329 4661 autem
1356 4601 1544 4672 quinta
1564 4638 1579 4663 ,
1615 4597 1733 4681 ipsa

176 4721 222 4768 te
238 4717 400 4771 verba
426 4704 767 4789 legisla'toris
798 4708 992 4777 docere
1016 4708 1283 4774 possunt;
1311 4698 1388 4752 ait
1412 4695 1556 4752 enim
1584 4711 1597 4747 :
1625 4692 1735 4746 Ad-

173 4804 240 4859 dit
276 4809 510 4883 quintam
552 4811 764 4876 partem
802 4815 922 4855 cum
960 4813 1019 4852 eo
1057 4792 1197 4867 quod
1227 4789 1468 4846 comedit.
1510 4787 1579 4840 Et
1606 4798 1737 4855 quo—

174 4872 313 4951 modo
343 4876 461 4967 ejus
494 4872 655 4971 quod
683 4888 800 4959 jam
827 4884 1066 4943 comedit
1093 4890 1148 4937 et
1172 4875 1508 4948 consumpsit
1537 4872 1736 4929 addere

174 4984 278 5054 uuis
303 4965 544 5058 quintam
582 4976 805 5054 potest:
833 4991 1007 5048 neque
1029 4975 1177 5030 enim
1204 4971 1347 5028 aliud
1375 4976 1468 5025 aut
1495 4965 1733 5031 aliunde,

174 5082 254 5136 sed
278 5083 340 5138 de
362 5084 481 5155 ipso
504 5091 562 5138 et
601 5092 727 5134 cum
756 5090 822 5133 eo
845 5091 861 5141 ;
890 5073 977 5129 vel
1005 5073 1145 5128 sicut
1169 5070 1519 5141 Septuaginta
1539 5108 1554 5133 ,
1582 5079 1740 5139 super

178 5171 327 5240 ipsum
349 5162 503 5246 jubet
528 5170 665 5228 addi
691 5167 959 5238 quintam.
992 5160 1135 5231 Ergo
1157 5160 1402 5229 quintam
1430 5156 1545 5226 ejus
1574 5168 1740 5226 super

182 5246 548 5332 ipsum'sermo
574 5268 664 5320 est
684 5301 700 5326 ,
730 5258 823 5329 qui
852 5254 1096 5329 prolatus
1133 5258 1220 5307 est
1257 5250 1326 5304 ab
1362 5249 1480 5318 ipso
1521 5246 1739 5302 Christo

187 5365 330 5426 super
351 5341 697 5414 Dominicum
720 5348 1039 5422 mysterium
1066 5361 1081 5411 ;
1112 5344 1232 5415 ipse
1256 5340 1401 5415 enim
1427 5338 1621 5393 liberat
1642 5350 1741 5391 nos

188 5444 247 5513 ab
264 5448 583 5523 ignorantia,
603 5450 954 5513 removetque
980 5453 1078 5494 nos
1107 5432 1318 5491 additos
1346 5430 1565 5488 carnale
1593 5428 1744 5513 quid-

176 5538 316 5611 ,piam
355 5553 409 5596 et
448 5550 732 5597 terrenum
774 5526 1083 5594 de’sanctis
1122 5528 1406 5593 arbitrari,
1436 5524 1535 5581 sed
1563 5504 1743 5578 divine

193 5643 249 5684 ea
270 5643 322 5686 et
346 5634 669 5709 spiritaliter
695 5630 867 5700 accipi
895 5627 1101 5691 sancit,
1132 5623 1278 5692 quod
1307 5621 1493 5699 quinta
1527 5615 1746 5688 proprie

193 5716 507 5795 nominatur,
532 5726 660 5800 quia
681 5725 772 5795 qui
798 5725 853 5780 in
880 5720 1036 5778 nobis
1062 5710 1147 5800 est'
1170 5715 1384 5771 divinus
1411 5710 1666 5783 Spiritus,
1693 5714 1749 5763 et

1839 4517 2052 4575 advenis
2086 4517 2176 4589 qui
2212 4516 2450 4569 habitant
2482 4511 2624 4584 apud
2649 4527 2769 4577 vos,
2799 4508 2890 4581 qui
2920 4508 3161 4565 obtulerit
3197 4512 3416 4570 oblatio-

1840 4626 1957 4677 nem
1980 4624 2132 4662 suam
2153 4646 2168 4673 ,
2194 4604 2270 4659 vel
2296 4611 2414 4658 vota
2440 4600 2664 4665 solvens,
2687 4596 2764 4653 vel
2790 4606 2968 4669 sponte
2992 4598 3235 4670 o/ferens,
3262 4604 3417 4675 quid-

1839 4696 1966 4773 quid
1994 4695 2127 4750 illud
2148 4691 2389 4768 obtulerit
2419 4691 2473 4747 in
2503 4685 3107 4771 ItalocaustumDomini
3134 4699 3189 4745 ut
3218 4694 3410 4764 o/fera-

1841 4795 1929 4841 tur
1951 4800 2044 4855 per
2070 4799 2189 4847 vos,
2218 4776 2483 4835 masculus
2509 4773 2879 4857 immaculatus
2908 4776 3006 4831 erit
3043 4794 3109 4835 ea:
3147 4780 3306 4838 bobus
3324 4825 3338 4849 ,
3365 4793 3416 4841 οε

1843 4873 2131 4955 suavibus,
2158 4880 2207 4925 et
2231 4885 2294 4927 eo:
2317 4866 2509 4940 capris.
2535 4864 2597 4921 Si
2620 4864 2883 4921 maculam
2904 4867 3145 4924 [tabuerit
3170 4887 3272 4927 non
3294 4874 3417 4944 offe-

1842 4953 1967 5021 ratis
1982 5006 1997 5031 ,
2031 4977 2193 5035 neque
2216 4961 2312 5015 erit
2337 4953 2670 5028 acceptabile.
2698 4953 2871 5013 Homo
2892 4958 2983 5029 qui
3008 4959 3249 5027 obtulerit
3272 4962 3419 5017 victi;

1843 5046 1985 5125 mam
2012 5055 2351 5130 paciﬁcorum
2375 5049 2601 5106 Domino
2627 5048 2705 5105 uel
2730 5056 2847 5125 uota
2874 5050 3075 5107 solvens
3093 5090 3109 5120 ,
3139 5052 3216 5108 vel
3238 5062 3419 5124 sponte

1845 5153 2090 5222 offerens,
2118 5156 2226 5229 tam
2251 5143 2315 5199 de
2340 5143 2499 5198 bobus
2524 5157 2682 5213 quam
2718 5140 2784 5196 de
2810 5142 2986 5198 ovibus
3018 5142 3416 5199 immaculatum

1845 5244 2025 5312 offeret
2039 5254 2056 5292 :
2072 5250 2128 5293 ut
2149 5233 2461 5313 acceptabile
2482 5234 2578 5299 sit,
2595 5233 2761 5287 omnis
2782 5232 2992 5289 macula
3013 5234 3233 5288 non'erit
3254 5235 3311 5286 in
3330 5248 3413 5289 eo.

1846 5332 1965 5406 (Ea:
1989 5322 2291 5401 Hesychia.)
2316 5322 2431 5379 Non
2469 5323 2638 5397 solum
2691 5324 2997 5379 sacerdotes
3039 5334 3071 5374 a
3119 5320 3416 5392 pollutione

1833 5410 2072 5480 ’mundos
2087 5431 2227 5483 esse,
2242 5414 2335 5471 sed
2349 5424 2406 5470 et
2424 5414 2719 5489 oblationes
2730 5429 2848 5483 quae
2860 5426 2889 5466 a
2904 5410 3101 5482 populo
3113 5406 3416 5467 olleruntnr

1843 5512 2123 5587 praecipit:
2168 5517 2228 5564 ut
2266 5514 2327 5562 tu
2361 5520 2684 5578 cognoscas,
2728 5503 2820 5572 qui
2865 5516 2924 5557 es
2965 5498 3139 5554 ﬁdelis
3176 5498 3323 5565 Deo,
3357 5510 3417 5558 et

1846 5606 1936 5678 qui
1963 5602 2161 5659 oblatio
2184 5601 2233 5678 ei
2256 5614 2353 5671 per
2376 5598 2744 5654 holocaustum
2770 5588 3120 5660 intelligibilis
3148 5588 3410 5650 sacriﬁcii

1845 5676 2022 5755 factus
2052 5710 2142 5762 es,
2177 5676 2303 5765 quia
2334 5689 2481 5775 omni
2507 5684 2798 5767 pollutione
2829 5678 3083 5771 mundam
3115 5693 3239 5740 esse
3267 5694 3419 5741 com-
