3892 6344
455 352 563 411 495

1144 340 1205 395 Β.
1246 335 1501 394 RABANI
1536 330 1754 391 MAURI
1791 327 2108 386 ARCHIEP.
2150 322 2458 384 MOGUNT.
2497 310 2781 380 OPERUM
2817 320 2997 377 PARS
3032 319 3075 375 l.

3610 320 3723 378 496

456 466 816 525 versationem
849 470 996 516 tuam
1026 464 1271 527 oportet,
1302 461 1359 509 et
1385 449 1750 522 impollutam,
1780 444 2035 517 quemad—
2062 448 2115 510 Α
2138 441 2513 498 holocaustum
2554 440 2773 505 dicitur,
2816 438 3115 509 pollutione
3159 447 3345 494 careat
3384 439 3553 496 etiam
3598 439 3720 498 hare

461 560 683 619 modum
712 553 1039 616 sacerdotes,
1083 549 1324 613 studeas,
1355 544 1480 615 quia
1510 550 1565 598 et
1609 542 1880 605 Christus,
1913 552 2033 608 quae

456 658 520 707 ut
550 653 774 721 agerent
809 640 1039 712 apostoli
1070 636 1357 709 praecepit,
1400 635 1517 690 haec
1554 631 1737 687 omnia
1781 645 1875 685 eos
1897 637 2033 721 _tra-

458 718 945 795 dere—discentibus
972 727 1227 800 prascepit
1254 725 1522 797 gentibus.
1552 722 1643 777 Ait
1673 721 1816 776 enim
1844 737 1857 773 :
1888 718 2038 773 Eun-

458 842 535 886 tes
583 828 761 881 docete
805 839 980 878 omnes
1022 830 1214 893 gentes,
1262 818 1583 888 baptizantes
1610 829 1697 869 eos
1731 814 1788 867 in
1830 809 2036 865 nomine

422 976 427 983 ,
460 917 646 977 Patris
682 924 730 969 et
760 913 892 968 Filii
928 922 977 968 et
1018 910 1249 982 Spiritus
1287 906 1499 971 sancti,
1542 904 1782 959 docentes
1822 916 1908 955 eos
1940 915 2035 953 cu-

459 1010 657 1067 stodire
701 1020 1020 1079 quascunque
1064 1000 1312 1057 mandavi
1358 998 1497 1054 vobis
1546 995 1775 1070 (Matth.
1805 989 2034 1064 xxvm).

458 1101 590 1158 Sive
615 1113 775 1170 ergo,
805 1095 899 1168 qui
925 1094 1221 1151 secundum
1246 1090 1643 1147 confessionem
1662 1128 1677 1153 ,
1707 1088 1821 1142 sive
1848 1099 2040 1141 secun-

462 1194 590 1251 dum
625 1203 842 1245 omnem
877 1186 1243 1242 conditionem
1277 1197 1432 1238 suam
1455 1223 1470 1247 ,
1510 1180 1890 1235 holocaustum
1926 1174 2039 1228 Deo

458 1279 742 1353 promisit,
773 1277 942 1332 vitam
969 1273 1222 1328 videlicet
1244 1271 1544 1341 perfectam
1562 1307 1576 1332 ,
1608 1268 1713 1322 hoc
1740 1275 1824 1321 est
1849 1277 2041 1353 verum

466 1349 875 1430 holocaustum,
910 1379 943 1416 a
986 1361 1286 1433 pollutione
1327 1357 1528 1412 munda
1570 1354 1732 1411 debet
1771 1366 1893 1408 esse
1924 1349 2042 1420 ejus

465 1459 687 1523 oblatio,
709 1468 885 1525 neque
909 1452 1052 1508 enim
1080 1450 1236 1505 aliter
1263 1447 1607 1517 suscipietur.
1632 1443 1835 1500 OlIeret
1859 1449 2043 1496 autem

460 1566 556 1622 per
590 1546 968 1618 confessionem
993 1582 1009 1607 ,
1047 1540 1188 1596 sicut
1224 1536 1579 1609 Septuaginta
1613 1533 1815 1596 dicunt,
1856 1529 1950 1601 qui
1986 1529 2044 1583 in

465 1655 791 1715 quacunque
826 1636 1152 1694 necessitate
1188 1633 1548 1695 constitutus,
1580 1637 1637 1683 et
1668 1642 1735 1683 ex
1781 1639 1846 1681 ea
1890 1637 2042 1680 com-

465 1742 701 1806 punctus
745 1727 1212 1787 conversationem
1255 1721 1545 1794 quamdam
1581 1720 1695 1775 Deo
1728 1731 1827 1788 per
1856 1723 2045 1772 votum

536 1823 767 1878 llicetur.

500 1839 767 1879 otucetur.

461 1839 498 1895 Ρ
536 1910 846 1967 Secundum
892 1905 1328 1977 supradictorum
1381 1907 1563 1985 autem
1610 1897 1908 1955 editionem
1949 1893 2048 1950 ele-

463 2005 690 2058 ctionem
724 2000 1029 2055 invenimus
1065 1996 1297 2060 dictam,
1337 1992 1431 2048 ubi
1467 2006 1567 2048 nos
1590 1999 1772 2063 sponte
1793 1988 2041 2044 dicimus.

469 2096 771 2164 Utramque
805 2084 952 2147 enim
992 2090 1135 2145 hanc
1156 2088 1489 2143 oblationem
1506 2126 1522 2152 ,
1552 2085 1668 2141 sive
1690 2099 1808 2139 eam
1835 2095 1957 2152 quae
1977 2096 2047 2136 ex

465 2185 792 2241 necessitate
812 2223 830 2248 ,
860 2182 973 2237 sive
998 2196 1119 2234 eam
1148 2194 1268 2248 qua:
1292 2185 1481 2249 sponte
1507 2174 1566 2229 lit
1584 2214 1599 2240 ,
1627 2166 1879 2245 proponit
1904 2168 2049 2225 Psal-

466 2277 628 2331 mista
662 2274 885 2329 dicens:
923 2270 1159 2324 Reddam
1193 2269 1287 2323 tibi
1316 2276 1433 2321 nota
1458 2281 1605 2331 mea,
1641 2279 1759 2335 qua:
1793 2262 2050 2316 distinxe-

468 2377 589 2422 rant
630 2366 773 2421 labia
814 2380 950 2418 mea.
989 2362 1059 2416 Et
1081 2376 1199 2431 quw
1225 2359 1461 2413 locutum
1488 2365 1565 2411 est
1600 2372 1657 2409 os
1682 2371 1855 2409 meum
1877 2355 1933 2408 in
1959 2352 2051 2407 tri-

469 2457 735 2513 bulatione
765 2471 900 2508 mea.
932 2453 996 2506 Et
1027 2466 1216 2505 rursus
1241 2469 1254 2504 :
1293 2448 1605 2504 Voluntaria
1633 2448 1740 2502 oris
1769 2447 1871 2501 mei
1905 2447 2051 2501 bene-

467 2547 665 2618 placita
688 2546 794 2616 fac,
820 2543 1042 2597 Domine
1067 2541 1237 2614 (Psal.
1263 2541 1420 2614 xcv
1446 2540 1649 2596 Horum
1674 2541 1907 2611 primum
1929 2540 2050 2610 qui-

469 2640 591 2694 dem
620 2636 937 2708 prmdictum
975 2643 1159 2689 votum
1194 2635 1309 2690 sive
1348 2634 1770 2700 confessionem,
1807 2634 1924 2689 sine
1957 2634 2051 2688 ali-

469 2744 580 2807 qua
626 2728 904 2782 dubietate
943 2726 1325 2793 intelligimus,
1350 2724 1682 2781 electionem
1719 2733 1900 2781 autem
1936 2725 2050 2782 sive

473 2834 829 2899 spontaneum
861 2822 1222 2888 oblationem,
1261 2821 1366 2876 hoc
1399 2820 1545 2891 quod
1575 2821 1814 2877 secundo
1835 2820 1955 2876 loco
1977 2819 2053 2875 di-

469 2928 617 2973 ctum
643 2925 751 2973 est.
783 2913 1009 2986 Oportet
1047 2923 1226 2969 autem
1261 2913 1377 2968 sive
1403 2921 1656 2983 operator
1680 2912 1921 2968 mandati
1947 2912 2049 2979 sit,

469 3012 566 3081 qui
605 3008 765 3065 oll‘ert
804 3007 1176 3065 holocaustum
1220 3004 1347 3076 (hic
1382 3012 1468 3059 est
1505 3004 1651 3059 enim
1684 3020 1754 3059 ex
1791 3003 2054 3059 armentis

470 3099 725 3169 atterens)
744 3139 759 3165 ,
787 3100 900 3155 sive
924 3096 1151 3167 simplex
1179 3096 1329 3166 (quia
1364 3095 1459 3151 hic
1477 3102 1561 3151 est
1583 3111 1654 3151 ex
1674 3094 1914 3165 ovibus),
1941 3095 2055 3150 sive

2138 532 2357 588 oblatio.
2398 529 2506 585 Sed
2531 544 2650 601 qua:
2672 530 2745 586 sit
2766 529 2883 585 haec
2904 528 3153 599 pollutio,
3190 527 3280 584 lex
3316 526 3522 595 tacuit,
3558 531 3719 587 nobis

2138 624 2273 680 dans
2308 621 2608 693 intelligere
2643 636 2831 676 veram
2860 620 3215 692 pollutionem
3258 630 3316 677 et
3355 637 3597 689 cavere;
3639 636 3722 680 est

2138 724 2317 771 autem
2344 716 2488 781 haec,
2515 729 2580 770 ex
2606 712 2797 784 rapina
2834 720 2892 769 et
2927 713 3192 785 injustitia
3216 754 3231 781 ,
3274 712 3453 769 aliave
3487 713 3719 771 avaritia

2138 805 2367 871 oﬂerre,
2407 803 2773 861 abominabile
2809 811 2893 859 est
2927 803 3073 860 enim
3104 802 3248 875 apud
3281 801 3489 872 Deum,
3531 811 3590 859 et
3612 820 3717 873 non

2141 906 2423 968 acceptum
2459 896 2530 951 ei.
2560 895 2818 967 Sequitur
2840 908 2970 966 ergo
2994 910 3008 949 :
3156 896 3161 901 '

2132 994 2139 1005 ‘
2211 990 2271 1046 Si
2298 1004 2492 1045 meum
2520 987 2708 1059 fuerit,
2738 990 2783 1043 si
2814 988 3071 1059 fractum,
3095 990 3143 1044 si
3167 988 3467 1044 cicatricem
3491 990 3714 1057 habens,

2140 1084 2187 1139 si
2212 1082 2435 1154 papulas
2465 1090 2558 1136 aut
2585 1081 2813 1136 scabiem
2840 1080 2918 1136 vel
2945 1081 3327 1153 impetiginem,
3357 1100 3465 1137 non
3495 1069 3714 1154 ἀπειθῶ

2141 1192 2204 1231 ea
2232 1174 2485 1239 Domino,
2528 1190 2690 1247 neque
2717 1173 3085 1229 adolebitis'ea:
3114 1174 3188 1229 eis
3223 1192 3382 1246 super
3408 1160 3597 1230 altare
3619 1176 3715 1251 Do-
3776 1227 3783 1231 .

2142 1270 2291 1323 mini.
2330 1268 2522 1325 Bovem
2557 1278 2605 1324 et
2666 1286 2843 1336 ovem,
2902 1287 3031 1326 aure
3068 1278 3117 1325 et
3180 1271 3354 1326 cauda
3401 1276 3713 1345 amputatis,

2143 1361 2440 1419 voluntarie
2479 1363 2670 1432 oﬂerre
2702 1372 2913 1435 potest;
2948 1372 3125 1418 votum
3158 1374 3334 1418 autem
3372 1350 3441 1419 ex
3483 1366 3567 1420 his
3600 1367 3712 1422 σοιτί

2146 1468 2251 1506 non
2282 1459 2471 1524 potest.
2512 1451 2678 1507 Omne
2710 1452 2909 1508 animal
2939 1452 3080 1523 quod
3104 1451 3182 1507 vel
3209 1452 3448 1508 contritis
3466 1493 3483 1519 ,
3513 1454 3592 1509 vel
3614 1466 3714 1510 ton-

2130 1536 2250 1614 Isis,
2292 1546 2370 1602 vel
2396 1547 2551 1602 sectis
2587 1546 2881 1618 ablatisque
2915 1548 3170 1603 testiculis
3204 1559 3314 1617 est,
3356 1567 3467 1605 non
3501 1553 3711 1621 oﬂ’eretis

2145 1638 2394 1707 Domino,
2434 1647 2482 1693 et
2516 1639 2573 1693 in
2607 1647 2750 1693 terra
2788 1649 2957 1695 vestra
2992 1639 3090 1695 Itoc
3126 1642 3337 1696 omnino
3367 1659 3477 1696 non
3502 1641 3712 1711 facietis.

2148 1731 2226 1787 De
2260 1748 2421 1787 manu
2450 1731 2760 1803 alienigena:
2786 1750 2891 1787 non
2921 1733 3147 1803 offeretis
3178 1749 3338 1799 panes
3366 1730 3593 1788 Domino
3614 1734 3711 1791 Deo

2066 1809 2115 1870 Β
2142 1831 2310 1878 vestro
2328 1862 2343 1889 ,
2373 1831 2423 1877 et
2450 1821 2705 1894 quidquid
2736 1822 2886 1876 aliud
2913 1823 3043 1877 dare
3071 1822 3329 1878 voluerint
3348 1865 3364 1892 ,
3390 1826 3522 1897 quia
3548 1842 3712 1880 corru-

2146 1922 2238 1986 pta
2266 1922 2315 1969 et
2342 1913 2607 1968 maculata
2635 1922 2758 1969 sunt
2788 1914 2963 1967 omnia
2980 1954 2995 1979 ,
3027 1930 3131 1968 non
3158 1915 3456 1989 suscipietis
3494 1932 3577 1971 ea.
3604 1915 3712 1989 (Ex

2150 2003 2392 2077 eodem.)
2423 2004 2584 2060 Aliud
2612 2004 2703 2060 hic
2728 2002 2946 2060 videtur
2978 2004 3260 2076 legislator
3296 2005 3528 2063 innuere
3563 2007 3711 2063 multa

2150 2097 2588 2154 consideratione
2614 2097 2856 2169 dignum.
2890 2095 2965 2152 De
2994 2097 3079 2152 bis
3104 2098 3250 2152 enim
3282 2113 3407 2167 qua:
3434 2097 3711 2154 oll‘eruntur

2126 2189 2344 2259 altario
2377 2205 2522 2245 nunc
2552 2189 2603 2245 ei
2636 2203 2816 2245 sermo
2850 2197 2953 2245 est.
2995 2188 3133 2244 Sunt
3172 2198 3357 2245 autem
3404 2191 3492 2262 qui
3530 2192 3712 2261 mysti-

2149 2296 2273 2337 cum
2303 2290 2359 2335 et
2388 2287 2699 2335 sanctorum
2731 2279 2966 2334 cilicium
3002 2280 3325 2336 sortiuntur.
3360 2279 3467 2338 Per
3495 2282 3715 2338 sanctio-

2149 2387 2274 2428 nem
2325 2386 2455 2443 ergo
2508 2371 2835 2427 anteriorem
2884 2370 3142 2426 mundam
3188 2386 3311 2428 esse
3356 2387 3391 2428 a
3438 2372 3714 2446 pollutione

2150 2461 2334 2535 populi
2368 2462 2698 2517 oblationem
2733 2452 3088 2533 prtecipiens,
3125 2463 3273 2533 quod
3316 2452 3628 2523 necessario
3664 2467 3711 2521 in

2151 2550 2573 2621 uniuscujusque
2608 2551 3022 2607 conversatione
3060 2552 3394 2609 intellectum
3430 2567 3544 2623 est,
3589 2572 3714 2612 nunc

2152 2643 2461 2697 dinumerat
2491 2656 2628 2711 quos
2668 2657 2775 2696 non
2798 2651 3046 2712 oporteat
3070 2641 3269 2698 altario
3297 2642 3515 2700 oﬂerre.
3538 2646 3605 2701 Et
3622 2646 3715 2718 prio

2154 2749 2303 2789 mum
2338 2732 2468 2787 dicit
2502 2748 2571 2787 ex
2604 2732 2717 2800 eis,
2765 2749 2979 2787 cazcum.
3029 2732 3130 2801 Qui
3177 2735 3323 2790 enim
3376 2736 3715 2807 ignorantiam

2154 2826 2319 2883 habet
2348 2825 2444 2880 Dei
2462 2865 2478 2891 ,
2510 2824 2783 2895 quomodo
2815 2820 3151 2879 ministrabit
3180 2825 3339 2880 Deo?
3366 2824 3481 2882 Nec
3508 2826 3619 2899 ipse
3642 2824 3715 2882 di-

2155 2916 2417 2987 gnitatem
2458 2916 2637 2971 sciens
2671 2914 2789 2985 ejus
2823 2916 2891 2970 ad
2935 2910 3304 2973 ministerium
3350 2929 3600 2985 vocatur,
3632 2933 3718 2975 nec

2156 3004 2278 3060 aliis
2308 3005 2494 3061 valens
2528 2998 2838 3076 exponere:
2878 3002 3022 3064 unde
3056 3014 3112 3062 et
3148 3008 3431 3081 negligens
3465 3011 3608 3066 circa
3638 3024 3717 3065 eos

2157 3096 2296 3163 erit,
2350 3096 2599 3153 nesciens
2641 3096 2948 3152 divinorum
3000 3087 3197 3170 quibus
3248 3101 3527 3158 ministrat
3568 3103 3718 3158 virtu-

473 3206 541 3249 ex
579 3189 866 3260 pecoribus
903 3187 1027 3257 (hic
1053 3194 1139 3241 est
1165 3185 1311 3241 enim
1349 3185 1415 3240 de
1456 3184 1704 3256 capris),
1749 3184 2050 3239 masculum
2078 3186 2123 3248 C
2157 3188 2307 3241 tem?
2352 3184 2551 3252 Quales
2597 3193 2754 3241 erant
2785 3186 3006 3256 quidam
3041 3185 3386 3258 Iudaeorum,
3430 3192 3500 3247 de
3542 3192 3719 3262 quibus

474 3297 595 3336 esse
619 3280 762 3350 quod
788 3278 980 3334 olicret
1001 3317 1016 3341 ,
1039 3277 1095 3332 id
1115 3285 1197 3332 est
1216 3317 1230 3341 ,
1253 3292 1377 3331 cum
1399 3285 1582 3332 mente
1604 3275 1751 3331 virili
1770 3285 1826 3331 et
1847 3275 1975 3330 forti
1999 3284 2057 3331 et

474 3370 683 3435 stabili,
713 3377 768 3426 et
794 3384 918 3424 cum
947 3366 1147 3422 valenti
1177 3366 1279 3421 lidc
1304 3374 1470 3436 atque
1490 3366 1813 3422 inconcussa
1837 3366 2017 3423 oiierri
2035 3407 2050 3435 ,

476 3471 538 3519 ut
559 3460 793 3521 ollerens
831 3459 954 3515 talis
976 3458 1046 3514 sit
1071 3456 1248 3527 qualis
1273 3456 1363 3512 ille
1384 3471 1544 3526 quem
1570 3456 1823 3511 Salomon
1853 3457 1907 3511 in
1931 3456 2059 3511 Pro‘

470 3551 673 3607 verbiis
716 3549 929 3605 dicebat
970 3563 984 3602 :
1039 3546 1219 3600 Virum
1263 3545 1471 3614 ﬁdelem
1515 3545 1665 3600 labor
1710 3554 1787 3601 est
1828 3545 2057 3600 invenire

472 3639 672 3714 (Prov.
701 3638 829 3710 xx).
870 3638 1017 3693 Idem
1044 3646 1155 3702 est,
1183 3644 1239 3691 et
1278 3636 1323 3691 si
1351 3635 1680 3692 sacrificium
1705 3636 2058 3707 paciﬁcorum

357 3738 371 3748 ⁸
473 3733 670 3790 οίΥθιοι
710 3732 835 3801 quis
856 3772 870 3795 ,
909 3731 964 3786 id
999 3740 1118 3797 est,
1142 3746 1251 3785 non
1278 3729 1427 3784 illam
1449 3744 1570 3800 quae
1603 3729 1843 3801 perlecta
1881 3737 1965 3783 est
1999 3727 2057 3783 in

470 3824 811 3897 pliilOSOpbia
845 3822 1043 3884 vitam,
1076 3820 1244 3875 veluti
1283 3837 1346 3875 ea
1382 3836 1502 3891 qua:
1539 3828 1624 3875 est
1661 3821 1715 3875 in
1753 3835 1861 3874 non
1888 3819 2059 3890 possi-

476 3915 652 3970 dendo
673 3955 687 3979 ,
720 3913 806 3967 vel
841 3912 898 3966 in
936 3910 1276 3979 virginitate,
1307 3910 1372 3963 de
1399 3910 1596 3980 quibus
1622 3908 1883 3963 Dominus
1920 3908 2059 3963 dice-

472 4004 603 4058 bat:
638 4000 761 4055 Non
787 4016 964 4054 omnes
1004 4000 1220 4069 capiunt
1255 3999 1466 4052 verbum
1499 3999 1596 4053 hoc
1631 3998 1855 4071 (Matth.
1886 3996 2013 4069 xix)
2042 4015 2055 4051 :

480 4094 578 4147 sed
606 4093 937 4146 mediocrem
966 4105 1086 4157 qua:
1110 4090 1267 4145 nobis
1298 4099 1560 4161 procurat
1583 4091 1894 4147 omnimodo
1920 4090 2062 4146 salu-

480 4189 589 4233 tem
613 4217 628 4244 ,
656 4186 712 4233 et
749 4177 796 4231 si
834 4191 941 4231 non
978 4178 1288 4247 assequitur
1321 4193 1387 4233 ca
1422 4194 1543 4246 quae
1570 4180 1639 4234 ad
1673 4182 2060 4250 prophetarum

477 4283 533 4326 et
569 4269 939 4342 apostolorum
974 4282 1288 4322 mensuram
1327 4271 1555 4326 tendunt
1592 4290 1604 4325 :
1645 4270 1813 4326 Stella
1847 4274 1988 4326 enim
2025 4289 2061 4326 a

474 4363 626 4420 stella
650 4362 825 4435 di/I‘ert
852 4361 908 4415 in
929 4359 1186 4426 claritate,
1204 4362 1499 4417 secundum
1522 4363 1668 4431 quod
1690 4362 1887 4419 Paulus
1908 4364 2059 4420 dice-

2155 3280 2301 3335 Deus
2331 3279 2475 3349 apud
2500 3278 2696 3333 Isaiam
2728 3278 2941 3335 dicebat
2971 3298 2984 3333 :
3020 3278 3236 3349 Videte,
3275 3286 3531 3353 quoniam
3564 3300 3720 3339 omnes

2156 3371 2483 3435 nescierunt,
2521 3372 2751 3425 universi
2784 3387 2939 3426 canes
2974 3374 3108 3426 muti
3147 3390 3252 3428 non
3286 3375 3519 3432 valentes
3545 3376 3722 3431 latrare

2156 3464 2312 3537 (Isa.
2344 3464 2495 3535 LVI).
2525 3463 2869 3535 Confractum
2897 3464 2974 3521 vel
3004 3466 3288 3523 contritum
3307 3509 3323 3535 ,
3353 3471 3593 3526 secundo
3618 3470 3723 3526 loco

2155 3555 2354 3626 posuit.
2385 3552 2549 3624 Cujus
2578 3554 2725 3610 enim
2750 3550 2945 3610 manus
2975 3563 3069 3610 aut
3092 3557 3291 3626 pedes,
3320 3560 3564 3617 actiones
3591 3560 3727 3615 vide-

2130 3718 2131 3721 η
2156 3644 2285 3702 licet
2312 3654 2368 3701 et
2396 3645 2463 3700 ad
2499 3648 2669 3701 Deum
2700 3647 2897 3702 itinera
2928 3645 3207 3721 confracta
3244 3650 3539 3705 contritave
3571 3659 3728 3714 sunt,

2156 3750 2260 3792 nec
2306 3736 2397 3792 hic
2447 3736 2666 3806 quidem
2710 3736 2870 3792 altari
2910 3720 3223 3793 ministrare
3263 3738 3451 3808 dignus
3492 3745 3610 3806 est,
3646 3736 3730 3793 cui

2163 3827 2419 3884 convenit
2451 3825 2582 3883 illud
2600 3867 2616 3893 ,
2646 3828 2791 3897 quod
2824 3828 3115 3885 Psalmista
3144 3830 3223 3885 ait
3251 3847 3264 3884 :
3294 3826 3555 3885 Contritio
3583 3839 3632 3885 et
3657 3830 3729 3884 in-

2161 3920 2388 3992 felicitas
2414 3922 2471 3976 in
2496 3922 2591 3975 viis
2619 3934 2799 3976 eorum
2829 3919 3022 3995 (Psal.
3052 3938 3152 3978 xm
3172 3922 3213 3996 ).
3249 3920 3359 3979 Sed
3388 3932 3494 3980 nec
3519 3921 3605 3996 qui
3628 3921 3727 3978 lin-

2158 4028 2321 4087 guam
2343 4014 2607 4081 incisam,
2633 4014 2929 4070 secundum
2954 4012 3272 4086 Septaginta
3292 4057 3308 4082 ,
3336 3998 3534 4082 habet,
3560 4014 3610 4071 id
3630 4006 3728 4083 est,

2159 4106 2206 4160 si
2234 4106 2356 4175 quis
2383 4120 2479 4175 per
2507 4104 2781 4161 sordidam
2815 4107 2980 4162 vitam
3014 4106 3270 4165 ﬁduciam
3303 4100 3731 4183 docendiperdi-

2161 4198 2259 4253 dit.
2312 4196 2413 4251 Cui
2459 4197 2537 4251 ait
2584 4197 2796 4253 David:
2831 4196 3108 4256 Peccatori
3158 4212 3335 4256 autem
3380 4202 3519 4258 dixit
3563 4202 3729 4258 Deus:

2164 4289 2342 4355 Quare
2370 4296 2427 4342 tu
2457 4305 2677 4344 enarras
2699 4290 2940 4360 justitias
2971 4306 3114 4346 meas
3146 4289 3334 4363 (Psal.
3366 4310 3537 4350 xcvm
3558 4293 3602 4367 ).
3633 4290 3730 4346 Pa-

2162 4380 2315 4452 pulas
2345 4382 2550 4439 habens
2578 4382 2662 4438 vel
2688 4383 2917 4439 scabiem
2943 4384 3221 4440 detractor
3249 4385 3597 4458 intelligitur,
3623 4384 3733 4457 quia

474 4460 565 4549 bat
592 4458 654 4531 (Ι
677 4458 798 4549 Cor.
831 4456 973 4549 1W)!
1018 4454 1115 4510 sed
1152 4462 1222 4549 ei
1251 4454 1341 4510 hic
1381 4454 1691 4549 Πξεξξοξιωπξ
1718 4470 1941 4549 ηθοθεξθ
1979 4464 2064 4512 θεῖ
2085 4533 2133 4549 ἢ
2162 4474 2433 4542 pessimus
2462 4473 2580 4543 ejus
2607 4473 2864 4541 morbus,
2892 4483 2949 4530 et
2977 4475 3342 4546 asperrimum
3372 4454 3462 4535 est
3489 4454 3610 4549 ejus
3636 4454 3733 4532 vul-

474 4548 667 4603 οίῖθνίη
705 4543 1134 4642 ίωωθθυξθίυίω
1177 4539 1385 4642 alia?“
1409 4542 1504 4597 ﬁlii
1527 4542 1728 4609 Israels
1757 4553 1813 4599 εί
1838 4546 2058 4601 adven“?
2084 4533 2137 4593 D
2163 4533 2285 4618 nus.
2320 4533 2651 4619 Nullo'enim
2680 4533 3233 4624 medicamine-facile
3272 4533 3457 4642 potest
3491 4533 3733 4641 mitigari.

475 4635 763 4702 videlicet,
790 4643 845 4690 et
871 4634 962 4704 qui
985 4648 1132 4689 nunc
1156 4632 1223 4687 ad
1249 4631 1408 4688 ﬁdem
1432 4641 1729 4700 venerunt,
1755 4635 2061 4707 adjectique

485 4734 616 4784 sunt
646 4725 802 4781 nobis
819 4741 897 4782 .ex
923 4739 1112 4781 errore
1136 4723 1426 4792 exteriori,
1453 4724 1703 4782 similiter
1728 4727 2056 4783 custodiant.

475 4821 553 4875 Ex
584 4832 692 4889 quo
715 4816 862 4872 enim
886 4816 1081 4887 aliquis
1102 4816 1271 4871 vitam
1294 4816 1606 4885 promiserit
1625 4819 1735 4873 Deo
1760 4818 2063 4888 perfectam

477 4918 536 4964 et
570 4915 1036 4973 consummatam,
1076 4922 1183 4961 non
1216 4908 1329 4977 jam
1354 4909 1721 4979 praetendere,
1746 4911 1891 4979 quod
1929 4920 2060 4967 tem-

479 5016 585 5074 pus
612 4998 844 5055 multum
873 4998 928 5052 in
954 5013 1142 5054 errore
1168 5000 1331 5055 fuerit
1362 5003 1591 5071 poterit,
1619 5004 1748 5072 quia
1786 5020 1887 5060 nec
1922 5013 2061 5061 tem-

479 5088 813 5161 pore.virtus
838 5095 962 5157 eget
984 5094 1045 5142 ut
1071 5087 1334 5159 discatur,
1361 5107 1488 5149 mox
1511 5092 1657 5148 enim
1694 5103 1754 5149 ut
1784 5110 1904 5150 eam
1940 5096 2067 5151 alie-

486 5178 852 5245 ctaverimus,
899 5185 956 5234 et
995 5179 1449 5248 quemadmodum
1495 5192 1716 5239 utamur
1758 5186 2060 5255 discimus;

446 5265 453 5273 ⁷
477 5280 860 5331 verumtamen
897 5278 954 5327 et
989 5284 1146 5327 ovem
1168 5273 1479 5331 sensibilem
1503 5276 1549 5331 si
1574 5275 1775 5335 oﬂ‘eras
1797 5278 1908 5339 Deo
1925 5319 1942 5346 ,
1969 5288 2064 5335 aut

478 5369 674 5425 bovem
689 5406 705 5432 ,
728 5376 822 5421 aut
843 5380 1064 5438 capram
1080 5405 1095 5430 ,
1118 5374 1214 5421 aut
1235 5367 1438 5438 aliquid
1465 5371 1767 5439 hujusmodi
1789 5416 1803 5441 ,
1827 5385 1884 5431 ut
1909 5377 2062 5432 verbi

482 5461 657 5532 gratia
679 5501 692 5525 ,
720 5461 1096 5517 sacerdotibus
1130 5460 1385 5530 primitias
1420 5465 1632 5531 dentur,
1662 5478 1756 5523 aut
1783 5478 1844 5525 ut
1868 5488 2062 5543 paupe-

484 5570 571 5612 res
595 5570 661 5609 ex
686 5569 752 5609 eo
775 5561 1091 5626 pascantur,
1116 5564 1211 5610 aut
1233 5558 1436 5613 sanctis
1460 5558 1678 5629 aliquod
1698 5564 2061 5622 ministerium

487 5648 611 5712 ﬁat,
638 5655 733 5701 aut
758 5647 927 5705 divini
950 5649 1135 5720 templi
1170 5653 1532 5718 constructio,
1561 5656 1646 5710 vel
1673 5657 1888 5729 aliquod
1914 5661 2065 5717 aliud

488 5752 623 5809 opus
654 5739 799 5809 quod
835 5739 903 5795 ad
936 5740 1113 5812 ipsum
1152 5742 1391 5815 pertinet
1426 5746 1637 5804 Deum:
1680 5758 1737 5806 et
1774 5762 2065 5823 propterea

2148 4654 2530 4728 'Impetiginem
2556 4658 2798 4722 habens,
2834 4658 3136 4718 fornicator
3168 4668 3253 4719 est
3273 4678 3291 4730 ;
3326 4664 3575 4721 maculat
3612 4663 3735 4721 enim

2165 4764 2325 4803 suum
2369 4763 2598 4821 corpus,
2642 4758 2870 4822 propter
2909 4752 3054 4823 quod
3096 4751 3297 4809 Paulus
3342 4755 3607 4813 dicebat:
3650 4752 3739 4827 Qui

2164 4848 2339 4895 autent
2378 4840 2695 4911 fornicatur,
2731 4842 2787 4895 in
2817 4856 3004 4914 corpus
3034 4860 3189 4897 suum
3218 4853 3398 4915 peccat
3422 4845 3475 4915 (1
3498 4844 3628 4903 Cor.
3653 4842 3737 4913 vi).

2237 4931 2457 4987 Nullum
2488 4948 2618 5005 ergo
2652 4934 2849 4990 horum
2883 4936 3133 5009 deputari
3167 4936 3234 4993 ad
3268 4936 3641 4995 ministerium
3672 4936 3739 4993 al-

2171 5024 2333 5090 taris,
2372 5025 2596 5095 spiritus
2631 5026 2963 5098 legislatoris
3001 5028 3171 5097 vult,“
3194 5038 3250 5085 et
3293 5038 3596 5101 propterea
3639 5030 3743 5086 ait:

2170 5117 2296 5173 Non
2331 5118 2561 5188 offeretis
2596 5136 2657 5173 ea
2694 5118 2944 5188 Domino,
2979 5140 3069 5177 nec
3098 5122 3375 5178 adolebitis
3404 5139 3473 5179 ea:
3498 5125 3583 5180 eis
3610 5136 3747 5197 super

2168 5209 2337 5266 altare
2387 5211 2618 5267 Domini.
2672 5213 2800 5268 Sive
2834 5215 3131 5271 secundum
3179 5213 3589 5287 Septuaginta:
3638 5213 3749 5273 Non

2167 5302 2386 5373 offerent
2415 5304 2527 5359 htec
2555 5302 2803 5371 Domino,
2836 5314 2884 5359 et
2915 5323 3019 5361 non
3048 5305 3263 5361 dabitur
3289 5305 3355 5361 de
3383 5309 3458 5363 eis
3486 5324 3655 5379 super
3682 5304 3752 5360 al-

2170 5401 2283 5446 tare
2327 5391 2574 5448 Domino.
2622 5393 2966 5450 Sacriﬁcium
3012 5403 3194 5451 autem
3242 5396 3609 5469 pacificorum
3656 5412 3754 5455 non

2171 5484 2354 5549 addit,
2391 5485 2846 5552 quemadmodum
2882 5489 3167 5559 superius,
3204 5500 3264 5545 ut
3309 5490 3640 5549 omnimodo
3683 5492 3754 5547 inc

2175 5576 2389 5647 telligas
2439 5577 2505 5631 de
2554 5579 2639 5634 his
2688 5580 2780 5650 qui
2824 5583 3102 5652 mysteriis
3151 5584 3470 5663 ministrant
3512 5584 3653 5645 dici.
3700 5583 3760 5640 ili

2114 5736 2117 5739 _
2171 5667 2339 5722 etiam
2377 5667 2753 5727 holocaustum
2791 5688 2913 5730 esse
2942 5691 3079 5746 opus
3113 5676 3350 5743 habent,
3381 5679 3556 5734 vitam
3591 5678 3761 5753 perfe-

2174 5768 2319 5817 ctam
2347 5769 2399 5817 ct
2428 5772 2858 5823 consummatam
2887 5777 3131 5842 agentes.
3166 5770 3305 5838 Quid
3336 5780 3524 5855 autem
3559 5772 3650 5830 his
3679 5769 3761 5827 ad:
