3892 6344
510 448 620 526 I99

1154 460 1214 515 B.
1256 460 1507 515 meum
1544 454 1760 517 unum
1797 440 2113 515 suamne.
2154 444 2462 547 nouum.
2502 446 2787 547 ognuuu
2824 455 3004 515 rans
3042 457 3083 512 ι.

2546 462 2787 579 ΞΕΒΗΜ
2824 462 3004 515 PARS
3043 462 3083 512 Ι.
3659 462 3753 520 m0

511 584 595 638 est
624 568 858 643 eamus,
896 576 1067 645 n‘cqu‘c
1093 576 1236 630 enim
1267 575 1350 631 his
1384 560 1717 631 naturalibus
1747 575 2079 631 necessitati-
2108 574 2161 636 Α
2185 589 2276 642 ego
2304 560 2591 627 Dominus?
2619 564 2701 625 Ne
2730 571 2978 642 polluatis
3002 588 3187 626 nomen
3218 580 3457 627 sanctum
3483 588 3678 642 meum,
3710 592 3754 633 It

508 668 611 729 bus
636 662 1031 741 subiacebimus
1071 685 1083 721 :
1129 664 1324 721 Octava
1353 675 1527 721 autem
1550 665 1840 736 die'o/fer'ri
1871 663 2079 736 poterit.

509 758 667 830 Quod
692 757 1042 829 Septuaginta
1070 756 1147 812 sic
1172 756 1335 812 edunt
1369 775 1382 810 :
1424 757 1576 811 Dona
1612 757 1784 837 autem
1813 764 1859 810 et
1885 754 2082 837 hostias

507 848 752 916 Domino,
779 851 840 906 id
859 857 960 917 cst,
984 847 1221 919 perfecta
1247 856 1302 904 et
1324 846 1529 918 integra
1556 842 1610 902 lii
1642 836 1743 916 q’ui'
1764 846 1818 902 in
1845 838 1946 901 hac
1972 836 2082 900 vita

506 950 948 1017 prceparaverunt
975 941 1299 996 oblationem
1338 946 1510 994 Suam.
1554 922 1846 993 Sciendum
1874 938 1963 993 est
1989 952 2083 991 au-

506 1042 641 1100 tem,
669 1032 810 1104 quod
838 1030 1094 1103 quoniam
1122 1029 1398 1085 mutabilis
1426 1037 1509 1085 est
1532 1034 1717 1084 nostra
1747 1029 1876 1094 vita,
1907 1023 2084 1083 muta-

506 1126 788 1196 tionesque
835 1123 1034 1178 multas
1066 1130 1120 1178 et
1158 1119 1459 1178 voluntates
1488 1121 1733 1192 suscipit,
1781 1120 1973 1176 octava
1997 1114 2084 1175 die

504 1213 705 1272 oblatio
732 1223 953 1285 accepta
987 1214 1042 1270 in
1069 1212 1273 1270 saach
1296 1213 1505 1269 Scilicet
1530 1210 1709 1267 futuro
1747 1211 1826 1276 tit,
1861 1208 2084 1283 propitir

506 1308 653 1378 quod
680 1307 819 1362 dixit
843 1305 1097 1362 Salomon
1128 1324 1141 1359 :
1171 1304 1304 1359 Ante
1343 1314 1559 1359 mortem
1600 1320 1661 1358 ne
1689 1302 1869 1358 laudes
1899 1320 2080 1375 quem-

504 1414 662 1485 qgam
702 1397 963 1452 hominem
1001 1392 1189 1469 (Eccli.
1225 1395 1321 1467 χι).
1350 1392 1488 1450 Cum
1521 1402 1701 1450 autem
1741 1396 1856 1450 haec
1906 1395 1981 1448 ita
2023 1409 2082 1449 se

506 1482 754 1554 habeant,
779 1494 1007 1542 matrem
1032 1494 1227 1543 rursus
1240 1482 1536 1541 Ecclesium
1556 1494 1611 1541 et
1631 1486 1860 1557 gratiam
1886 1490 2005 1555 qua:
2026 1485 2084 1540 in

502 1582 567 1635 ea
591 1578 675 1635 est
713 1578 1094 1651 intelligamus.
1139 1570 1213 1634 De
1257 1594 1363 1649 qua
1393 1577 1649 1635 Salomon
1684 1578 1740 1634 in
1772 1578 2082 1636 Proverbiis

505 1670 672 1727 dicit:
702 1668 861 1736 Audi,
892 1670 994 1739 ﬁli,
1026 1666 1358 1743 disciplinam
1385 1672 1550 1742 patris
1582 1672 1678 1737 tui,
1712 1679 1760 1723 et
1790 1688 1852 1725 ne
1873 1671 2085 1725 dimise-

502 1761 578 1815 ris
619 1759 780 1830 legem
814 1761 999 1815 matris
1046 1768 1169 1814 tute.
1219 1756 1444 1827 Quando
1489 1774 1619 1830 ergo
1668 1760 1863 1830 aliquis
1907 1759 2083 1830 gratia

504 1850 779 1920 Evangelii
814 1854 1105 1921 generatus
1132 1848 1315 1917 luerit,
1348 1850 1644 1906 secundum
1673 1851 1815 1920 quod
1843 1852 1921 1907 ait
1945 1850 2083 1906 Pau-

2184 660 2480 733 sanctiﬂcer
2513 663 2568 718 in
2601 660 2769 717 medio
2802 662 3036 732 ﬁliorum
3095 663 3265 717 Israel
3296 676 3315 715 :
3349 680 3443 735 ego
3482 665 3751 737 Dominus,

2182 755 2270 824 qui
2290 753 2555 821 sanctiﬁco
2580 769 2691 820 vos,
2713 762 2761 807 et
2790 753 2950 807 eduxi
2982 752 3046 807 de
3080 763 3221 807 terra
3250 752 3496 825 AE'ggpti,
3524 767 3585 810 ut
3605 766 3751 816 essem

2182 844 2323 899 uobis
2364 843 2420 899 in
2446 843 2613 898 Deum
2640 858 2658 897 :
2696 860 2787 915 ego
2816 834 3096 900 Dominus.
3123 832 3231 914 (Ea:
3264 830 3582 921 Hesychia.)
3620 848 3752 907 Sicut

2182 933 2605 990 satisfactionem
2653 948 2762 989 non
2802 933 2988 998 habet,
3021 932 3066 988 si
3112 934 3233 1005 quis
3282 935 3583 995 inchoante
3621 938 3751 999 Novo

2183 1010 2527 1081 Testamento
2546 1022 2819 1080 veteribus
2842 1020 3062 1091 serviat,
3079 1034 3135 1082 et
3161 1028 3473 1101 evangelica
3501 1033 3746 1101 praedica-

2184 1116 2329 1173 tione
2349 1125 2620 1182 canente,
2653 1120 2949 1173 secundum
2987 1117 3224 1176 litteram
3252 1121 3419 1188 vivat,
3458 1122 3661 1195 injuria
3681 1136 3747 1183 est

2182 1208 2326 1265 enim
2351 1209 2489 1280 ejus,
2520 1211 2613 1281 qui
2643 1218 2873 1282 utraque
2904 1213 3105 1289 sanxit,
3135 1215 3182 1269 si
3206 1229 3313 1271 non
3334 1218 3673 1287 temporibus
3694 1220 3745 1275 ah

2182 1306 2249 1358 eo
2276 1292 2546 1358 distinctis
2573 1303 2887 1358 obediamus
2916 1319 2932 1359 :
2969 1305 3049 1359 sic
3081 1305 3200 1361 sine
3226 1305 3337 1361 ulla
3375 1309 3537 1364 venia
3562 1320 3646 1365 est
3670 1326 3746 1380 pu-

2184 1401 2303 1450 tare
2327 1396 2633 1465 quempiam
2662 1395 2747 1449 vel
2771 1396 2993 1450 omnino
3034 1396 3302 1467 cogitare,
3343 1399 3474 1467 quia
3503 1399 3562 1453 in
3591 1399 3743 1455 futuro

2184 1492 2423 1559 tempore
2448 1488 2779 1558 operandam
2810 1488 3013 1559 aliquid
3059 1504 3252 1543 eorum
3279 1506 3401 1560 qum
3435 1508 3583 1547 nunc
3614 1494 3744 1549 nobis

2183 1579 2253 1633 ad
2293 1577 2625 1647 operandam
2650 1585 2921 1647 praecepta
2953 1585 3110 1643 sunt,
3141 1588 3503 1634 conservatur
3530 1600 3543 1634 :
3578 1580 3639 1637 Si
3664 1583 3744 1635 im-

2184 1667 2526 1734 molaveritis,
2567 1667 2773 1739 inquit,
2820 1668 3048 1723 hostiam
3090 1685 3185 1740 pro
3231 1670 3531 1739 gratiarum
3568 1672 3743 1727 actione

2183 1754 2413 1818 Domino
2440 1803 2455 1827 ,
2481 1762 2848 1834 evangelicam
2876 1763 2925 1817 ei
2949 1763 3421 1819 conversationem
3453 1766 3743 1834 promitten-

2185 1858 2288 1909 tes.
2322 1853 2448 1908 Haec
2466 1860 2551 1907 est
2572 1853 2717 1907 enim
2747 1852 3045 1924 gratiarum
3071 1852 3302 1908 actionis
3318 1853 3497 1909 hostia
3522 1854 3738 1918 Donino.

499 1938 589 1995 lus
621 1957 633 1993 :
661 1938 730 1994 In
757 1937 965 1995 Christo
998 1940 1135 1995 enim
1178 1938 1306 1994 Jesu
1354 1948 1447 2010 per
1495 1938 1840 2010 Evangelium
1873 1957 1965 2010 ego
1997 1958 2082 1995 vos
2111 1934 2159 2005 Β
2186 1946 2313 2017 quia
2343 1958 2677 2014 quaecunque
2718 1943 2787 1997 ad
2835 1942 3049 1997 laudem
3082 1940 3199 2010 ejus
3227 1949 3284 1997 et
3325 1942 3555 2011 gloriam
3599 1943 3740 2011 perti—

503 2032 660 2103 genui
700 2031 771 2102 (1
822 2029 945 2087 Cor.
997 2032 1083 2105 v),
1126 2032 1227 2088 sub
1266 2032 1584 2104 intelligibill
1627 2040 1800 2087 matre
1838 2032 2080 2087 Ecclesia

498 2122 589 2179 vel
621 2124 797 2195 gratia
832 2135 1039 2195 septem
1074 2125 1211 2191 dies,
1260 2132 1433 2180 totam“
1455 2126 1705 2180 videlicet
1758 2128 2083 2195 praesentem

499 2214 688 2280 vitam,
720 2228 842 2285 quae
876 2216 931 2270 in
964 2222 1169 2286 septem
1210 2214 1397 2271 diebus
1425 2216 1659 2270 volvitur
1684 2257 1698 2281 ,
1738 2217 1843 2270 erit
1871 2215 2081 2286 legibus

497 2305 615 2376 eius
644 2315 701 2363 et
731 2310 1105 2365 sanctionibus
1124 2308 1402 2374 obediens,
1428 2310 1507 2363 sic
1536 2310 1679 2362 enim
1700 2315 1889 2363 octava
1919 2308 2005 2363 die
2026 2308 2080 2361 in

496 2404 742 2469 «tmpore
791 2400 1243 2465 resurrectionis,
1296 2399 1495 2454 donum
1539 2400 1645 2453 erit
1678 2406 1733 2453 et
1767 2399 1947 2454 hostia
1977 2398 2083 2455 Do-

498 2491 671 2554 mtuo,
706 2490 829 2559 quia
857 2489 1169 2557 huiusmodi
1192 2505 1298 2545 non
1322 2488 1496 2544 solum
1520 2488 1747 2555 animas,
1774 2489 1868 2545 sed
1887 2497 1942 2544 et
1961 2504 2083 2545 cor-

497 2586 633 2653 pora
662 2581 985 2637 sacriﬁcium
1027 2582 1276 2637 sanctum
1303 2578 1667 2652 placitumque
1714 2581 1960 2652 suscipit.
1999 2578 2082 2635 Tu

497 2676 698 2739 autem,
727 2676 949 2744 propter
971 2672 1088 2729 haec
1115 2681 1171 2729 et
1201 2674 1347 2745 quad
1371 2675 1613 2744 sequitur
1639 2674 1807 2729 disce.
1848 2671 1966 2729 Sive
1992 2671 2082 2726 ille

501 2768 621 2833 ius,
651 2766 757 2821 siue
793 2765 888 2821 illa
921 2765 1061 2833 avis,
1106 2783 1210 2822 non
1244 2764 1656 2821 immolabantur
1694 2780 1801 2819 una
1840 2765 1925 2819 die
1963 2778 2078 2817 eum

501 2859 709 2932 funibus
741 2861 870 2915 suis.
902 2856 1002 2918 Hic
1025 2861 1333 2917 nominibus
1360 2861 1491 2932 ipsis
1515 2861 1658 2916 aliud
1694 2874 1880 2917 rursus
1901 2866 2083 2914 osten-

500 2946 598 3009 dit;
640 2950 757 3010 NOn
782 2962 996 3025 oportet
1024 2954 1169 3010 enim
1198 2966 1321 3019 eos,
1351 2954 1442 3024 qui
1476 2950 1684 3010 Pascha
1711 2951 2081 3023 evangelicum

505 3042 801 3112 celebrant,
818 3042 960 3115 quod
990 3042 1145 3101 nobis
1168 3040 1409 3102 Ecclesia
1434 3045 1671 3109 tradidit,
1687 3044 1855 3115 legale
1873 3043 2083 3097 Pascha

499 3142 781 3208 peragere.
806 3135 959 3203 Quod
975 3135 1167 3192 bovem
1190 3145 1243 3191 et
1256 3150 1410 3192 ovem
1427 3135 1703 3207 legislator
1724 3134 1908 3189 dicens
1923 3133 2085 3203 signi-

502 3224 685 3280 ﬁcavit
715 3242 727 3278 :
766 3225 893 3295 quia
926 3225 1040 3280 lucc
1070 3226 1326 3297 praecepit
1362 3223 1569 3296 Moyses
1598 3226 1653 3279 in
1676 3224 1777 3280 'die
1816 3222 2078 3294 paschali,

498 3316 643 3385 «mod
661 3281 916 3371 traditum
939 3322 1022 3372 εει
1046 3281 1564 3381 ἡάεεῑέὶώητθῐὲγε,
1582 3316 1659 3371 ait
1683 3281 1833 3371 enim
1847 3332 1859 3369 :
1888 3304 1959 3368 Et
1980 3281 2079 3368 im;
2108 3281 2152 3344 (ἶ

496 3402 725 3459 mu:
751 3403 961 3459 Pascha
980 3403 1207 3459 Demin'o'
1232 3404 1343 3459 Deo
1364 3413 1454 3459 tuo
1478 3446 1493 3471 ,
1517 3418 1634 3460 oves
1658 3414 1707 3460 et
1733 3404 1883 3459 boves
1898 3444 1912 3471 ,
1939 3401 2079 3460 sicut

499 3492 904 3551 hauserantlm’ii
918 3495 1057 3551 mter
1076 3496 1361 3552 ostendere
1370 3496 1566 3567 potest.
1580 3494 1769 3551 Paetus
1784 3502 1963 3552 autem
1978 3490 2080 3550 ho-

498 3596 639 3649 rum,
657 3584 775 3641 sive
791 3585 1065 3655 paschalis
1078 3584 1259 3655 huius,
1288 3588 1401 3642 sive
1422 3586 1628 3643 Veteris
1649 3585 1997 3650 Testamenti',
2027 3584 2081 3641 et

478 3674 614 3746 ejus
638 3691 761 3747 qua:
780 3676 837 3731 in
860 3675 1047 3748 ﬁguris
1068 3683 1153 3733 est
1175 3678 1503 3744 traditionis,
1534 3676 1829 3733 Dominicze
1858 3670 2080 3733 Pascha:

493 3780 594 3836 per
621 3764 853 3840 ﬁguram
869 3756 1327 3838 signiﬁcationem
1343 3768 1535 3835 habet;
1559 3770 1654 3825 sed
1668 3768 1796 3823 illud
1810 3768 2080 3838 prazcede-

494 3855 658 3913 batin
686 3856 1671 3928 typo,istudsequebaturinveritate:
1692 3858 1914 3928 propter
1935 3852 2080 3927 quod

495 3954 555 4005 et
571 3947 819 4005 Christus
830 3948 1064 4020 primum
1087 3950 1382 4006 celebravit
1402 3950 1690 4023 ﬁguratum
1712 3944 1939 4017 Pascha,
1957 3956 2080 4021 post

495 4055 706 4098 caenam
730 4042 913 4097 autem
940 4041 1275 4114 intelligibile'
1312 4043 1499 4110 tradit,
1530 4052 1585 4099 et
1606 4050 1926 4112 angustante
1958 4057 2079 4097 eam

500 4132 769 4200 W,
787 4144 888 4201 pro
908 4132 996 4189 me
1021 4132 1212 4188 horam
1240 4132 1569 4199 immunivit,
1596 4132 1685 4188 vel
1715 4133 1887 4205 magis
1912 4133 2077 4189 etiam

499 4220 663 4279 didm.-
707 4222 767 4278 Si
800 4223 946 4278 enim
991 4223 1061 4277 ad
1103 4234 1384 4295 vesperam
1430 4231 1637 4295 quarta:
1674 4218 1899 4281 decimae
1945 4225 2076 4291 diei,

499 4320 655 4369 omne
681 4308 906 4367 Iudaico
950 4310 1220 4381 paschalis
1259 4309 1565 4369 festivitatis
1593 4310 1916 4368 celebratur.
1948 4308 2081 4370 Post

502 4407 809 4465 bbc‘autem
839 4404 1087 4464 Christus
1111 4406 1390 4477 propriam
1428 4407 1650 4463 tradidit
1677 4422 1910 4463 caenam.
1947 4396 2083 4463 Post

502 4508 783 4570 vesperam
812 4508 947 4570 ergo
969 4504 1174 4568 quartae
1213 4497 1434 4554 decimae
1468 4498 1575 4555 diei
1628 4498 1869 4554 tradidit.
1922 4499 2077 4568 Quod

499 4592 681 4643 autem
724 4594 847 4658 post
869 4594 1153 4659 'vesperum
1176 4592 1262 4643 est
1303 4588 1514 4658 tempus
1538 4628 1552 4655 ,
1583 4588 1808 4645 alterius
1837 4589 1944 4646 diei
1972 4589 2076 4645 ini-

499 4680 631 4737 tium
679 4680 987 4736 omnimodo
1017 4688 1120 4736 cat.
1175 4678 1467 4751 Oportebat
1504 4681 1649 4738 enim
1690 4681 1793 4740 hoc
1840 4682 1959 4739 ﬁeri
2007 4684 2078 4740 ad

497 4771 859 4853 Ostenslonem
886 4772 1162 4844 temporis,
1186 4772 1311 4842 quia
1331 4770 1549 4845 quando
1569 4781 1726 4831 vetus
1749 4772 1909 4832 tln'em
1930 4788 2076 4833 sum-

495 4862 629 4933 psit,
674 4868 803 4918 mac
834 4874 1032 4918 novum
1060 4863 1277 4934 incepit.
1321 4863 1432 4918 Aut
1469 4863 1611 4923 forte
1650 4876 1804 4923 vetus
1839 4867 1961 4924 illos
1987 4868 2073 4923 lex

498 4954 795 5027 signiﬁcat,
833 4957 899 5012 de
927 4958 1124 5028 quibus
1152 4966 1207 5014 et
1236 4956 1404 5014 Isaias
1445 4958 1663 5014 dicebat
1697 4977 1711 5013 :
1745 4957 1893 5013 Puer
1920 4970 2078 5014 natus

498 5056 575 5104 est
596 5047 759 5115 nobis,
786 5047 960 5103 Filius
982 5050 1138 5106 datus
1170 5058 1250 5106 est
1275 5052 1423 5106 nobis
1453 5047 1590 5125 (Isa.
1621 5049 1699 5122 ις)
1728 5068 1741 5105 :
1776 5052 1831 5106 in
1857 5051 2075 5108 Christo

497 5139 645 5197 enim
669 5140 809 5208 hate,
848 5147 904 5197 et
938 5155 1059 5210 quae
1087 5148 1402 5212 sequuntur,
1435 5141 1578 5199 dicta
1614 5148 1759 5196 sunt.
1805 5140 1905 5196 Hic
1944 5156 2074 5212 ergo

498 5231 654 5303 fretus
681 5231 795 5288 sive
835 5229 1131 5287 secundum
1176 5229 1525 5304 Septuaginta
1564 5231 1710 5303 ﬁliis,
1748 5244 1857 5289 non
1881 5234 2073 5290 eadem

498 5326 617 5393 die,
651 5326 709 5381 in
732 5330 838 5398 qua
865 5323 1067 5381 vitulus
1102 5333 1157 5381 et
1187 5325 1304 5382 ovis
1331 5327 1567 5384 Iudaica:
1591 5326 1903 5386 festivitatis
1936 5330 2077 5386 occi~

498 5417 745 5474 dabitur.
797 5416 1211 5487 Quartadecima
1245 5419 1389 5474 enim
1426 5420 1515 5477 die
1554 5419 1764 5477 Pascha
1795 5422 2076 5478 celebran-

500 5510 603 5576 tes,
637 5508 693 5564 in
721 5504 1020 5567 crastinum
1047 5505 1232 5565 Iesum
1260 5511 1668 5567 cruciﬂxerunt.
1698 5510 1956 5582 Sequitur
1987 5534 2000 5569 :

571 5596 1040 5657 Si‘iiitmolaoeritis
1057 5600 1280 5657 hostiam
1301 5618 1395 5674 pro
1421 5603 1712 5673 gratiarum
1742 5606 1942 5660 actione
1964 5604 2074 5660 Do-

498 5688 663 5758 me,
708 5694 770 5747 αι
797 5686 959 5763 possit
987 5700 1098 5748 esse
1121 5692 1419 5765 placabilis,
1455 5693 1633 5749 eodem
1669 5696 1753 5751 die
1794 5696 2072 5751 comedetis

498 5784 635 5845 eam,
663 5794 771 5838 non
793 5786 1074 5841 reinan‘ebit
1100 5787 1383 5858 quidquam
1411 5787 1466 5842 in
1493 5800 1644 5843 mane
1678 5790 1892 5845 alterius
1924 5791 2069 5845 diei:

498 5874 605 5944 (ge
624 5870 896 5930 Dominus.
945 5873 1214 5934 Custodite
1241 5879 1491 5935 mandata
1522 5894 1638 5937 mea
1656 5922 1669 5949 ,
1695 5892 1743 5937 et
1778 5882 1934 5953 facile
1962 5900 2021 5937 ea
2050 5896 2066 5935 :

2184 2050 2313 2096 nent
2340 2081 2354 2106 ,
2383 2039 2609 2110 peragit.
2645 2038 2799 2106 Quod
2824 2038 3159 2093 demonstrat
3190 2038 3453 2093 Dominus
3489 2037 3739 2107 apostolis,

2184 2134 2370 2189 dicens
2402 2152 2415 2187 :
2468 2132 2660 2186 Luceat
2690 2129 2782 2185 lux
2808 2140 2977 2185 vestra
3016 2145 3192 2184 coram
3227 2130 3527 2183 hominibus
3547 2171 3561 2193 ,
3587 2139 3644 2182 ut
3674 2128 3737 2182 ri-

2184 2222 2340 2277 deant
2379 2221 2511 2275 bona
2557 2230 2726 2274 vestra
2755 2235 2950 2290 Opera,
2994 2228 3043 2273 et
3080 2217 3379 2289 gloriﬁcent
3425 2217 3632 2272 Patrem
3667 2233 3741 2272 tte-

2183 2321 2370 2377 strum,
2398 2314 2486 2384 qui
2506 2312 2559 2366 in
2577 2311 2717 2365 caelis
2741 2321 2816 2365 est
2840 2308 3056 2380 (Matth.
3072 2310 3151 2381 v).
3178 2309 3495 2364 Immolatnr
3513 2309 3741 2375 Domino,

2182 2412 2244 2459 ut
2287 2405 2460 2475 possit
2488 2419 2608 2459 esse
2643 2402 2957 2472 placabilis;
3009 2401 3155 2473 quod
3185 2402 3539 2474 Septuaginta
3578 2403 3741 2458 edidec

2183 2500 2343 2559 runt,
2376 2502 2641 2564 acceptum
2670 2492 2812 2546 vobis
2842 2490 3176 2546 immutabilis
3199 2533 3213 2557 ,
3262 2492 3317 2547 id
3367 2501 3486 2559 est,
3538 2493 3607 2548 ad
3640 2506 3741 2547 sus-

2183 2586 2488 2656 cipiendum
2547 2584 2707 2656 digne
2760 2584 3075 2654 praedictam
3122 2586 3591 2640 conversationem
3637 2599 3742 2656 aga-

2182 2678 2338 2743 inus,
2391 2675 2734 2748 perﬁcientes
2774 2690 2894 2730 eam
2935 2684 2991 2730 et
3037 2691 3143 2731 non
3200 2676 3547 2731 imminutam
3602 2674 3740 2731 relin-

2184 2776 2432 2839 quentes,
2460 2775 2681 2838 propter
2707 2764 2853 2837 quod
2875 2773 2931 2821 et
2958 2764 3198 2822 subdidit
3226 2783 3239 2820 :
3270 2762 3476 2820 Eodem
3494 2765 3579 2819 die
3600 2780 3741 2819 me

2184 2859 2318 2912 detis
2363 2875 2444 2921 ea,
2494 2874 2598 2911 non
2640 2856 2922 2911 remanebit
2952 2854 3239 2926 quidquam
3278 2854 3333 2909 in
3366 2871 3521 2909 mane
3551 2851 3741 2907 attain:

2178 2947 2307 3005 diei.
2336 2948 2392 3003 In
2420 2956 2659 3019 tempore
2685 2947 2829 3003 enim
2858 2948 2981 3013 hoc,
3011 2947 3067 3000 in
3092 2961 3199 3016 quo
3220 2946 3324 3000 hoc
3347 2946 3657 3015 prmdictum
3674 2951 3742 2997 est

2184 3043 2527 3106 sacrificium,
2554 3042 2921 3113 permittimur
2940 3042 3225 3097 comedere
3251 3040 3409 3106 illud,
3440 3040 3495 3096 id
3515 3049 3616 3106 est,
3636 3046 3740 3107 epe-

2185 3135 2297 3191 rari
2346 3142 2401 3190 et
2442 3134 2713 3204 complere
2760 3132 3034 3188 debemus.
3083 3130 3225 3187 Nihil
3273 3138 3461 3186 autem
3498 3131 3566 3185 de
3598 3126 3741 3184 eisin

2185 3234 2345 3281 mane
2393 3223 2729 3295 relinquere,
2780 3231 2842 3278 ut
2878 3221 3081 3293 aliquid
3110 3231 3393 3278 remaneat
3421 3221 3743 3291 reliquiarum

2182 3321 2383 3371 nostra:
2431 3313 2861 3369 conversationis
2920 3313 3286 3367 incorrectum
3342 3326 3524 3381 neque
3576 3312 3743 3365 incon-

2180 3412 2456 3477 Sumptum
2498 3400 2705 3477 aliquid
2730 3404 2798 3461 de
2823 3404 3121 3461 virtutibus
3144 3411 3200 3459 et
3225 3403 3569 3475 inopcratum
3591 3402 3643 3457 in
3676 3398 3745 3453 l'u-

2181 3502 2307 3557 ttlro
2344 3500 2545 3556 saeculo
2583 3498 2973 3566 custodiamus,
3004 3495 3221 3569 quando
3247 3494 3365 3565 jam
3393 3510 3503 3549 non
3530 3501 3611 3549 est
3647 3490 3747 3545 lici-

2181 3600 2297 3651 tum
2331 3592 2565 3665 cperari.
2614 3588 2719 3659 Qui
2766 3598 2913 3646 recte
2941 3604 3096 3644 mane
3138 3586 3357 3649 dicitur,
3405 3585 3462 3640 id
3496 3590 3594 3649 est,
3637 3580 3748 3652 quia

2179 3701 2288 3742 nox
2320 3698 2559 3755 praesens
2591 3682 2721 3748 vita,
2754 3690 3041 3753 propterea
3070 3695 3189 3749 quae
3219 3680 3275 3734 in
3306 3690 3367 3732 ea
3392 3690 3535 3730 nunc
3559 3683 3643 3729 est
3667 3688 3755 3728 ne-

2179 3770 2305 3833 bula
2346 3776 2676 3831 nominatur.
2720 3756 2837 3843 Ego
2875 3768 3135 3826 Dominus
3165 3784 3184 3822 :
3222 3765 3467 3824 custodite
3505 3761 3752 3819 mandata

2179 3872 2328 3933 mea,
2374 3875 2424 3921 et
2454 3865 2611 3935 facile
2659 3879 2741 3919 ea.
2788 3856 2905 3933 Ego
2950 3860 3244 3927 Dominus,
3280 3857 3372 3928 qui
3412 3855 3509 3911 hic
3547 3852 3752 3924 quidem

2179 3954 2353 4027 legem
2377 3955 2671 4019 constituo,
2707 3942 2781 4007 ibi
2826 3954 3007 4006 autem
3029 3949 3216 4021 judico
3244 3965 3259 4002 :
3293 3946 3389 4017 qui
3414 3940 3749 4013 intelligibilia

2180 4048 2382 4103 talenta
2430 4046 2567 4103 meis
2617 4043 2790 4100 servis
2819 4043 2875 4099 in
2909 4041 3165 4113 praesenti
3192 4038 3394 4096 smculo
3432 4038 3504 4093 ad
3538 4048 3751 4107 operan-

2181 4141 2307 4198 tium
2338 4140 2479 4205 dedi,
2526 4140 2585 4194 in
2611 4128 2853 4192 futurum
2890 4143 3068 4192 autem
3097 4133 3340 4189 rationes
3368 4146 3496 4187 cum
3521 4130 3599 4185 eis
3622 4140 3750 4198 pono

2180 4239 2236 4291 et
2261 4232 2587 4287 talentorum
2611 4228 2981 4301 operationem
3002 4227 3179 4298 exigo.
3217 4220 3335 4295 Ego
3362 4222 3662 4280 Dominus:
3697 4232 3751 4271 ne

2177 4318 2427 4395 polluatis
2465 4336 2655 4375 nomen
2698 4334 2873 4375 meum
2915 4326 3179 4373 sanctum.
3217 4314 3459 4371 Pollutio
3500 4312 3646 4371 enim
3678 4312 3751 4362 est

2179 4412 2443 4469 creatoris
2470 4417 2526 4467 et
2548 4409 2904 4482 blasphemia,
2941 4408 2987 4464 si
3018 4408 3072 4463 in
3101 4406 3293 4462 eodem
3319 4420 3421 4461 nos
3456 4402 3646 4460 ordine
3678 4395 3750 4454 vel

2181 4511 2326 4571 actu,
2373 4519 2482 4575 quo
2508 4518 2653 4558 nunc
2687 4516 2875 4558 sumus
2913 4501 3221 4558 resuscitet.
3261 4496 3405 4565 Quid
3438 4497 3590 4553 enim
3615 4506 3749 4548 cout-

2179 4600 2355 4650 mutat
2392 4574 2651 4648 mundum
2681 4592 2826 4648 hunc
2846 4632 2860 4658 ,
2889 4592 2934 4648 si
2966 4592 3021 4646 in
3051 4589 3255 4657 eisdem
3283 4587 3567 4644 doloribus
3593 4593 3650 4639 et
3681 4574 3749 4635 la-

2178 4685 2425 4743 ho‘ribus‘
2452 4684 2696 4741 erimus?
2750 4680 2818 4739 Ut
2864 4682 3166 4753 sanctiﬁcer
3216 4682 3276 4735 in
3320 4679 3492 4736 medio
3534 4678 3753 4748 ﬁliorum

2178 4774 2369 4834 Israel.
2403 4776 2521 4835 Non
2563 4776 2700 4833 dixit
2727 4776 3057 4842 sanctiﬂcor,
3091 4773 3188 4830 sed
3223 4769 3530 4841 sanctiﬁcer
3568 4783 3589 4822 :
3628 4766 3754 4835 iutu-

2178 4882 2299 4924 rum
2329 4869 2621 4925 ostendens
2656 4876 2888 4938 tempus,
2939 4867 2994 4921 in
3044 4880 3152 4935 quo
3202 4865 3261 4919 in
3300 4861 3485 4920 medio
3511 4871 3756 4917 verum!!!

2176 4957 2412 5017 imorum
2456 4954 2619 5015 Israel
2665 4958 3067 5023 sanctiﬁcatur;
3116 4952 3338 5028 Egypti
3364 4955 3527 5011 enim
3564 4953 3759 5010 exitum

2177 5066 2287 5108 non
2312 5051 2515 5107 frustra
2553 5058 2886 5108 memoratus
2913 5057 3017 5117 est,
3046 5046 3181 5105 illud
3209 5047 3621 5112 demonstrans,
3649 5040 3763 5113 quia

2180 5140 2654 5212 quemadmodum,
2673 5141 2766 5212 qui
2791 5140 2998 5211 egressi
3020 5147 3147 5197 sunt
3168 5130 3236 5194 de
3254 5134 3511 5209 Egypto,
3528 5152 3643 5191 non
3658 5131 3763 5208 jam

2180 5242 2243 5289 ea
2274 5246 2393 5304 quae
2440 5232 2661 5305 Egypti
2695 5241 2822 5289 sunt
2859 5233 3127 5306 agebant;
3178 5231 3259 5288 sic
3300 5237 3357 5286 et
3404 5229 3635 5301 quando
3674 5238 3768 5281 nos

2180 5316 2323 5381 Deus
2350 5325 2537 5401 eduxit
2572 5325 2639 5380 de
2663 5325 2918 5394 praesenti
2948 5326 3081 5391 vita,
3105 5339 3211 5379 non
3236 5323 3352 5394 jam
3374 5336 3548 5392 agere
3568 5335 3639 5376 ea
3656 5330 3768 5389 qna:

2179 5418 2234 5474 in
2254 5433 2317 5475 ea
2340 5425 2467 5475 sunt
2490 5426 2775 5488 possumus
2800 5433 2812 5471 :
2837 5424 2922 5472 est
2940 5418 3086 5472 enim
3105 5414 3372 5486 Egyptus
3392 5409 3769 5484 intelligibilis,

2176 5526 2415 5584 przcsens
2434 5512 2685 5576 mundus,
2707 5510 2834 5581 quia
2856 5508 3123 5582 Egyptus
3156 5507 3579 5565 contenebratio
3605 5507 3769 5562 inter—

2174 5613 2436 5676 pretatur.
2466 5603 2728 5659 Tenebris
2749 5604 2895 5659 enim
2931 5610 2988 5660 et
3018 5601 3317 5659 secundum
3345 5601 3493 5672 quod
3530 5596 3772 5657 diximus

2173 5698 2388 5762 nebula,
2413 5697 2526 5752 sive
2537 5695 2767 5767 caligine
2785 5696 3070 5766 praesentia
3091 5702 3218 5751 sunt
3235 5691 3462 5765 repleta,
3479 5691 3771 5759 intantum

2173 5796 2234 5843 ut
2252 5785 2483 5843 Joannes
2511 5787 2580 5843 de
2605 5787 2832 5843 Domino
2860 5787 3062 5843 diceret
3085 5804 3098 5842 :
3129 5784 3249 5841 Lua:
3271 5785 3327 5839 in
3349 5781 3584 5838 tenebris
3613 5781 3771 5846 lucet,

2172 5888 2222 5937 et
2252 5882 2472 5937 tenebras
2496 5896 2612 5936 eam
2636 5896 2740 5936 non
2760 5879 3259 5954 comprehenderunt
3284 5875 3467 5952 (Joan.
3491 5872 3561 5949 ι).
3593 5872 3771 5944 Prop-
