3892 6344
435 308 544 369 50⁸5

434 531 578 582 mus,-
605 523 660 571 et
685 515 855 571 multo
888 512 1060 585 magis
1093 529 1124 566 a
1155 511 1377 568 Iudaico
1411 523 1598 567 errore
1622 517 1676 564 et
1705 516 2002 575 vetustate;

432 609 576 663 unde
599 615 654 664 et
677 616 962 679 postquam
987 603 1188 660 Paulus
1209 603 1348 658 dixit
1371 621 1384 658 :
1413 601 1624 657 Pascha
1652 611 1886 656 nostrum
1908 602 2010 655 im-

432 698 658 752 molatus
685 707 760 752 est
789 695 1046 761 Christus,
1091 692 1365 751 subdidit:
1405 694 1546 765 Ergo
1581 693 1869 764 epulemur,
1902 707 2006 746 non

431 788 488 842 in
515 787 766 857 fermento
801 788 981 853 veteri,
1017 801 1183 856 neque
1209 785 1266 839 in
1305 784 1556 853 fermento
1583 783 1801 838 malitia:
1837 792 1888 836 et
1918 799 2006 836 ne-

429 880 642 950 quitiae,
667 879 760 934 sed
799 882 857 934 in
894 878 1091 950 azymis
1121 876 1432 933 sinceritatis
1460 885 1508 930 et
1542 876 1772 931 veritatis
1799 874 1852 946 (Ι
1879 873 2002 929 Cor.

428 970 507 1040 v).
552 969 622 1025 Et
662 983 772 1026 non
825 971 893 1026 ad
944 978 1190 1039 tempus,
1246 967 1340 1024 sed
1382 967 1529 1023 omni
1585 975 1772 1023 nostra
1819 966 1928 1020 vita
1971 980 2003 1020 a

429 1059 695 1116 fermento
728 1046 946 1116 malitia:
974 1060 1160 1116 mundi
1187 1073 1305 1115 esse
1328 1059 1607 1125 debemus,
1636 1067 1692 1113 et
1715 1063 2002 1128 propterea

429 1151 546 1206 ait:
598 1150 803 1222 Septem
842 1152 1022 1206 diebus
1051 1151 1327 1206 comedetis
1364 1166 1550 1220 azyma
1586 1165 1605 1203 :
1628 1163 1727 1219 per
1754 1157 2002 1217 septena-

428 1242 568 1295 rium
607 1245 889 1297 numerum
933 1241 1000 1297 de
1038 1242 1186 1297 omni
1216 1241 1372 1296 nobis
1411 1241 1525 1295 vita
1554 1238 1892 1309 praecipiens.
1930 1236 2001 1290 Et

427 1337 536 1391 dies
561 1325 761 1406 primus
787 1337 884 1392 erit
914 1337 1052 1392 vobis
1080 1335 1463 1401 celeberrimus,
1500 1341 1548 1389 et
1574 1342 1823 1399 sanctus;
1849 1349 2000 1388 omne

425 1441 554 1496 opus
584 1425 766 1481 servile
790 1441 894 1480 non
920 1426 1124 1496 facietis
1160 1427 1216 1479 in
1246 1442 1325 1481 eo.
1362 1424 1497 1480 Illud
1521 1425 1667 1480 enim
1685 1422 1998 1480 omnimodo

423 1517 620 1573 servile
644 1532 766 1573 esse
803 1533 957 1587 opus,
990 1518 1212 1588 spiritus
1250 1518 1444 1581 innuit,
1485 1517 1553 1572 de
1575 1532 1683 1586 quo
1703 1516 1778 1570 ait
1817 1513 2000 1570 Domi-

422 1624 563 1663 nus:
601 1610 783 1672 Amen,
829 1625 979 1662 amen
1028 1609 1145 1661 dico
1195 1608 1363 1672 vobis,
1411 1591 1500 1677 qui
1549 1607 1675 1676 facit
1703 1613 1994 1674 peccatum,

419 1713 596 1751 servus
632 1707 707 1751 est
736 1697 934 1765 peccati
955 1696 1137 1767 (Joan.
1170 1697 1232 1767 ι).
1257 1697 1314 1751 Si
1349 1697 1494 1750 enim
1530 1710 1716 1749 verum
1755 1693 1997 1749 celebra-

1112 307 1180 363 Β.
1220 303 1476 362 mam
1512 302 1733 365 usum
1769 287 2104 361 ARCHIEP.
2125 287 2434 359 uocum.
2471 295 2755 358 eranum
2789 299 2970 357 psus
3004 298 3046 357 l.
3438 369 3442 374 _

435 435 492 483 et
516 439 644 482 vere
669 423 936 490 volumus,
978 423 1154 495 azymi
1183 422 1252 478 ab
1283 420 1432 477 o‘mni
1461 419 1668 474 malitia
1696 434 1818 477 esse
1841 419 2004 474 debe-
2029 419 2083 481 Α
2107 417 2224 469 cum
2257 427 2352 484 pro
2397 421 2639 484 peccato,
2686 411 2918 482 duosque
2961 425 3126 482 agnos
3164 409 3444 471 anniculos
3491 415 3697 472 hostias

3585 302 3696 360 50L

2106 509 2465 581 paciﬁcorum.
2495 505 2728 578 Cumque
2758 505 3034 560 elevaverit
3060 521 3124 560 ea
3148 507 3398 562 sacerdos
3431 523 3559 562 ctms
3604 526 3698 578 pa-

2107 599 2260 653 nibus
2297 598 2650 669 primitiarum
2691 607 2871 650 coram
2913 593 3159 660 Domino,
3202 595 3386 651 cedent
3425 595 3490 650 in
3540 611 3694 650 usum

2105 688 2240 759 ejus.
2263 685 2333 741 Et
2361 687 2607 742 vocabitis
2630 687 2768 740 hunc
2796 685 2932 739 diem
2957 684 3349 740 celeberrimum
3380 695 3546 745 atque
3581 703 3697 741 san-

2107 780 2399 833 ctissimum
2425 793 2446 830 :
2473 779 2639 833 Omne
2663 791 2793 846 opus
2823 775 3006 831 servile
3033 793 3137 830 non
3166 777 3371 846 facietis
3395 778 3456 831 in
3481 794 3571 832 eo.
3597 778 3696 832 Le-

2103 871 2343 942 gitimum
2373 871 2742 941 sempiternum
2784 869 2880 923 erit
2925 869 2981 921 in
3024 870 3230 923 cunctis
3277 868 3609 925 habitaculis
3649 880 3692 924 et

2103 964 2522 1034 generationibus
2548 963 2748 1018 vestris.
2793 961 3024 1029 Quidam
3053 968 3234 1016 autem
3258 959 3584 1017 Iudaeorum
3614 964 3691 1018 in-

2101 1054 2392 1110 veniuntur
2453 1053 2798 1109 Peuteeostes
2864 1051 3220 1108 festivitatem
3281 1052 3616 1118 celebrare,
3664 1070 3690 1108 a

2099 1146 2274 1217 prima
2319 1146 2464 1201 enim
2496 1160 2832 1217 azymorum,
2869 1159 2979 1200 non
3024 1152 3209 1200 autem
3255 1159 3286 1198 a
3335 1145 3430 1200 die
3485 1147 3546 1200 in
3595 1161 3688 1216 qus

2099 1236 2405 1308 manipulus
2458 1236 2851 1306 primitiarum,
2917 1237 2974 1292 in
3038 1236 3372 1303 crastinum,
3423 1238 3688 1292 -secunda

2095 1327 2350 1383 videlicet
2399 1327 2505 1393 die,
2545 1335 2942 1398 computantes,
2971 1326 3238 1382 celebrari
3278 1327 3506 1381 sibimet
3554 1326 3686 1381 Peu-

2099 1427 2339 1476 tecosten
2375 1419 2690 1488 praedicant.
2731 1417 2962 1488 Propter
3001 1417 3143 1487 quod
3185 1417 3265 1472 eis
3301 1417 3573 1471 Dominus
3597 1417 3687 1471 im-

2094 1525 2394 1582 properans
2436 1512 2579 1581 quod
2605 1512 2772 1566 etiam
2803 1509 3098 1566 secundum
3139 1510 3380 1565 litteram
3431 1525 3543 1565 non
3595 1510 3682 1564 im-

2095 1602 2305 1672 plerent
2350 1603 2550 1671 legem,
2582 1601 2832 1656 dicebat:
2869 1601 2936 1655 Et
2974 1617 3123 1656 nemo
3160 1617 3224 1654 ex
3265 1601 3410 1655 vobis
3447 1601 3578 1670 facit
3603 1602 3676 1656 le-

2096 1712 2228 1765 gem.
2277 1695 2517 1750 Ecclesia
2563 1701 2744 1748 autem
2794 1693 2956 1758 facit;
2977 1693 3121 1747 sicut
3158 1707 3300 1748 nunc
3350 1692 3677 1756 ostenditur,

421 1803 542 1841 mus
569 1787 800 1852 Pascha,
823 1789 1033 1856 peccati
1065 1787 1344 1841 servitium
1375 1786 1664 1856 fugiamus,
1695 1784 1820 1854 quia
1842 1783 1999 1840 Chri-
2027 1785 2075 1846 B
2103 1786 2432 1857 Locutusque
2465 1794 2541 1840 est
2580 1785 2839 1839 Dominus
2866 1783 2934 1838 ad
2968 1783 3187 1854 Moysen
3211 1784 3391 1838 dicens
3413 1798 3433 1835 :
3458 1783 3679 1857 loquere

420 1886 555 1941 stus,
583 1878 674 1945 qui
700 1893 797 1947 pro
815 1878 969 1933 nobis
993 1892 1183 1948 passus
1207 1885 1311 1942 est,
1335 1893 1366 1963 εξ
1387 1885 1611 1948 peccato
1631 1891 1730 1931 nos
1751 1883 1807 1930 et
1827 1876 1995 1930 servi-

419 1975 535 2022 tute
559 1967 676 2037 ejus
708 1967 974 2024 liberavit.
1012 1968 1128 2023 Non
1171 1970 1295 2038 quia
1325 1970 1499 2040 prima
1543 1970 1628 2025 die
1667 1983 1827 2024 omne
1856 1982 1992 2038 opus

416 2059 614 2115 servile
666 2075 774 2116 non
837 2059 956 2116 fieri
1006 2062 1301 2132 praecepit,
1365 2061 1486 2136 aliis
1559 2069 1738 2116 autem
1804 2060 1994 2116 diebus

417 2150 540 2207 ideo
565 2166 728 2222 opera
753 2152 840 2224 agi
863 2153 1077 2208 servilia
1098 2145 1382 2222 praecepit;
1407 2153 1528 2209 vide
1551 2153 1694 2207 enim
1719 2151 1846 2221 quid
1868 2151 1994 2205 sub-

415 2243 551 2298 didit
576 2261 589 2296 :
629 2241 732 2298 Sed
772 2244 1000 2313 oﬁ'eretis
1029 2245 1347 2312 sacri/icium
1369 2244 1425 2296 in
1453 2245 1570 2312 igne
1596 2242 1846 2306 Domino,
1878 2241 1993 2296 sive

413 2343 474 2388 ut
495 2333 876 2406 Septuaginta:
907 2337 1149 2406 Offeretis
1169 2337 1617 2390 holocaustomata
1638 2333 1862 2388 Domino
1883 2350 1994 2404 sep-

415 2433 518 2478 tem
560 2425 740 2480 diebus
770 2443 788 2480 :
828 2428 943 2482 dies
988 2436 1168 2482 autem
1213 2429 1460 2497 septimus
1517 2428 1616 2480 erit
1655 2424 1906 2480 celebrior
1941 2435 1990 2480 et

415 2519 667 2581 sanctior,
696 2519 999 2590 nullumque
1023 2537 1151 2591 opus
1175 2520 1358 2575 servile
1383 2521 1586 2590 facietis
1615 2520 1670 2574 in
1695 2536 1774 2574 eo.

483 2608 956 2666 Holoeaustomata
977 2627 1108 2683 ergo
1133 2620 1338 2682 septem
1365 2612 1559 2667 diebus
1585 2610 1770 2666 oll‘erri
1799 2611 1992 2682 praeci-

411 2700 587 2772 piens,
615 2703 876 2758 abstineri
909 2705 1073 2761 etiam
1108 2707 1177 2761 ab
1221 2705 1470 2760 omnibus
1497 2705 1752 2775 operibus
1784 2704 1990 2760 servili-

411 2794 514 2850 bus
543 2795 598 2850 in
645 2797 726 2852 eis
756 2799 1031 2870 praecepit.
1062 2798 1345 2868 Quomodo
1387 2798 1533 2854 enim
1577 2797 1698 2867 quis
1729 2796 1987 2852 holocau-

410 2892 552 2939 stum
579 2885 690 2942 Deo
709 2886 921 2955 olierat,
950 2889 1165 2946 diabolo
1186 2890 1400 2962 dignus,
1428 2897 1523 2944 aut
1543 2888 1760 2944 servilia
1781 2900 1946 2959 agens
1964 2887 1990 2940 ?

409 2976 612 3034 Deinde
643 2993 752 3034 non
794 2981 964 3035 solum
995 2981 1248 3052 primam,
1291 2981 1388 3037 sed
1417 2988 1474 3036 et
1500 2980 1787 3049 septimam
1826 2991 1990 3048 prop-

409 3077 559 3124 terea
610 3070 946 3137 nominavit,
993 3082 1055 3128 ut
1099 3074 1155 3128 in
1190 3073 1366 3144 prima
1407 3081 1466 3126 et
1511 3072 1772 3141 septima,
1815 3077 1988 3125 totam

2100 1878 2223 1948 filiis
2253 1877 2446 1944 Israel,
2471 1887 2520 1932 et
2542 1878 2682 1932 dices
2715 1879 2786 1931 ad
2814 1893 2935 1932 eos:
2960 1875 3093 1932 Cum
3112 1878 3332 1948 ingressi
3354 1879 3567 1948 fueritis
3585 1889 3676 1933 ter-

2098 1987 2238 2035 ram,
2259 1980 2314 2025 et
2334 1979 2548 2026 castora.

2170 2061 2396 2116 Terram
2427 2078 2457 2116 a
2494 2061 2607 2116 Deo
2643 2061 2828 2116 datam
2875 2061 3246 2132 evangelicum
3281 2061 3592 2119 doctrinam
3627 2073 3675 2120 et

2098 2153 2566 2208 conversationem
2618 2151 2931 2222 frequenter
2990 2151 3275 2207 docuimus
3315 2169 3328 2204 :
3369 2152 3488 2222 ipsa
3535 2153 3672 2209 enim

2096 2251 2244 2298 terra
2294 2243 2492 2299 dicitur
2539 2251 2764 2313 propter
2800 2242 3008 2298 fructus
3056 2242 3318 2297 virtutum
3353 2259 3474 2313 quae
3499 2259 3564 2300 ex
3607 2259 3672 2300 ea

2095 2334 2372 2398 oriuntur,
2400 2334 2467 2388 ab
2507 2333 2625 2404 ipso
2654 2342 2835 2387 autem
2878 2334 3006 2388 data
3033 2342 3149 2400 est;
3176 2349 3352 2404 neque
3386 2337 3532 2388 enim
3569 2350 3677 2390 me»

2095 2426 2306 2482 diatore
2343 2427 2412 2481 ad
2459 2427 2599 2481 hanc
2628 2442 2758 2481 usus
2787 2436 2902 2493 est,
2946 2426 3042 2481 sed
3070 2427 3292 2498 proprio
3318 2441 3446 2482 eam
3476 2443 3676 2484 annun-

2095 2518 2252 2573 tiavit
2286 2533 2399 2574 ore.
2437 2517 2662 2584 Quando
2710 2532 2839 2588 ergo
2892 2517 3124 2590 ingressi
3178 2526 3304 2573 sunt
3338 2526 3396 2573 et
3433 2534 3674 2574 messua-

2094 2619 2221 2665 runt
2250 2619 2462 2682 segetes
2489 2611 2628 2680 ejus,
2674 2612 2729 2666 hi
2769 2612 2858 2681 qui
2899 2623 3256 2682 susceperunt
3284 2613 3530 2670 salutare
3555 2631 3670 2669 ver-

2090 2701 2222 2758 bum
2247 2717 2262 2754 :
2293 2700 2369 2756 illi
2413 2703 2558 2757 enim
2588 2712 2714 2757 sunt
2751 2713 2805 2759 et
2839 2717 3110 2760 messores
3139 2703 3500 2775 intelligibilis
3531 2723 3673 2779 sege-

2094 2795 2183 2860 tis,
2208 2795 2276 2850 ad
2305 2809 2442 2866 quos
2470 2795 2731 2851 Dominus
2751 2783 3001 2851 dicebat:
3033 2795 3221 2852 Messis
3245 2799 3465 2868 quidem
3495 2799 3673 2867 multa,

2093 2885 2320 2956 operarii
2356 2895 2529 2940 autem
2566 2889 2742 2956 pauci.
2778 2885 2978 2957 Rogate
3020 2903 3141 2959 ergo
3171 2887 3464 2944 Dominum
3504 2893 3677 2948 messis

2083 2985 2148 3029 .ut
2180 2977 2353 3030 mittat
2381 2978 2724 3047 cperarios-in
2751 2993 2966 3032 messem
2998 2995 3150 3032 suam
3181 2977 3336 3050 (Luc.
3366 2982 3446 3052 ς).
3481 2982 3678 3050 Quibus

2091 3069 2254 3123 etiam
2289 3069 2438 3123 verbi
2482 3071 2800 3140 mysterium
2839 3071 3090 3137 credidit,
3123 3081 3252 3129 tunc
3295 3075 3448 3130 enim
3489 3078 3674 3134 messis

407 3160 890 3227 comprehenderet
913 3162 1081 3217 vitam
1103 3164 1394 3218 humanam
1420 3181 1432 3216 :
1457 3163 1545 3216 illa
1573 3164 1716 3218 enim
1749 3162 1985 3227 initium,
2015 3173 2060 3237 ρ
2091 3163 2172 3218 sic
2202 3171 2410 3217 matura
2439 3172 2579 3230 erat,
2610 3171 2669 3219 ut
2697 3166 2958 3221 Dominus
2982 3166 3228 3221 diceret:
3271 3165 3467 3222 Levate
3503 3166 3672 3223 oculos

407 3247 511 3302 ista
557 3256 738 3305 autem
781 3250 944 3306 linem
973 3252 1152 3315 habet,
1183 3253 1237 3307 in
1268 3268 1372 3322 qua
1409 3253 1592 3306 omnia
1631 3252 1990 3321 comprehen-

407 3339 627 3395 duntur.
661 3341 921 3413 Sequitur
945 3362 958 3397 :

401 3447 409 3454 ·
447 3449 450 3451 ν
477 3428 809 3503 Locutusque
835 3443 912 3487 est
939 3433 1196 3487 Dominus
1225 3433 1295 3486 ad
1341 3433 1558 3503 Moysen
1578 3473 1592 3496 ,
1620 3433 1798 3486 dicens
1838 3443 1858 3484 :
1888 3430 1991 3486 Lo-

405 3538 564 3592 quere
589 3522 714 3583 ﬁliis
744 3523 934 3591 Israel,
965 3534 1014 3579 et
1051 3526 1188 3579 dices
1219 3525 1288 3578 ad
1313 3542 1398 3579 eos
1418 3539 1437 3577 :
1467 3523 1599 3579 Cum
1627 3524 1848 3595 ingressi
1876 3524 1991 3594 fue-

402 3615 520 3668 ritis
563 3615 618 3668 in
646 3624 840 3672 terram
881 3633 1040 3689 quam
1075 3634 1167 3689 ego
1203 3617 1338 3672 dabo
1381 3617 1543 3682 vobis,
1582 3627 1630 3671 et
1669 3617 1990 3672 messueritis

402 3712 596 3774 segetes
623 3715 780 3761 terra:
805 3717 1008 3774 vestrte,
1043 3709 1219 3778 feretis
1258 3707 1554 3779 manipulos
1589 3709 1852 3779 spicarum
1881 3708 1990 3778 pri-

403 3796 582 3851 mitias
602 3799 784 3853 messis
813 3810 994 3855 vestra:
1023 3800 1094 3854 ad
1124 3800 1477 3863 sacerdotem,
1505 3799 1596 3870 qui
1625 3798 1821 3852 levabit
1836 3797 1989 3867 fasci-

401 3889 580 3946 culum
618 3907 795 3947 coram
832 3893 1079 3959 Domino,
1118 3904 1172 3948 ut
1217 3892 1548 3964 acceptabilis
1587 3893 1654 3946 sit
1687 3907 1782 3964 pro
1809 3890 1988 3967 vobis;

313 4027 318 4032 .
400 3975 568 4035 altero
594 3983 680 4037 die
721 3983 935 4038 sabbato
974 3985 1320 4053 sanctificabit
1349 3985 1502 4038 illum
1545 3995 1701 4058 atque
1725 3988 1781 4041 in
1807 3987 1986 4042 eodem

400 4071 486 4123 die
521 4088 624 4140 quo
659 4074 960 4143 manipulus
991 4086 1325 4130 consecratur
1349 4078 1578 4131 credetur
1605 4095 1772 4149 agnus
1798 4079 1985 4135 imma-

399 4162 609 4215 culatus
641 4165 920 4218 anniculus
960 4167 1018 4220 in
1056 4168 1419 4222 holocaustum
1460 4170 1707 4226 Domino.
1736 4173 1807 4227 Et
1847 4175 1982 4229 liba-

397 4259 573 4304 menta
625 4253 912 4322 off'erentur
943 4271 1060 4309 cum
1103 4274 1186 4323 eo,
1217 4259 1337 4313 dua:
1385 4261 1598 4315 decima:
1633 4261 1822 4317 simin
1860 4281 1983 4317 con-

398 4359 591 4413 sperste
615 4343 727 4400 oleo
764 4346 821 4400 in
849 4346 1115 4403 incensum
1151 4350 1398 4418 Domino,
1443 4353 1754 4423 odoremque
1783 4357 1984 4410 suavis-

395 4437 586 4490 simum
622 4451 641 4489 .·
673 4438 780 4493 liba
809 4455 1010 4510 quoque
1037 4441 1144 4495 vini
1173 4451 1362 4512 quarta
1399 4459 1524 4513 pars
1553 4444 1675 4508 hin,
1715 4460 1903 4521 panem
1930 4454 1979 4499 et

2095 3266 2287 3311 vestros
2309 3264 2358 3311 et
2381 3257 2545 3311 videte
2567 3260 2820 3329 regiones,
2843 3261 2967 3331 quia
2990 3259 3123 3315 alba:
3145 3269 3269 3314 sunt
3292 3261 3364 3314 ad
3388 3263 3677 3317 metendum

2093 3347 2238 3401 olim.

2161 3439 2490 3510 Manipulum
2533 3449 2712 3496 autem
2749 3442 3153 3512 primitiarum,
3187 3442 3551 3513 intelligibilis
3594 3459 3677 3499 sa-

2090 3530 2283 3585 cerdos
2329 3529 2578 3587 Christus
2628 3545 2826 3601 corpus
2873 3532 3156 3602 proprium
3202 3531 3464 3586 oll‘erebat
3506 3533 3682 3603 :quia

2089 3621 2238 3676 enim
2264 3621 2562 3692 capitulum
2594 3623 2708 3678 sive
2752 3637 2965 3677 summa
3001 3622 3200 3678 messis
3225 3621 3372 3676 verbi
3419 3621 3681 3676 videlicet

2091 3711 2410 3778 Salvatoris,
2438 3719 2495 3766 et
2522 3712 2720 3767 divinas
2747 3711 3167 3781 praedicationis,
3193 3717 3528 3767 mortuorum
3551 3720 3682 3766 erat

2089 3803 2438 3866 resurrectio,
2466 3816 2628 3857 verus
2654 3801 2972 3870 manipulus
3000 3810 3057 3856 et
3098 3815 3242 3855 verae
3280 3799 3543 3870 primitiae
3582 3815 3683 3856 no—

2087 3900 2214 3948 strae
2267 3892 2462 3947 messis
2520 3899 2649 3946 tunc
2699 3890 3050 3960 intelligibilis
3109 3891 3366 3946 sacerdos
3425 3888 3680 3946 Christus

2077 4000 2309 4062 magna
2322 3984 2603 4055 proprium
2625 3997 2656 4037 a
2686 3983 2916 4062 mortuis
2941 3981 3246 4036 suscitavit.
3285 3982 3362 4036 De
3393 3996 3502 4051 quo
3537 3981 3677 4035 Pau-

2083 4084 2170 4139 lus
2198 4071 2642 4141 diceWunc
2673 4084 2849 4128 autem
2879 4071 3120 4126 Christus
3163 4073 3448 4126 resurrexit
3476 4089 3512 4124 a
3539 4087 3678 4124 mor-

2087 4001 2170 4048 co.
2260 4000 2285 4040 s
2322 4000 2603 4055 proprium
2625 4000 2656 4037 a
2686 4000 2916 4062 mortuis
2941 4000 3246 4036 suscitavit.
3286 4000 3362 4036 ue
3393 4000 3502 4051 quo
3537 4000 3675 4035 rau-

2084 4000 2849 4233 luszgwéguem
2879 4071 3120 4126 Christus
3163 4073 3448 4126 resurrexit
3476 4089 3512 4124 a
3539 4087 3675 4124 mor-

2084 4178 2188 4230 tuis
2220 4177 2466 4247 primum,»
2493 4178 2626 4230 dom
2654 4168 2665 4178 '
2721 4166 2866 4247 tium
2912 4164 2965 4235 (I
2993 4163 3114 4219 Cor.
3140 4164 3276 4236 xvr).
3308 4163 3418 4220 Sed
3455 4166 3675 4235 quando

2084 4268 2188 4322 hoc
2215 4245 2418 4320 iactum
2445 4267 2562 4321 est?
2585 4245 2765 4319 Altera
2791 4257 2884 4326 die
2910 4257 3098 4326 primae
3125 4256 3307 4324 offeret
3335 4254 3677 4311 illud.sacer-

2081 4357 2198 4409 dos.
2243 4357 2378 4409 Esse
2417 4364 2598 4410 autem
2624 4356 2859 4424 primam
2898 4347 3043 4410 diem
3089 4346 3375 4401 dominica!
3406 4347 3678 4417 passionis

2081 4461 2147 4500 ea
2186 4461 2307 4516 qua:
2336 4455 2461 4500 ante
2491 4447 2595 4500 hoc
2634 4446 2872 4501 diximus
2916 4437 3292 4503 ostenderunt,
3326 4437 3380 4492 in
3423 4454 3537 4508 qua
3573 4439 3678 4492 Do-

305 4551 308 4554 ι
394 4529 658 4598 polentam
690 4543 737 4586 et
775 4531 976 4603 pultes,
1023 4551 1130 4590 non
1176 4535 1455 4590 comedetis
1497 4552 1563 4591 ea:
1607 4545 1774 4606 segete
1815 4553 1978 4608 usque
2001 4536 2056 4597 D
2082 4535 2262 4592 minus
2291 4551 2444 4590 suam
2474 4535 2713 4591 hostiam
2762 4551 2869 4590 non
2901 4535 3020 4592 sine
3045 4526 3266 4608 mione
3308 4527 3668 4598 dispensavit.

393 4620 464 4673 ad
499 4621 636 4675 dicat
667 4641 769 4694 quo
810 4627 1045 4696 offeratis
1088 4644 1154 4683 ea:
1187 4645 1249 4684 ea
1279 4625 1388 4683 Deo
1424 4639 1614 4695 vestro,
1661 4638 1976 4701 praeceptum

390 4723 466 4767 est
504 4716 875 4784 sempiternum
905 4720 957 4773 in
987 4721 1408 4791 generationibus
1445 4722 1745 4793 cunctisque
1772 4722 1978 4776 habita-

393 4803 524 4856 culis
568 4806 770 4859 vestris.
802 4806 1163 4864 Numerabitis
1192 4826 1314 4882 ergo
1346 4812 1410 4865 ab
1445 4811 1608 4866 altero
1644 4812 1731 4866 die
1769 4811 1974 4866 sabbati

390 4896 444 4948 in
491 4912 592 4965 quo
646 4897 972 4968 manipulum
1031 4900 1292 4956 obtulistis
1337 4887 1729 4972 primitiarum,
1778 4912 1970 4972 septem

389 4985 742 5043 hebdoniadas
771 4990 972 5060 plenas,
1006 5007 1168 5062 usque
1191 4994 1260 5048 ad
1298 4994 1521 5049 alteram
1549 4995 1688 5048 diem
1721 4995 1970 5064 expletio-

390 5080 471 5132 m's
493 5079 832 5136 hebdomadas
863 5083 1118 5151 septimm,
1152 5085 1208 5137 id
1235 5094 1334 5152 est,
1359 5085 1739 5157 quinquaginta
1765 5085 1896 5150 dies,
1919 5094 1968 5140 et

387 5175 462 5226 sic
497 5174 726 5243 offeratis
771 5173 1095 5243 sacrificium
1132 5192 1320 5230 novum
1359 5176 1586 5231 Domino
1629 5193 1693 5231 ea:
1729 5177 1969 5231 omnibus

387 5264 702 5318 habitaculis
725 5266 926 5330 vestris,
952 5281 1114 5336 panes
1140 5267 1494 5336 primitiarum
1523 5267 1654 5322 duos
1677 5268 1742 5322 de
1761 5268 1966 5324 duabus

386 5357 601 5412 decimis
637 5355 825 5412 simin
853 5357 1176 5429 fermentata!
1209 5375 1337 5430 quos
1362 5361 1591 5429 coquetis
1620 5359 1674 5413 in
1707 5362 1967 5430 primitias

385 5449 615 5513 Domini,
642 5453 970 5522 o/f'erctisque
989 5468 1107 5505 cum
1130 5451 1350 5522 panibus
1375 5461 1566 5521 septem
1590 5470 1751 5523 agnos
1778 5455 1965 5511 imma-

387 5540 586 5594 cuiatos
634 5542 928 5607 anniculos,
960 5551 1008 5596 et
1040 5541 1257 5596 vitulum
1298 5541 1362 5594 de
1399 5553 1636 5596 armento
1675 5561 1866 5608 unum,
1914 5553 1963 5600 et

386 5630 572 5682 arietes
598 5632 748 5686 duos.
783 5632 848 5686 Et
877 5643 1027 5687 erunt
1053 5635 1107 5686 in
1137 5632 1497 5686 holocaustum
1523 5649 1640 5685 cum
1666 5634 1961 5690 libamentis

385 5719 496 5777 suis
531 5721 582 5776 in
611 5723 819 5779 adorent
850 5727 1215 5784 suavissimam
1245 5723 1490 5781 Domino.
1517 5723 1750 5785 [iacietis
1775 5736 1820 5781 et
1851 5729 1961 5782 hir-

2081 4627 2190 4685 Sed
2217 4628 2343 4699 quia
2385 4629 2560 4700 prima
2589 4643 2906 4700 azymorum
2933 4629 3052 4685 hac
3076 4607 3354 4702 θὶᾮζίηιτι
3395 4621 3674 4690 Paschalis

2077 4718 2391 4775 festivitatis
2435 4719 2740 4782 dicebatur,
2785 4717 2960 4774 altera
3001 4728 3186 4774 autem
3228 4709 3351 4776 dies
3374 4711 3668 4780 PaSSioniS.

2074 4813 2406 4869 resurrectio
2433 4812 2554 4867 fuit.
2585 4812 2826 4866 Primum
2855 4812 3001 4867 enim
3037 4789 3384 4884 manipulum
3401 4803 3672 4873 Primitia-

2076 4920 2198 4961 rum
2230 4905 2569 4959 sacerdotem
2601 4904 2842 4958 ostendit
2887 4903 3229 4970 oﬂ‘erentem,
3257 4895 3526 4974 post‘wlIOC
3567 4909 3667 4950 all-

2074 5004 2186 5050 tem
2215 4994 2328 5048 ait:
2362 4994 2530 5065 Atque
2566 4994 2621 5046 in
2659 4994 2839 5048 eodem
2879 4994 2964 5049 die
2997 5012 3099 5066 quo
3138 4987 3669 5064 manipulus".‘€0n8€-

2074 5093 2274 5149 cratur,
2306 5083 2536 5139 credetur
2563 5100 2729 5154 agnus
2758 5083 3130 5140 immaculatus
3169 5084 3452 5140 anniculus
3478 5077 3544 5152 ,ίη
3575 5078 3668 5131 h0-

2073 5178 2370 5233 locaustum
2391 5177 2647 5243 Domino;
2669 5177 2859 5232 volens
2880 5193 2980 5233 nos
2999 5178 3058 5233 in
3081 5179 3168 5234 die
3189 5193 3296 5248 qua
3318 5171 3667 5252 celebremus

2073 5269 2288 5323 Domini
2332 5268 2813 5331 resurrectionem,
2863 5277 2922 5322 et
2961 5268 3223 5337 manipuli
3267 5259 3666 5337 intelligibilcm

2069 5360 2398 5415 oblationem
2438 5360 2798 5423 celebramus,
2833 5373 2944 5414 non
2984 5358 3231 5413 oblivisci
3273 5356 3543 5412 Dominici
3574 5339 3669 5423 ἶὶξι-

2069 5455 2282 5520 criﬁeii,
2313 5470 2380 5508 ex
2417 5468 2526 5522 quo
2549 5452 2705 5506 nobis
2744 5459 2828 5506 est
2864 5451 3066 5506 oblatio
3096 5449 3354 5518 manipuli
3388 5467 3399 5501 :
3426 5449 3522 5502 sed
3555 5456 3668 5502 cab-

2069 5547 2197 5599 dere
2220 5560 2414 5615 agnum
2436 5542 2838 5597 immaculatum
2862 5541 3170 5596 anniculam
3194 5541 3248 5594 in
3264 5535 3663 5594 holocaustum

2070 5635 2315 5695 Domino,
2359 5633 2752 5701 intelligibllczn
2801 5647 2997 5701 agnum
3043 5629 3254 5686 Domini
3303 5627 3659 5683 traditionem

2069 5725 2412 5783 innnolantes
2451 5724 2679 5795 mystice
2708 5734 2763 5782 et
2805 5723 3113 5780 olicrentcs.
3154 5722 3328 5792 ipsius
3358 5728 3541 5776 autem
3589 5724 3648 5784 ut
