3892 6344
68 324 176 384 505

1003 319 1520 382 EXPOSITIONES
1545 318 1628 376 IN.
1653 317 2047 378 LEVITICUM.
2087 347 2160 362 --
2195 318 2325 378 LIB.
2365 317 2454 376 Vl.

3234 322 3340 381 606

64 439 420 510 sacriﬁcium
462 437 716 496 cadentis
759 438 1076 498 memoriam
1120 436 1276 502 fecit,
1309 451 1483 506 neque
1519 435 1664 492 enim
1691 437 1965 514 Aqipcre.
2008 438 2079 496 Et
2106 454 2318 502 novum:
2347 437 2674 498 sacriﬁcium
2724 437 2954 495 Domino
2981 447 3115 504 tunc
3147 441 3340 504 ςοποιτὶ

67 534 250 596 aliter,
283 531 391 590 sed
419 545 520 601 per
546 530 663 600 ejus
691 530 1073 586 mediationem
1101 538 1158 584 et
1182 529 1440 582 virtutem
1488 543 1521 582 a
1547 544 1666 584 sen-

67 624 210 680 sibili
240 623 316 680 ad
369 622 1183 694 intelligibiliatraasleruntur,
1211 636 1276 677 ea
1303 635 1424 690 qua:
1467 621 1526 678 in
1570 620 1664 676 illo

66 713 348 771 sacriﬁcio
385 725 675 787 peragunt.
722 715 791 770 Et
834 715 980 785 quod
1029 716 1132 772 hoc
1178 725 1264 772 est
1293 717 1657 772 sacriﬁcium:

67 805 197 860 Duae
237 806 474 862 decima:
518 807 705 862 similae
745 824 1035 878 conspersa
1073 808 1206 864 oleo.
1251 810 1476 879 Oportet
1517 810 1662 865 enim

65 897 204 951 scire
241 896 560 967 perfectam
600 898 994 954 humanitatem
1037 908 1094 956 et
1136 900 1430 970 perfectam
1462 901 1658 956 divini.

67 995 230 1040 tatem
272 987 673 1058 contemplari,
716 989 771 1046 id
813 997 942 1055 est,‘
980 989 1035 1046 in
1069 1006 1237 1046 unum
1266 993 1576 1058 convenire,
1605 993 1660 1046 in

66 1075 198 1140 oleo,
229 1075 287 1130 id
315 1085 440 1144 est,
476 1094 574 1149 per
603 1095 745 1145 eam,
775 1096 937 1150 quam
966 1082 1115 1138 circa
1146 1099 1244 1138 nos
1271 1084 1465 1149 habet,
1509 1099 1660 1138 com-

68 1167 382 1234 passionem
424 1186 439 1222 :
490 1171 586 1225 sed
635 1172 778 1226 enim
824 1173 1156 1230 sacriﬁcium
1197 1175 1331 1232 odor
1375 1175 1659 1231 suavitatis

66 1255 292 1314 Domino
355 1258 670 1328 invenitur,
724 1263 1057 1333 sapientibus
1099 1265 1258 1322 nobis
1298 1267 1366 1323 de
1406 1283 1472 1323 eo
1511 1269 1660 1338 quod

67 1346 222 1418 digna
249 1359 412 1405 sunt.

127 1439 186 1492 ln
233 1440 454 1510 quibus
485 1451 668 1498 autem
713 1445 1046 1502 sacriﬁcium
1072 1455 1129 1504 et
1162 1463 1260 1518 per
1291 1463 1427 1516 quos
1457 1448 1658 1518 agitur,

66 1529 335 1595 quomodo
364 1530 683 1588 celebratur
711 1533 1088 1606 ;intelligibilis
1116 1539 1241 1607 agni
1271 1537 1495 1601 oblatio,
1522 1538 1665 1606 quod

62 1620 326 1688 sequitur,
378 1625 623 1679 ostendit
660 1643 671 1678 :
716 1641 892 1694 neque
938 1627 1087 1682 enim
1129 1629 1187 1681 in
1234 1627 1517 1695 sanguine,
1564 1643 1664 1682 nec

63 1725 152 1777 per
179 1710 598 1768 irrationabilia
619 1714 894 1780 animalia,
923 1713 1260 1770 sacriﬁcium
1284 1731 1316 1770 a
1343 1715 1495 1770 nobis
1521 1716 1661 1771 Deus

1758 529 1958 601 jussit:
1985 530 2280 588 adveniens
2305 531 2448 588 enim
2485 531 2733 600 spiritus,
2773 541 2942 586 totam
2986 541 3230 588 nostram
3264 537 3344 592 vi-

1736 663 1740 666 .
1766 632 1876 678 tam
1901 624 2198 688 renovavit,
2226 624 2442 694 quando
2469 621 2810 678 continuavit
2847 621 3050 680 Christi
3097 624 3344 682 traditio-
3397 687 3402 692 ,

1763 731 1910 781 nem,
1942 723 1997 771 et
2030 714 2290 770 stabilivit
2315 713 2782 770 conversationem
2809 729 2971 783 quam
2999 713 3054 769 in
3085 715 3190 770 illis
3217 731 3343 786 per-

1762 803 1911 858 fecit.
1941 804 2028 860 Ait
2053 805 2197 859 enim
2224 823 2236 856 :
2268 803 2345 856 De
2372 799 2482 858 nico
2528 802 2775 871 accipiet,
2805 812 2854 856 et
2889 804 3221 858 annuntiabit
3258 822 3344 859 υο-

1731 953 1736 958 _
1763 898 1837 951 bis
1869 895 2050 968 (Joan.
2078 896 2209 966 xvi).
2241 896 2465 964 Propter
2495 894 2637 964 quod
2674 909 2781 950 non
2815 895 2873 952 in
2907 896 3013 952 alia
3047 897 3342 954 hebdoma-

1761 987 1845 1041 dis
1872 987 1960 1042 die
1989 987 2228 1050 advenit,
2260 985 2354 1040 sed
2383 985 2437 1038 in
2464 1000 2566 1054 qua
2613 987 2940 1042 resurrectio
2979 987 3118 1043 facta
3148 998 3252 1056 est,
3286 997 3341 1043 ct

1759 1078 2066 1148 manipulus
2103 1076 2455 1148 intelligibilis
2497 1076 2708 1131 oblatus
2733 1085 2843 1142 cst,
2872 1087 2934 1131 ut
2960 1085 3014 1133 et
3058 1079 3162 1136 hoc
3207 1094 3337 1148 pro-

1758 1166 1945 1232 baret,
1985 1168 2113 1238 quia
2145 1183 2283 1222 nova
2328 1167 2691 1232 conversatio,
2731 1183 2851 1236 qua:
2891 1182 2991 1224 nos
3021 1171 3336 1237 renovavit,

1759 1262 2039 1317 liberando
2082 1276 2114 1316 a
2162 1260 2510 1329 corruptione
2566 1258 2889 1323 vetustatis,
2945 1262 3340 1318 resurrectione
3417 1299 3420 1302 .

1760 1351 1963 1406 Christi
1995 1359 2050 1406 et
2084 1351 2256 1406 sancti
2290 1349 2526 1419 Spiritus
2560 1347 2796 1402 adventu
2825 1355 3068 1402 correcta
3101 1357 3201 1404 est.
3233 1349 3340 1404 Ma-

1764 1443 1987 1498 nifestat
2027 1453 2204 1498 autem
2241 1443 2439 1498 oblatio
2481 1444 2656 1512 ipsam
2698 1441 2934 1509 speciem
2964 1440 3155 1495 hostia:
3182 1455 3343 1509 quam

1761 1533 2021 1603 prmcepit
2054 1532 2170 1586 ﬁeri
2216 1532 2325 1586 :Et
2372 1533 2448 1585 sic
2497 1533 2725 1601 oﬁ‘eretis
2789 1531 3112 1600 sacri/icium
3158 1546 3342 1584 novum

1763 1625 2008 1689 Domino,
2039 1641 2102 1677 ea:
2129 1624 2364 1678 omnibus
2387 1623 2796 1678 habitationibus
2824 1625 3036 1687 vestris;
3063 1639 3222 1692 panes
3246 1621 3348 1691 pri-

1761 1717 2029 1771 mitiarum
2055 1717 2186 1770 duos
2211 1734 2276 1771 ea:
2304 1717 2508 1770 duabus
2533 1716 2746 1770 decimis
2773 1716 2961 1771 simila:
2995 1707 3360 1785 fermentatus;

55 1801 316 1872 suscipit,
373 1804 687 1858 secundum
738 1803 882 1873 quod
932 1808 1218 1873 sequentia
1265 1806 1652 1862 demonstrant.
1683 1791 1731 1850 Β
1757 1824 1884 1879 quos
1921 1807 2149 1878 coquetis
2189 1807 2243 1859 in
2276 1807 2536 1874 primitias
2575 1805 2822 1871 Domini,
2863 1814 2912 1859 et
2956 1806 3182 1874 o/leretis
3224 1821 3342 1859 cum

53 1891 132 1944 Ait
165 1893 324 1948 enim
359 1911 372 1948 :
411 1892 550 1946 Liba
587 1911 792 1966 quoque
828 1897 934 1950 uini
963 1905 1152 1967 quarta
1177 1911 1300 1964 pars
1332 1897 1442 1960 hin,
1468 1914 1655 1965 partem

47 1995 88 2036 et
132 1985 476 2054 polentam;
525 1988 651 2056 quia
699 1987 915 2041 dubium
966 1986 1205 2042 futurum
1257 1997 1375 2044 erat
1410 1989 1595 2043 forsan
1623 2004 1654 2043 a

47 2084 246 2154 quibus
285 2085 626 2155 mysterium
653 2084 924 2147 sacriﬁcii,
953 2086 1098 2152 quod
1125 2100 1220 2153 per
1245 2085 1518 2140 Christum
1548 2094 1650 2149 est,

49 2175 187 2242 quod
234 2175 508 2243 superius
539 2175 770 2230 diximus
810 2175 1133 2230 celebratur.
1178 2175 1356 2230 Habes
1397 2191 1523 2232 ecce
1565 2176 1652 2230 in-

56 2264 353 2335 tclligibilis
407 2264 807 2320 Melchisedech
850 2267 1214 2333 oblationem,
1256 2284 1377 2337 qua:
1424 2269 1478 2322 in
1513 2284 1654 2338 pane

63 2366 107 2410 et
133 2358 260 2411 vino
291 2357 607 2424 perﬁcitur,
634 2357 687 2412 in
725 2373 831 2426 qua
859 2367 1053 2428 quarta
1095 2374 1224 2428 pars
1259 2359 1377 2423 hin,
1411 2359 1465 2413 in
1499 2358 1653 2414 libris

68 2449 162 2501 viui
197 2447 468 2514 ollertur;
515 2458 574 2502 ut
604 2465 703 2518 per
740 2459 989 2519 quartam
1017 2450 1385 2520 evangelicum
1417 2449 1655 2504 traditio-

73 2555 208 2605 nem,
247 2556 374 2609 qua:
415 2541 476 2595 in
522 2540 680 2594 libris
735 2550 969 2609 quatuor
1015 2549 1130 2606 est,
1182 2556 1280 2610 per
1342 2541 1652 2595 libationcm

75 2646 201 2696 vero,
247 2630 601 2686 Dominicum
641 2647 948 2687 sermonem
989 2630 1342 2700 signiﬁcaret,
1369 2646 1493 2685 cum
1533 2630 1649 2684 ait:

79 2721 162 2775 llic
183 2732 255 2778 est
281 2725 512 2794 sanguis
542 2740 690 2778 meus
711 2725 800 2794 qui
827 2740 923 2792 pro
955 2723 1097 2777 vobis
1129 2722 1426 2792 effundetur
1457 2721 1648 2788 (Marc.

78 2826 176 2877 xiv;
206 2812 397 2868 Matth.
424 2830 595 2880 xxvr;
621 2813 650 2867 Ι
675 2811 920 2883 Cor.xr),
958 2813 1076 2869 sine
1105 2813 1481 2868 imminutione
1508 2813 1653 2866 enim

81 2899 373 2968 signiﬁcare,
405 2902 717 2974 legislatori
744 2902 924 2956 visum
944 2911 1052 2968 est,
1080 2900 1284 2956 Christi
1311 2899 1652 2971 mysterium,

78 3003 264 3064 propter
293 2995 439 3065 quod
471 3003 541 3050 et
569 2993 846 3050 subdidit:
876 2992 944 3047 Et
986 2991 1250 3064 polentam
1279 3000 1325 3045 et
1353 2990 1524 3061 pultes
1552 3006 1654 3042 non

81 3089 322 3143 comedetis
349 3104 416 3142 ea:
451 3096 638 3157 segete
677 3102 842 3156 usque
889 3085 959 3140 ad
1001 3085 1141 3140 diem
1174 3100 1275 3154 quo
1315 3082 1548 3152 oﬂ‘eratis
1588 3097 1653 3134 ea:

1753 1898 1976 1966 panibus
2011 1907 2202 1968 septem
2240 1914 2400 1966 agnos
2430 1896 2793 1950 immaculatos
2832 1895 3129 1960 anniculos,
3171 1905 3217 1948 et
3261 1896 3340 1950 ui-

1755 1989 1924 2043 tulum
1953 1990 2016 2044 de
2046 1999 2284 2044 armento
2317 2005 2502 2053 unum,
2525 1998 2574 2041 et
2604 1989 2791 2042 arietes
2828 1987 2980 2042 duos.
3014 1986 3224 2041 Novum
3253 2001 3341 2040 sa-

1754 2086 2018 2140 criﬁcium
2041 2086 2250 2150 dicens,
2277 2085 2412 2153 legis
2438 2084 2727 2148 sacriﬁcia,
2754 2093 2815 2140 ut
2838 2091 3041 2145 vetera,
3071 2082 3335 2138 exclusit:

1754 2176 2064 2247 evangelica
2107 2186 2288 2231 autem
2321 2190 2420 2246 pro
2468 2174 2573 2229 illis
2621 2174 2943 2228 introduxit.
2987 2173 3190 2227 Deinde
3238 2172 3336 2227 ad-

1755 2267 1913 2330 dens,
1937 2268 2002 2321 de
2030 2267 2439 2321 habitationibus
2483 2264 2684 2328 vestris,
2718 2262 3017 2318 Ecclesiam
3067 2260 3340 2332 signiﬁca-

1751 2361 1868 2425 vit,
1913 2359 2073 2429 eique
2119 2359 2303 2414 oll‘erri
2351 2375 2471 2429 qua:
2519 2359 2663 2414 dicta
2707 2365 2834 2413 sunt
2879 2355 3103 2427 aptavit.
3156 2353 3342 2425 Neque

1753 2451 1895 2504 enim
1933 2449 2099 2514 dixit,
2128 2465 2195 2503 ex
2224 2449 2476 2504 omnibus
2509 2449 2852 2515 habitaculis,
2886 2447 2977 2502 sed
3006 2464 3072 2502 ea:
3100 2447 3337 2502 omnibus

1753 2541 2066 2595 habitaculis
2117 2543 2327 2606 vestris,
2378 2550 2439 2596 ut
2483 2541 2729 2597 absolute
2772 2540 3085 2597 ostenderet
3117 2539 3337 2608 aliquod

1753 2633 2121 2690 habitaculum
2169 2633 2521 2702 prazcipuum,
2552 2633 2618 2687 de
2665 2647 2772 2702 quo
2820 2633 2896 2686 ait
2939 2629 3147 2685 David:
3185 2629 3338 2684 Beati

1751 2727 1840 2795 qui
1869 2725 2104 2779 habitant
2132 2725 2186 2778 in
2212 2725 2366 2778 domo
2396 2734 2488 2778 tua
2515 2722 2691 2794 (Psal.
2715 2722 2975 2792 Lxxxm);
3003 2730 3059 2776 et
3083 2735 3335 2776 rursum:

1755 2816 1928 2870 Unam
1969 2818 2093 2887 petii
2118 2835 2150 2870 a
2183 2817 2433 2882 Domino,
2461 2817 2596 2871 hanc
2632 2817 2928 2886 requiram,
2965 2822 3021 2867 ut
3055 2813 3341 2867 inhabitem

1754 2907 1808 2962 in
1845 2908 2000 2962 domo
2033 2907 2246 2961 Domini
2275 2907 2510 2962 omnibus
2537 2907 2720 2962 diebus
2750 2907 2866 2961 vita:
2893 2920 3040 2958 mete.
3073 2902 3141 2956 Et
3181 2916 3341 2970 panes

1753 2997 1971 3066 quidem
2001 2997 2355 3067 primitiarum
2393 2996 2550 3062 duos,
2589 2996 2646 3050 id
2673 3003 2777 3061 est,
2816 2994 2992 3064 legem
3018 3000 3074 3048 et
3100 2991 3340 3061 Evange—

1754 3089 1885 3144 lium
1925 3107 1937 3142 :
1967 3104 2136 3160 panes
2175 3088 2322 3144 enim
2362 3096 2488 3144 sunt
2530 3087 2713 3144 cibum
2750 3085 3056 3142 animarum
3103 3081 3340 3139 ﬁdelium

80 3194 125 3230 ea
152 3177 246 3233 Deo
276 3188 460 3234 vestro.
521 3176 854 3248 I’rteceptum
885 3185 960 3232 est
996 3175 1367 3246 sempiternum
1405 3175 1460 3228 in
1497 3189 1648 3244 gene-
1677 3160 1723 3223 C
1756 3181 2113 3238 continentes,

84 3271 366 3339 rationibus,
416 3270 731 3339 cunctisque
799 3267 1113 3322 habitaculis
1177 3266 1374 3322 vestris.
1429 3265 1645 3322 Oblatio

81 3360 197 3414 enim
230 3364 586 3432 prtesentium
635 3362 899 3415 donorum
944 3376 1107 3430 quam
1155 3374 1275 3414 esse
1324 3359 1644 3430 mysterium

87 3451 324 3524 Unigeniti
349 3456 717 3520 ostendimus,
755 3455 1124 3510 reconciliavit
1169 3469 1269 3510 nos
1315 3454 1446 3519 Deo,
1479 3462 1535 3508 et
1562 3453 1643 3508 ci-

89 3542 195 3598 bum
236 3548 382 3602 nobis
415 3564 577 3604 novre
622 3547 850 3617 polentae
879 3555 936 3602 et
978 3546 1188 3618 pultum
1215 3545 1486 3615 praestitit.
1520 3545 1648 3600 llaec

95 3646 240 3694 autem
265 3639 542 3710 legislator
572 3639 780 3703 dicens,
809 3647 864 3693 et
888 3637 1305 3693 resurrectionis
1331 3635 1649 3692 describens

97 3731 347 3787 secundum
376 3732 601 3788 modum
630 3747 792 3802 quem
813 3731 1102 3802 Oportebat
1127 3728 1383 3800 gratiam,
1415 3727 1483 3782 de
1510 3725 1651 3780 Pen-

101 3827 260 3878 lecostc
299 3839 466 3893 quam
515 3839 616 3879 nos
657 3822 992 3878 celebramus
1039 3835 1346 3878 sermonem
1371 3817 1646 3874 connectit

103 3908 271 3967 dicens:
292 3913 666 3967 Numerabitis
687 3929 809 3982 ergo
832 3913 896 3966 ab
919 3913 1082 3968 altero
1101 3913 1184 3966 die
1216 3911 1442 3976 sabbati,
1468 3912 1522 3964 in
1543 3926 1644 3980 quo

109 4002 318 4059 obtulistis
364 4003 700 4075 manipulum
727 4005 1100 4075 primitiarum,
1131 4013 1322 4074 septem
1365 4002 1650 4058 hebdoma-

106 4090 171 4144 das
197 4094 389 4162 plenas,
422 4113 592 4166 usque
627 4096 700 4150 ad
740 4095 963 4150 alteram
1003 4095 1142 4150 diem
1181 4092 1488 4164 expletionis
1523 4092 1649 4146 heb-

109 4180 298 4241 domade:
320 4189 578 4259 septimm,
605 4189 660 4242 id
695 4198 792 4255 est,
820 4189 1201 4260 quinquaginta
1228 4187 1363 4252 dies,
1390 4195 1436 4240 et
1463 4185 1538 4242 sic
1567 4185 1650 4254 of-

111 4271 242 4336 feretis
270 4280 809 4349 sacriﬁcium'novum
849 4280 1097 4335 Domino.
1131 4278 1268 4347 Quia
1313 4276 1474 4346 hujus
1509 4277 1649 4332 Pen-

114 4371 294 4426 tecostcs
315 4389 492 4444 neque
517 4383 749 4444 tempus,
783 4388 958 4443 neque
984 4386 1244 4427 numerus
1270 4386 1302 4425 a
1332 4370 1528 4441 populo
1553 4367 1648 4426 Ju-

115 4455 300 4518 daeorum
327 4468 654 4532 custoditur,
695 4465 1026 4523 sufﬁcienter
1061 4466 1118 4520 in
1145 4464 1520 4534 superioribus
1551 4477 1645 4518 os-

116 4553 278 4607 tensum
317 4565 415 4612 est.
442 4559 488 4613 Α
517 4558 681 4614 nobis
713 4566 896 4612 autem
934 4571 1059 4612 cum
1101 4554 1562 4624 contemplatione
1591 4559 1646 4608 et

118 4636 166 4689 ad
197 4639 404 4703 litteram
430 4650 761 4707 custoditur.
806 4648 1028 4702 Planius
1064 4648 1211 4702 enim
1241 4646 1519 4717 legislator
1554 4644 1642 4699 in-

120 4733 354 4794 tentionem
395 4756 550 4797 suam
585 4741 968 4797 demonstrare
997 4739 1205 4803 volens,
1248 4737 1316 4792 ab
1354 4737 1526 4793 altero
1557 4738 1644 4793 die

122 4821 279 4882 sabbati
313 4836 579 4890 numerari
609 4833 888 4903 prmeepit,
929 4830 1324 4902 quinquaginta
1367 4829 1503 4894 dies,
1537 4827 1646 4881 Do-

124 4913 323 4976 minicum
369 4927 507 4982 diem
566 4925 760 4999 procul
817 4924 980 4979 dubio
1036 4922 1227 4980 volens
1256 4920 1501 4993 intelligi.
1542 4918 1643 4974 llic

124 5005 227 5061 enim
250 5022 324 5070 est
363 5017 528 5076 altera
554 5020 679 5076 dies
708 5015 920 5072 sabbati
945 5031 960 5070 :
990 5016 1045 5069 in
1073 5016 1182 5069 hac
1207 5015 1350 5070 enim
1395 5027 1641 5070 resurre-

125 5094 203 5148 ctio
223 5098 344 5159 facta
381 5118 490 5174 est,
517 5126 629 5181 qua
657 5105 1026 5164 hcbdomades
1052 5113 1408 5159 numerantur
1433 5113 1642 5172 septem

126 5193 252 5253 “Silus
269 5195 326 5248 ad
353 5198 572 5256 alteram
605 5201 750 5255 diem
777 5195 1102 5268 expletionis
1124 5194 1495 5250 hebdomadis.
1536 5194 1644 5248 Do—

129 5273 276 5334 minica
318 5302 497 5347 rursus
532 5293 623 5349 die
656 5290 1004 5348 Pentecostes
1048 5287 1386 5342 celebramus
1429 5284 1640 5339 festivi-

131 5366 273 5435 ιλιθῐης
295 5375 344 5431 in
369 5397 469 5450 qua
504 5385 679 5440 sancti
725 5383 962 5454 Spiritus
995 5381 1289 5435 adventum
1320 5377 1642 5442 meruimus,

129 5464 209 5507 “0"
231 5461 401 5526 frustra
426 5493 489 5530 co
511 5488 715 5548 septem
745 5473 1203 5530 hebdomadarum
1229 5471 1520 5525 adventum
1550 5483 1643 5522 cu-

133 5550 386 5627 δίθάίεηιῡε,
430 5572 520 5623 sed
567 5579 625 5623 ut
671 5584 768 5623 nos
811 5579 1278 5635 cognosceremus,
1327 5561 1452 5630 quia
1507 5558 1641 5613 nihil

132 5649 269 5712 lclus,
289 5653 412 5737 nihil
428 5665 680 5718 Streulare
707 5660 961 5732 praecepit
1005 5659 1143 5712 Deus
1179 5672 1360 5728 agerc,
1398 5653 1640 5721 nihilque

135 5744 404 5810 eormPlioni
427 5758 593 5836 veteri
631 5757 933 5830 proximum
970 5755 1059 5824 qui
1097 5767 1221 5809 cum
1248 5749 1471 5806 cupiunt
1509 5762 1638 5818 pcr-

1670 4513 1723 4574 D

1821 3274 1960 3330 Sunt
1999 3281 2180 3330 autem
2208 3280 2264 3327 et
2297 3271 2683 3343 primitiarum,
2715 3270 2830 3326 sive
2858 3276 2920 3323 nt
2950 3265 3330 3338 Septuaginta,

1746 3367 2018 3437 separati:
2046 3366 2303 3436 quoniam
2327 3366 2475 3420 omni
2501 3365 2720 3435 quidem
2760 3361 3026 3434 sapientia
3047 3368 3176 3418 sunt
3198 3373 3336 3430 prte-

1748 3457 1922 3527 cipui,
1968 3457 2034 3512 ab
2062 3471 2125 3512 ea
2157 3465 2360 3522 autem,
2401 3471 2522 3526 qua:
2549 3455 2790 3510 exterior
2818 3461 2904 3509 est
2931 3451 3169 3523 separati
3190 3450 3341 3506 vide-

1749 3551 1876 3606 licet
1904 3560 1959 3605 et
1988 3550 2237 3618 sejuncti.
2266 3545 2405 3606 sum
2429 3563 2561 3619 ergo
2583 3563 2649 3602 ea:
2678 3547 2883 3601 duabus
2909 3544 3124 3600 decimis
3149 3540 3338 3598 simila!

1751 3642 2101 3711 fermentata,
2136 3657 2203 3695 ex
2241 3641 2510 3703 doctrina,
2541 3654 2663 3706 qua:
2693 3637 2990 3707 perfectam
3019 3634 3116 3690 Dei
3146 3630 3341 3687 divini-

1751 3740 1922 3788 tatem
1949 3740 2006 3786 et
2037 3731 2340 3801 perlectam
2381 3727 2774 3783 humanitatem
2811 3725 2995 3778 tradit.
3043 3721 3155 3778 Nec
3185 3721 3342 3776 aliter

1750 3825 1931 3894 coqui,
1959 3823 2064 3878 nisi
2091 3837 2188 3894 per
2216 3820 2375 3876 talem
2411 3817 2718 3876 doctrinam
2750 3822 2998 3887 possunt,
3029 3813 3123 3869 sed
3158 3812 3343 3883 primi-

1750 3917 1946 3971 tiarum
1984 3922 2106 3968 sunt
2152 3912 2398 3966 Domino.
2458 3909 2674 3964 Primus
2725 3905 2870 3962 enim
2917 3902 3176 3958 Dominus
3217 3916 3340 3958 cum

1757 4007 1934 4076 legem
1965 4004 2212 4076 perfecit,
2239 4012 2295 4058 et
2321 4000 2696 4074 Evangelium,
2725 4005 2782 4054 et
2807 4004 2931 4068 post
2972 3996 3077 4050 hoc
3117 3994 3336 4051 docuit:

1749 4095 1993 4150 Audistis
2033 4095 2157 4166 quia
2197 4094 2397 4147 dictum
2437 4100 2512 4146 est
2551 4088 2801 4160 antiquis,
2833 4104 2937 4142 non
2971 4086 3208 4148 occides;
3244 4101 3338 4155 ego

1751 4198 1925 4244 autem
1949 4186 2068 4240 dico
2107 4187 2274 4251 vobis,
2308 4187 2477 4240 omnis
2505 4184 2596 4254 qui
2625 4181 2874 4236 irascitur
2899 4180 3056 4250 fratri
3099 4195 3195 4234 suo
3225 4178 3338 4233 sine

1751 4296 1934 4345 causa,
1975 4296 2095 4335 reus
2124 4279 2221 4333 erit
2257 4277 2464 4347 judicio
2505 4273 2719 4347 (Matth.
2741 4272 2828 4345 v);
2865 4269 3149 4339 conjunxit
3186 4269 3334 4326 enim

1752 4371 1842 4427 hic
1868 4370 2042 4442 legem
2071 4369 2384 4440 Evangelio,
2415 4375 2636 4438 propter
2657 4364 2802 4436 quod
2825 4363 2945 4432 ejus
2974 4360 3230 4431 primitias
3253 4360 3331 4413 di-

1751 4472 1967 4519 cuntur.
2005 4462 2159 4530 Quod
2185 4471 2241 4516 et
2275 4461 2456 4516 Lucas
2491 4457 2845 4518 conﬁrmans,
2875 4451 3146 4522 primitias
3171 4462 3330 4504 veras

1747 4555 1904 4610 nobis
1939 4553 2250 4618 ostendens,
2288 4550 2510 4620 scripsit
2547 4567 2560 4602 :
2605 4545 2843 4600 Primum
2877 4540 3086 4614 quidem
3129 4554 3329 4596 sermo-

1747 4663 1863 4701 nem
1887 4646 1987 4715 [cci
2014 4645 2077 4698 de
2098 4644 2336 4698 omnibus
2356 4643 2460 4707 his,
2483 4659 2512 4696 0
2539 4635 2842 4708 Theophile,
2863 4649 2980 4705 qua:
2999 4631 3148 4689 creuit
3175 4630 3332 4688 Iesus

1745 4736 1920 4805 facere
1943 4744 1990 4788 et
2017 4735 2201 4787 docere
2228 4732 2365 4803 (Act.
2390 4730 2453 4800 ι).

1819 4824 2026 4881 Oﬁ‘erre
2048 4831 2229 4878 autem
2259 4837 2381 4886 cum
2412 4821 2491 4876 cis
2517 4830 2726 4890 septem
2751 4832 2920 4890 agnos
2948 4815 3329 4872 immaculatos

1747 4903 2031 4976 anniculos
2065 4916 2342 4988 prmcepit,
2377 4915 2514 4972 dona
2553 4913 2864 4985 signiﬁcans
2892 4927 3014 4984 quae
3043 4918 3170 4966 sunt
3215 4910 3322 4979 spi-

1742 5008 1881 5066 ritus
1907 5009 1976 5066 de
2008 5007 2205 5078 quibus
2234 5005 2488 5063 Salomon
2519 5009 2574 5059 tu
2606 5002 2914 5059 Proverbiis
2941 5002 3188 5058 dicebat:
3223 4998 3320 5056 Sa-

1741 5099 1939 5169 pientia
1973 5098 2254 5167 aediﬁcavit
2301 5096 2401 5150 sibi
2445 5095 2690 5162 domum,
2733 5093 2898 5149 erexit
2939 5092 3211 5146 columnas
3248 5106 3326 5145 se-

1739 5198 1878 5260 ptem
1907 5187 2091 5260 (Prov.
2123 5189 2222 5260 rx).
2272 5187 2492 5242 Planius
2529 5193 2709 5241 autem
2735 5185 2902 5241 Isaias
2940 5183 3162 5238 tradidit
3203 5198 3214 5233 :
3254 5179 3324 5232 Et

1741 5280 2016 5351 requiescit
2042 5295 2199 5349 super
2242 5294 2358 5332 eum
2395 5278 2613 5347 spiritus
2658 5276 2872 5330 Domini
2919 5273 3052 5345 (Isa.
3082 5269 3180 5340 x1).
3217 5267 3326 5320 Nec

1739 5372 1912 5427 tacuit
1939 5385 2080 5440 quae,
2107 5368 2194 5423 vel
2223 5367 2377 5438 cujus
2411 5367 2624 5422 numeri
2671 5373 2856 5421 essent
2883 5363 3044 5423 dona,
3077 5355 3326 5411 subimu-

1740 5461 1803 5516 lit
1845 5461 1992 5515 enim
2037 5479 2050 5514 :
2089 5459 2320 5530 Spiritus
2359 5459 2630 5529 sapientia!
2668 5466 2714 5511 et
2755 5451 3066 5512 intellectus,
3109 5442 3326 5515 spiritus

1741 5553 1943 5608 consilii
1968 5563 2013 5605 et
2042 5551 2384 5620 fortitudinis,
2421 5551 2636 5621 spiritus
2672 5544 2902 5599 scientia:
2935 5548 2981 5595 et
3017 5533 3244 5606 pictam;
3275 5542 3323 5586 ετ

1741 5648 1969 5718 implebit
2015 5663 2132 5700 eum
2157 5648 2374 5717 spiritus
2405 5645 2605 5698 timoris
2653 5637 2882 5692 Domini.
2924 5633 3107 5700 Agnos
3137 5634 3319 5682 autem

1741 5743 1859 5799 haec
1905 5739 2136 5810 appellat
2172 5739 2334 5808 dona,
2373 5737 2441 5792 ad
2491 5729 2878 5792 ostensionem,
2919 5721 3045 5795 quia
3090 5719 3326 5795 Spiritus
