1997 3176
131 205 187 236 509

599 202 847 232 EXPOSITIONES
863 203 897 248 1N
917 191 1114 231 LEVITICUM.
1135 187 1170 222 J—
1188 181 1257 230 ΠΒ(
1274 195 1318 229 Vl.

1689 191 1760 234 "sto

129 265 173 291 sui
187 250 275 291 iumen
288 271 347 290 eum
362 271 414 290 non
435 267 586 298 receperunt
602 263 691 299 (Joan.
704 263 735 298 l).
762 262 830 291 Huic
854 270 918 298 ergo
932 263 958 292 A
970 260 1040 287 vobis
1058 260 1084 286 in
1107 253 1216 286 cunctisl
1226 259 1435 295 generationibus
1454 264 1478 286 ct
1495 251 1705 301 habitationibus.
1720 273 1761 292 ve-

129 317 177 337 eas
190 308 337 343 relinques,
351 308 425 336 solus
435 312 526 336 autem
540 309 590 336 scit
603 316 663 344 quae
677 309 753 337 nobis
769 314 919 341 remanent,

129 358 242 389 propter
264 353 337 389 quod
357 361 407 381 nec
426 353 551 388 colligere
572 361 725 388 possumus,
741 361 800 389 quae
821 358 850 381 ut
863 353 921 388 ipse

123 399 252 437 .colligat,
275 403 402 433 separata
416 402 494 431 sunt,
512 402 580 426 teste
601 398 695 432 Paulo,
720 398 764 433 qui
791 399 879 426 dicit:
897 398 920 426 0

131 444 243 471 altitudo
264 443 417 470 divitiarum
433 443 569 479 sapientia:
591 448 614 470 et
638 443 752 470 scientiae
768 442 825 475 Dei,
841 452 921 479 quam

130 488 402 524 incomprehensibilia
415 493 475 516 sunt
482 488 589 523 judicia
607 488 678 523 ejus,
691 494 715 517 et
728 489 921 525 ininvestigabi—

131 535 169 563 les
180 537 227 563 vite
240 534 308 571 ejus.
325 533 454 570 Sequitur
470 544 476 561 :

167 579 334 616 Lacutusque
352 585 391 607 est
414 580 542 607 Dominus
563 580 598 607 ad
614 575 722 615 Moysen
737 580 825 606 dicens
841 586 850 605 :
866 578 920 607 Lo-

129 635 209 664 quere
232 621 293 662 ﬁliis
317 626 403 653 Israel
418 635 428 653 :
447 625 536 653 Mense
555 626 663 661 septimo
677 626 763 662 prima
785 626 827 652 die
849 634 920 653 men-

129 675 168 703 sis
183 675 233 702 erit
254 673 322 701 vobis
343 673 480 700 sabbatum
502 672 663 706 memoriale,
680 671 859 708 clangenlibus
878 676 921 698 tu-

130 720 182 753 bis,
195 724 219 746 et
233 719 366 746 vocabitur
375 723 505 745 sanctum.
522 717 605 745 Omne
620 727 683 753 opus
700 717 790 745 servile
804 726 857 744 non
880 717 922 752 fa-

130 764 205 792 cietis
215 765 242 791 in
254 772 293 796 eo,
310 768 333 790 et
352 763 466 798 oﬂ'eretis
488 762 669 790 holocaustum
680 763 804 790 Domino.
825 763 921 797 Septe-

129 810 238 837 narium
247 816 389 836 numerum
404 809 555 836 evidentem
570 816 665 844 gerere
677 812 704 835 et
715 807 923 835 indubitabilem'

129 853 370 882 consummationis
398 853 529 889 ﬁgurant,
547 853 604 881 sive
631 853 843 889 uniuscujusque
869 861 919 880 no-

128 904 228 933 stram,
244 899 299 927 sive
314 900 479 935 generalem,
492 899 575 926 multa
595 899 704 935 quidem
718 903 745 926 et
757 899 810 925 alia
829 903 920 926 osten-

971 306 1047 338 stris,
1074 303 1262 340 sabbatumqtte
1283 304 1450 340 requietionis
1477 310 1532 339 est,
1560 304 1684 342 a/ﬂigetis
1703 310 1761 337 ani-

970 359 1026 377 mas
1049 356 1157 378 vestras.
1185 348 1235 377 Die
1255 358 1323 377 nono
1339 343 1445 384 mensis,
1469 360 1485 378 ιι
1513 360 1615 389 vespere
1632 347 1761 389 usquead

970 405 1124 432 vesperum,
1152 387 1314 423 celebrabitis
1345 391 1454 423 sabbata
1476 387 1586 434 vestra:
1612 387 1762 429 Ostendes

970 440 1189 476 propitiationem
1203 440 1292 474 nobis,
1307 448 1322 467 a
1336 439 1455 476 peceatis
1475 442 1601 470 videlicet
1622 433 1761 477 liberatio-

970 495 1032 514 nem
1046 488 1073 515 in
1088 487 1239 514 humilitate
1259 491 1286 513 et
1304 485 1447 515 afﬂictione
1470 480 1571 516 animm.
1585 479 1712 534 acquiri;
1723 490 1760 518 le-

971 530 1082 567 gislator
1093 531 1238 559 desiderat.
1250 530 1330 568 [Hanc
1349 527 1440 559 autem
1459 540 1539 568 agere
1553 541 1569 561 a
1586 527 1701 569 vespera
1716 535 1762 563 de-

970 576 1076 609 bemus,
1091 576 1120 604 id‘
1140 579 1189 610 est,
1207 584 1241 604 ex
1264 577 1322 611 ipsa
1346 577 1505 612 poenitentia
1531 576 1570 606 sic
1589 574 1762 615 incipientes,

971 623 1033 658 quia
1047 624 1073 650 'et
1085 620 1209 651 Christus
1222 615 1328 650 initium
1340 623 1395 650 suae
1412 619 1613 658 praedicationis
1627 617 1762 661 poeniten—

971 668 1037 696 tiam
1049 666 1191 702 fecitj‘sed
1202 664 1368 704 poenitentiae
1383 665 1465 696 vitam
1486 666 1585 696 bonam
1599 665 1763 705 supersediﬁ-

971 722 1045 747 care,
1072 713 1292 749 perf'ectamque,
1308 708 1344 741 et
1368 710 1512 742 virtutibus
1541 719 1759 743 consummatum

971 763 1083 787 necesse
1095 757 1271 792 habemus,el
1284 764 1425 795 propterea
1443 759 1584 787 subdidit":
1600 755 1634 786 Et
1649 757 1763 795 oﬁ'eretis

971 802 1151 832 holocaustum
1162 804 1274 832 Domino
1284 814 1377 832 :omne
1395 814 1459 840 opus
1475 809 1527 833 non
1540 800 1642 840 facietis
1658 806 1686 832 in
1698 810 1763 833 tent-

970 859 1032 886 pore
1044 852 1096 878 diei
1107 851 1197 885 huius.
1209 850 1238 878 In
1253 851 1486 879 holocaustomate
1508 850 1617 885 quidem
1630 858 1759 879 consum-

973 898 1073 926 matam
1085 899 1169 926 vitam
1184 903 1211 926 et
1235 897 1355 934 perfecte
1381 897 1558 934 inhaerentem
1581 898 1646 931 Deo,
1660 898 1688 925 in
1709 906 1763 930 non

128 946 207 979 dunt,
221 946 286 974 illud
297 951 388 973 autem
405 946 533 978 maxime,
545 946 607 981 quia
618 945 690 972 Deus
704 946 731 972 in
748 945 791 971 die
805 945 919 980 septima
934 943 957 973 B
972 946 1095 975 faciendo
1107 951 1198 974 autem
1212 954 1292 974 omne
1302 954 1370 981 opus
1383 950 1557 973 terrenarum
1572 952 1686 981 operum
1700 944 1762 973 abs-

128 992 246 1019 cessavit
272 991 306 1019 ab
332 992 458 1027 operibus
474 992 540 1024 suis,
557 991 625 1019 dans
654 990 732 1018 nobis
745 995 772 1018 et
796 991 853 1026 ipsa
878 997 920 1017 re-

126 1038 220 1072 quiem
239 1042 361 1066 nostram
375 1038 522 1073 conjicere,
541 1038 575 1065 de
593 1046 646 1073 qua
671 1038 771 1065 Paulus
791 1037 829 1064 ait
844 1046 850 1063 :
868 1036 920 1069 Qui

127 1083 197 1110 enim
210 1084 342 1118 ingressus
366 1088 402 1110 est
418 1084 445 1110 in
459 1083 533 1110 illam
549 1084 678 1118 requiem,
701 1081 835 1117 requievit
862 1082 920 1117 ipse

126 1127 162 1155 ab
178 1128 303 1156 omnibus
315 1127 442 1163 operibus
465 1128 532 1161 suis,
549 1128 776 1163 quemadmodum
790 1131 818 1154 et
832 1135 847 1153 a
862 1127 919 1154 suis

126 1172 208 1202 Deus.
227 1173 282 1203 Sed
303 1175 411 1203 initium
434 1176 676 1203 consummationis
690 1179 843 1210 temporum
867 1175 921 1202 Doa‘

125 1219 194 1247 mini
219 1225 261 1248 est
278 1222 419 1254 adventus,
434 1226 545 1257 propter
567 1222 639 1257 quod
657 1222 722 1250 illud
742 1222 920 1249 novissimam

126 1259 222 1294 horam
245 1266 363 1295 Joannes
389 1268 561 1303 Evangelista
585 1268 740 1303 appellavit,
756 1268 794 1295 ait
817 1268 889 1295 enim
909 1277 916 1295 :

124 1309 228 1345 Filioli,
242 1313 379 1341 novissima
401 1314 466 1342 hora
486 1319 533 1342 est.
560 1314 614 1342 Sed
637 1319 665 1342 et
687 1314 805 1343 Jacobus
826 1324 832 1342 :
850 1314 918 1342 Ecce

119 1360 210 1395 judea:
226 1365 286 1388 ante
296 1361 407 1397 januam
433 1367 495 1388 stat.
526 1361 582 1389 Hoc
599 1366 715 1397 tempus,
738 1363 852 1397 primam
875 1369 918 1390 se-

123 1404 203 1440 ptimi
214 1405 324 1438 mensis,
333 1407 403 1433 sicut
413 1406 575 1441 principium
591 1408 833 1435 consummationis
845 1411 918 1435 recte

124 1443 170 1478 lex
189 1451 341 1486 appellavit.
366 1451 414 1479 Est
439 1456 529 1479 autem
548 1453 626 1481 nobis
649 1453 770 1488 requies,
786 1454 850 1489 quia
868 1461 918 1482 nos

124 1495 250 1530 operibus
258 1496 337 1524 malis
350 1505 442 1525 carere
458 1497 533 1530 fecit,
546 1502 573 1525 et
585 1507 598 1525 a
608 1497 674 1535 jugo
686 1498 762 1534 gravi
780 1498 914 1526 liberavit.

129 1534 221 1569 Venite
234 1543 314 1576 enim,
332 1543 429 1579 inquit,
446 1553 534 1571 omnes
557 1545 603 1580 qui
618 1544 746 1571 laboratis
771 1549 795 1572 et
813 1546 916 1573 onerati

122 1588 196 1622 estis,
207 1593 231 1616 et
238 1597 285 1625 ego
295 1598 339 1617 vos
352 1590 467 1625 reﬁciam
476 1587 583 1626 (Matth.
593 1590 641 1627 χι).
650 1591 685 1618 Et
698 1588 791 1619 rursus
801 1601 807 1618 :
817 1591 916 1623 Discite

123 1643 140 1676 a
150 1643 191 1662 me
200 1637 262 1671 quia
276 1637 347 1664 mitis
357 1646 415 1665 sum
428 1642 452 1665 et
466 1638 573 1666 Immitis
592 1639 683 1672 corde,
693 1636 720 1667 et
729 1640 866 1675 invenietis
874 1649 915 1668 re-

122 1681 209 1716 quiem
228 1684 368 1711 animabus
389 1685 488 1712 vestris.

160 1724 216 1754 Hoc
229 1732 256 1756 et
268 1730 425 1757 memoriale
453 1731 580 1758 tubarum
592 1736 635 1759 est
654 1741 659 1759 :
685 1732 815 1767 praedicat
842 1723 915 1760 enim

123 1770 274 1801 Salvatoris
286 1775 524 1809 resurrectionem,
539 1785 599 1811 quae
615 1777 773 1806 memoriale
787 1784 829 1806 est
837 1786 914 1807 com-

122 1818 213 1845 munis
227 1824 396 1847 mortuorum
412 1822 630 1855 resurrectionis,
646 1830 705 1857 quae
719 1823 747 1850 in
760 1831 827 1851 voce
840 1824 916 1852 tuba-

121 1870 183 1889 rum
195 1871 353 1900 magnarum
365 1871 392 1893 et
406 1866 568 1894 terribilium
583 1866 714 1895 efﬁcietur
727 1868 755 1895 in
769 1867 847 1903 jussu
862 1869 914 1896 Do-

120 1906 224 1934 minico
233 1910 261 1940 in
275 1917 336 1936 voce
350 1910 511 1945 archangeli,
526 1911 554 1938 in
568 1911 630 1939 tuba
646 1911 709 1946 Dei,
725 1912 795 1940 sicut
816 1913 915 1942 Paulus

119 1951 227 1979 decuit.
239 1950 297 1980 Hoc
307 1957 413 1989 tempus
424 1957 566 1983 vocabitur
575 1962 697 1984 sanctum
712 1958 838 1992 Domino,
851 1959 915 1995 quia

118 1997 293 2025 vocationem
309 2007 368 2034 quae
384 1999 412 2027 in
436 2002 651 2030 sanctificatione
671 2008 713 2030 est
727 2004 858 2038 possidet,
880 2013 914 2032 ex

119 2043 175 2078 qua
198 2043 307 2079 adoptio
330 2052 391 2080 quas
407 2038 441 2073 ad
460 2054 522 2074 eum
539 2048 656 2082 pertinet
672 2048 774 2076 vocatis
789 2048 913 2077 efﬁcitur.

121 2087 206 2116 Omne
217 2097 281 2124 opus
294 2090 385 2118 servile
400 2099 450 2119 non
466 2091 570 2126 facietis
580 2093 607 2119 in
621 2102 660 2127 eo,
673 2098 697 2121 et
707 2094 822 2129 o/feretis
837 2094 913 2122 holo-

120 2139 242 2162 L‘aastum
257 2134 380 2164 Domino.

158 2179 216 2221 litori
223 2183 264 2207 est
274 2181 347 2208 enim
357 2180 414 2215 jam
423 2185 529 2218 tempus
541 2189 623 2219 opera
633 2184 741 2213 servilia
748 2193 840 2221 agere,
848 2186 912 2221 quia

120 2218 221 2253 sulhcit
241 2227 409 2261 praeteritum
424 2230 531 2264 tempus
544 2218 578 2257 ad
598 2218 910 2268 voluntatemugentium,

119 2268 148 2298 in
160 2275 212 2305 quo
223 2272 299 2307 gesta
314 2277 376 2300 sunt
387 2281 470 2309 opera
495 2275 614 2308 servilia,
637 2280 664 2303 et
677 2277 805 2305 debemus
820 2287 910 2313 quem-

119 2315 263 2360 admodum
274 2317 439 2346 exhibuimus
453 2320 568 2347 ntembra
588 2327 678 2349 nostra
697 2331 771 2350 arma
787 2324 912 2360 iniquita-

118 2359 166 2393 σε,
182 2360 217 2387 ad
229 2361 405 2398 iniquitatem,
425 2364 460 2390 ita
472 2363 592 2392 exhibere
602 2364 719 2393 membra
731 2372 820 2394 nostra
835 2376 912 2394 arma

114 2405 230 2443 justitite
252 2407 282 2434 in
304 2408 539 2442 sanctiﬁcationem
561 2411 638 2439 :hoc
662 2416 704 2439 est
729 2412 801 2439 enim
815 2420 910 2440 verum

115 2450 317 2482 holocaustum.
333 2455 463 2491 Sequitur
475 2458 556 2486 etiam
573 2468 579 2485 :

153 2496 269 2541 Locutus
289 2508 391 2537 quoque
406 2506 444 2529 est
467 2502 596 2531 Dominus
614 2505 648 2531 ad
664 2503 773 2541 Moysen
795 2507 884 2535 dicens
900 2516 909 2535 :

112 2541 225 2587 Decimo
246 2539 288 2572 die
310 2547 407 2574 mensis
427 2545 506 2583 hujus
527 2550 640 2584 septimi,
655 2539 721 2578 dies
730 2553 909 2587 expiationum

112 2585 362 2624 e'r'ilceleberrim'u‘s,
370 2595 394 2619 et
404 2593 540 2620 vocabitur
550 2599 666 2628 sanctus,
675 2585 842 2632 aﬂligetisque
853 2598 910 2625 ani-

111 2642 173 2661 mas
191 2640 290 2664 vestras
305 2638 333 2664 in
347 2646 386 2671 eo,
409 2644 433 2666 et
453 2639 565 2674 o/feretis
584 2640 767 2669 holocaustum
783 2642 906 2671 Domina.

111 2676 201 2709 O‘mne
216 2691 281 2718 opus
298 2692 350 2711 non
364 2684 463 2719 facietis
481 2686 508 2713 in
527 2692 641 2722 tempore
665 2688 717 2715 diei
734 2688 830 2724 hujus,
846 2690 908 2725 quia

109 2725 171 2769 dies
192 2730 384 2764 propitiationis
407 2736 455 2764 est,
479 2737 506 2759 ut
521 2733 675 2769 propitietur
693 2734 764 2762 vobis
777 2734 906 2763 Dominus

108 2767 187 2801 Deus
202 2780 292 2802 vester.
309 2775 400 2804 Omnis
415 2778 502 2805 anima
525 2787 584 2813 qua:
597 2780 692 2815 amicta
710 2789 762 2809 non
784 2781 864 2816 fuerit
879 2782 906 2810 in

107 2817 158 2848 die
170 2821 220 2848 hoc
234 2821 329 2857 peribit
345 2822 376 2849 de
402 2823 504 2858 populis
525 2825 596 2859 suis;
614 2831 638 2853 et
656 2835 714 2862 qua:
729 2828 814 2864 operis
832 2829 906 2864 quip-

106 2867 187 2902 piam
210 2867 311 2902 fecerit,
336 2868 424 2896 delebo
438 2878 495 2897 eum
519 2871 550 2898 de
572 2872 667 2908 popqu
683 2882 742 2907 suo,
760 2874 825 2902 nihil
844 2884 906 2910 ergo

107 2916 202 2952 operis
230 2914 333 2951 facietis
357 2915 385 2944 in
409 2924 455 2951 eo;
478 2915 619 2953 legitimum
647 2920 831 2955 sempiternum
856 2921 905 2948 erit

971 990 1113 1019 tinentiam
1128 988 1255 1019 ostendit.
1696 1016 1705 1019 _

1006 1035 1076 1074 Ergo
1099 1042 1125 1065 et
1144 1038 1225 1065 nimis
1245 1041 1442 1072 consequenter
1463 1036 1565 1064 addidit
1582 1044 1590 1064 :
1615 1034 1684 1069 Quia
1706 1035 1761 1064 dies

969 1083 1162 1120 propitiationis
1175 1088 1222 1116 est,
1238 1088 1264 1109 ut
1275 1082 1431 1119 propitiatur
1453 1082 1522 1109 vobis
1541 1081 1670 1108 Dominus
1689 1079 1761 1108 Deus

970 1134 1061 1163 vester,
1075 1132 1189 1163 utraque
1202 1129 1262 1156 haec
1277 1127 1436 1160 ostendens,
1452 1127 1515 1163 quia
1526 1131 1553 1154 et
1567 1126 1618 1154 hoc
1637 1130 1679 1154 est
1691 1131 1761 1154 tem-

969 1183 1019 1210 pus
1031 1174 1064 1201 ad
1079 1173 1297 1210 propitiationem
1309 1173 1388 1200 nobis
1403 1180 1419 1200 a
1441 1173 1496 1200 Deo
1510 1172 1650 1205 donatum,
1664 1170 1691 1199 in
1707 1179 1762 1206 quo

969 1223 1081 1254 peccata
1106 1223 1198 1246 nostra
1218 1218 1329 1245 veniens
1353 1217 1485 1245 Dominus
1501 1217 1590 1250 diluit,
1602 1220 1629 1245 et
1650 1217 1714 1252 quia
1734 1217 1762 1244 in

969 1274 1023 1301 quo
1038 1266 1095 1292 haec
1112 1269 1302 1300 exspectamus
1326 1268 1458 1300 tempore,
1480 1264 1546 1291 nihil
1562 1263 1691 1291 debemus
1706 1266 1761 1300 ter-

969 1318 1098 1338 renorum
1109 1318 1199 1346 agere.
1211 1307 1313 1337 Deinde
1323 1309 1409 1344 legem
1422 1309 1596 1345 protrahens,
1612 1313 1640 1336 et
1651 1308 1762 1337 Christo

968 1347 1173 1385 advocationem
1189 1355 1323 1390 praebens,
1337 1355 1384 1390 qui
1395 1355 1465 1383 dixit
1481 1364 1487 1382 ί
1501 1354 1602 1381 Discite
1615 1363 1632 1381 a
1646 1363 1686 1381 me
1700 1355 1762 1390 quia

969 1394 1039 1428 utilis
1051 1409 1108 1428 sum
1123 1405 1146 1428 et
1161 1398 1267 1428 humilis
1279 1400 1367 1434 corde,
1381 1405 1405 1429 et
1426 1400 1562 1427 invenietis
1577 1399 1689 1435 requiem
1705 1399 1761 1427 ani-

968 1447 1061 1474 mabus
1073 1447 1164 1474 vestris
1176 1445 1282 1483 (Matth.
1295 1446 1347 1482 x1),
1364 1446 1402 1473 ait
1418 1455 1424 1473 :
1441 1443 1533 1474 Omnis
1549 1446 1636 1473 animo
1650 1453 1708 1481 qua:
1721 1440 1761 1479 af-

967 1493 1040 1529 ﬂicta
1061 1502 1113 1520 non
1135 1492 1214 1528 fuerit
1228 1493 1256 1520 in
1279 1492 1321 1520 die
1342 1491 1391 1519 hoc
1414 1491 1506 1528 peribit
1523 1491 1555 1518 de
1569 1490 1671 1527 populis
1690 1490 1760 1523 suis,

967 1547 1056 1577 neque
1076 1539 1148 1566 enim
1171 1539 1293 1574 sequitur
1317 1537 1454 1565 Christum
1477 1531 1523 1572 qui
1540 1537 1598 1564 haec
1619 1536 1739 1579 ‘sancivit
1753 1556 1760 1568 ,

969 1589 996 1613 et
1021 1585 1048 1613 in
1070 1589 1176 1612 tantum
1192 1582 1368 1620 semetipsum
1382 1579 1545 1616 humiliavit,
1561 1579 1592 1610 ut
1609 1581 1708 1609 Paulus
1729 1581 1760 1609 de

930 1621 953 1654 α
968 1639 1002 1660 eo
1020 1630 1123 1659 diceret
1140 1640 1146 1657 :
1171 1628 1327 1658 Humiliavit
1347 1629 1514 1664 semetipsum
1535 1628 1622 1663 factus
1640 1621 1759 1654 obediens

965 1686 1046 1714 usque
1061 1678 1095 1705 ad
1120 1681 1241 1711 mortem,
1259 1681 1368 1704 mortem
1385 1679 1473 1703 autem
1486 1674 1571 1702 crucis
1585 1667 1696 1710 (Philip.
1711 1672 1760 1708 tt),

964 1724 1012 1752 sed
1027 1727 1054 1752 et
1068 1724 1114 1760 qui
1128 1723 1219 1759 operis
1243 1721 1382 1759 quippiam
1398 1719 1504 1754 fecerit,
1526 1714 1622 1749 delebo
1644 1725 1707 1747 eum
1726 1718 1759 1747 de

964 1768 1064 1805 populo
1080 1776 1139 1796 suo.
1614 1763 1616 1766 ’

1001 1812 1076 1842 Nihil
1098 1822 1159 1849 ergo
1178 1813 1262 1848 operis
1277 1808 1379 1848 facietis
1396 1812 1424 1839 in
1440 1820 1488 1844 eo,
1508 1805 1653 1846 legitimum
1665 1809 1759 1844 sempi-

965 1857 1067 1887 ternum'
1080 1858 1129 1886 erit
1144 1858 1214 1885 vobis
1226 1857 1253 1884 in
1266 1856 1366 1884 cunctis
1386 1854 1596 1891 generationibus
1612 1854 1636 1881 et
1651 1853 1756 1881 habita-

964 1905 1077 1933 tionibus
1089 1901 1190 1931 vestris.
1204 1903 1249 1930 Sic
1261 1903 1313 1930 hoc
1325 1901 1408 1934 dixit,
1424 1898 1553 1935 tanquam
1568 1898 1590 1927 si
1602 1898 1702 1934 populo
1713 1896 1759 1925 Ju-

965 1948 1084 1980 dzcorum
1109 1953 1276 1985 praeceptum
1300 1945 1350 1981 sit;
1375 1945 1415 1974 sic
1439 1950 1529 1973 autem
1552 1952 1581 1973 se
1596 1946 1655 1972 uon'
1664 1937 1758 1984 habet,

964 1996 1090 2025 omnibus
1107 1995 1179 2024 enim
1193 1995 1236 2023 lex
1249 1993 1401 2022 communis
1417 1995 1473 2025 est,
1487 1991 1549 2026 quia
1563 1992 1590 2018 et
1608 1990 1642 2018 ad
1665 1992 1759 2018 omnes

966 2043 1097 2072 Dominus
1112 2041 1219 2070 dicebat
1235 2051 1241 2068 :
1264 2040 1415 2077 Operamini
1436 2048 1488 2066 non
1501 2038 1587 2065 cibum
1606 2037 1651 2073 qui
1674 2036 1741 2077 perit
1748 2044 1758 2068 ,-

964 2083 1032 2117 nihil
1046 2088 1139 2116 volens
1154 2095 1204 2114 nos
1219 2086 1327 2122 operari
1341 2089 1489 2113 terrenum.
1509 2078 1581 2111 Bene
1594 2089 1660 2118 ergo
1675 2080 1703 2109 et
1717 2089 1757 2108 sa-

963 2135 1068 2171 pienter
1081 2133 1231 2162 custodiam
1246 2131 1394 2161 vocationis
1409 2130 1560 2165 perducere
1580 2129 1613 2156 ad
1625 2126 1757 2162 majorem

963 2180 1217 2216 contemplationem
1230 2173 1334 2211 volens,
1346 2177 1448 2205 addidit
1466 2186 1472 2203 τ
1499 2176 1644 2203 Sabbntum
1660 2175 1758 2209 requie

962 2228 1040 2256 tionis
1051 2226 1149 2260 est,ve1
1163 2226 1232 2254 sicut
1244 2225 1421 2261 Septuaginta
1434 2232 1440 2250 ε
1454 2219 1570 2250 Sabbata
1585 2220 1754 2247 sabbatorum

962 2278 1037 2301 erunt
1054 2273 1136 2306 vobis,
1146 2277 1176 2300 ut
1188 2280 1237 2307 per
1250 2272 1301 2299 hoc
1317 2268 1485 2305 intelligibilc
1505 2267 1687 2301 intelligamus
1698 2266 1758 2293 sab-

961 2320 1071 2352 batum,
1099 2319 1171 2353 quod
1192 2317 1346 2344 Judmorum
1372 2313 1521 2343 excedebat
1548 2312 1754 2346 infirmitatem,

962 2360 1188 2402 quemadmodum
1207 2368 1235 2390 et
1256 2361 1356 2390 Sancta
1380 2365 1544 2392 sanctorum,
1561 2363 1671 2394 propter
1684 2359 1755 2394 quod

962 2412 1002 2440 eis
1022 2419 1072 2439 nec
1087 2411 1197 2438 sabbata
1219 2413 1312 2441 erant,
1327 2407 1374 2436 sed
1391 2411 1418 2434 et
1438 2406 1610 2434 Canticorum
1627 2406 1731 2434 cantica
1746 2415 1753 2434 :

962 2456 1192 2492 nouintelligunt
1216 2457 1289 2484 enim
1306 2464 1400 2483 eorum
1424 2463 1483 2490 quae
1499 2455 1536 2482 ibi
1558 2455 1657 2489 scripta
1690 2458 1753 2481 sunt

961 2499 1098 2532 virtutem.
1115 2500 1148 2530 Et
1158 2511 1238 2531 omne
1252 2502 1324 2538 quod
1341 2502 1487 2530 secundum
1506 2501 1593 2537 legem
1607 2500 1752 2536 Anagogcn

962 2550 1066 2586 recipit,
1086 2550 1137 2577 hoc
1148 2549 1280 2577 excedere
1293 2545 1446 2575 Iudaeorum
1460 2555 1602 2575 mensuras
1620 2546 1750 2580 intelliga-

961 2605 1030 2624 mus.
1047 2596 1106 2624 Jam
1124 2600 1214 2623 autem
1229 2595 1291 2623 vide
1305 2595 1402 2631 quibus
1416 2594 1585 2623 sermonibus
1600 2600 1665 2620 usus
1683 2596 1724 2619 est
1741 2599 1748 2617 :

960 2643 995 2671 Et
1007 2643 1122 2679 aﬁligetis
1134 2642 1235 2669 animas
1249 2646 1359 2674 vestras,
1373 2641 1415 2668 die
1430 2649 1498 2668 nono
1511 2639 1606 2666 mensis
1616 2646 1632 2663 a
1646 2643 1750 2675 vespero

960 2699 1040 2726 usque
1054 2689 1087 2716 ad
1098 2697 1230 2724 vesperum
1245 2687 1405 2715 celebrabitis
1423 2687 1532 2715 sabbata
1545 2688 1639 2712 vestra.
1704 2706 1709 2723 ,-

994 2727 1165 2771 Recapitulat
1190 2734 1262 2762 enim
1286 2733 1446 2761 humilitatis
1466 2730 1589 2762 verbum,
1604 2727 1668 2764 quia

957 2785 1072 2816 quenter
1087 2779 1152 2807 illud
1165 2779 1289 2807 Christus
1304 2778 1406 2811 docuit,
1419 2775 1496 2812 quasi
1513 2781 1641 2803 coronam
1655 2775 1749 2800 autem

957 2827 1029 2855 illam
1043 2831 1070 2855 et
1090 2826 1176 2854 basim
1194 2826 1333 2853 virtutem.
1349 2827 1430 2859 atque
1455 2818 1658 2850 subsistentiam
1682 2826 1747 2864 apo-

957 2873 1032 2902 stolis
1049 2872 1197 2901 constituit.
1218 2871 1364 2906 lnquisitus
1378 2868 1462 2901 enim,
1478 2866 1535 2903 quis
1549 2865 1637 2901 major
1660 2869 1696 2893 est
1719 2865 1746 2893 in

957 2928 1035 2957 regno
1049 2918 1182 2952 caelorum,
1193 2914 1342 2952 respondit,
1360 2914 1507 2951 quicunque
1518 2911 1745 2950 humiliaverit_s_e,
