3892 6344
483 320 584 413 sit
1113 325 1175 381 Β.
1216 326 1470 386 RABANI
1508 329 1727 388 usum
1766 326 2085 389 ARCHIEP.
2124 326 2437 405 uocum.
2475 331 2760 413 orsnuu
2792 326 2974 390 PARS
3011 332 3054 389 ι.
3646 341 3761 399 sis

478 402 543 498 et.
560 429 792 511 reliqua.
829 439 983 509 Quod
1013 448 1193 497 autem
1221 444 1359 500 dixit
1385 460 1400 500 :
1427 446 1472 499 A
1501 464 1711 519 vespero
1763 465 1935 521 usque
1979 451 2051 507 ad
2078 456 2129 517 Α
2156 445 2422 503 habitatio
2449 458 2555 515 est,
2585 450 2730 507 sicut
2753 450 2952 507 Paulus
2977 452 3091 508 ait:
3116 450 3295 524 Cupio
3315 454 3537 511 dissolvi
3568 467 3623 513 et
3642 470 3761 518 me

476 540 768 605 uesperum,
798 541 985 603 aperte
1028 534 1263 591 volentis
1308 546 1392 594 est
1419 553 1636 612 semper
1664 542 2060 617 superfluorum
2160 556 2278 596 cum
2311 538 2519 597 Christo
2551 540 2717 614 (Phil.
2752 542 2815 615 ι).
2841 544 3014 601 Omne
3036 560 3170 616 opus
3201 547 3399 604 servile
3438 565 3553 607 non
3584 550 3759 610 facie-

474 618 823 681 et‘vanorum
850 623 1190 681 vacationem
1230 628 1455 696 studeri,
1510 632 1653 705 unde
1695 640 1751 693 et
1798 633 2061 707 Dominus

473 702 573 770 nec
586 708 815 798 “causam
841 712 1023 774 dicere
1043 718 1293 781 concedit
1317 740 1329 776 :
1349 724 1608 795 praecepit
1626 702 1773 789 enim
1793 702 2060 798 neque-de

474 805 678 872 tu‘nica,
706 790 882 877 neque
911 808 976 864 de
1003 818 1155 879 veste
1176 790 1649 887 litigari,,sed'ncc
1670 790 1900 889 cogitari
1916 820 2065 899 quid

471 900 807 983 comedatur,
822 910 916 981 aut
947 902 1075 976 quid
1105 904 1340 975 bibatur,
1370 918 1472 971 aut
1491 910 1621 985 quid
1647 913 1945 982 vestiatur;
1969 930 2057 973 ve—

469 1002 591 1045 rum
632 980 747 1061 ipse
789 988 990 1049 docens
1022 1004 1079 1051 et
1115 995 1463 1071 sabbatorum
1498 980 1829 1061 annuntians
1861 980 2061 1069 salibus

470 1074 619 1155 tum,
637 1079 690 1163 in
714 1078 839 1151 quo‘
858 1098 1018 1139 omne
1038 1100 1173 1156 opus
1211 1096 1409 1155 cessat,
1440 1097 1495 1145 et
1516 1087 1631 1151 sola
1656 1106 1777 1163 qua:
1802 1092 1902 1151 Dei
1928 1104 2055 1155 sunt

466 1162 986 1261 ti‘stenduntur,‘sola
1020 1181 1365 1257 corriguntur
1400 1200 1521 1256 qua:
1558 1187 1712 1255 utilia
1740 1196 2059 1267 suntatque

466 1254 763 1336 expediunt
797 1254 1009 1345 animae.
1050 1254 1311 1347 Sequitur
1339 1295 1369 1349 :_
1417 1254 1435 1256 ί
1502 1338 1505 1347 ι
1556 1334 1585 1353 ,ί
1772 1332 1775 1343 ,
1822 1332 1823 1339 η
1884 1330 1894 1343 ,
2046 1326 2065 1341 ,.

496 1350 612 1414 "Et
643 1350 849 1416 locutus
893 1373 967 1417 est
997 1362 1255 1422 Dominus
1288 1369 1358 1423 ad
1411 1350 1631 1442 Moysen
1677 1373 1857 1429 dicens
1893 1389 1912 1427 :
1948 1373 2065 1433 Low

467 1468 626 1523 quere
665 1452 793 1521 filiis
828 1453 1008 1527 .lsrael
1029 1475 1048 1511 :
1074 1457 1119 1510 A
1147 1460 1533 1528 quintadecimo
1562 1464 1648 1525 die
1678 1466 1867 1521 mensis
1891 1466 2050 1536 hujus

459 1541 701 1627 septimi,
754 1554 905 1599 erunt
936 1546 1084 1617 ferite
1125 1549 1588 1611 tabernaculorum
1617 1566 1810 1627 septem
1867 1556 2048 1613 diebus

462 1616 726 1700 Domino;
757 1634 867 1690 dies
912 1637 1113 1707 primus
1165 1641 1435 1699 vocabitur
1484 1643 2049 1718 celeberrimusatque

456 1712 839 1777 sanctissimus.
902 1722 1066 1779 Omne
1119 1744 1246 1796 opus
1298 1730 1482 1787 servile
1534 1751 1661 1799 non,
1689 1735 1933 1805 facietis,
1996 1747 2051 1793 et

2157 648 2301 699 mus,
2320 634 2455 703 quia
2498 634 2633 691 sicut
2660 636 2833 707 angeli
2854 636 2957 693 Dei
2981 646 3225 708 tempore
3265 639 3361 695 illo
3382 643 3615 697 et'imus.
3644 644 3756 704 Sed

2157 728 2213 779 et
2237 722 2343 783 hoc
2365 732 2494 785 nota
2521 726 2795 794 quomodo
2810 727 3011 783 eadem
3038 728 3107 783 de
3136 730 3325 799 primo.
3344 739 3401 786 et
3423 740 3635 789 actm
3666 736 3754 793 dia

2156 812 2270 880 cit,
2333 815 2460 884 quia
2498 831 2675 873 unum
2744 817 3144 887 quodammodo
3188 829 3467 893 tuumque
3522 825 3755 883 virtutes

2155 913 2328 967 sunt:
2366 908 2783 971 resurrectionis
2820 911 3021 980 quippe
3059 912 3199 978 dies,
3221 929 3341 984 qua:
3369 924 3458 971 est
3496 917 3750 974 substan-

2156 994 2232 1055 tia
2256 995 2424 1057 futuri
2448 1000 2666 1066 saeculi,
2692 1001 3025 1072 initiumque
3049 1003 3168 1072 ejus
3192 1015 3249 1061 et
3283 1006 3453 1064 basis.
3548 1028 3549 1033 π

2222 1085 2437 1145 Primus
2450 1089 2672 1159 quidem
2696 1090 3181 1164 sicutprincipium
3197 1096 3255 1150 in
3275 1096 3505 1154 Christo
3526 1114 3742 1157 conver'

2152 1180 2461 1259 sationiset
2486 1183 2767 1241 exordium
2800 1183 3241 1255 futurorumuest,
3265 1200 3500 1247 octams
3540 1187 3743 1259 autem,

2151 1278 2219 1343 ut
2238 1258 2609 1343 riuipraesenti
2634 1276 2881 1353 succedit
2898 1278 3120 1344 saewlo,
3138 1288 3315 1351 quem
3343 1285 3621 1354 septimus
3650 1258 3742 1340 m4

2150 1376 2334 1425 merus
2358 1354 2593 1434 ﬁgurare
2618 1366 2842 1425 dicitur.
3740 1396 3741 1405 ι

2222 1454 2325 1511 Ha:
2345 1466 2467 1513 sunt
2501 1457 2649 1527 ferite
2674 1458 2911 1526 Domini,
2945 1477 3077 1532 quas
3097 1464 3355 1519 vocabili:
3370 1463 3738 1522 celeberrimas

2152 1554 2308 1618 atque
2334 1549 2694 1605 sanctissimas
2713 1591 2728 1616 ,
2767 1551 3100 1623 offeretisque
3124 1554 3181 1607 in
3212 1555 3287 1608 eis
3317 1555 3619 1611 oblationes
3639 1557 3736 1611 Do-

2151 1639 2313 1704 mino,
2350 1638 2735 1697 holocauslaet
2764 1641 3074 1708 libamenta,
3095 1652 3255 1714 Juxta
3289 1647 3455 1699 ritum
3492 1650 3737 1702 uniuscu-

2142 1727 2341 1800 jusque
2368 1730 2493 1795 dl'ei,
2523 1732 2851 1802 (inceptisque
2884 1733 3118 1788 sabbatis
3140 1733 3357 1790 Domini
3380 1736 3638 1809 donisque
3658 1752 3735 1793 ve-

457 1820 651 1879 septem
676 1811 857 1867 diebus
888 1814 1117 1883 off‘eretis
1150 1816 1456 1877 holocausta
1479 1822 1727 1881 Domino.
1758 1826 1880 1884 Dies
1910 1845 2038 1899 quo-
2138 1820 2282 1893 stris,
2307 1829 2354 1875 et
2394 1838 2511 1891 qua:
2533 1823 2763 1891 offeratis
2790 1832 3027 1889 eas‘voto,
3052 1824 3131 1878 vel
3152 1840 3270 1895 ᾳαω
3290 1838 3477 1898 sponte
3505 1828 3731 1883 tribuetis

455 1916 555 1971 que
590 1908 802 1957 octavus
842 1903 941 1958 erit
989 1903 1351 1964 celeberrimus
1400 1921 1557 1985 atque
1588 1917 1950 1972 sanctissimus
1989 1928 2040 1974 et

456 1990 686 2063 oﬂ'erelis
720 1993 1085 2052 holocaustum
1115 1997 1344 2057 Domino
1370 2017 1387 2056 :
1413 2003 1509 2060 Est
1531 2008 1670 2062 enim
1697 2017 1859 2064 cretus
1884 2020 2041 2083 atque

455 2076 724 2163 collectae:
756 2102 907 2141 omne
937 2104 1066 2159 Opus
1109 2093 1292 2147 servile
1336 2112 1438 2151 non
1491 2097 1697 2169 facietis
1723 2102 1779 2155 in
1814 2119 1896 2157 eo.
1938 2102 2041 2161 Hic

454 2188 714 2246 superare
753 2179 1088 2249 sapientiam
1148 2186 1329 2240 saeculi
1381 2196 1437 2243 et
1495 2192 1871 2250 transitorium
1922 2195 2041 2265 ejus

451 2276 633 2331 nosse,
671 2275 727 2323 et
772 2272 1089 2341 temporale,
1121 2290 1227 2330 non
1255 2276 1429 2332 solum
1472 2280 1551 2335 ait
1575 2280 1942 2354 legislaturem
1966 2287 2040 2342 si-

452 2353 733 2425 gniﬁcare,
764 2359 861 2414 sed
903 2368 959 2415 et
989 2371 1239 2433 oportere
1280 2366 1494 2425 oculum
1533 2353 1735 2428 habere
1763 2375 1832 2430 ad
1860 2391 2037 2432 saecu-

450 2441 562 2499 lum
592 2445 854 2503 futurum.
908 2509 918 2517 ,

520 2536 636 2594 Hoc
686 2554 815 2613 ergo
853 2552 907 2598 et
951 2559 1049 2616 per
1099 2563 1384 2607 numerum
1434 2560 1491 2609 et
1519 2569 1619 2626 per
1662 2557 2033 2627 tabernacula,

390 2674 393 2677 λ
448 2628 568 2687 sine
599 2628 793 2709 aliqua
821 2633 1175 2708 dubitatione,
1209 2641 1451 2700 invenies
1482 2645 1794 2718 ﬁguratum.
1817 2650 2037 2718 Quinta-

445 2719 658 2780 decima
698 2718 965 2797 siquidem
992 2729 1080 2786 die
1102 2732 1346 2792 inchoari
1377 2735 1729 2795 festivitatem
1755 2744 2029 2815 praecepit.

445 2812 528 2870 Ex
558 2823 763 2889 septem
791 2828 972 2877 autem
992 2831 1047 2878 et
1081 2831 1206 2881 octo
1245 2827 1336 2884 hic
1360 2838 1445 2886 est
1471 2847 1734 2891 numerus
1760 2812 2036 2907 composi-

449 2912 560 2974 tus,
613 2923 847 2978 quorum
883 2928 1022 2969 unus
1062 2916 1281 2985 quidem
1317 2933 1559 2988 przesens
1584 2924 1863 2993 saeculum,
1899 2928 2038 2985 alter

446 3006 629 3054 autem
655 2996 853 3074 figurat
874 3002 1136 3061 futurum.
1170 3007 1323 3067 Unde
1349 3018 1407 3067 et
1433 3011 1787 3073 festivitatem
1828 3026 2036 3089 septem

447 3090 640 3149 diebus
665 3100 1031 3165 consummari
1051 3103 1398 3175 praecipiens,
1427 3106 1564 3164 alios
1591 3125 1782 3166 rursus
1800 3112 1917 3168 dies
1942 3128 2034 3170 ce-

2144 1912 2392 1969 Domino.
2431 1914 2561 1969 Vide
2587 1914 2705 1971 illas
2731 1914 3070 1984 Apostolicas
3099 1931 3265 1973 voces
3303 1938 3318 1972 :
3358 1918 3586 1990 Semper
3609 1938 3730 1991 gas-

2142 2003 2288 2069 dete,
2344 2005 2455 2059 sine
2501 2006 2886 2062 intermissione
2924 2016 3099 2073 orate,
3142 2009 3197 2062 in
3249 2010 3496 2065 omnibus
3545 2015 3727 2082 gratias

2141 2094 2298 2165 agite.
2314 2094 2560 2151 Consona
2576 2095 2828 2152 videntur
2838 2112 2961 2155 esse
2983 2098 3099 2153 haec
3118 2101 3480 2168 praesentibus
3493 2102 3727 2158 Mosaicae

2140 2188 2437 2243 sanetionis
2452 2189 2650 2245 verbis.
2668 2188 2807 2246 Ecce
2826 2190 2974 2245 enim
2986 2189 3309 2247 festivitates
3329 2193 3591 2262 quasdam
3603 2208 3730 2265 pras-

2139 2278 2327 2348 cipuas
2343 2277 2617 2350 legislator
2627 2295 2926 2351 exponens,
2940 2297 3074 2351 quas
3095 2290 3151 2338 et
3172 2283 3561 2340 celeberrimas
3573 2295 3731 2357 atque

2140 2377 2357 2425 sanctas
2377 2371 2695 2438 nominavit,
2710 2373 3026 2442 permiscuit
3048 2374 3129 2430 eis
3149 2375 3467 2445 quotidiana
3482 2376 3727 2433 libamina

2138 2469 2196 2516 et
2242 2462 2510 2518 sacriﬁcia
2541 2481 2553 2516 :
2598 2461 2700 2518 Hie
2739 2473 2861 2519 sunt
2894 2465 3033 2519 enim
3057 2505 3072 2531 ,
3115 2465 3313 2534 inquit,
3345 2467 3497 2535 ferite
3526 2467 3727 2521 Domini

2136 2544 2269 2623 quas
2319 2555 2566 2610 vocabitis
2612 2554 2972 2613 celeberrimas
3025 2567 3182 2630 atque
3228 2561 3613 2617 sanctissimas.
3644 2561 3725 2627 Et

2137 2659 2262 2701 cum
2302 2655 2583 2718 Oporteret
2604 2649 2746 2705 hanc
2771 2657 2867 2704 aut
2902 2648 3051 2706 illam
3094 2652 3297 2719 dicere,
3330 2669 3446 2709 non
3470 2656 3551 2711 sic
3573 2656 3720 2721 dixit,

2138 2737 2235 2794 sed
2259 2737 2497 2794 subdidit
2526 2756 2539 2793 :
2573 2736 2917 2811 Oﬁ'eretisque
2952 2741 3010 2795 in
3050 2741 3126 2798 eis
3167 2742 3461 2799 oblationes
3508 2745 3723 2801 Domino

2138 2830 2444 2887 holocausta
2485 2840 2534 2886 et
2586 2831 2868 2889 libamenta
2899 2834 3057 2905 juxta
3108 2836 3267 2890 ritum
3314 2837 3722 2910 uniuscujusque

2137 2923 2262 2980 diei.
2312 2925 2380 2981 Et
2404 2925 2522 2995 ipse
2566 2939 2667 2983 nos
2718 2925 2958 2997 gaudere
3003 2935 3059 2982 et
3090 2926 3446 2983 festivitatem
3476 2944 3636 3000 agere
3670 2937 3722 2984 et

2137 3016 2255 3072 sine
2283 3016 2685 3073 intermissione
2722 3031 2884 3073 orare
2909 3017 3066 3074 vult:
3099 3020 3207 3075 hoc
3234 3027 3319 3076 est
3360 3020 3514 3075 enim
3556 3021 3720 3092 quoti-

2136 3107 2296 3164 diana
2321 3108 2533 3178 libatio,
2571 3117 2626 3165 et
2653 3110 2983 3168 sacrificium
3029 3111 3144 3168 sive
3173 3112 3581 3179 holocaustum,
3607 3129 3720 3183 qua:

444 3178 767 3240 leberrimos
807 3194 969 3258 atque
1013 3192 1389 3252 sanctissimos
1441 3204 1931 3270 commemoravit,
1976 3214 2033 3261 et

2140 3207 2263 3257 tunc
2300 3198 2497 3256 offerre
2520 3215 2811 3271 possumus
2832 3243 2850 3269 ,
2892 3203 3111 3272 quando
3140 3216 3376 3274 corpora
3418 3212 3602 3261 nostra
3622 3178 3723 3259 ho-

444 3282 548 3325 nec
575 3270 949 3353 denumeravit
975 3293 1099 3335 eam
1144 3297 1269 3338 cum
1303 3292 1543 3356 septem;
1577 3290 1674 3346 sed
1716 3292 1898 3362 posuit
1941 3310 2030 3351 se-

443 3367 700 3430 quentem
722 3372 778 3420 et
808 3376 1073 3426 semotam
1103 3371 1172 3427 ab
1192 3375 1334 3442 aliis,
1353 3378 1754 3439 sicut‘futurum
1775 3384 2031 3442 saeculum

444 3452 693 3545 sequitur
710 3456 926 3527 quidem
958 3477 1222 3533 praesens,
1238 3466 1384 3525 aliud
1408 3481 1593 3529 autem
1614 3489 1777 3545 quam
1804 3475 1909 3532 hoc
1927 3486 2029 3533 est.

442 3539 663 3614 Septem
722 3562 853 3620 ergo
894 3550 1083 3631 diebus
1133 3553 1485 3617 festivitatem
1555 3539 2031 3625 tabernaculorum

439 3636 769 3708 appellavit:
818 3644 1127 3717 quicunque
1157 3650 1336 3720 enim,
1368 3662 1429 3709 ut
1470 3655 1845 3724 tabernaculo,
1898 3676 2034 3731 pras-

438 3737 592 3784 sente
621 3732 823 3788 mundo
851 3737 1041 3807 utitur,
1068 3738 1159 3797 hic
1196 3740 1551 3803 festivitatem
1570 3748 1626 3803 in
1653 3765 1718 3806 eo
1745 3751 1951 3808 habere
1976 3764 2032 3810 et

438 3816 610 3874 lauari
640 3831 864 3913 propter
886 3825 1058 3885 futuri
1082 3835 1547 3901 exspectationem
1575 3848 1773 3908 potest.
1814 3840 1885 3897 Et
1910 3842 2031 3913 qui-

438 3921 651 3981 cunque
676 3912 798 3982 scit,
814 3917 939 3987 quia
961 3920 1005 3975 si
1030 3929 1250 3978 terrena
1262 3925 1469 4011 .domus
1494 3927 1847 3987 habitationis
1870 3912 2031 4004 hujus

438 3999 785 4073 dissolvatur,
808 4009 1116 4069 aediﬁcatio
1141 3999 1440 4077 ,non'manu
1471 4016 1616 4075 facta
1641 4034 1765 4077 eum
1790 4019 1847 4077 in
1876 3999 2030 4078 ctelis

438 4092 683 4162 suscipit.
696 4093 938 4150 Primam
954 4108 1139 4155 autem
1161 4112 1369 4173 septem
1385 4106 1598 4163 dierum
1615 4109 2027 4167 celeberrimam

438 4190 602 4251 atque
651 4186 1051 4245 sanctissimam
1073 4194 1367 4262 appellavit
1406 4215 1419 4250 :
1452 4200 1544 4267 qui
1579 4200 1726 4256 enim
1759 4204 1865 4257 scit
1890 4219 2030 4273 prae-

436 4274 681 4361 sentibus
713 4282 969 4347 tanquam
1015 4280 1366 4340 tabernaculo
1394 4287 1512 4353 uti,
1570 4290 1746 4358 prima
1791 4292 1927 4358 dies,
1974 4294 2029 4350 id

436 4372 541 4434 est,
594 4366 810 4425 initium
848 4379 902 4427 et
941 4374 1268 4448 principium
1310 4394 1341 4434 a
1387 4381 1820 4441 sanctificatione
1866 4402 2027 4444 voca-

436 4459 598 4545 tionis
627 4461 836 4534 incipit.
868 4463 1163 4538 Propterea
1196 4479 1250 4525 et
1292 4470 1457 4528 nimis
1494 4484 1891 4545 consequenter
1911 4481 2019 4537 ait:

2136 3293 2298 3348 stiam
2345 3292 2525 3349 vivam
2568 3293 2681 3350 Deo
2710 3294 3142 3363 exhibuerimus,
3172 3304 3229 3351 et
3258 3297 3511 3352 membra
3546 3305 3719 3351 nostra

2135 3398 2257 3454 quae
2299 3393 2425 3440 sunt
2458 3400 2622 3457 super
2650 3394 2854 3442 terram
2881 3388 3417 3455 mortificaverimns,
3440 3391 3721 3461 paratique

2134 3476 2398 3535 fuerimus
2433 3478 2514 3534 ire
2565 3480 2634 3536 ad
2683 3479 2873 3545 Deum,
2913 3495 3039 3535 cum
3088 3478 3257 3538 Paulo
3284 3482 3534 3539 dicentes
3564 3500 3579 3539 :
3616 3483 3723 3554 Ego

2133 3570 2271 3625 enim
2292 3570 2412 3640 jam
2446 3569 2668 3639 delibor,
2699 3582 2748 3627 et
2775 3582 2978 3644 tempus
3013 3573 3349 3629 resolutionis
3374 3591 3509 3630 mete
3543 3578 3723 3631 instat.

2132 3661 2269 3718 Nam
2298 3671 2520 3734 propter
2547 3664 2651 3719 hoc
2675 3663 2883 3719 addidit
2910 3682 2923 3718 :
2958 3664 3306 3737 Exceptisque
3340 3665 3576 3719 sabbatis
3619 3666 3728 3719 Do-

2131 3754 2282 3821 mini,
2305 3755 2559 3826 donisque
2585 3757 2789 3821 vestris,
2809 3767 2857 3811 et
2879 3770 2998 3829 quis
3020 3758 3222 3829 offertis
3243 3773 3304 3814 ea:
3320 3765 3459 3823 voto,
3494 3756 3579 3813 vel
3609 3776 3727 3831 qua:

2131 3855 2311 3918 sponte
2359 3847 2588 3903 tribuitis
2641 3847 2896 3914 Domino,
2945 3859 3135 3922 aperte
3164 3851 3293 3906 illud
3324 3850 3571 3918 tradens,
3601 3853 3721 3924 quis
3752 3868 3757 3875 ’

2131 3951 2294 4006 super
2325 3937 2740 3994 declinationem
2765 3940 3034 3995 malorum
3069 3940 3195 4014 (hoc
3235 3942 3382 3997 enim
3414 3950 3503 3998 est
3535 3943 3721 3999 sabba-

2130 4028 2298 4101 tum),
2345 4037 2403 4085 et
2435 4043 2597 4101 super
2634 4030 2771 4086 alias
2792 4029 3034 4100 justitias
3085 4048 3223 4104 quas
3275 4034 3391 4090 Deo
3427 4035 3719 4090 secundum

2129 4126 2343 4189 tempus
2370 4120 2741 4189 promittimus
2772 4136 2787 4175 :
2828 4121 3122 4193 aliquando
3157 4125 3305 4181 enim
3340 4125 3395 4181 ei
3433 4125 3716 4195 jejunium,

2128 4212 2417 4282 aliquando
2447 4215 2851 4284 possessionum
2876 4217 3241 4286 oblationem,
3272 4218 3359 4274 vel
3390 4219 3446 4273 in
3471 4219 3718 4289 periculis
3742 4244 3745 4247 ν

2128 4305 2470 4360 venientibus
2507 4307 2665 4363 nobis
2699 4309 2786 4364 vel
2814 4309 3120 4367 voluntarie
3155 4308 3555 4382 promittimus.

2198 4394 2243 4449 A
2270 4397 2453 4467 quinto
2501 4398 2702 4455 decimo
2737 4418 2858 4472 ergo
2892 4402 2978 4457 die
3021 4404 3215 4459 mensis
3263 4405 3476 4475 septimi
3513 4404 3718 4475 quando

2128 4490 2563 4558 congregareritis
2592 4508 2770 4546 clunes
2817 4492 3021 4559 fructus
3054 4502 3212 4550 terra
3259 4503 3463 4560 vestrm,
3494 4494 3718 4550 celebra-

436 4540 603 4608 Omne
630 4573 758 4627 opus
790 4557 972 4614 servile
1010 4577 1117 4616 non
1157 4561 1394 4631 facietis,
1431 4565 1558 4636 quia
1588 4566 1722 4623 nulli
1745 4569 1799 4624 in
1824 4572 2024 4631 saeculo
2048 4542 2101 4604 D
2128 4577 2247 4633 bilis
2296 4578 2458 4648 ferias
2499 4580 2716 4638 Domini
2751 4593 2942 4654 septem
2982 4585 3187 4642 diebus.
3215 4582 3315 4641 Die
3352 4589 3529 4658 primo
3563 4597 3613 4641 et
3639 4586 3719 4641 die

436 4643 679 4733 serviunt
703 4648 793 4716 qui
819 4658 1075 4729 tanquam
1104 4654 1513 4716 tabernaculum
1545 4667 1603 4719 et
1630 4663 1941 4722 transitoria
1962 4682 2027 4724 ea

436 4749 557 4819 quae
586 4738 640 4793 in
673 4754 738 4794 eo
765 4750 893 4798 sunt
927 4744 1232 4805 intendunt.

509 4822 622 4923 Sed
645 4839 701 4884 et
734 4841 940 4902 septem
979 4836 1169 4896 diebus
1194 4842 1507 4902 holocausta
1532 4848 1717 4904 oll‘erri
1742 4851 2021 4923 praecepit,

434 4920 725 4976 ostendens
753 4936 1004 4993 oportere
1019 4944 1117 4999 per
1144 4948 1304 4989 omne
1334 4945 1546 5007 tempus
1570 4920 1873 5009 perfectam
1892 4920 2025 4997 con-

433 5013 799 5071 versationem
834 5019 1019 5088 sequi;
1057 5026 1273 5091 quando
1301 5042 1430 5098 ergo
1459 5030 1539 5085 sic
1567 5043 1892 5099 praesentem
1941 5035 2023 5090 vi-

435 5109 546 5158 tam
581 5108 970 5176 percurrimus,
998 5118 1125 5169 tunc
1163 5116 1578 5176 celeberrimum
1608 5132 1771 5195 atque
1790 5127 2022 5182 sanctis-

435 5190 634 5249 simum
675 5204 927 5254 octavum
958 5201 1123 5270 diem,
1169 5207 1423 5266 saeculum
1472 5190 1725 5272 videlicet
1775 5214 2020 5273 futurum

437 5280 718 5355 habemus,
744 5300 973 5346 vocante
994 5308 1095 5349 nos
1135 5295 1191 5351 in
1218 5312 1518 5371 prmparam
1548 5307 1753 5363 sanctis
1783 5308 1927 5364 bona
1952 5324 2020 5367 eo

435 5376 526 5448 qui
544 5394 640 5436 nos
652 5389 707 5436 et
726 5381 780 5437 in
801 5381 905 5440 hac
925 5388 1336 5447 conversatione
1362 5396 1596 5451 vocavit.
1624 5397 1757 5454 Nam
1795 5398 2020 5470 Septua-

434 5466 582 5538 ginta
597 5470 676 5525 sic
691 5472 977 5529 ediderunt
1000 5474 1161 5532 :-Dies
1182 5489 1395 5536 octavus
1417 5486 1612 5541 vocalis
1626 5529 1641 5553 ,
1665 5466 1886 5546 sanctus
1895 5494 2015 5547 erit.

438 5557 591 5616 Tunc
629 5578 761 5635 ergo
784 5565 1060 5623 oll‘erimus
1099 5569 1470 5629 holocaustum
1500 5577 1753 5649 Domino,
1777 5599 1898 5653 qua:
1929 5585 2019 5640 hic

435 5660 922 5725 praeparaverimus
949 5681 962 5716 :
1002 5662 1097 5718 Est
1123 5666 1262 5721 enim
1295 5680 1455 5726 cretus
1476 5682 1631 5743 atque
1654 5674 1903 5744 collectis,
1932 5677 2018 5733 vel

431 5741 579 5831 sicut
601 5743 1227 5823 Septuaginta,egresstls
1250 5769 1345 5830 est,
1374 5763 1501 5833 quia
1528 5741 1654 5823 hinc
1673 5767 1871 5837 exitus,
1891 5741 2016 5826 illic

2125 4679 2306 4725 octavo
2340 4673 2440 4725 erit
2467 4673 2764 4741 sabbatum,
2795 4674 2851 4729 id
2883 4685 2983 4743 est,
3018 4679 3238 4750 requies.
3271 4677 3611 4749 Sumetisque
3636 4690 3717 4732 ro-

2126 4760 2204 4815 bis
2230 4761 2317 4816 die
2368 4764 2537 4835 primo
2585 4766 2787 4835 fructus
2828 4767 3036 4825 arboris
3086 4770 3491 4841 pulcherrime,
3542 4777 3716 4842 spata-

2122 4851 2303 4923 lasque
2324 4854 2642 4925 palatorum,
2669 4867 2718 4911 et
2746 4874 2921 4913 ramos
2942 4859 3071 4931 ligni
3116 4861 3400 4916 densarum
3426 4862 3716 4930 frondium,

2121 4952 2169 4996 et
2194 4943 2381 4998 salices
2410 4946 2474 4999 de
2492 4954 2743 5013 torrente,
2757 4958 2805 5002 et
2827 4948 3137 5005 lwlabimini
3155 4968 3332 5006 coram
3356 4952 3588 5006 Domino
3609 4950 3716 5004 Deo

2121 5044 2315 5103 vestro,
2347 5036 2771 5111 celebrabitisque
2800 5041 3183 5098 solemnitatem
3217 5045 3334 5114 ejus
3372 5052 3573 5114 septem
3609 5043 3720 5097 die-

2124 5125 2220 5180 bus
2258 5143 2352 5197 per
2377 5144 2593 5183 annum.
2646 5129 2959 5202 Legitimum
2994 5135 3366 5206 sempiternum
3410 5136 3513 5190 erit
3542 5135 3597 5188 in
3630 5149 3719 5204 ge.

2123 5219 2478 5274 nerationibus
2517 5221 2723 5288 vestris,
2774 5239 2949 5277 mense
3000 5226 3218 5296 septimo
3257 5224 3392 5295 festa
3434 5214 3720 5278 Celebrabi—

2122 5308 2189 5363 tis
2218 5348 2233 5374 ,
2293 5319 2341 5364 et
2396 5311 2703 5366 habitabilis
2756 5314 2812 5367 in
2867 5314 3192 5370 umbraculis
3255 5325 3449 5386 septem
3508 5314 3718 5369 diebus.

2123 5401 2310 5459 Omnis
2337 5406 2427 5477 qui
2466 5421 2532 5460 ea:
2575 5421 2759 5477 genere
2795 5416 2870 5462 est
2910 5408 3083 5465 Israel
3115 5410 3342 5466 manebit
3373 5412 3431 5465 in
3463 5412 3723 5465 taberna-

2121 5496 2275 5562 culis,
2306 5505 2363 5549 ul
2404 5496 2611 5551 discant
2654 5499 2848 5568 posteri
2886 5502 3043 5555 vestri
3069 5502 3210 5573 quod
3249 5503 3307 5557 in
3358 5499 3722 5556 tabernaculis

2120 5585 2359 5641 habitare
2389 5586 2598 5655 fecerim
2633 5588 2772 5656 ﬁlios
2819 5588 2991 5646 Israel
3034 5608 3153 5646 cum
3197 5593 3472 5673 educerent
3515 5608 3607 5647 eos
3656 5592 3723 5647 de

2118 5688 2261 5733 terra
2282 5675 2630 5749 Egyptifego
2644 5679 2902 5736 Dominus
2917 5682 3058 5737 Deus
3081 5692 3266 5738 vester.
3283 5682 3622 5754 Locutusque
3641 5692 3720 5737 est

2119 5769 2330 5841 Moyses
2360 5786 2519 5845 super
2541 5771 2960 5851 solemnitatibus
2985 5764 3223 5844 Domini,
3257 5773 3327 5829 ad
3345 5771 3489 5844 ﬁlios
3515 5771 3739 5851 Israel.
