1997 3176
102 180 157 208 515

563 174 812 207 ΕΧΡΟΞΓΙῚΟΝΕΞ
829 177 862 205 IN
881 178 898 206 1

952 178 1080 207 meum.
1101 194 1136 200 —
1154 179 1218 207 Lm.
1239 168 1287 208 vr.’
1678 164 1730 214 ait

101 239 125 266 Α.
140 235 344 273 quintodecimo
354 242 419 271 ergo
432 236 476 264 die
488 236 589 264 mensis
605 235 721 270 septimi.
736 235 803 263 Esse
817 243 893 263 men-
905 239 932 269 Α
944 235 1016 264 dare.
1034 236 1115 264 Sume
1128 241 1156 265 et
1168 237 1279 269 salices;
1295 241 1321 264 et
1337 239 1484 266 secundum
1507 239 1691 276 Septuaginta,
1704 232 1732 276 at

101 292 165 312 sem
179 282 325 318 septimum
336 282 541 317 complctionem
553 283 610 310 sive
621 281 813 318 plenitudinem
829 286 894 309 tent-

100 336 200 365 porum
215 327 333 355 diximus
347 335 353 353 :
374 327 606 361 qniutusdecimus
623 330 712 354 autem
727 332 757 354 ut
775 331 838 361 pote
860 331 894 355 ex

101 378 209 410 septem
229 377 257 401 et
277 377 340 400 octo
364 376 501 405 constans,
516 372 697 408 evangelicum
721 372 894 407 praedicatio-

102 426 167 448 nem
180 425 241 454 quae
264 425 298 447 ex
318 418 442 453 praesenti
455 418 511 445 vita
523 421 551 445 et
563 417 655 446 futura
666 417 790 445 consistit
811 417 895 453 signi-

102 465 179 498 ﬁcat,
199 465 272 492 hanc
296 471 472 499 componens,
494 464 567 492 illam
592 471 757 500 prteparans,
785 464 894 500 quando

103 509 360 546 congregaverimus
381 517 476 538 omnes
498 509 603 538 fructus
617 515 708 544 terrae,
722 511 756 538 ab
768 510 895 546 operibus

102 555 229 584 videlicet
243 554 361 583 terrenis
371 560 519 589 cessantes,
533 555 603 584 festa
615 555 781 584 celebremus
791 560 895 591 septem

104 603 174 635 dies.
189 602 216 630 id
237 606 290 634 est,
305 605 393 629 totam
408 606 530 630 nostram
543 603 640 631 demus
652 603 735 631 vitam
759 603 787 630 in
805 603 895 631 divina

104 648 255 679 festivitate
269 645 445 680 celebranda.
458 648 507 676 Die
519 652 609 677 autem
627 649 716 684 primo
737 649 855 684 requies,
868 652 896 677 et

103 699 205 722 octavo
225 694 268 721 die
286 694 405 728 requies.
426 693 486 721 Non
496 693 553 728 jam
577 695 693 728 septimo
708 702 768 722 eum
782 702 896 722 numero

104 743 210 774 septem
233 738 337 766 dierum
361 738 537 767 festivitatem
557 739 601 774 agi
623 739 825 774 proposuisset,
849 739 896 768 sed

103 787 212 811 octavo.
232 783 351 810 Primum
366 783 484 818 quidem,
497 785 559 819 quia
573 785 676 820 bisqui
693 785 841 813 secundum
853 785 897 813 litt

104 832 192 856 teram
215 828 303 864 legem
328 832 431 869 tenent,
447 828 624 858 festivitatem
639 830 778 858 celebrare
796 838 850 858 non
864 830 897 858 li-

103 878 150 902 cet
166 883 174 900 :
188 882 257 902 novo
268 874 340 902 enim
350 879 508 910 segregatus
518 879 559 903 est
566 876 675 911 populo,
689 876 734 911 qui
745 876 797 904 scit
810 876 896 912 legem

942 291 996 311 non
1009 291 1108 317 ramos,
1125 284 1152 311 id
1163 288 1215 316 est,
1228 284 1399 311 continentim
1414 286 1534 320 castique
1550 285 1650 324 ιᾶγνου]
1663 296 1729 321 con-,-

940 329 1022 365 jugii;
1048 330 1117 356 salix
1132 329 1204 357 enim
1218 330 1524 366 continentiamsignat,
1537 331 1600 366 quia
1615 332 1731 362 fructum

944 382 998 402 non
1010 374 1087 407 facit,
1103 374 1172 402 sicut
1184 382 1235 402 nec
1248 375 1417 402 continentes
1433 376 1479 410 qui
1492 380 1554 403 sunt
1571 376 1627 403 veri
1646 385 1731 406 eunu-

944 420 1052 456 chi,qui
1065 417 1252 448 castraverunt
1267 428 1295 448 se
1314 425 1424 456 propter
1446 421 1569 457 requiem
1587 422 1731 458 caelorum,

943 465 1223 502 fructumquemlibet
1236 466 1390 495 sensibilem
1402 466 1503 495 faciunt
1514 468 1572 505 ;rad
1583 477 1650 503 quos
1660 463 1732 505 Deus

943 519 993 547 per
1010 512 1107 540 Isaiam
1134 513 1294 548 prophetam
1305 513 1372 540 dicit
1392 523 1399 541 ί
1417 514 1479 541 Non
1496 504 1566 541 dicat
1586 516 1731 550 eunuchus,

944 558 1006 593 quia
1017 558 1116 593 lignum
1127 558 1232 586 aridum
1245 566 1290 594 ego
1311 567 1384 591 sum,
1404 560 1466 595 quia
1476 560 1543 587 dabo
1556 561 1592 587 eis
1611 562 1638 588 in
1657 561 1735 588 domo

944 611 1018 637 mea,
1047 607 1071 632 et
1093 605 1121 632 in
1144 605 1225 632 muris
1246 602 1350 638 locum,
1372 610 1396 632 et
1422 614 1515 633 nomen
1543 607 1635 635 melius
1655 616 1744 644 qztam~

945 657 962 676 a
976 649 1039 684 ﬁliis
1050 654 1075 677 et
1087 649 1309 684 ﬁliabus,.nomen
1324 651 1509 687 sempiternum
1525 651 1592 680 dabo
1607 653 1644 681 eis
1658 653 1733 689 (Isa.

945 695 1018 731 tn).
1252 695 1253 698 “

987 742 1106 769 Dicimus
1127 740 1223 770 autem
1237 741 1347 770 salicem
1367 750 1461 778 gerere
1480 743 1563 771 etiam
1585 744 1735 779 orationis,

946 794 1052 815 necnon
1073 788 1239 822 poenitentia;
1253 788 1367 823 ﬁguram
1384 797 1390 815 :
1408 788 1447 816 sic
1466 796 1531 824 ergo
1543 792 1571 816 et
1585 788 1650 816 illud
1664 790 1738 825 quod

946 831 1178 861 aDavid'dictum
1201 837 1261 867 est,
1284 834 1467 869 intelligamus
1487 843 1493 862 :
1518 834 1605 870 Super
1623 835 1737 870 ﬂumina

946 877 1090 913 Babylonis
1107 878 1163 905 illic
1181 879 1295 905 sedimus
1314 884 1339 905 et
1359 879 1479 914 [terimus
1500 878 1564 906 dum
1578 880 1733 908 recordare-

103 919 253 946 secundum
267 919 394 954 spiritum
416 921 548 956 accipere,
560 925 589 948 et
610 925 735 949 octavum
749 922 893 956 honorare,
907 927 932 958 Β
945 931 1006 951 mur
1028 924 1076 956 tui,
1103 923 1179 951 Sion.
1194 923 1228 951 In
1242 924 1366 952 salicibus
1379 924 1407 952 in
1423 924 1508 952 medio
1523 925 1580 960 ejus
1597 926 1735 961 suspendi-

103 972 186 1000 quem
192 965 309 998 diximus
316 965 469 1001 significare
479 970 646 994 mortuorum
657 968 894 995 resurrectionem.

103 1011 241 1043 Secundo,
262 1012 326 1046 quia
344 1019 427 1039 unam
445 1012 572 1040 virtutem
589 1012 690 1040 habent
703 1016 731 1040 et
750 1014 855 1048 primus
870 1017 896 1041 et

103 1061 228 1090 octavus,
244 1057 291 1092 qui
305 1057 379 1084 enim
392 1061 505 1085 octavus
519 1058 577 1093 ipse
593 1063 621 1086 et
633 1059 748 1094 primus,
763 1059 826 1094 quia
838 1060 896 1094 ipse

104 1107 147 1130 est
159 1103 323 1138 principium
337 1102 422 1130 futuri
434 1104 535 1136 saeculi,
545 1104 640 1132 deinde
651 1104 754 1140 primus
768 1105 835 1138 dies,
850 1105 897 1140 qui

104 1152 147 1176 est
161 1149 271 1176 initium
292 1148 371 1176 factae
384 1150 582 1185 praedicationis
599 1151 626 1178 in
648 1151 702 1179 ﬁne
723 1152 895 1186 saeculorum,

104 1194 227 1229 requiem
245 1195 386 1222 continet:
405 1196 577 1231 requiescere
594 1198 666 1225 enim
680 1205 730 1226 nos
743 1197 818 1232 facit,
834 1206 896 1227 cum

104 1249 155 1269 nos
178 1250 194 1269 a
218 1246 393 1277 peccatorum
421 1243 559 1271 laboribus
574 1244 697 1278 {liberat,
726 1252 775 1280 per
795 1245 896 1273 donum

103 1286 287 1321 baptismatis.
304 1287 356 1315 llic
374 1293 465 1316 autem
491 1289 630 1325 legislator
643 1297 705 1317 cum
720 1290 896 1318 festivitatem

103 1332 292 1367 praedicasset,
302 1337 403 1369 septem
417 1334 533 1367 dierum,
553 1336 669 1369 primum
683 1334 741 1369 ejus
763 1336 835 1364 diem
857 1344 897 1364 re-

103 1379 199 1414 quiem
215 1379 364 1415 appellavit.
387 1381 470 1409 Tacet
490 1387 580 1409 autem
607 1387 752 1417 sequentes
766 1382 843 1416 dies,
866 1386 897 1410 ut

104 1431 155 1459 per
173 1424 226 1452 hoc
238 1425 371 1460 signiﬁcet
383 1430 507 1461 oportere
527 1427 673 1455 virtutibus
692 1434 804 1462 operam
820 1427 894 1455 dare.

104 1470 208 1498 Deinde
222 1471 256 1498 ad
270 1475 396 1500 octavum
406 1472 478 1500 diem
491 1473 639 1500 transferat
657 1473 792 1508 requiem,
805 1479 897 1501 osten—

104 1515 174 1544 dens
187 1516 251 1552 quia
264 1516 351 1545 ﬁdelis
364 1521 392 1545 et
407 1518 552 1545 servientis
567 1519 618 1554 legi
633 1519 681 1546 Del
704 1526 768 1546 vera
788 1520 897 1554 requies

104 1559 191 1589 futuri
211 1561 360 1590 saeculiest
377 1571 384 1589 :
402 1563 466 1597 quid
480 1571 544 1599 ergo
559 1570 609 1591 nos
636 1564 663 1591 in
687 1568 743 1591 tota
757 1565 813 1592 vita
833 1571 898 1600 ope-

103 1605 173 1638 rari,
185 1610 213 1634 et
225 1606 295 1634 unde
312 1607 441 1635 inchoare
455 1609 642 1643 operationem
654 1613 769 1644 oportet.

142 1650 307 1687 Sumetisque
329 1652 400 1679 vobis
418 1652 461 1680 die
481 1654 577 1689 prima,
597 1653 700 1688 fructus
714 1655 816 1682 arboris
838 1655 898 1690 ραι-ι

105 1697 253 1730 cherrima,
266 1698 435 1734 spalulacque
447 1699 605 1734 palmarum,
621 1705 645 1728 et
659 1709 746 1729 ramos
757 1701 823 1737 ligni
834 1702 899 1729 den-

103 1750 197 1769 sarum
208 1743 353 1776 frondium,
369 1748 393 1771 et
404 1744 497 1771 salices
513 1745 545 1772 de
560 1750 685 1779 torrente,
706 1751 730 1773 et
744 1746 898 1774 lwtabintini

102 1795 196 1814 coram
214 1787 325 1816 Domino
338 1788 394 1816 Deo
408 1794 502 1822 vestro,
518 1789 731 1826 celebrabitisque
747 1791 899 1819 solemnita-

101 1838 157 1860 tem
177 1834 234 1868 ejus
251 1839 348 1870 septem
361 1835 462 1863 diebus.
479 1836 557 1869 Quod
578 1840 703 1871 oporteat
721 1844 771 1871 per
790 1844 909 1864 omnem»

101 1879 190 1907 vitam
203 1880 350 1908 virtutibus
364 1889 474 1915 operam
490 1882 568 1914 dare,
583 1890 650 1917 quas
666 1883 695 1910 in
716 1881 850 1910 fructibus
871 1885 899 1909 et

100 1926 193 1953 ramis
214 1927 406 1961 praedictorum
420 1928 554 1961 lignorum
580 1929 752 1963 signiﬁcavit,
768 1928 826 1963 ipse
848 1936 899 1956 nu-

100 1978 200 2000 merus
217 1976 321 2005 septem
346 1971 451 1999 dierum
467 1973 569 2007 absque
581 1973 636 2000 ulla
652 1974 787 2001 dubietate
801 1974 900 2001 contire

99 2019 174 2043 mat.
202 2015 271 2049 Quia
299 2023 364 2044 vero
384 2024 418 2044 ex
436 2017 494 2052 ipsa
515 2018 645 2045 inchoare
670 2018 800 2046 debemus
817 2026 897 2046 voca-

102 2062 191 2095 tione,
207 2069 241 2089 ex
257 2069 311 2096 qua
323 2063 452 2096 praediola
475 2067 517 2091 est
534 2063 637 2091 Christi
660 2063 836 2099 intelliglbilis
853 2072 899 2093 re-

104 2108 196 2142 quies,
213 2115 273 2142 qua:
295 2107 382 2142 prima
410 2112 452 2135 est
473 2109 629 2136 lestivitatis
643 2109 710 2141 dies,
724 2109 900 2137 manifestum

106 2157 162 2186 est,
180 2160 259 2187 quem
272 2153 344 2181 diem
354 2153 462 2188 quidem
479 2154 603 2189 superius
615 2154 760 2190 appellavit
773 2156 877 2190 requiei
890 2164 897 2182 :

107 2206 183 2226 nunc
195 2203 284 2226 autem
298 2199 325 2226 in
340 2207 381 2231 eo,
402 2199 507 2235 fructus
527 2201 633 2228 arboris
651 2200 842 2236 pulcherrimae
854 2209 900 2229 su-

106 2252 184 2272 mere
195 2245 334 2280 prtecepit,
349 2245 408 2273 illos
422 2245 547 2274 videlicet
562 2254 631 2280 quos
645 2246 672 2273 in
692 2246 780 2281 primo
794 2246 899 2281 psalmo

106 2289 194 2317 David
208 2290 327 2317 cantavit
339 2299 346 2317 :
362 2289 397 2317 Et
409 2291 457 2317 erit
476 2291 542 2318 sicut
556 2290 656 2326 lignum
670 2291 740 2326 quod
751 2291 899 2327 plantatum

105 2341 145 2363 cst
174 2344 248 2364 secus
277 2337 403 2364 decursus
429 2345 570 2373 aquarum,
596 2338 665 2373 quod
682 2337 798 2372 fructum
821 2346 900 2365 suum

105 2380 182 2408 dabit
207 2381 234 2408 in
255 2386 368 2416 tempore
390 2389 437 2409 suo
463 2380 554 2417 ('Psal.
570 2380 602 2417 ι).
623 2380 737 2409 Sumere
756 2385 847 2408 autem
873 2386 902 2409 et

105 2426 260 2462 palmarum
284 2427 420 2462 spatulas,
439 2427 467 2454 id
491 2431 542 2459 est,
561 2427 764 2462 juvenescentia
787 2426 901 2460 justitiae

105 2472 243 2508 genimina
260 2482 266 2499 :
282 2473 375 2500 Justus
394 2473 462 2500 enim
475 2474 542 2500 sicut
557 2472 646 2507 palma
667 2473 768 2507 ﬂorebit
779 2493 785 2505 ,
800 2477 830 2500 ut
846 2473 900 2500 Da-

106 2520 153 2547 vid
178 2518 344 2554 dixit(Psal.
361 2519 416 2554 χοι)
434 2528 441 2546 :
459 2519 507 2546 sed
524 2518 587 2552 quia
602 2519 635 2545 de
652 2518 741 2553 palma
760 2518 827 2545 nihil
848 2522 900 2551 est,

105 2565 338 2601 quemadmodum
361 2573 411 2593 nec
436 2565 469 2593 de
491 2564 530 2592 eis
551 2564 598 2598 qui
618 2564 691 2597 iuste
704 2564 814 2597 vivunt,
830 2564 902 2598 quod

104 2611 199 2646 respui
212 2611 299 2645 possit
315 2620 321 2638 z
338 2618 414 2639 sume
427 2614 455 2638 et
467 2617 558 2638 ramos
581 2609 647 2643 ligni
663 2609 808 2636 densarum
826 2608 902 2634 fron-

105 2657 194 2685 dium.
215 2656 316 2683 Omnes
327 2656 437 2691 quidem
448 2656 580 2682 virtutum
594 2654 709 2686 fructus,
727 2653 845 2680 maxime
856 2660 903 2679 au-

107 2707 165 2729 tem
188 2701 427 2729 misericordiam:
446 2704 555 2736 oportet
569 2700 642 2728 enim
662 2707 721 2727 eam
737 2705 798 2726 esse
820 2697 905 2725 conti-

106 2755 193 2775 nuam
209 2752 237 2774 et
251 2751 466 2782 permanentem,
479 2746 553 2782 quod
576 2745 754 2774 Ecclesiastes
771 2752 905 2772 commen-

104 2795 177 2822 dans
198 2803 205 2820 ε
232 2793 336 2826 Oleum,
355 2794 456 2828 inquit,
480 2793 512 2820 de
533 2793 616 2827 capite
646 2797 690 2818 tuo
719 2800 770 2818 non
800 2790 904 2824 deficiat

108 2839 222 2875 ('Eccle.
240 2839 290 2875 lx).
316 2839 349 2866 Et
363 2840 391 2867 in
405 2839 560 2866 Proverbiis
575 2848 580 2865 :
599 2837 661 2864 Non
681 2838 754 2865 dicas
767 2858 775 2870 ,
789 2837 853 2864 vade
879 2840 904 2864 et

106 2891 240 2915 revertere
262 2892 287 2915 et
313 2887 430 2915 crastina
453 2887 520 2914 dabo
538 2886 603 2920 tibi,
626 2894 685 2914 cum
712 2885 801 2914 statim
821 2885 904 2919 possis

946 977 1004 996 mus
1028 977 1127 1004 organa
1142 973 1232 996 nostra
1247 968 1334 1005 (Psal.
1354 969 1475 1005 cxxxvi).
1502 969 1638 997 Orationis
1663 969 1737 997 enim

945 1017 974 1041 et
987 1013 1154 1048 paenitentiae
1175 1013 1310 1049 lacrymte.
1325 1014 1363 1041 De
1374 1014 1473 1049 quibus
1487 1013 1525 1041 ait
1536 1013 1622 1042 lsaias
1639 1023 1645 1041 :
1662 1013 1737 1041 Sicut

946 1057 1039 1086 salices
1060 1056 1139 1094 super
1157 1059 1364 1094 prater/luentes
1388 1068 1470 1095 aquas
1483 1058 1556 1096 (lsa.
1582 1059 1667 1095 xuv).
1684 1058 1738 1087 Sed

946 1106 1005 1133 haec
1019 1106 1052 1133 de
1064 1109 1186 1133 torrente
1197 1113 1316 1138 sumere,
1335 1106 1367 1134 de
1385 1106 1514 1141 praesenti
1530 1105 1656 1133 videlicet
1670 1105 1737 1138 vita,

947 1156 1055 1180 torrens
1068 1151 1141 1179 enim
1153 1155 1265 1187 propter
1286 1152 1441 1185 transitum,
1457 1152 1514 1180 sive
1527 1152 1683 1184 decursum,
1697 1150 1736 1179 si-

946 1197 1002 1225 mul
1015 1201 1105 1225 autem
1117 1201 1145 1224 et
1158 1200 1269 1232 propter
1285 1197 1403 1226 hiemem
1414 1204 1496 1232 quam
1514 1197 1597 1224 habet
1618 1196 1739 1224 diversa-

946 1251 1008 1279 rum
1030 1243 1212 1271 tentationum
1235 1246 1315 1277 atque
1344 1243 1548 1271 tribulationum
1563 1248 1636 1271 recte
1650 1241 1740 1271 nomi-

946 1293 1046 1317 natur:
1060 1289 1098 1317 ita
1111 1292 1142 1316 ut
1163 1288 1248 1317 David
1270 1289 1304 1317 de
1327 1289 1436 1317 Christo
1451 1289 1566 1322 diceret,
1579 1288 1626 1324 qui
1640 1293 1668 1316 et
1681 1289 1739 1324 ipse

947 1337 981 1364 de
999 1335 1100 1364 mundo
1111 1339 1139 1363 et
1152 1335 1185 1363 de
1199 1335 1258 1370 ejus
1268 1335 1503 1368 tribulationibus,
1521 1338 1624 1369 utpote
1643 1333 1740 1361 similis

946 1382 1025 1410 nobis
1047 1381 1160 1409 effectus
1179 1381 1298 1416 gustavit
1318 1390 1324 1407 :
1344 1380 1383 1407 De
1410 1384 1525 1407 torrente
1540 1379 1567 1406 in
1592 1379 1634 1406 via
1657 1378 1736 1412 bibet,

946 1433 1082 1464 propterea
1092 1426 1216 1455 exaltabit
1231 1431 1309 1462 caput
1325 1425 1411 1463 (Psal.
1422 1425 1477 1463 ctx)
1491 1435 1497 1452 :
1517 1424 1647 1452 exaltavit
1665 1424 1739 1452 enim

947 1475 975 1502 in
988 1481 1069 1502 cruce
1081 1473 1210 1509 pendens,
1226 1473 1395 1508 cruciﬁgitur
1409 1476 1512 1505 autem,
1522 1471 1587 1507 quia
1596 1478 1630 1498 ex
1643 1474 1739 1498 nostro
1753 1504 1755 1508 ι

947 1523 1069 1548 torrente
1085 1519 1180 1547 bibere
1193 1517 1277 1547 semel
1290 1518 1380 1553 elegit.
1568 1514 1569 1518 “
1761 1512 1763 1514 ’

983 1567 1035 1601 Qui
1048 1571 1114 1601 ergo
1126 1565 1185 1593 inec
1200 1565 1266 1600 agit,
1282 1568 1385 1599 septem
1400 1562 1507 1595 diebus,
1519 1566 1604 1590 totum
1616 1561 1742 1588 videlicet

912 1606 935 1638 C
950 1613 1069 1647 tempus,
1087 1611 1173 1639 laetari
1188 1615 1279 1646 potest
1298 1619 1304 1637 :
1322 1609 1368 1637 sed
1390 1608 1478 1636 laetari
1497 1613 1559 1635 ante
1584 1608 1740 1640 Dominum,

949 1666 1002 1686 non
1020 1657 1166 1692 impiorum
1186 1660 1213 1684 ct
1230 1659 1403 1691 peccatorum
1415 1654 1532 1690 gaudio:
1548 1653 1609 1680 Non
1622 1658 1659 1679 est
1672 1653 1740 1679 enim

949 1703 1063 1739 gaudere
1085 1702 1161 1739 [pax]
1185 1702 1273 1737 impiis
1301 1701 1364 1728 dicit
1386 1700 1516 1727 Dominus
1539 1699 1607 1735 (lsa.
1626 1698 1741 1734 XLVIII),

949 1749 1050 1784 quippe
1063 1748 1111 1783 qui
1123 1748 1151 1775 in
1165 1747 1349 1783 voluptatibus
1361 1750 1389 1773 et
1403 1746 1623 1780 corruptionibus
1638 1744 1741 1772 festivi-

950 1798 1034 1821 tatem
1047 1793 1169 1820 habent:
1192 1793 1239 1820 sed
1259 1792 1287 1819 in
1305 1791 1420 1818 Domino
1438 1791 1533 1817 buturi.
1551 1790 1620 1823 Quid
1636 1794 1677 1817 est
1695 1797 1743 1816 au-

950 1844 1005 1866 tem
1025 1844 1119 1864 coram
1130 1837 1247 1864 Domino
1261 1836 1368 1863 lretari?
1381 1835 1408 1863 id
1428 1841 1481 1867 est,
1501 1836 1527 1861 in
1547 1843 1579 1862 eo
1592 1836 1702 1862 credere
1716 1838 1744 1861 et

949 1891 1000 1919 pro
1016 1890 1049 1910 eo
1063 1882 1132 1918 pati.
1151 1880 1372 1915 Celebrabitisque
1388 1880 1553 1915 festivitatem
1575 1879 1631 1915 ejus
1646 1884 1744 1914 septem
1767 1912 1770 1914 η

950 1929 1042 1956 diebus
1061 1936 1109 1964 per
1120 1934 1230 1960 annum,
1246 1925 1392 1961 legitimum
1405 1925 1590 1960 sempiternum
1602 1925 1651 1952 erit
1662 1924 1690 1951 in
1700 1932 1755 1962 ge—q

950 1973 1130 2001 nerationibus
1144 1972 1244 2000 vestris.
1257 1970 1351 1999 Mense
1360 1967 1476 2005 septimo
1490 1970 1557 2005 festa
1569 1970 1742 2003 celebrabitis,

950 2023 975 2046 et
995 2018 1147 2045 Itabitabitis
1174 2017 1201 2044 in
1224 2016 1385 2044 umbraculis
1404 2020 1500 2052 septem
1520 2015 1621 2049 diebus,
1642 2022 1672 2043 ut
1689 2020 1744 2043 toto

950 2063 1081 2100 prtesenti
1104 2062 1215 2095 saeculo,
1236 2062 1464 2097 quemadmodum
1485 2061 1660 2089 tabernaculo
1683 2066 1744 2089 uta-

950 2117 1021 2137 mur.
1037 2108 1083 2136 Sie
1094 2108 1167 2136 enim
1181 2108 1208 2135 id
1222 2107 1354 2135 Ezechias
1369 2107 1518 2142 appellavit
1530 2107 1625 2135 dicens
1640 2116 1646 2134 :
1662 2107 1742 2139 Quie-

949 2156 987 2182 vit
995 2155 1128 2190 generatio
1140 2162 1208 2186 mea,
1229 2153 1318 2181 ablata
1331 2157 1355 2180 et
1371 2152 1508 2180 convoluta
1519 2156 1557 2180 est
1573 2161 1588 2180 a
1603 2161 1653 2185 me,
1668 2152 1743 2187 quasi

949 2200 1147 2228 tabernaculum
1159 2206 1304 2236 pastorum.
1317 2199 1375 2227 Non
1394 2200 1466 2226 enim
1486 2198 1630 2226 transitum
1641 2197 1683 2224 vel
1695 2198 1743 2224 de-

951 2253 1061 2274 cursum
1083 2244 1142 2280 ejus
1159 2246 1325 2281 ignoramus,
1345 2244 1455 2272 divitias
1478 2248 1677 2278 congregantes
1699 2241 1743 2269 vel

953 2291 1049 2319 domos
1081 2298 1195 2326 magnas
1222 2289 1399 2318 aediﬁcantes.
1436 2287 1490 2316 Sed
1517 2287 1744 2322 quemadmodum

952 2338 1053 2365 Paulus
1074 2338 1113 2364 ait
1128 2336 1318 2364 intendamus:
1331 2335 1401 2368 Quia
1424 2339 1525 2370 tempus
1545 2334 1621 2362 breve
1641 2338 1690 2368 est,
1714 2338 1744 2362 ut

954 2387 1066 2410 ementes
1077 2382 1143 2409 sicut
1159 2390 1211 2408 non
1224 2385 1336 2408 ementes
1347 2381 1441 2413 simus,
1461 2385 1486 2407 et
1498 2380 1658 2415 possidentes
1669 2380 1745 2416 quasi

955 2436 1007 2454 non
1029 2426 1200 2462 possidentes,
1222 2431 1246 2453 et
1260 2430 1360 2453 utentes
1380 2426 1477 2453 mundo
1493 2426 1543 2454 hoc
1557 2430 1585 2453 ut
1601 2434 1654 2454 non
1669 2430 1745 2453 uten-

955 2478 1002 2506 tes,
1016 2473 1131 2508 prmterit
1142 2472 1210 2499 enim
1223 2472 1310 2507 ﬁgura
1319 2472 1399 2507 hujus
1411 2472 1513 2499 mundi.

991 2518 1084 2547 Omnis
1094 2518 1139 2554 qui
1153 2526 1185 2545 ea:
1195 2526 1286 2554 genere
1298 2523 1335 2545 est
1349 2517 1445 2552 Israel,
1460 2519 1572 2546 manebit
1583 2520 1612 2546 in
1624 2518 1747 2546 taberna-

956 2565 1033 2597 culis,
1052 2569 1082 2591 ut
1100 2564 1202 2591 discant
1224 2564 1320 2598 posteri
1334 2563 1421 2596 uestri,
1437 2564 1506 2600 quod
1520 2565 1547 2591 in
1570 2563 1746 2592 tabernaculis

956 2612 1075 2638 habitare
1098 2610 1204 2645 fecerim
1225 2610 1295 2644 ﬁlios
1322 2610 1407 2638 Israel
1424 2620 1482 2639 cum
1497 2612 1633 2639 educerem
1656 2619 1699 2638 eos
1715 2610 1747 2638 de

957 2662 1027 2683 terra
1041 2655 1161 2690 zﬁ'gypti.
1179 2655 1235 2690 Ego
1245 2655 1373 2686 Dominus
1387 2656 1460 2685 Deus
1478 2662 1568 2685 vester.
1586 2656 1667 2684 Vides
1683 2655 1747 2691 quia

958 2701 1051 2736 ﬁgurae
1070 2701 1111 2728 hae
1124 2701 1224 2735 populo
1241 2701 1407 2736 Iudaeorum,
1419 2707 1447 2730 et
1464 2703 1595 2737 imagines
1609 2700 1743 2735 majorum

956 2747 1147 2783 mysteriorum
1160 2747 1223 2775 data
1239 2749 1317 2775 sunt?
1328 2748 1363 2775 Et
1375 2752 1518 2783 propterea
1529 2748 1653 2776 habitare
1663 2748 1691 2775 in
1706 2752 1746 2776 ta-

956 2793 1121 2824 bernaculis,
1154 2798 1182 2820 et
1210 2794 1446 2821 tabernaculorum
1476 2793 1650 2821 festivitatem
1675 2794 1747 2822 cele-

957 2839 1038 2866 brare
1047 2838 1115 2873 jussi
1134 2844 1207 2873 sunt,
1219 2843 1314 2867 utnon
1333 2839 1559 2867 obliviscerentur
1577 2839 1748 2870 liberationis

957 2884 1102 2921 Egyptite,
1112 2885 1160 2914 sed
1172 2886 1224 2915 hoc
1241 2886 1350 2921 quidem
1365 2885 1513 2913 secundum
1537 2884 1666 2916 litteram.
1686 2887 1747 2924 Spi—
