3892 6346
475 356 588 418 519

1129 353 1190 410 Β.
1233 349 1489 410 ΒΑΒΑΝΙ
1529 350 1750 409 MAURI
1784 347 2104 408 ARCIIIEP.
2147 345 2458 407 MOGUNT.
2499 346 2791 412 OPERUM
2828 351 3009 412 PARS
3042 332 3099 412 I.
3682 362 3772 422 520

467 474 732 549 pientiam
772 470 892 544 ejus
923 469 1201 528 Christum
1236 484 1346 524 non
1384 470 1673 540 rccipiunt,
1705 484 1814 524 non
1860 467 2070 522 faciunt
2094 467 2148 528 Α
2171 466 2300 535 quia
2333 466 2646 522 immolatur
2685 467 2822 538 Deo,
2869 472 2964 528 sed
3000 472 3130 542 quia
3168 481 3226 529 et
3256 475 3460 532 multas
3481 517 3497 543 ,
3529 478 3770 538 sicutdi.

468 581 538 624 ex
605 566 816 622 duabus
865 563 1093 619 decimis
1165 578 1334 628 unum
1399 578 1618 633 panem.
1692 562 1801 617 Nos
1879 569 2063 615 autem

468 674 740 718 mensurae
773 659 993 728 quidem
1030 657 1198 727 ipsius
1219 697 1234 723 ,
1264 656 1318 712 id
1348 664 1432 712 est
1458 698 1473 721 ,
1515 656 1832 712 substantia:
1864 669 2064 711 nomen

469 755 554 812 vel
588 755 854 810 rationem
883 730 1344 822 comprehendere
1372 758 1465 805 aut
1495 750 1743 806 invenire
1785 765 1894 805 non
1938 763 2065 820 pos-

469 865 657 906 sumus
683 867 696 902 :
725 847 1047 904 conﬁtentes
1074 853 1255 902 tamen
1288 843 1506 900 Patrem
1534 853 1590 900 et
1612 845 1811 899 Filium
1837 884 1856 910 ,
1895 857 2064 898 unum

467 943 700 1000 facimus
733 955 930 1011 panem
964 954 1032 993 ex
1076 937 1286 992 duabus
1328 936 1574 1004 decimis,
1625 952 1734 992 non
1796 943 1858 992 ut
1907 933 2064 1005 panis

468 1049 610 1090 unus
639 1048 706 1088 ex
735 1046 845 1086 una
875 1029 1084 1086 decima
1117 1027 1234 1094 ﬁat,
1267 1035 1322 1082 et
1351 1026 1491 1083 alius
1532 1042 1601 1083 ex
1641 1026 1746 1082 alia
1772 1067 1789 1093 ,
1840 1033 1902 1081 ut
1955 1025 2066 1080 sint

468 1127 600 1198 ipsa:
641 1125 760 1180 dum
787 1123 1009 1180 decimae
1052 1128 1316 1190 separatae
1346 1161 1362 1186 ,
1412 1118 1508 1174 sed
1557 1125 1615 1173 ut
1644 1119 1755 1174 sint
1796 1117 1914 1173 duae
1944 1116 2065 1171 istae

436 1219 695 1294 ldecimae
727 1232 836 1272 una
884 1229 1066 1270 massa
1114 1221 1170 1268 et
1219 1228 1360 1267 unus
1391 1211 1569 1282 panis.
1617 1210 1899 1278 Quomodo
1943 1209 2064 1264 duae

437 1297 694 1368 'decimtc
726 1325 833 1365 una
876 1323 1056 1363 massa
1104 1307 1203 1361 ﬁt?
1249 1306 1376 1376 quia
1408 1321 1518 1362 non
1548 1320 1742 1376 separo
1787 1303 1984 1358 Filium
2031 1320 2065 1359 a

467 1403 648 1468 Patre,
698 1416 800 1456 nec
840 1400 1058 1455 Patrem
1089 1414 1120 1452 a
1146 1397 1284 1453 Filio
1313 1414 1326 1450 :
1361 1397 1465 1464 Qui
1493 1399 1633 1452 enim
1659 1397 1794 1451 videt
1822 1413 1902 1450 me
1927 1437 1942 1462 ,
1976 1396 2063 1450 in-

466 1497 587 1566 quit
613 1535 628 1560 ,
661 1494 797 1548 ridet
826 1503 874 1548 et
906 1491 1124 1546 Patrem
1156 1491 1340 1564 (Joan.
1380 1490 1514 1563 xxv).
1546 1490 1710 1545 Fiunt
1741 1505 1870 1562 ergo
1896 1504 2063 1560 panes

465 1585 664 1657 singuli
707 1599 774 1641 ex
817 1583 1026 1651 duabus
1052 1583 1316 1649 decimis,
1363 1591 1419 1638 et
1448 1591 1826 1654 proponuntur
1853 1583 2065 1638 duabus

465 1677 828 1750 positionibus
848 1717 864 1743 ,
895 1675 949 1731 id
973 1684 1090 1742 est,
1123 1675 1333 1732 duobus
1365 1675 1668 1730 ordinibus.
1703 1673 1762 1730 Si
1786 1673 1932 1729 enim
1955 1688 2065 1729 una

423 1759 426 1761 ’
466 1769 664 1841 positio
690 1768 866 1834 ﬁeret,
904 1765 1163 1822 confusus
1193 1775 1249 1822 et
1283 1767 1581 1837 permistus
1606 1775 1755 1822 esset
1780 1781 1964 1823 sermo
1996 1767 2065 1824 de

2171 568 2304 614 cunt
2328 560 2544 626 medici,
2567 572 2723 618 sanat
2745 565 3026 620 oculorum
3054 567 3430 638 aegritudines.
3464 569 3567 626 Sal
3598 588 3766 633 autem

2172 650 2546 720 apostolorum
2583 651 2888 710 doctrinam
2915 657 3216 728 signiﬁcat,
3257 660 3325 716 ad
3349 675 3493 731 quos
3525 663 3764 724 dicitur:

2177 741 2285 799 Vos
2313 744 2438 800 estis
2466 744 2546 799 sal
2575 754 2730 803 terra:
2759 747 2974 818 (Matth.
2999 751 3076 824 v).
3103 752 3272 809 Recte
3299 763 3488 812 autem
3513 757 3573 812 in
3599 760 3764 817 multis

2169 836 2304 894 locis
2318 837 2572 908 'mystica:
2602 853 2805 895 mensae
2831 841 2934 910 ipsi
2962 844 3192 913 apostoli
3222 854 3278 901 et
3307 847 3570 903 doctrina
3594 863 3762 908 eorum

2168 937 2444 1000 ponuntur
2466 971 2482 996 ,
2512 931 2643 1002 quia
2675 933 3132 1002 quemadmodum
3159 937 3292 1009 ipsis
3322 940 3599 998 Dominus
3621 984 3639 1008 ,
3689 946 3754 1001 sic

2171 1024 2272 1094 ipsi
2311 1025 2468 1081 nobis
2495 1025 2693 1082 divinae
2719 1040 2892 1083 ctenae
2927 1031 3370 1089 communionem
3406 1036 3755 1094 tradiderunt.

2170 1117 2464 1173 Duodecim
2492 1132 2625 1190 ergo
2649 1133 2821 1190 panes
2851 1120 2907 1174 in
2945 1123 3544 1193 mensa-tabernaculi,
3575 1128 3753 1185 duode-

2170 1207 2278 1263 cim
2305 1216 2432 1263 sunt
2453 1209 2705 1280 apostoli,
2739 1219 2795 1267 et
2821 1225 3015 1266 omnes
3043 1212 3304 1268 doctrinae
3330 1214 3558 1271 illorum
3585 1233 3755 1288 sequa-

2173 1315 2265 1354 ces
2296 1299 2352 1354 in
2389 1299 2658 1368 Ecclesia,
2694 1303 2787 1371 qui
2823 1303 3082 1372 quoniam
3111 1320 3285 1376 usque
3317 1306 3388 1361 ad
3430 1323 3752 1365 consumma-

2170 1391 2376 1446 tionem
2401 1392 2584 1448 saeculi
2610 1393 2868 1463 populum
2906 1395 3004 1452 Dei
3043 1395 3316 1453 alimoniis
3361 1398 3524 1453 verbi
3552 1398 3753 1454 reﬁcere

2170 1495 2279 1536 non
2301 1481 2577 1549 desinunt,
2600 1499 2771 1554 panes
2789 1484 3074 1541 duodecim
3093 1487 3487 1557 propositionis
3500 1505 3749 1559 nunquam

2171 1573 2238 1628 de
2274 1587 2462 1628 mensa
2507 1573 2720 1629 Domini
2751 1578 3033 1632 recedunt.
3071 1577 3142 1632 Et
3165 1578 3332 1634 .bene
3379 1579 3552 1636 iidem
3584 1595 3746 1652 panes,

2170 1680 2282 1722 non
2304 1667 2372 1722 de
2392 1665 2634 1737 qualibet
2658 1665 2860 1735 farina,
2892 1669 2989 1723 sed
3033 1669 3101 1724 de
3130 1670 3314 1725 simila
3341 1672 3466 1726 fieri
3489 1670 3744 1741 jubentur,

2171 1760 2301 1830 quia
2346 1760 2607 1816 nimirum
2649 1761 2960 1831 quicunque
3002 1761 3126 1818 aliis
3164 1763 3396 1819 verbum
3448 1763 3582 1820 vita:
3613 1764 3746 1820 mini-

466 1863 630 1919 Patre
655 1878 722 1918 ac
754 1861 916 1928 Filio,
944 1876 1089 1917 nunc
1115 1868 1298 1916 autem
1321 1875 1463 1916 unus
1488 1860 1708 1930 quidem
1748 1869 1832 1916 est
1865 1860 2022 1931 panis
2045 1901 2061 1928 ,
2092 1846 2140 1905 Β
2169 1860 2364 1920 stram,
2399 1855 2578 1924 primo
2627 1855 2775 1925 ipsos
2825 1869 3049 1911 necesse
3096 1862 3183 1911 est
3231 1855 3504 1910 virtutum
3533 1855 3748 1928 frugibus

465 1971 576 2012 una
598 1957 742 2013 enim
771 1965 856 2011 est
902 1955 1176 2022 voluntas,
1205 1963 1262 2014 et
1297 1970 1406 2010 una
1451 1955 1776 2018 substantia,
1819 1957 1914 2010 sed
1946 1956 2067 2010 dum

467 2057 595 2104 sunt
609 2047 929 2117 positiones,
944 2047 1000 2102 id
1013 2055 1116 2111 est,
1140 2047 1260 2102 dua:
1281 2061 1638 2116 personarum
1654 2047 2019 2116 proprietates
2046 2064 2059 2099 :

468 2137 618 2192 illum
650 2139 796 2192 enim
819 2136 1037 2193 Patrem
1065 2138 1157 2208 qui
1174 2153 1282 2194 non
1297 2137 1369 2192 sit
1391 2137 1580 2201 Filius,
1597 2146 1653 2191 et
1675 2137 1820 2191 hunc
1836 2137 2066 2192 dicimus

466 2226 664 2283 Filium
692 2229 786 2300 qui
820 2244 927 2284 non
957 2230 1027 2284 sit
1057 2229 1239 2296 Pater,
1266 2238 1321 2285 et
1350 2230 1457 2284 hoc
1481 2229 1646 2283 modo
1673 2229 1807 2283 duas
1827 2227 2066 2282 decimas

467 2320 526 2376 in
553 2336 661 2376 uno
684 2336 826 2392 pane
849 2336 1151 2384 servamus,
1191 2334 1246 2376 et
1295 2321 1433 2375 duas
1456 2320 1757 2389 positiones
1791 2328 1917 2373 ante
1956 2319 2071 2374 Do-.

467 2411 678 2466 minum
702 2411 1044 2480 proﬁtemur.
1076 2411 1184 2466 Sed
1223 2403 1412 2466 revera
1450 2411 1653 2482 magni,
1678 2420 1738 2465 ut
1763 2410 1838 2464 ita
1867 2411 2062 2477 dicam,

467 2501 749 2572 cujusdam
784 2502 1047 2572 pictoris.
1098 2511 1154 2557 et
1182 2503 1338 2558 valde
1375 2503 1602 2558 artiﬁcis
1629 2511 1746 2568 est,
1783 2502 2069 2572 diligenter

472 2593 611 2650 istas
632 2608 854 2649 servare
879 2609 1188 2659 mensuras,
1217 2602 1272 2649 et
1295 2595 1371 2650 ita
1395 2602 1701 2664 temperare
1727 2593 1794 2649 de
1823 2593 1984 2647 Patre
2013 2599 2070 2647 et

468 2684 611 2741 Filio
640 2700 982 2750 sermonem,
1019 2685 1353 2757 conjungere
1384 2687 1476 2741 ubi
1507 2693 1746 2757 oportet,
1771 2694 1827 2740 et
1849 2699 2066 2739 rursum

468 2777 560 2833 ubi
607 2778 868 2848 competit
895 2793 1177 2849 separare,
1208 2786 1268 2834 ut
1298 2793 1475 2848 neque
1506 2778 1626 2833 dua:
1662 2792 1935 2833 mensurae
1963 2775 2066 2831 ali-

467 2869 688 2940 quando
719 2869 918 2935 desint,
945 2886 1122 2941 neque
1146 2886 1388 2941 unquam
1417 2887 1528 2926 non
1559 2886 1700 2926 unus
1722 2869 1879 2941 panis
1909 2883 2069 2940 appa-

467 2969 605 3016 reat.
631 2962 925 3017 Duodecim
961 2978 1091 3035 ergo
1113 2979 1283 3034 panes
1321 2979 1388 3019 ex
1411 2964 1516 3018 ista
1554 2963 1733 3018 simila
1766 2962 1884 3018 ﬁeri
1915 2977 2068 3016 man-

467 3055 684 3120 dantur,
704 3055 1002 3110 secundum
1023 3071 1313 3110 numerum
1331 3056 1574 3111 tribuum
1600 3071 1722 3126 qua:
1754 3064 1885 3109 tunc
1911 3061 2068 3109 erant

468 3142 704 3200 carnalis
755 3144 922 3200 Israel
957 3185 973 3210 ,
1013 3145 1068 3199 in
1099 3161 1208 3214 quo
1250 3145 1384 3200 mihi
1419 3146 1635 3201 videtur
1673 3144 1850 3200 forma
1899 3144 2068 3200 totius

470 3242 679 3288 natura:
715 3235 1058 3291 rationabilis
1114 3237 1384 3292 contineri
1431 3255 1444 3290 :
1497 3237 1784 3292 duodecim
1831 3251 2070 3306 namque

470 3332 733 3394 putantur
777 3339 899 3380 esse
945 3326 1224 3396 generales
1266 3328 1485 3382 ordines
1517 3327 1858 3383 rationabilis
1911 3343 2068 3383 crea-

467 3422 625 3480 turze,
653 3430 887 3485 quorum
916 3416 1091 3485 ﬁgura
1116 3424 1238 3470 erat
1261 3417 1316 3470 in
1348 3415 1454 3470 illis
1481 3417 1766 3473 duodecim
1795 3418 2068 3485 tribubus,

471 3506 528 3561 in
559 3506 758 3576 quibus
793 3516 913 3563 erat
955 3523 1096 3564 unus
1123 3509 1346 3579 quidam
1376 3510 1511 3564 ordo
1538 3511 1756 3582 regalis,
1781 3512 1871 3580 qui
1901 3510 2070 3567 Judas

473 3597 788 3652 nominatur
814 3614 828 3663 ;
859 3597 999 3654 alius
1028 3608 1147 3655 erat
1169 3600 1303 3655 ordo
1332 3601 1711 3668 sacerdotalis,
1735 3609 1791 3657 et
1819 3601 1948 3658 Levi
1982 3618 2072 3674 ap-

469 3687 742 3759 pellatur;
776 3698 894 3745 crat
920 3697 976 3745 et
1014 3690 1154 3748 alius
1188 3691 1326 3747 ordo
1351 3690 1504 3747 Judte
1545 3694 1778 3761 vicinus,
1810 3695 1904 3766 qui
1932 3695 2072 3751 Ben-

463 3777 635 3848 jamin
676 3779 904 3846 dicitur,
946 3780 1002 3835 in
1041 3796 1150 3851 quo
1178 3783 1370 3838 ordine
1401 3784 1662 3855 templum
1691 3785 1787 3840 Dei
1816 3795 1871 3840 et
1894 3785 2071 3842 altare

467 3869 792 3926 collocatum
825 3880 950 3937 est;
984 3871 1122 3929 alius
1166 3875 1302 3929 ordo
1327 3874 1603 3941 lssachar,
1634 3882 1692 3929 et
1726 3875 1989 3942 Zabulon,
2014 3884 2072 3931 et

471 3959 752 4030 Ephraim,
779 3962 980 4032 aliique
1000 3979 1140 4033 quos
1161 3964 1487 4020 nominatim
1515 3965 1763 4036 designat
1786 3965 2069 4037 Scriptura

469 4051 675 4118 divina,
711 4069 944 4122 quorum
983 4055 1250 4110 rationem
1303 4072 1413 4111 non
1467 4065 1552 4112 est
1603 4055 1765 4125 hujus
1810 4057 2069 4128 temporis

469 4145 764 4212 explicare.
814 4146 911 4200 Est
945 4155 1157 4202 tantum
1196 4148 1624 4218 uniuscujusque
1660 4151 1837 4206 tribus
1861 4151 1949 4205 vel
1975 4165 2068 4206 or-

470 4237 613 4292 dinis
639 4237 799 4307 panis
829 4245 955 4291 ante
991 4238 1282 4295 Dominum
1308 4281 1323 4308 ,
1351 4249 1406 4295 et
1429 4242 1559 4296 licet
1587 4243 1658 4296 sit
1681 4243 1866 4312 aliqua
1893 4243 2068 4298 tribus

471 4340 592 4397 quae
618 4341 727 4382 non
750 4341 821 4381 ex
848 4325 1042 4394 libera,
1074 4329 1170 4383 sed
1195 4344 1263 4384 ex
1300 4331 1604 4385 concubina
1637 4330 1804 4385 lsrael
1841 4331 2070 4387 descen-

467 4417 593 4486 dat,
621 4426 676 4474 et
707 4433 775 4474 ex
813 4427 972 4490 parte
1009 4419 1198 4485 libera,
1233 4433 1302 4474 ex
1339 4428 1497 4490 parte
1525 4420 1740 4476 servilis
1763 4421 1856 4487 sit,
1885 4429 2067 4477 tamen

2168 1942 2548 2014 oporam'd‘are
2571 1985 2586 2010 ,
2618 1955 2892 2015 quatenus
2929 1961 2994 2001 ea
3031 1961 3154 2016 quae
3191 1947 3548 2016 praedicando
3587 1949 3747 2004 admo-

2169 2043 2321 2102 nent,
2343 2037 2508 2091 etiam
2536 2035 2786 2092 faciendo
2815 2038 3220 2092 commendent.
3243 2038 3393 2094 Bene
3415 2039 3582 2094 etiam
3607 2038 3745 2094 iidem

2168 2143 2338 2199 panes
2383 2128 2500 2183 seni
2545 2128 2871 2184 altrinsecus
2898 2143 3061 2198 super
3087 2143 3335 2185 mensam
3370 2130 3535 2184 statui
3580 2129 3748 2200 praci-

2169 2222 2432 2292 piuntur,
2472 2230 2699 2292 propter
2747 2222 3096 2277 concordiam
3142 2222 3355 2278 scilicet
3399 2223 3682 2278 charitatis
3706 2230 3751 2276 et

2169 2312 2486 2378 societatis;
2520 2328 2646 2366 nam
2677 2320 2734 2367 et
2757 2311 3022 2368 Dominus
3069 2313 3228 2369 binos
3266 2314 3335 2370 ad
3360 2315 3746 2385 praedicandum

2169 2403 2464 2474 discipulos
2513 2405 2730 2460 misisse
2757 2404 3081 2475 perhibetur
3102 2445 3118 2472 ,
3155 2405 3462 2476 ﬁguraliter
3487 2407 3749 2464 insinuans

2169 2495 2296 2566 quia
2331 2495 2508 2551 sancti
2542 2498 2793 2551 doctores
2836 2512 3114 2566 nunquam
3167 2496 3237 2552 ab
3277 2498 3516 2554 invice
3566 2499 3647 2554 vel
3695 2499 3743 2553 in

2171 2564 2477 2642 assertione
2505 2589 2778 2653 veritatis,
2804 2589 2889 2644 vel
2915 2564 3194 2645 inaffectu
3231 2589 3544 2648 dilectionis
3567 2593 3745 2648 discre~

2169 2687 2320 2749 pant.
2354 2679 2422 2734 Et
2441 2681 2561 2734 thus
2597 2679 2986 2735 lucidissimum
3030 2696 3196 2752 super
3225 2697 3397 2752 panes
3425 2685 3639 2754 ponitur
3660 2728 3673 2750 ,
3699 2685 3744 2740 in

2170 2776 2564 2832 monimentum
2604 2777 2899 2833 oblationis
2945 2777 3198 2841 Domini,
3248 2782 3473 2849 quando
3510 2781 3607 2850 pia:
3634 2794 3746 2833 sau-

2173 2878 2386 2926 ctorum
2413 2871 2617 2926 actioni
2643 2887 2708 2926 ac
2725 2872 2990 2927 doctrina:
3013 2875 3192 2931 oratio
3213 2889 3352 2945 pure
3367 2874 3745 2945 superadditur,

2170 2977 2278 3033 quo
2311 2978 2410 3032 per
2439 2963 2556 3019 haec
2584 2973 2817 3033 utraque
2858 2965 2962 3019 rite
2990 2967 3196 3022 sociata
3216 3007 3232 3032 ,
3264 2982 3486 3037 semper
3514 2965 3746 3021 memoria

2170 3070 2342 3110 sacra:
2365 3055 2658 3111 oblationis
2708 3056 2763 3110 in
2794 3068 3090 3128 conspectu
3132 3061 3332 3115 summi
3375 3059 3569 3114 arbitri
3608 3073 3750 3129 appa-

2171 3152 2309 3200 reat.
2361 3144 2508 3200 Bene
2543 3155 2725 3201 autem
2758 3163 2856 3217 per
2883 3149 3095 3220 singula
3123 3151 3349 3205 sabbata
3382 3165 3548 3221 panes
3585 3165 3752 3206 coram

2173 3233 2405 3290 Domino
2432 3237 2632 3291 mutari
2659 3240 2990 3294 mandantur
3015 3258 3028 3294 :
3064 3244 3239 3311 panes
3282 3256 3523 3313 namque
3546 3258 3641 3314 per
3671 3257 3754 3298 sex

2171 3324 2576 3396 diesofperando
2591 3329 2646 3383 in
2662 3345 2850 3385 mensa
2868 3331 3080 3386 Domini
3095 3331 3314 3387 fuerant
3329 3334 3492 3404 positi
3509 3351 3524 3399 ;
3545 3333 3750 3389 sabbato

2171 3417 2326 3472 novis
2340 3427 2642 3487 mutantur,
2661 3435 2786 3475 cum
2798 3422 3050 3478 doctores
3065 3424 3269 3494 quique
3281 3435 3488 3481 sancta:
3500 3424 3753 3490 Ecclesia,

2174 3509 2445 3580 completo
2473 3519 2717 3583 tempore
2745 3513 2829 3567 sui
2857 3514 3034 3569 sancti
3059 3514 3282 3580 laboris,
3316 3525 3525 3572 acterna
3551 3518 3602 3572 in
3625 3517 3757 3573 oculis

2172 3601 2358 3672 quiete
2387 3613 2828 3671 remunerantur,
2843 3614 2898 3661 et
2911 3605 3046 3662 alios
3060 3616 3185 3678 post
3213 3623 3271 3664 se
3293 3609 3346 3663 in
3370 3609 3517 3664 idem
3553 3608 3759 3680 opusla—

2170 3692 2401 3751 borandi
2432 3696 2486 3750 in
2506 3698 2672 3753 verbo
2696 3698 2797 3753 sub
2823 3697 3064 3766 ejusdem
3088 3715 3182 3770 spe
3205 3700 3577 3755 retributionis
3604 3700 3758 3755 relin-

2171 3799 2362 3859 quunt.
2389 3791 2776 3860 Coquebantur
2796 3801 2980 3849 autem
3004 3809 3172 3863 panes
3200 3800 3319 3848 ante
3338 3792 3642 3847 sabbatum
3670 3835 3681 3859 ,
3707 3800 3757 3846 ut

2170 3881 2438 3954 Josephus
2461 3883 2669 3950 scribit,
2685 3884 2790 3940 duo
2812 3893 2868 3940 et
2883 3885 2990 3940 duo
3013 3885 3228 3940 divisim
3250 3892 3374 3938 ante
3386 3883 3759 3950 sabbatum,ct

2173 3976 2401 4032 sabbato
2430 3991 2590 4032 mane
2609 3976 2778 4033 oblati
2805 3993 2969 4048 super
2998 3992 3212 4034 sacram
3227 3991 3475 4032 mensam
3498 3977 3759 4047 poneban-

2172 4075 2261 4121 tur
2276 4067 2416 4132 scni,
2438 4074 2507 4123 ad
2521 4067 2814 4122 alterutros
2845 4068 3118 4134 conversi,
3142 4067 3354 4122 duabus
3373 4066 3581 4137 pateris
3595 4064 3759 4120 aureis

2174 4159 2538 4228 superpositis
2562 4159 2724 4215 thure
2749 4159 2948 4229 plenis,
2977 4175 3100 4230 quae
3120 4161 3523 4230 permanebant
3540 4159 3609 4215 ad
3630 4157 3760 4213 aliud

2173 4253 2483 4318 sabbatum,
2517 4261 2572 4308 et
2602 4263 2731 4308 tunc
2763 4269 2862 4323 pro
2905 4253 3010 4309 illis
3045 4253 3138 4309 alii
3171 4253 3606 4324 deportabantur
3635 4269 3651 4318 ;
3691 4250 3755 4306 illi

2170 4357 2304 4398 vero
2351 4343 2728 4400 sacerdotibus
2775 4344 3176 4400 exhibebantur
3202 4386 3217 4412 ,
3249 4353 3307 4400 et
3339 4344 3503 4400 thure
3552 4344 3757 4399 incenso

2173 4435 2230 4490 in
2282 4436 2407 4508 igne
2446 4452 2604 4492 sacro
2651 4437 2707 4491 in
2760 4451 2868 4506 quo
2915 4437 3099 4491 omnia
3151 4436 3475 4492 holocausta
3527 4435 3756 4496 ﬁebant,

464 4532 564 4587 pro
606 4517 861 4573 omnibus
909 4532 978 4572 ex
1030 4517 1243 4573 duabus
1288 4516 1519 4573 decimis
1554 4517 1712 4589 panis
1746 4518 2067 4588 proponitur
2092 4555 2149 4618 Ι)
2175 4525 2320 4580 aliud
2351 4527 2476 4581 thus
2505 4541 2669 4597 super
2710 4526 2847 4581 alios
2895 4542 3066 4597 panes
3097 4527 3484 4596 adjiciebatur.
3525 4525 3756 4595 Impone-

466 4616 593 4663 antc
618 4608 927 4677 Dominum,
956 4612 1094 4667 etin
1118 4611 1392 4667 universis
1417 4612 1536 4668 duae
1559 4611 1782 4667 decimae
1809 4611 2071 4684 similagi-
2092 4608 2140 4618 ’⁷
2172 4617 2372 4672 bantur
2405 4632 2536 4688 ergo
2582 4633 2750 4688 panes
2802 4619 3030 4674 sabbato
3071 4619 3126 4673 in
3167 4633 3356 4673 mensa
3397 4617 3654 4683 Domini,
3702 4628 3756 4669 ea

465 4699 554 4755 nis
579 4709 854 4757 constant.
877 4702 1112 4775 Proponi
1128 4712 1313 4760 autem
1337 4703 1600 4775 jubentur
1624 4712 1750 4760 ante
1776 4704 2068 4761 Dominum

467 4806 633 4861 super
659 4808 906 4849 mensam
936 4797 1218 4853 mundam.
1253 4797 1386 4865 Quis
1434 4806 1518 4852 est
1569 4805 1818 4853 nostrum
1857 4799 1951 4869 qui
1991 4799 2067 4854 ita

466 4882 666 4938 habeat
686 4898 931 4940 mensam
950 4889 1232 4954 mundam,
1249 4897 1310 4943 ut
1332 4904 1501 4960 panes
1525 4903 1688 4958 super
1700 4903 1820 4944 eam
1835 4890 2066 4945 Domino

466 4973 802 5030 offerantur?
852 4975 913 5030 In
940 4977 1098 5033 istius
1126 4980 1308 5046 corde,
1343 4981 1400 5034 in
1428 4980 1590 5036 istius
1618 4989 1800 5036 mente
1833 4981 2064 5038 Domino

463 5081 635 5139 panes
668 5065 991 5123 offeruntur.
1020 5070 1102 5124 Ad
1149 5071 1310 5140 hujus
1352 5074 1593 5144 potentis
1637 5088 1881 5129 mensam
1909 5074 1955 5130 si
1979 5089 2066 5131 se-

468 5160 599 5216 deas
626 5168 948 5215 coenaturus
986 5161 1424 5233 intelligibiliter,
1454 5163 1695 5236 intellige
1744 5180 1864 5235 qum
1899 5181 2065 5238 appo-

464 5259 672 5307 nuntur
699 5251 798 5307 tibi
820 5249 1005 5324 (Prov.
1033 5252 1216 5325 xxm),
1246 5254 1351 5310 hoc
1376 5264 1461 5312 est
1490 5256 1813 5329 spiritaliter
1842 5258 2066 5316 adverte

463 5358 586 5414 quae
627 5343 882 5400 dicuntur
911 5343 980 5398 ab
1006 5357 1072 5399 eo
1089 5385 1105 5411 ,
1136 5353 1196 5399 ut
1219 5354 1276 5400 et
1302 5354 1361 5402 tu
1396 5348 1578 5405 facere
1597 5351 1774 5421 possis
1796 5352 1940 5422 quod
1969 5351 2064 5407 ad-

466 5434 632 5489 ditur.
680 5434 772 5491 Ait
821 5435 964 5491 enim
996 5454 1010 5491 :
1042 5434 1234 5492 Sciens
1263 5439 1390 5508 quia
1422 5440 1552 5495 talia
1587 5450 1641 5497 te
1671 5452 1887 5513 oportet
1926 5460 2066 5518 prae-

465 5539 687 5596 parare.
728 5527 904 5598 Super
927 5529 1051 5596 hos,
1079 5530 1199 5583 thus
1226 5529 1610 5586 lucidissimum
1651 5537 1891 5606 ponitur,
1927 5540 2064 5607 sive,

463 5625 526 5672 ut
549 5616 927 5688 Septuaginta,
952 5620 1112 5675 etiam
1137 5619 1239 5686 sal,
1269 5619 1366 5676 sed
1393 5622 1518 5677 thus
1547 5625 1729 5694 prius;
1763 5631 2063 5698 gratiarum

466 5709 613 5764 enim
644 5713 939 5779 actionem,
963 5712 1018 5767 id
1036 5721 1140 5780 est,
1166 5711 1517 5780 oblationem,
1550 5732 1669 5786 qua:
1698 5720 2062 5793 principatum

469 5813 616 5862 tenet
641 5803 698 5862 in
727 5805 1014 5864 Dominica
1041 5821 1196 5865 cmua
1227 5807 1502 5887 signiﬁcat
1531 5809 1656 5866 thus
1682 5852 1698 5879 ,
1752 5827 1862 5870 non
1887 5815 2062 5874 solum

2171 4709 2362 4779 utique
2408 4710 2708 4765 intentione
2753 4710 3096 4780 ponentium,
3126 4719 3190 4766 ut
3217 4718 3501 4766 transacto
3545 4708 3758 4765 sabbato

2171 4801 2375 4858 ibidem
2401 4815 2500 4871 per
2519 4809 2726 4871 septem
2753 4801 3016 4873 operandi
3038 4803 3155 4858 dies
3179 4810 3491 4867 manerent,
3526 4801 3613 4856 his
3639 4813 3759 4870 quo—

2171 4909 2278 4964 que
2321 4893 2694 4958 transmissis,
2728 4893 2902 4949 altero
2945 4895 3368 4964 superveniente
3420 4893 3669 4957 sabbato,
3712 4890 3760 4944 in

2174 4983 2530 5040 refectionem
2561 4986 2760 5042 summi
2791 4986 3093 5042 sacerdotis
3121 4995 3177 5042 et
3214 4986 3450 5041 ﬁliorum
3482 4983 3600 5054 ejus
3644 4997 3764 5037 cono
3796 5029 3803 5059 ί

2175 5082 2583 5131 summarentur
2606 5093 2620 5131 :
2646 5075 2772 5147 quia
2801 5076 3058 5132 nimirum
3077 5079 3130 5132 in
3145 5077 3449 5149 primordio
3474 5077 3634 5132 nobis
3657 5074 3764 5129 Deo

2175 5167 2383 5223 devotae
2431 5170 2863 5226 conversationis
2912 5171 3228 5243 accipienda
3278 5173 3523 5242 requies,
3557 5180 3617 5226 et
3660 5170 3766 5224 vita

2173 5267 2379 5316 acterna
2420 5261 2762 5330 promittitur
2784 5302 2799 5328 ,
2838 5277 2904 5318 ea
2935 5271 3118 5319 tamen
3148 5263 3466 5320 conditione
3495 5304 3511 5330 ,
3562 5271 3625 5317 ut
3678 5276 3771 5333 per

2171 5353 2388 5411 labores
2412 5362 2467 5410 et
2491 5369 2657 5426 Opera
2685 5354 2842 5411 bonae
2867 5356 2991 5412 vitae
3019 5357 3332 5428 temporalis
3371 5357 3438 5412 ad
3482 5373 3606 5412 eam
3653 5370 3774 5426 per-

2165 5449 2377 5519 tingere
2425 5449 2737 5504 debeamus.
2770 5448 2878 5521 (Ea:
2908 5450 3218 5525 Hesychia.)
3251 5453 3551 5523 Solumque
3587 5453 3771 5506 Aaron

2167 5545 2224 5593 et
2271 5536 2414 5592 ﬁlios
2463 5535 2580 5606 ejus
2628 5537 2790 5607 hujus
2833 5540 2943 5594 cibi
2986 5557 3108 5596 esse
3137 5542 3434 5611 participes
3463 5539 3728 5611 pmcepit
3755 5579 3771 5600 ν

2165 5633 2456 5688 comedere
2483 5647 2593 5689 non
2624 5634 2847 5702 ubique,
2877 5635 2972 5689 sed
3002 5635 3056 5690 in
3087 5636 3207 5692 loco
3242 5643 3464 5700 sancto;
3493 5632 3566 5689 sit
3587 5641 3776 5688 autem

2167 5724 2325 5780 nobis
2351 5724 2503 5780 locus
2525 5735 2776 5791 sanctus,
2812 5727 2966 5797 prius
2997 5727 3218 5798 quidem
3253 5728 3376 5782 aula
3409 5727 3543 5791 Dei,
3575 5724 3780 5781 deinde

2167 5828 2357 5874 nostra
2387 5833 2642 5888 corpora,
2672 5818 2890 5890 quando
2916 5828 3045 5876 sunt
3069 5835 3098 5874 a
3123 5819 3519 5892 pollutionibus
3542 5817 3777 5884 munda,
