3994 6352
1099 382 1598 444 EXPOSITIONES
1626 381 1697 440 IN
1731 378 2127 439 LEVITICUM.
2163 407 2236 421 —
2266 379 2397 436 LIB.
2423 379 2544 440 ,νιι

3330 387 3438 444 522

197 509 269 568 ita
294 512 353 560 ut
380 509 438 558 et
458 498 616 556 nobis
641 497 966 554 conveniant
987 499 1105 555 haec
1125 498 1278 554 Pauli
1302 499 1490 566 verba,
1513 495 1763 568 templum
1790 496 1844 557 Α
1869 493 2074 560 mundi,
2105 500 2268 562 negat
2303 507 2425 549 esse
2449 499 2660 564 patrem
2689 490 2910 548 Christi.
2942 492 3052 550 Nos
3074 510 3205 553 vero
3243 499 3340 568 qui
3370 515 3442 556 ex

199 605 327 662 enim
352 600 451 656 Dei
473 606 712 654 sanctum
736 605 833 664 est,
850 597 988 668 quod
1012 598 1135 652 estis
1163 613 1272 652 vos.
1295 595 1524 666 Insuper
1543 594 1767 650 elevans

199 697 308 767 eius
333 693 558 766 gloriam
603 698 660 746 et
688 690 936 761 mysterii
965 690 1283 762 dignitatem
1309 687 1543 745 elferens
1581 687 1640 742 in
1677 701 1769 742 su-

201 789 370 853 blime,
403 785 612 840 addidit
643 801 656 837 :
686 782 941 840 Sanctum
968 792 1272 838 sanctorum
1293 793 1390 850 est,
1414 784 1479 838 de
1504 782 1768 850 sacriﬁcio

199 876 401 935 Domini
418 875 547 945 jure
568 882 834 944 perpetuo.
849 872 1200 945 Ergosancta
1227 882 1310 930 est
1327 874 1545 944 quidem
1569 872 1765 938 oratio,

202 973 374 1024 sancta
404 963 603 1020 divinat
647 962 941 1035 Scriptura:
991 965 1152 1021 lectio
1200 975 1258 1022 et
1304 964 1769 1036 interpretationis

203 1056 310 1127 ejus
328 1055 568 1117 auditio;
595 1062 784 1110 sancta
811 1064 957 1120 sunt,
1009 1064 1068 1112 ut
1094 1057 1333 1114 breviter
1360 1057 1558 1124 dicam,
1585 1057 1767 1112 omnia

204 1164 315 1221 quae
341 1149 394 1203 in
415 1146 680 1203 Ecclesiis
709 1145 807 1204 Dei
844 1150 1143 1206 secundum
1173 1150 1348 1222 legem
1367 1148 1484 1219 eius
1512 1149 1770 1205 dicuntur

202 1250 254 1300 et
295 1249 542 1315 aguntur.
588 1239 788 1298 Sancta
843 1252 1016 1298 autem
1053 1256 1357 1300 sancton
1393 1244 1458 1298 de
1507 1243 1768 1313 sacriﬁcio

201 1334 404 1391 Domini
427 1375 443 1401 ,
494 1334 562 1390 de
599 1334 852 1392 omnibus
894 1336 1146 1392 videlicet
1185 1352 1304 1408 qua:
1352 1335 1656 1392 oﬂ'eruntur
1711 1343 1769 1390 et

200 1432 426 1494 agutur
462 1423 529 1479 ad
554 1424 674 1495 ejus
718 1425 945 1496 gloriam
967 1469 983 1494 ,
1019 1443 1208 1485 mensa
1243 1435 1330 1486 est
1372 1442 1536 1500 quam
1571 1427 1640 1483 de
1683 1441 1770 1483 sa-

200 1515 397 1582 crificio
433 1529 534 1572 suo
559 1514 808 1574 Christus
829 1519 1101 1590 proponit.

799 1674 1028 1732 CAPUT
1063 1675 1152 1732 III.

199 1791 276 1852 Ds
307 1792 597 1865 blaspheme
641 1792 916 1865 quomodo,
939 1809 1004 1846 ex
1052 1791 1267 1865 Domini
1320 1799 1576 1862 praecepto
1611 1791 1768 1846 morti

730 1863 799 1917 ad
795 1862 1070 1933 judicatus
1098 1864 1186 1916 sit.-
1320 1855 1332 1862 ’
1489 1855 1499 1862 ’
1795 1855 1844 1916 Β

261 1977 433 2052 (Imm)
456 1977 594 2033 Ecce
630 1985 806 2032 autem
845 1992 1081 2046 egressus
1111 1974 1254 2044 ﬁlius
1279 1973 1516 2030 mulieris
1551 1972 1770 2028 Israeli—

196 2070 331 2135 tidis,
367 2088 524 2140 quem
556 2077 826 2141 pepererat
875 2069 941 2123 de
990 2070 1102 2123 uiro
1151 2067 1404 2139 Egyptio
1453 2067 1591 2121 inter
1629 2065 1767 2134 ﬁlios

196 2158 390 2226 Israel,
422 2159 674 2229 jurgatus
731 2169 805 2213 est
857 2161 914 2214 in
962 2159 1149 2214 castris
1195 2176 1313 2212 cum
1344 2160 1454 2213 uiro
1492 2158 1764 2213 Israelita.

197 2249 413 2322 Cumque
435 2250 842 2321 blaspltemasset
870 2267 1058 2305 nomen
1082 2251 1316 2316 Domini,
1342 2260 1390 2304 et
1412 2249 1769 2305 maledixisset

194 2342 257 2407 ei,
284 2343 545 2396 adductus
572 2350 648 2396 est
687 2342 756 2396 ad
784 2341 1021 2412 Moysen.
1050 2340 1382 2413 (Vocabatur
1403 2349 1578 2396 autem
1601 2349 1770 2394 mater

192 2433 296 2502 ejus
325 2433 610 2501 Salamith,
638 2434 754 2504 ﬁlia
778 2434 946 2488 Dabri
975 2435 1040 2488 de
1083 2434 1226 2488 tribu
1270 2432 1437 2505 Dan.)
1484 2432 1768 2488 Miserum-

190 2541 280 2595 que
313 2543 434 2580 eum
464 2528 522 2581 in
564 2543 826 2582 carcerem
850 2567 866 2593 ,
916 2527 1078 2582 donec
1117 2537 1327 2582 nossent
1371 2517 1499 2600 quid
1557 2527 1770 2598 juberet

188 2615 464 2672 Dominus.
516 2618 618 2684 Qui
658 2618 863 2673 locutus
903 2613 980 2673 est
1009 2619 1080 2672 ad
1110 2618 1333 2689 Moysen
1362 2618 1539 2672 dicens
1565 2631 1585 2669 :
1618 2617 1772 2671 Educ

186 2706 544 2778 blasphemum
583 2719 730 2764 extra
759 2719 936 2765 castra
959 2750 974 2776 ,
1014 2720 1062 2765 et
1087 2721 1285 2781 ponant
1317 2726 1494 2764 omnes
1533 2710 1623 2780 qui
1675 2727 1776 2763 au-

185 2799 390 2856 dierunt
431 2819 619 2858 manus
660 2821 786 2859 suas
811 2821 967 2876 super
997 2815 1152 2875 caput
1187 2805 1323 2876 ejus,
1355 2814 1406 2859 et
1433 2804 1628 2875 lapide!
1655 2821 1774 2858 eum

187 2891 348 2944 omnis
367 2895 616 2961 populus.
649 2895 758 2968 (Ea:
779 2897 1144 2970 Adamantio.)
1169 2899 1314 2954 Duos
1336 2913 1467 2969 ergo
1491 2895 1778 2967 Scriptura

187 2984 463 3054 proposuit
489 2983 780 3053 litigantes,
829 3008 996 3042 unum
1045 3007 1113 3046 ex
1167 2992 1382 3063 integro
1420 2990 1729 3046 Israelitam
1759 3030 1774 3056 ,

187 3077 274 3146 qui
301 3077 537 3149 litigavit
557 3079 792 3148 “quidem
820 3120 835 3144 ,
865 3079 961 3135 sed
989 3094 1098 3135 non
1124 3087 1374 3150 peccavit
1399 3103 1413 3148 ;
1447 3086 1614 3137 istum
1645 3100 1778 3137 vero

189 3165 332 3235 cujus
359 3177 652 3238 peccatum
695 3169 984 3241 designat,
1023 3171 1262 3224 maxima
1309 3185 1378 3226 ex
1419 3178 1578 3242 parte
1611 3171 1779 3226 istum

185 3272 299 3316 esse
324 3259 588 3333 Egyptio
619 3277 820 3333 genere
857 3263 1062 3317 indicat
1082 3263 1371 3318 adversum
1411 3279 1574 3334 quem
1603 3263 1780 3335 litigat

184 3347 418 3408 Israelita
477 3370 490 3406 :
536 3361 592 3409 et
645 3353 788 3410 forte
832 3364 1206 3424 competenter
1270 3363 1325 3412 et
1385 3356 1781 3411 rationabiliter

185 3436 369 3512 litigat.
385 3441 532 3497 Nam
543 3451 598 3497 et
613 3443 669 3497 in
687 3443 876 3499 Exodo
895 3445 1136 3500 Israelita
1155 3455 1399 3517 superat,
1413 3455 1470 3503 et
1489 3447 1780 3520 [Egyptius

185 3529 338 3584 cadit.
392 3531 567 3603 Igitur
615 3541 672 3588 et
721 3548 821 3604 ego
871 3535 1031 3589 hodie
1053 3535 1100 3590 si
1129 3537 1415 3591 veritatem
1446 3537 1775 3603 defendam,

186 3617 227 3671 si
252 3633 495 3689 pugnem
524 3639 624 3689 pro
653 3625 1028 3681 ecclesiastica
1071 3626 1178 3682 ﬁde
1213 3629 1500 3683 adversum
1532 3646 1656 3684 eum
1687 3631 1780 3699 qui

185 3721 244 3763 ex
271 3719 435 3780 parte
483 3711 705 3780 quidem
733 3716 906 3766 credit
931 3716 1180 3782 Christo,
1214 3726 1270 3773 et
1297 3719 1490 3788 recipit
1535 3719 1783 3787 Scriptu-

185 3815 303 3867 ras,
362 3803 466 3859 sed
498 3818 606 3856 non
637 3801 848 3873 integre
877 3817 1097 3858 sensum
1131 3820 1323 3860 earum
1349 3845 1365 3870 ,
1398 3820 1500 3859 nec
1548 3807 1784 3860 ﬁdeliter

186 3892 397 3961 recipit,
447 3888 601 3958 litigo
642 3890 928 3944 adversum
971 3893 1221 3946 eumdem
1244 3893 1338 3962 qui
1364 3907 1433 3947 ex
1461 3901 1636 3949 matre
1663 3895 1784 3963 qui-

187 3979 300 4034 dem
352 3977 613 4033 Israelita
641 3987 756 4043 est,
789 3994 856 4033 ex
883 3988 1040 4049 patre
1081 3996 1211 4037 vero
1260 3981 1570 4052 Egyptius.
1601 3983 1660 4037 Si
1691 3986 1784 4052 qui

185 4086 306 4142 ergo
357 4077 421 4126 et
480 4068 607 4123 ﬁdei
659 4071 982 4126 credulitate
1034 4080 1090 4128 et
1154 4073 1493 4143 professione
1550 4074 1788 4130 nominis

188 4159 538 4218 Christianus
575 4167 660 4215 est
700 4168 757 4215 et
786 4162 1088 4216 catholicus
1108 4203 1124 4229 ,
1152 4163 1257 4218 iste
1281 4179 1350 4218 ex
1375 4172 1608 4233 utraque
1630 4174 1788 4234 parte

190 4250 430 4308 Israelita
464 4259 550 4306 est
582 4268 596 4305 :
626 4251 722 4321 qui
749 4265 881 4306 vero
908 4251 1248 4324 professione
1276 4253 1496 4324 quidem
1526 4252 1789 4308 Christia-

192 4361 286 4399 nus
309 4354 414 4412 est,
439 4344 721 4400 intellectu
750 4352 931 4401 autem
958 4345 1083 4401 ﬁdei
1106 4348 1399 4403 hmreticus
1418 4357 1475 4403 et
1492 4364 1788 4419 perversus

194 4442 287 4501 est,
315 4437 418 4491 iste
450 4444 684 4492 matrem
713 4438 934 4508 quidem
973 4438 1329 4495 Israelitidem
1356 4481 1371 4506 ,
1401 4448 1614 4511 patrem
1656 4456 1788 4496 vero

1865 595 2098 657 utroque
2126 599 2321 657 genere
2345 585 2602 641 Israelita
2628 601 2832 652 sumus,
2878 595 2932 641 et
2980 586 3215 667 litteram
3240 601 3297 647 et
3326 593 3439 664 spi-

1866 677 2032 730 ritum
2057 677 2112 730 in
2140 675 2434 744 Scripturis
2459 677 2664 732 sanctis
2700 674 3058 744 defendimus,
3087 689 3142 734 et
3167 681 3443 752 litigamus

1867 767 2154 822 adversum
2187 782 2281 822 eos
2301 767 2392 836 qui
2424 783 2491 822 ex
2512 769 2688 824 media
2711 778 2866 839 parte
2895 768 3151 825 Israelita
3173 772 3442 842 videntur,

1866 866 1923 914 et
1951 859 2181 925 dicimus
2225 860 2349 928 quia
2377 875 2551 929 neque
2579 861 2875 915 secundum
2923 860 3163 916 litteram
3195 861 3444 919 maledici

1867 957 2102 1018 oportet,
2148 963 2321 1018 neque
2355 948 2648 1004 secundum
2673 950 2974 1021 spiritalem
3026 951 3447 1022 intelligentiam

1865 1043 2233 1114 blasphemari
2252 1085 2267 1112 ,
2293 1045 2585 1102 maledicus
2626 1045 2770 1100 enim
2810 1061 2918 1101 non
2947 1046 3124 1100 solum
3153 1047 3208 1101 in
3235 1047 3405 1102 Deum
3429 1087 3446 1118 ,

1868 1135 1964 1190 sed
1993 1135 2159 1190 etiam
2185 1137 2241 1190 in
2266 1137 2603 1207 proximum,
2634 1137 2862 1208 apostoli
2908 1137 3061 1192 Pauli
3117 1139 3390 1195 sententia
3419 1154 3451 1194 a

1868 1242 2034 1299 regno
2081 1228 2178 1283 Dei
2227 1228 2552 1286 excluditur.
2605 1230 2740 1286 Vide
2791 1231 2936 1286 enim
2998 1234 3270 1301 quomodo
3323 1234 3456 1289 dicit

1867 1321 2196 1392 Apostolus:
2232 1321 2414 1377 Nolite
2461 1340 2637 1379 errare
2670 1365 2684 1390 ,
2727 1341 2892 1395 neque
2941 1325 3237 1394 fornicarii,
3289 1344 3454 1398 neque

1868 1413 2117 1482 adulteri,
2153 1431 2316 1487 neque
2345 1415 2546 1482 molles,
2575 1434 2738 1489 neque
2766 1417 3121 1472 masculorum
3151 1419 3453 1476 concubito-

1870 1523 1970 1572 res,
2002 1524 2163 1578 neque
2189 1508 2351 1578 fures,
2375 1526 2542 1580 neque
2565 1512 2732 1578 avari,
2759 1529 2922 1583 neque
2944 1511 3211 1579 maledici,
3237 1531 3455 1585 regnum

1867 1596 1970 1653 Dei
2022 1598 2359 1668 possidebunt
2401 1599 2453 1672 (I
2484 1600 2608 1655 Cor.
2641 1601 2742 1673 vt).
2779 1600 2969 1658 Videte
3006 1603 3148 1659 inter
3187 1621 3311 1676 quae
3343 1606 3455 1660 cri-

1869 1690 2038 1755 mina,
2088 1690 2232 1746 inter
2266 1691 2570 1758 adulteros,
2614 1693 2758 1748 inter
2785 1693 3158 1750 masculorum
3193 1697 3456 1753 concubi-

1871 1789 2040 1847 tores,
2065 1781 2206 1836 inter
2232 1797 2446 1848 avaros,
2475 1798 2612 1852 quos
2638 1784 2767 1839 alibi
2795 1786 2950 1850 dicit,
2977 1786 3134 1840 idolis
3155 1790 3456 1856 servientes,

1870 1875 2035 1930 etiam
2071 1874 2366 1931 maledicos
2397 1876 2580 1945 posuit
2599 1916 2616 1943 ,
2656 1884 2712 1932 et
2740 1892 2772 1930 a
2820 1893 2988 1949 regno
3033 1880 3130 1933 Dei
3171 1895 3295 1934 cum
3353 1881 3460 1936 illis

1871 1967 2076 2038 pariter
2098 1967 2348 2024 exclusit.
2379 1967 2610 2024 Videant
2633 1983 2762 2040 ergo
2800 1968 2846 2024 si
2890 1969 2983 2038 qui
3017 1984 3080 2024 os
3132 1985 3290 2025 suum
3330 1985 3465 2040 quo-

1872 2059 2078 2114 tidiana
2124 2075 2264 2130 pene
2319 2062 2711 2118 consuetudine
2762 2063 2867 2117 hoc
2913 2061 3048 2116 vitio
3103 2063 3460 2130 insuescunt,

1870 2149 2002 2219 quid
2046 2150 2125 2205 eis
2181 2151 2407 2221 periculi
2462 2152 2781 2218 immineat;
2834 2162 3090 2222 putantes
3127 2161 3219 2208 aut
3258 2153 3376 2208 leve
3405 2162 3463 2209 et

1872 2243 2033 2298 facile
2066 2245 2170 2300 hoc
2206 2261 2330 2302 esse
2377 2255 2660 2317 peccatum
2685 2288 2699 2314 ,
2737 2262 2845 2302 non
2892 2247 3050 2303 facile
3095 2257 3288 2304 cavent
3321 2267 3334 2302 :
3363 2245 3467 2305 sed

1873 2336 2224 2393 considerent
2248 2337 2588 2408 Apostolnm,
2606 2339 2878 2409 quomodo
2899 2339 3221 2394 maledicum
3243 2356 3273 2394 a
3297 2353 3464 2412 regno

1873 2426 1972 2482 Diei
1999 2426 2266 2494 excludit,
2313 2438 2370 2484 et
2401 2430 2543 2485 Deus
2570 2443 2669 2498 per
2699 2427 2920 2499 Moysen
2943 2468 2958 2494 ,
2990 2429 3262 2498 quomodo
3291 2429 3466 2485 male-

1875 2517 2057 2574 dicum
2085 2519 2267 2587 puniri
2311 2518 2485 2591 jubet.
2527 2519 2681 2576 Unde
2727 2529 2782 2576 et
2821 2537 2922 2594 ego
2963 2522 3119 2578 valde
3168 2523 3469 2579 admiratus

1877 2625 2000 2666 sum
2028 2611 2172 2680 quod
2219 2610 2274 2664 in
2310 2611 2417 2666 hoc
2463 2612 2585 2668 loco
2630 2628 2793 2683 quem
2835 2615 3098 2669 habemus
3132 2615 3186 2670 in
3217 2615 3471 2670 manibus

1881 2703 2166 2774 Scriptura
2219 2719 2328 2760 non
2377 2714 2566 2776 aperte
2617 2708 2920 2778 designavit
2971 2709 3095 2779 quia
3135 2708 3239 2764 iste
3271 2707 3361 2777 qui
3401 2721 3472 2762 ex

1880 2793 2121 2866 Egypto
2151 2812 2322 2868 genus
2349 2799 2498 2853 ducit
2524 2798 2866 2854 maledlxerit
2896 2801 3067 2854 Deum
3093 2841 3108 2864 ,
3139 2800 3234 2855 sed
3257 2806 3474 2854 tantum

1879 2887 2063 2957 posuit
2081 2889 2208 2957 quia
2239 2889 2527 2945 nominans
2563 2891 2926 2957 maledixerit,
2950 2900 3005 2947 et
3034 2891 3255 2960 reliquit
3279 2892 3333 2945 in
3360 2905 3477 2945 me—

1883 2977 1992 3042 dio,
2030 2977 2116 3032 vel
2146 2980 2211 3032 de
2240 2979 2371 3045 Deo,
2417 2979 2502 3034 vel
2540 2981 2608 3035 de
2633 2981 2855 3036 homine
2875 2982 3281 3052 suspicandum.
3319 2979 3475 3032 Unde

1882 3070 2018 3124 mihi
2050 3071 2265 3126 videtur
2285 3071 2490 3127 idcirco
2517 3072 2757 3128 noluisse
2778 3082 2964 3138 aperte
2991 3074 3057 3124 de
3093 3073 3203 3124 Deo
3239 3083 3479 3140 pronun-

1883 3158 2041 3221 tiare,
2073 3172 2141 3212 ne
2169 3157 2237 3212 de
2267 3158 2578 3213 hominibus
2609 3159 2888 3214 videretur
2915 3160 3129 3215 dedisse
3167 3160 3442 3215 licentiam
3460 3200 3476 3226 ,

1883 3259 1938 3306 et
1994 3250 2117 3305 ideo
2164 3250 2249 3306 vel
2297 3252 2363 3306 de
2405 3251 2516 3308 Deo
2545 3293 2560 3318 ,
2592 3251 2678 3306 vel
2708 3252 2775 3306 de
2806 3251 3025 3307 homine
3054 3251 3290 3318 siluisse,
3321 3259 3383 3306 ut
3413 3251 3481 3307 de

1882 3351 2114 3412 utroque
2181 3351 2486 3398 caveretur.
2563 3341 2759 3398 Verum
2815 3344 3072 3413 quoniam
3148 3343 3477 3399 sententiam

1879 3433 2129 3504 Apostoli
2159 3436 2542 3506 proposuimus
2572 3451 2679 3506 qua
2729 3435 2860 3491 dicit
2903 3436 3198 3492 maledicos
3231 3451 3265 3490 a
3310 3450 3481 3507 regno

1884 3523 1980 3578 Dei
2016 3523 2406 3590 excludendos,
2435 3525 2641 3600 aliquid
2664 3525 2910 3594 exposcit
2943 3525 3044 3580 iste
3065 3539 3246 3581 sermo
3277 3525 3480 3591 solatii,

1883 3628 1953 3668 ne
1978 3615 2304 3670 omnimodis
2333 3616 2770 3685 desperationem
2800 3616 3083 3670 videamur
3119 3617 3358 3671 indicere
3397 3615 3485 3669 bis

1883 3709 1977 3778 qui
2003 3709 2320 3777 quotidiana
2362 3724 2505 3778 pene
2549 3710 2908 3764 maledicendi
2960 3710 3353 3764 consuetudine
3396 3722 3486 3762 ra-

1884 3801 2108 3872 piuntur
2133 3842 2149 3866 ,
2181 3809 2237 3855 et
2281 3800 2366 3855 ori
2411 3817 2511 3856 suo
2551 3801 2809 3856 adhibere
2839 3799 3140 3855 custodiam
3169 3798 3254 3852 vel
3283 3798 3486 3853 ostium

1887 3892 2193 3964 negligunt.
2226 3891 2622 3946 Promissionis
2645 3890 2842 3946 futurae
2866 3906 2973 3947 non
2998 3907 3140 3946 unus
3165 3899 3248 3946 est
3269 3891 3484 3956 modus,

1886 3997 2066 4050 neque
2091 3981 2324 4052 simplex
2347 3983 2580 4051 species,
2599 3982 2696 4037 sed
2712 3982 2853 4037 sicut
2879 3982 3063 4038 docuit
3087 3983 3201 4052 ipse
3225 3981 3490 4036 Dominus

1888 4074 1945 4128 in
1969 4073 2263 4144 Evangelio
2308 4089 2434 4128 cum
2471 4073 2666 4129 beatos
2700 4075 2835 4129 dicit
2876 4089 3144 4145 pauperes
3176 4075 3404 4140 spiritu,
3433 4081 3491 4127 et

1889 4162 2136 4231 ipsorum
2167 4163 2399 4220 alIirmat
2424 4179 2546 4219 esse
2577 4181 2805 4229 regnum
2847 4167 3112 4215 caelorum
3148 4203 3162 4228 ,
3201 4171 3253 4216 et
3286 4163 3488 4218 iterum

1888 4250 2080 4306 beatos
2112 4250 2244 4304 dicit
2266 4249 2448 4315 mites,
2487 4264 2590 4304 nec
2631 4256 2813 4304 tamen
2859 4251 2938 4306 eis
2979 4253 3239 4309 caelorum
3279 4271 3443 4327 regna
3469 4297 3484 4324 ,

1891 4341 1987 4396 sed
2017 4349 2179 4397 terrm
2201 4342 2578 4396 haereditatem
2606 4343 2909 4413 promittit;
2936 4344 3067 4400 dicit
3093 4347 3280 4401 beatos
3307 4357 3363 4400 et
3391 4363 3489 4416 pa»

1892 4433 2100 4500 cificos,
2127 4433 2226 4488 sed
2257 4448 2327 4488 ne
2361 4434 2496 4505 ipsis
2517 4433 2737 4503 quidem
2770 4449 2997 4503 regnum
3025 4437 3288 4490 caelorum
3317 4439 3484 4504 dedit,

195 4524 508 4598 Egyptium
537 4525 722 4580 habet.
755 4528 1036 4592 Quomodo
1076 4545 1207 4599 ergo
1236 4532 1341 4587 hoc
1373 4533 1610 4588 accidit?
1648 4533 1785 4588 Cum
1813 4563 1867 4623 D
1894 4526 2036 4582 ﬁlios
2063 4535 2245 4582 tamen
2269 4543 2364 4582 eos
2395 4527 2490 4582 Dei
2517 4542 2638 4582 esse
2665 4527 3000 4598 pronuntiat,
3025 4535 3080 4581 et
3107 4543 3230 4582 cum
3256 4528 3489 4584 diversis

197 4616 511 4689 Scripturas
539 4619 663 4689 quis
697 4618 832 4688 legit
859 4658 874 4683 ,
907 4626 964 4673 et
987 4617 1228 4674 litteram
1257 4619 1476 4689 quidem
1512 4611 1781 4690 sequitur,

199 4708 532 4766 intellectum
571 4725 700 4766 vero
730 4709 978 4780 repudiat
1026 4711 1324 4780 spiritalem
1354 4753 1368 4778 ,
1427 4713 1516 4767 hic
1554 4722 1786 4769 matrem

199 4799 404 4868 quidem
437 4800 797 4855 Israelitidem
827 4801 1012 4866 habet,
1062 4802 1119 4856 id
1151 4811 1237 4858 est
1275 4803 1534 4870 litteram,
1564 4819 1786 4861 sensum

199 4903 321 4948 vero
364 4893 501 4963 quia
549 4880 849 4962 spiritalem
879 4910 987 4949 non
1025 4897 1302 4966 sequitur,
1335 4897 1431 4952 sed
1465 4899 1738 4954 carnalem
1768 4940 1784 4966 ,

203 4977 297 5038 iste
323 4993 407 5039 est
434 4984 490 5039 ei
517 4983 805 5056 Egyptius
837 4995 1012 5055 pater,
1043 4994 1099 5041 et
1127 4988 1250 5044 ideo
1279 4990 1569 5046 adversum
1598 4993 1788 5047 catho-

205 5070 357 5128 licum
405 5075 587 5145 litigat
635 5091 759 5130 eum
807 5077 901 5148 qui
941 5091 1009 5132 ex
1049 5085 1281 5148 utraque
1335 5091 1489 5149 parte
1542 5082 1786 5140 Israelita

206 5168 302 5226 est,
342 5165 472 5232 quia
507 5173 561 5220 et
589 5165 885 5222 secundum
915 5168 1153 5223 litteram
1188 5169 1434 5226 Israelita
1469 5181 1575 5239 est,
1613 5186 1670 5230 et
1699 5193 1787 5232 se-

209 5253 437 5309 cundum
471 5257 722 5325 spiritum
749 5259 993 5315 Israelita
1023 5276 1133 5317 non
1155 5270 1259 5327 est,
1277 5263 1464 5332 sicque
1489 5269 1792 5323 secundum

211 5341 443 5402 litteram
497 5349 717 5419 quidem
766 5349 1013 5407 Israelita
1049 5363 1153 5421 est,
1210 5355 1509 5411 secundum
1535 5360 1790 5429 spiritum

211 5450 334 5493 vero
385 5438 696 5512 Egyptins.
738 5442 878 5511 Quid
911 5458 1042 5515 ergo
1069 5455 1155 5501 est
1180 5447 1425 5518 utrisque
1453 5447 1796 5520 litigantibus

214 5531 618 5588 necessarium?
655 5533 748 5590 Ille
776 5537 868 5606 qui
915 5538 1194 5594 carnalem
1238 5541 1487 5610 sequitur
1533 5556 1754 5598 sensum
1780 5585 1797 5611 ,

216 5626 471 5692 tanquam
498 5626 563 5681 de
596 5627 832 5700 Egypto
861 5646 1031 5702 genus
1059 5634 1286 5702 ducens,
1321 5651 1522 5693 nomen
1553 5638 1802 5694 nominat

218 5717 270 5764 et
294 5715 571 5773 maledicit
596 5738 610 5773 :
640 5723 883 5778 nominat
907 5727 1052 5781 enim
1074 5743 1271 5784 nomen
1299 5729 1418 5797 Dei,
1443 5737 1500 5786 et
1526 5746 1651 5787 cum
1680 5748 1800 5788 ma-

219 5801 412 5866 bdicto
442 5811 708 5878 nominat,
760 5824 920 5886 negat
975 5819 1120 5873 enim
1169 5837 1298 5880 eum
1339 5831 1645 5884 creatorem
1677 5838 1801 5884 esse

645 5910 934 5997 Ρηιιοι..
975 5913 1210 5999 CVIII,

1895 4618 2111 4672 diversa
2136 4618 2507 4684 repromittat,
2538 4634 2728 4672 omnes
2756 4619 2947 4671 beatos
2982 4617 3114 4671 dicit
3141 4619 3232 4686 qui
3263 4620 3330 4674 ad
3359 4635 3490 4694 pro-

1893 4708 2061 4762 missa
2072 4708 2418 4777 perveniunt,
2433 4723 2542 4762 non
2562 4718 2743 4764 tamen
2757 4709 3010 4763 omnibus
3027 4710 3290 4766 caelorum
3316 4728 3484 4784 regna

1893 4800 2184 4854 concessit.
2218 4798 2404 4854 Potest
2433 4815 2565 4870 ergo
2585 4801 2702 4856 fieri
2725 4810 2784 4856 ut
2807 4801 3002 4872 aliquis
3027 4803 3083 4859 in
3109 4808 3320 4863 caeteris
3344 4807 3488 4866 forte

1891 4891 2148 4960 operibus
2170 4900 2227 4947 et
2246 4893 2460 4948 actibus
2499 4895 2821 4950 emendatus
2848 4897 2920 4951 sit
2942 4907 2998 4952 et
3022 4898 3318 4968 perfectus,
3354 4904 3483 4958 sub-

1893 4986 2127 5055 ripiatur
2170 4986 2221 5041 ei
2257 4994 2437 5042 tamen
2478 4987 2533 5040 in
2565 4987 2677 5042 oris
2714 4987 2848 5042 vitio
2884 4988 3484 5062 lapsuque'sermonis;

1897 5077 2042 5142 huic,
2070 5078 2284 5133 etiamsi
2329 5077 2627 5133 secundum
2655 5077 2898 5148 Apostoli
2925 5084 3252 5136 sententiam
3277 5099 3482 5154 negan-

1898 5174 1986 5222 tur
2018 5183 2185 5240 regna
2210 5169 2472 5224 caelorum
2505 5184 2612 5223 non
2652 5176 2830 5224 tamen
2863 5171 3091 5226 alterius
3130 5173 3487 5230 beatitudinis

1899 5261 2235 5314 abscinditur
2276 5260 2427 5314 locus
2473 5274 2487 5314 :
2539 5273 2912 5317 verumtamen
2961 5277 3027 5318 eo
3075 5265 3246 5332 magis
3297 5265 3344 5319 si
3395 5265 3489 5333 qui

1901 5352 1958 5406 in
1987 5352 2200 5407 caeteris
2223 5350 2496 5420 perfectus
2509 5360 2612 5418 est,
2628 5353 2876 5410 laborare
2903 5357 3067 5410 etiam
3099 5355 3153 5408 in
3181 5355 3283 5409 hoc
3306 5355 3488 5424 debet,

1901 5460 1972 5500 ne
2013 5445 2063 5500 ei
2098 5429 2402 5513 subripiens
2446 5459 2628 5514 pravae
2654 5447 3061 5503 consuetudinis
3087 5446 3301 5510 vitium,
3327 5446 3485 5502 coelo-

1902 5551 2024 5593 rum
2063 5549 2251 5607 regna,
2277 5536 2423 5606 quod
2448 5546 2535 5592 est
2553 5539 2797 5594 omnium
2826 5536 3220 5592 beatitudinum
3244 5535 3485 5602 culmen,

1904 5629 2119 5700 eriplat,
2147 5631 2396 5700 quamvis
2436 5631 2698 5687 Dominus
2741 5629 2982 5685 dixerit:
3013 5627 3082 5682 In
3120 5628 3277 5682 domo
3307 5626 3488 5685 Patris

1904 5725 2010 5782 mei
2046 5728 2344 5784 mansiones
2389 5728 2567 5784 multa:
2604 5734 2726 5782 sunt
2774 5722 2956 5796 (Joan.
3007 5721 3144 5794 xlv).
3189 5720 3490 5780 Possumus

1907 5823 2085 5884 adhuc
2106 5823 2303 5882 addere
2329 5824 2491 5879 ctiam
2517 5820 2645 5876 illud
2666 5816 2811 5890 quod
2836 5822 3034 5872 natura
3057 5815 3267 5884 peccati
3293 5815 3488 5873 similis
