3994 6352
96 5807 102 5884 ὲ

1087 387 1594 455 Ειιιωπιοηιε
1629 389 1706 452 ιο
1737 389 2138 454 LEM
2177 417 2247 440 -α
2283 389 2412 450 ΜΒ.
2453 389 2566 449 VII.

192 525 344 600 cipit,
389 519 483 593 qui
507 523 690 575 autem
713 514 1078 574 manuum-ti
1101 530 1302 572 nomen
1339 514 1557 570 Domini
1595 521 1774 570 morso

1902 520 1933 568 et
1951 507 2730 583 ocoldileglshtorprmceplt:
2764 515 2848 565 est
2861 515 3044 568 autem
3056 509 3106 570 is
3130 511 3462 586 (ιοὶοααιὼ
3557 499 3562 506 ’

194 615 498 680 morietur?
545 612 654 668 Aut
684 607 836 678 cuius
881 608 962 664 rei
989 608 1162 679 gratis
1187 607 1413 663 omnino
1443 619 1619 677 pinna
1650 606 1778 660 sub-
1877 605 2236 678 blasphemt‘,
2263 601 2408 662 sicut
2435 603 2602 660 semel
2629 603 2884 661 diximus.
3537 601 3560 623 ‘

194 714 458 776 mittitur,
499 707 596 779 qui
646 705 889 760 nominat
952 715 1150 758 nomen
1200 698 1464 756 Domini?
1533 697 1781 754 Invenies

195 807 338 868 enim
353 802 548 860 Isaiam
565 797 921 864 exsultantem
937 796 993 850 ln
1013 797 1118 852 hoc
1129 801 1187 850 et
1211 793 1509 850 dicentem:
1532 790 1777 857 Domine,

198 911 342 956 extra
365 907 416 951 te
454 893 617 950 alium
649 891 928 956 nescimus,
982 903 1172 944 nomen
1216 891 1366 943 tium
1419 883 1776 940 nominamus.

199 991 342 1060 Quod
369 1001 500 1060 ergo
529 989 734 1040 nomen
765 980 984 1037 Domini
1003 979 1126 1050 quis
1149 978 1458 1041 nominans,
1487 975 1587 1031 sub
1613 971 1783 1029 malae

199 1083 334 1138 dicto
379 1087 434 1134 et
465 1079 568 1134 sub
599 1089 760 1146 poena
788 1073 984 1129 mortis
1011 1069 1286 1128 edicitur?
1364 1065 1648 1138 Siquidem
1685 1061 1784 1118 ali-

201 1171 336 1246 quod
353 1175 529 1229 latens
553 1183 767 1234 nomen,
801 1176 856 1223 et
869 1167 1011 1236 quod
1039 1180 1140 1220 nos
1165 1163 1478 1232 ignoramus
1508 1159 1784 1229 logislator

199 1283 335 1324 nunc
372 1265 523 1330 dicit,
565 1260 716 1334 quod
747 1261 799 1316 in
830 1259 1112 1330 Scriptura
1163 1269 1320 1310 sacra
1351 1265 1460 1310 non
1497 1260 1582 1308 est
1613 1251 1786 1306 mani-

199 1358 473 1424 festatum,
503 1351 774 1427 quomodo
797 1351 1064 1424 quispiam
1093 1348 1196 1403 hoc
1222 1345 1470 1402 nominet
1505 1341 1654 1414 quod
1674 1349 1788 1398 non

201 1452 407 1518 didicit,
449 1463 548 1506 nec
581 1449 650 1504 ad
681 1445 920 1502 medium
955 1441 1202 1514 proferre
1234 1437 1462 1510 potest?
1522 1435 1658 1491 Vide
1685 1447 1785 1489 aue

199 1553 305 1602 tem
348 1545 475 1616 quid
530 1542 684 1598 nobis
720 1541 861 1595 Deus
906 1551 1004 1608 per
1051 1535 1272 1606 Moysen
1317 1529 1783 1589 manifestaverit:

202 1637 428 1709 Cuntque
455 1623 806 1691 descendisset
830 1629 1086 1686 Dominus
1113 1645 1207 1700 per
1235 1627 1449 1692 nubem,
1490 1625 1632 1680 stetit
1670 1637 1788 1676 cum

201 1749 256 1788 eo
282 1729 488 1802 Moyses
511 1729 756 1784 invocans
780 1741 968 1781 nomen
992 1722 1232 1788 Domini,
1256 1735 1357 1794 quo
1382 1725 1682 1774 transeunte
1702 1711 1789 1768 σος

202 1837 312 1875 ram
340 1838 398 1874 eo
415 1821 508 1886 ait,
535 1819 855 1873 Domiuator
877 1815 1102 1872 Domine
1127 1812 1270 1868 Deus
1296 1812 1596 1867 misericors
1624 1815 1672 1863 et
1685 1805 1789 1862 cle-

2490 695 2724 756 CAPUT
2767 695 2860 758 IV.

1878 789 1958 848 De
1969 791 2079 864 lege
2091 792 2300 850 talionis
2311 791 2648 865 percutientis
2664 800 2758 849 aut
2768 792 3132 865 interﬁcientis
3141 799 3462 869 prasinum.

1951 887 2134 961 (lum)
2179 888 2284 956 Qui
2308 889 2624 959 percusserit
2643 897 2698 944 et
2717 888 2965 945 ceciderit
2988 890 3272 961 hominem,
3300 905 3470 954 morte

1879 981 2159 1035 moriatur.
2219 981 2323 1047 Qui
2361 983 2684 1052 percusserit
2718 981 2940 1051 anitital,
2981 982 3162 1040 reddet
3186 986 3462 1059 sicarium,

1879 1072 1937 1126 id
1964 1079 2060 1139 est,
2088 1074 2319 1127 animant
2351 1089 2448 1145 pro
2477 1074 2671 1129 culina.
2729 1073 2834 1141 Qui
2865 1076 3178 1149 irrogaverit
3197 1080 3467 1136 maculam

1883 1164 2097 1218 cuilibet
2121 1164 2313 1220 civium
2337 1179 2586 1233 suorum;
2615 1167 2752 1221 sicut
2777 1167 2920 1238 fecit,
2935 1169 3030 1239 ﬁat
3051 1173 3104 1224 et
3125 1186 3146 1226 :
3174 1171 3468 1242 fracturam

1883 1269 1980 1328 pro
2015 1255 2523 1326 fractura,-oculum
2576 1273 2673 1329 pro
2711 1255 2884 1327 oculo,
2929 1259 3132 1314 dentem
3175 1277 3274 1333 pro
3319 1263 3476 1318 dente

1886 1349 2145 1417 restituet,
2171 1336 2383 1421 qualem
2426 1351 2683 1422 infecerit
2712 1350 2996 1417 maculam,
3029 1351 3187 1407 talem
3218 1355 3477 1412 sustinere

1885 1450 2126 1514 cogatur.
2164 1442 2270 1509 Qui
2289 1446 2604 1514 percusserit
2614 1444 2936 1515 jttmcntum,
2953 1443 3135 1499 reddet
3158 1443 3322 1500 aliud.
3372 1447 3479 1514 Qui

1887 1535 2202 1608 percusserit
2224 1535 2508 1604 hominem,
2530 1537 2796 1608 punietur.
2864 1535 3104 1608 Equum
3122 1536 3389 1608 judicium
3411 1539 3481 1594 sit

1887 1631 2026 1684 inter
2057 1645 2168 1696 vos,
2199 1630 2303 1684 sive
2329 1629 2653 1701 peregrinus,
2693 1629 2801 1685 sive
2820 1629 2948 1684 civis
2972 1630 3317 1701 pacaverint,
3352 1629 3481 1702 quia

1889 1737 1984 1793 ego
2007 1737 2124 1776 sum
2147 1721 2404 1776 Dominus
2426 1719 2574 1776 Deus
2591 1731 2773 1776 vester.
2840 1722 2948 1788 Qui
2975 1725 3290 1792 percusserit
3328 1730 3374 1776 et
3395 1737 3483 1776 oc-

1891 1816 2074 1871 ciderit
2099 1815 2391 1884 hominem,
2407 1816 2522 1871 sive
2537 1816 2838 1872 secundum
2865 1814 3030 1882 LXX,
3063 1816 3486 1888 quipercusserit

202 1927 337 1970 mens
362 1913 558 1987 (Exod.
592 1912 801 1984 xxxw).
855 1909 972 1966 Non
1009 1916 1186 1965 autem
1237 1907 1342 1963 hoc
1368 1906 1523 1962 nobis
1553 1900 1786 1958 manifb-
1815 1891 1864 1961 Β
1893 1913 2130 1967 animant
2155 1911 2381 1966 hominis
2413 1921 2581 1967 morte
2611 1913 2894 1966 moriatur.
2947 1897 3017 1966 Et
3071 1911 3193 1982 quis
3244 1910 3482 1967 hominis

203 2015 362 2063 staret
409 2007 452 2062 si
481 2023 579 2062 nos
599 2007 703 2061 hoc
729 2021 834 2060 non
858 2004 1141 2060 nominare
1174 2001 1455 2056 voluisset.
1514 1996 1621 2053 Sed
1637 1993 1783 2051 aliud

203 2113 336 2158 nunc
356 2117 454 2176 per
479 2100 768 2170 praesentia
791 2095 1066 2169 legislator
1081 2095 1448 2150 demonstrat:
1474 2091 1622 2146 illam
1638 2087 1784 2146 enim

203 2181 586 2262 blasphemiam
633 2206 794 2262 quam
855 2187 1076 2245 sciendo
1117 2187 1240 2258 quis
1292 2185 1599 2249 committit,
1645 2183 1786 2238 hanc

203 2287 294 2342 sub
313 2302 532 2358 poenam
556 2285 850 2340 maximam
872 2299 993 2340 esse
1026 2291 1083 2338 et
1106 2293 1216 2336 non
1248 2279 1517 2336 venialem
1550 2276 1701 2343 vult;
1730 2279 1786 2330 et

203 2377 299 2434 hoc
332 2378 470 2435 dicit
497 2385 684 2449 aperte
732 2377 874 2447 quod
906 2375 959 2430 in
1003 2371 1312 2448 Evangeliis
1359 2372 1620 2427 Dominus
1656 2368 1734 2423 ait
1769 2384 1782 2420 :

205 2471 360 2529 Omne
391 2483 662 2545 peccatum
692 2480 739 2526 et
787 2469 1107 2542 blasphemia
1134 2468 1426 2522 dimittetur
1463 2463 1783 2528 hominibus,

201 2565 284 2637 qui
313 2576 493 2620 autem
512 2563 702 2620 dixerit
733 2569 916 2617 contra
939 2553 1194 2632 Spiritum
1216 2567 1462 2612 sanctum
1493 2569 1595 2609 non
1616 2552 1789 2607 dimit-

201 2661 334 2713 tetur
353 2658 429 2724 ei,
458 2674 617 2730 neque
651 2657 704 2711 in
730 2655 826 2710 hoc
849 2653 1064 2723 saeculo,
1098 2667 1260 2725 neque
1285 2652 1342 2705 in
1365 2649 1542 2721 futuro
1567 2645 1785 2719 (Matth.

200 2749 322 2821 xu).
352 2731 753 2820 Blasphemiam
781 2747 1018 2818 Spiritus
1044 2761 1166 2801 eam
1199 2759 1321 2816 qum
1354 2743 1410 2798 in
1442 2741 1671 2798 scientia
1694 2737 1790 2794 Dei

203 2841 561 2898 committitur
606 2841 1001 2911 blasphemiam
1052 2837 1351 2910 appellans,
1409 2835 1535 2906 quia
1565 2831 1791 2889 Scientia

204 2929 396 2986 donum
431 2941 518 2986 est
559 2933 870 3000 specialiter
909 2929 1164 3002 Spiritus,
1208 2929 1284 2984 ita
1312 2935 1371 2984 ut
1419 2925 1619 2981 Paulus
1646 2925 1794 2979 dice-

202 3033 282 3079 ret
312 3042 324 3078 :
351 3021 500 3077 Huic
521 3022 681 3077 datur
698 3022 908 3094 quidem
928 3042 1019 3092 per
1039 3021 1295 3092 Spiritum
1308 3037 1476 3078 sermo
1496 3019 1790 3091 sapientia,

203 3114 289 3169 alii
317 3133 492 3171 sermo
504 3116 734 3170 scientia:
759 3115 812 3189 (I
834 3113 959 3170 Cor.
983 3111 1143 3187 χχιι).
1185 3111 1548 3182 Quamobrem
1579 3121 1634 3170 et
1652 3127 1794 3168 nunc

205 3207 453 3282 intelligis
489 3209 814 3266 maledicere
841 3209 1059 3279 quidem
1099 3207 1269 3263 Deum
1303 3208 1397 3282 qui
1426 3224 1535 3263 non
1571 3205 1791 3264 sciendo

1892 2003 2129 2076 percutit
2152 2005 2412 2070 animam,
2443 2004 2549 2059 nisi
2578 2004 2671 2074 qui
2707 2017 2832 2060 eum
2869 2001 3084 2060 illicitat
3133 2001 3202 2058 ad
3243 2002 3488 2074 impleta-

1895 2099 2028 2165 tcm,
2058 2098 2150 2170 qui
2179 2113 2304 2154 cum
2328 2099 2394 2153 ad
2415 2097 2760 2168 blasphcmos
2776 2099 2945 2153 trahit
2971 2111 3273 2165 sermones,
3302 2099 3358 2152 in
3369 2096 3491 2168 qui—

1892 2193 1996 2248 bus
2043 2201 2284 2247 meretur
2315 2192 2610 2263 pessimam
2654 2192 2868 2262 peccati
2901 2200 3154 2259 mortem,
3211 2205 3332 2262 quae
3361 2205 3493 2246 vera

1893 2293 1977 2340 est
1997 2301 2146 2340 mors
2173 2283 2399 2339 animae?
2459 2283 2690 2356 Propter
2722 2283 2866 2355 quod
2921 2293 3096 2342 morte
3146 2284 3306 2351 mori,
3345 2284 3494 2340 hunc

1893 2377 1986 2450 qui
2010 2377 2132 2432 talis
2153 2383 2235 2431 est
2259 2377 2534 2452 praecepit.
2589 2375 2688 2432 Hic
2711 2383 2895 2432 tamen
2922 2377 3156 2430 animam
3184 2375 3370 2434 dicens
3398 2375 3495 2430 ho-

1895 2469 2073 2535 minis,
2101 2469 2389 2526 animalcm
2407 2469 2642 2524 maxime
2677 2469 2953 2524 hominem
2979 2467 3130 2532 dicit,
3155 2465 3208 2523 id
3236 2469 3341 2534 est,
3368 2481 3496 2524 eum

1897 2559 1990 2630 qui
2029 2573 2136 2614 non
2158 2568 2334 2632 potest
2360 2558 2662 2632 intelligere
2684 2575 2805 2631 quae
2833 2567 2960 2616 sunt
2991 2557 3246 2632 Spiritus.
3291 2559 3370 2613 De
3388 2573 3497 2629 quo

1897 2653 1974 2712 ait
2004 2653 2204 2710 Paulus
2229 2673 2241 2708 :
2275 2653 2534 2709 Animalis
2560 2661 2733 2709 autem
2753 2655 2910 2709 homo
2942 2671 3044 2708 non
3060 2651 3276 2724 percipit
3297 2655 3360 2707 ea
3375 2667 3498 2723 qua:

1896 2757 2018 2806 sunt
2048 2747 2278 2820 Spiritus
2305 2745 2360 2820 (Ι
2383 2747 2506 2804 Cor.
2533 2747 2616 2822 ιι).
2653 2747 2895 2804 Stultitia
2915 2748 3060 2804 enim
3083 2755 3168 2802 est
3185 2745 3284 2811 illi,
3307 2755 3365 2801 ct
3389 2761 3500 2820 non

1896 2851 2076 2916 potest
2104 2841 2406 2914 intelligere
2429 2842 2556 2913 quia
2587 2841 2908 2912 spiritaliter
2942 2840 3308 2905 exanimatur,
3334 2851 3500 2910 quem

1899 2934 1989 3005 qui
2012 2934 2364 3005 percusserit,
2381 2941 2556 2990 morte
2578 2935 2860 2989 moriatur.
2917 2931 3024 2989 Sed
3060 2941 3115 2987 et
3157 2931 3204 2986 si
3226 2947 3500 3004 percusse-

1901 3026 1968 3080 rit
1999 3023 2238 3091 animal,
2282 3024 2534 3080 videlicet
2563 3042 2688 3081 eum
2737 3025 2830 3096 qui
2871 3021 3085 3098 pecoris
3129 3023 3289 3077 modo
3342 3021 3498 3091 vivit,

1901 3119 1966 3176 dc
2001 3136 2107 3190 quo
2132 3117 2209 3174 ait
2235 3113 2404 3174 David
2431 3138 2442 3173 :
2480 3117 2655 3173 Homo
2680 3134 2798 3172 cum
2825 3118 2881 3172 in
2898 3117 3096 3171 honore
3117 3125 3248 3170 esset
3283 3132 3387 3172 non
3419 3117 3504 3172 in-

1901 3205 2122 3277 tellexit,
2155 3220 2491 3282 comparatus
2529 3222 2602 3266 est
2633 3209 2880 3278 iumentis
2911 3207 3274 3280 insipientibus
3313 3207 3504 3264 similis

203 3299 561 3371 blasphemat.
625 3299 777 3356 Unde
808 3316 910 3356 nec
950 3299 1328 3372 blasphemare
1383 3316 1506 3356 eum
1541 3293 1789 3371 Symma—
1821 3283 1868 3356 C
1898 3302 2069 3373 factus
2106 3311 2180 3357 est
2204 3301 2312 3357 illis
2331 3297 2504 3374 (Psal.
2531 3299 2748 3375 XLVIII),
2790 3299 2970 3356 reddet
2997 3299 3280 3367 vicarium,
3317 3299 3373 3354 id
3394 3308 3503 3368 est,

205 3391 350 3459 chus,
386 3392 534 3448 sicut
574 3391 743 3447 lilium
772 3391 1018 3448 mulieris
1047 3389 1388 3458 lsraelitidis,
1417 3390 1657 3463 scripsit,
1706 3386 1802 3446 sed

204 3483 517 3553 detrahere;
559 3485 696 3542 dixit
722 3483 890 3552 enim,
921 3485 1076 3540 homo
1100 3486 1188 3556 qui
1221 3477 1511 3539 detraxerit
1544 3479 1654 3538 Deo
1681 3498 1798 3537 suo.

204 3573 266 3634 Et
292 3597 386 3650 per
409 3583 518 3636 hoc
540 3579 1097 3636 maximcostenditur
1123 3579 1251 3650 quia
1272 3596 1370 3652 per
1405 3577 1631 3634 nimiam
1651 3577 1804 3648 igno-

207 3670 434 3724 rantiam
473 3687 539 3723 ea
561 3669 627 3722 de
674 3673 784 3726 Deo
820 3687 942 3742 qum
961 3671 1027 3726 de
1055 3670 1277 3725 homine
1300 3667 1486 3734 habet,
1516 3665 1570 3722 in
1607 3665 1804 3736 quibus

206 3759 376 3816 locum
428 3761 598 3815 habet
641 3759 927 3826 detractio,
979 3761 1202 3825 dicm‘c;
1233 3768 1610 3815 verumtamen
1645 3763 1700 3811 et
1728 3756 1806 3814 sic

204 3861 491 3924 peccatum
524 3851 742 3920 accipit,
783 3851 912 3920 quia
951 3850 1079 3905 dum
1106 3850 1331 3905 deberet
1384 3847 1673 3905 scientiam
1707 3848 1806 3902 ha-

205 3943 352 4008 bere,
381 3957 498 3995 non
529 3941 710 3996 habet.
757 3940 1052 3996 Nominare
1073 3951 1252 3996 autem
1280 3955 1475 3996 nomen
1507 3939 1719 3995 Domini
1751 3941 1807 3994 in

208 4032 584 4088 maledicendo
617 4031 693 4086 ait
723 4047 846 4087 eum
879 4032 969 4101 qui
1003 4032 1059 4086 in
1099 4031 1325 4086 scientia
1348 4031 1725 4102 blasphemat;
1751 4031 1808 4086 hi

211 4136 383 4184 autem
411 4123 634 4195 proprie
648 4124 938 4180 Dominum
971 4125 1256 4180 nominant
1274 4124 1498 4195 quicjus
1522 4124 1807 4182 scientiam

212 4220 620 4292 conquisierum
643 4235 742 4290 per
756 4219 1017 4290 Spiritum
1037 4237 1052 4276 :
1083 4217 1254 4275 Nemo
1279 4222 1417 4275 enim
1431 4230 1594 4292 potest
1613 4220 1807 4289 dicere,

214 4311 465 4366 Dominus
493 4311 670 4378 Jesus,
688 4313 1143 4383 quemadmodum
1164 4313 1362 4372 Paulus
1376 4315 1472 4381 ait,
1495 4315 1595 4370 nisi
1619 4303 1809 4386 iuSpi-

217 4405 310 4457 ritu
340 4415 526 4460 sancto
556 4405 608 4477 (Ι
633 4404 753 4461 Cor.
786 4408 907 4478 xu).
955 4405 1095 4474 Quia
1118 4424 1248 4478 ergo
1290 4408 1524 4464 scientes
1559 4385 1808 4477 blasphe-

220 4503 375 4561 mant,
408 4503 560 4550 recte
585 4506 712 4550 sunt
745 4499 860 4556 sine
893 4500 1074 4566 venia,
1129 4500 1243 4558 sive
1282 4516 1315 4554 a
1359 4501 1606 4570 patribus
1634 4501 1808 4556 scien-

1903 3394 2145 3450 animam
2173 3411 2273 3468 pro
2294 3393 2496 3449 anima.
2560 3391 2672 3448 Nec
2692 3391 2841 3448 enim
2872 3391 3001 3463 quia
3031 3401 3375 3461 peccatorem
3407 3397 3507 3448 aut

1902 3487 2241 3560 pepularem,
2271 3497 2328 3544 ct
2354 3499 2463 3544 non
2507 3486 2801 3542 habentem
2831 3484 3216 3541 discretionem
3249 3485 3508 3544 subtilem

1905 3580 1972 3636 de
2019 3580 2152 3647 Deo,
2192 3594 2378 3636 errare
2417 3579 2568 3646 fecit,
2598 3579 2756 3633 venia
2784 3578 3009 3633 omnino
3055 3579 3250 3650 dignus
3303 3587 3408 3647 est,
3459 3579 3512 3636 si

1907 3682 2092 3728 autem
2125 3688 2236 3728 non
2287 3672 2369 3728 sic
2415 3670 2751 3741 percusserit
2781 3679 2842 3724 ut
2887 3670 3127 3740 perfecte
3154 3686 3282 3725 cum
3309 3671 3377 3726 ad
3406 3671 3507 3725 im-

1906 3762 2171 3835 pietatem
2199 3764 2544 3834 perduceret,
2573 3769 2628 3818 ct
2663 3777 2730 3816 ex
2761 3769 2878 3816 toto
2926 3777 3050 3815 eum
3079 3775 3267 3817 errare
3299 3761 3510 3818 faceret

1909 3872 1944 3914 a
1980 3855 2114 3924 Deo,
2146 3855 2372 3918 omnino
2430 3864 2615 3920 autem
2649 3851 2900 3936 quaedam
2933 3855 2984 3918 ei
3014 3853 3216 3914 dixerit
3262 3863 3356 3911 aut
3385 3871 3508 3928 cge-

1910 3948 2032 4013 rit,
2091 3955 2147 4001 ct
2197 3944 2473 4002 maculam
2521 3947 2736 4016 peccati
2785 3945 3156 4016 irrogaverit,
3206 3947 3509 4003 secundum

1914 4038 2014 4094 hoc
2043 4045 2100 4094 et
2127 4051 2348 4108 pinnam
2376 4037 2688 4093 sustinebit.
2740 4037 2832 4092 Ait
2862 4037 3008 4092 enim
3041 4050 3058 4092 :
3113 4035 3218 4102 Qui
3248 4039 3511 4110 irrogave-

1911 4129 1978 4183 rit
2005 4129 2270 4184 maculam
2302 4129 2512 4184 cuilibet
2539 4131 2728 4184 civium
2755 4146 3016 4190 suorum;
3055 4130 3192 4180 sicut
3235 4127 3376 4196 fecit,
3415 4129 3513 4199 [iat

1910 4219 1959 4276 ei
1986 4235 2007 4272 .’
2041 4221 2338 4289 fracturam
2358 4233 2454 4289 pro
2489 4214 2749 4287 fractura,
2779 4213 2895 4270 sive
2932 4223 2992 4269 ut
3037 4214 3204 4284 LXX,
3246 4219 3515 4276 contritio-

1911 4327 2032 4365 nem
2079 4328 2176 4381 pro
2210 4309 2540 4375 contritione,
2594 4305 2804 4363 oculum
2824 4323 2920 4379 pro
2952 4308 3124 4376 oculo,
3166 4309 3372 4365 dentem
3417 4330 3514 4384 pro

1911 4408 2083 4472 dente.
2140 4406 2266 4464 Sive
2295 4407 2438 4472 enim
2470 4407 2730 4472 virtutem
2774 4422 2940 4478 quam
2969 4406 3156 4462 habuit
3208 4409 3344 4464 civis
3399 4409 3514 4466 sive
3613 4393 3616 4396 ’

1909 4503 2213 4575 proximus,
2244 4503 2336 4572 ille
2370 4499 2516 4568 mla
2540 4503 2763 4568 docens,
2794 4509 2887 4562 aut
2933 4500 3189 4566 suadens,
3225 4509 3318 4556 aut
3349 4517 3510 4562 scan-

221 4585 342 4640 ιίθιη
395 4587 636 4653 “abem,
695 4597 750 4644 οι
812 4587 1153 4659 ῖΨΡθΠίληῑυΓ
1205 4601 1426 4658 Prome"
1481 4593 1586 4650 hoc
1635 4594 1803 4660 cives,
1833 4643 1880 4665 _._
1913 4597 2178 4663 dalizans,
2212 4605 2306 4652 aut
2354 4597 2670 4660 detrahens,
2702 4603 2798 4656 aut
2847 4593 3184 4649 calumnians
3232 4595 3510 4665 contrivit,

222 4679 326 4736 sive
349 4682 513 4736 modo
539 4695 662 4735 eam
713 4679 1040 4744 didicerunt,
1073 4688 1128 4734 ct
1173 4689 1464 4750 propterea
1492 4679 1619 4734 sUnt
1652 4694 1810 4748 perc-
1833 4657 1888 4713 Β
1915 4685 2030 4740 sive
2057 4686 2274 4741 oculum
2311 4684 2450 4753 ejus,
2494 4685 2750 4742 videlicet
2773 4686 3077 4754 scientiam,
3108 4703 3280 4746 unum.
3301 4691 3510 4760 quodli-

225 4775 382 4846 grini.
431 4775 572 4838 Cum
627 4775 912 4863 nominant
968 4790 1098 4852 ergo
1130 4790 1328 4830 nomen
1364 4772 1601 4838 Domini,
1662 4781 1810 4828 recte
1913 4779 2008 4834 bet
2027 4778 2418 4848 praedictorum
2443 4793 2630 4849 agens,
2660 4779 2906 4845 caecavit,
2937 4789 3031 4835 aut
3059 4780 3304 4851 dentem,
3331 4784 3510 4840 virtu-

227 4871 542 4937 morientur,
572 4869 630 4930 id
646 4880 749 4935 est,
775 4886 899 4928 cum
920 4871 1202 4930 nominant
1228 4877 1284 4926 ct
1303 4868 1703 4938 blasphemant.
1726 4865 1816 4920 Vi-

229 4961 312 5016 des
356 4965 508 5020 enim
527 4964 655 5044 qpia
688 4971 744 5020 et
768 4963 855 5018 ille
883 4961 1193 5022 Israeliticae
1222 4960 1468 5018 mulieris
1492 4959 1654 5024 ﬁlius,
1684 4956 1813 5032 quia

229 5057 518 5114 nominavit
541 5072 736 5114 nomen
753 5065 810 5110 et
831 5055 1246 5126 blasphemavit,
1264 5069 1483 5124 pinnam
1509 5053 1610 5109 sibi
1626 5065 1814 5122 super-

233 5144 474 5205 induxit‘t
533 5150 638 5206 Sed
677 5160 731 5207 et
767 5151 824 5206 in
857 5151 962 5206 hac
994 5147 1276 5204 sanctione
1292 5149 1398 5204 hoc
1428 5149 1574 5219 quod
1597 5148 1812 5202 videtur

236 5237 674 5311 dubium,Aquila
701 5243 915 5313 planius
927 5241 1126 5306 edidit;
1150 5241 1228 5308 ait
1247 5239 1394 5298 enim
1425 5257 1438 5293 :
1490 5237 1582 5292 Vir
1599 5237 1813 5308 quando

239 5328 656 5401 blasphemacerit
689 5333 861 5388 Deum
887 5350 1064 5400 suum,
1109 5341 1158 5388 et
1205 5331 1466 5402 acceperit
1483 5329 1814 5399 iniquitatem

239 5422 346 5491 sibi,
388 5437 435 5490 et
462 5427 806 5496 denominans
845 5445 1034 5494 nomen
1073 5427 1313 5494 Domini,
1342 5435 1518 5484 morte
1534 5425 1812 5486 moriatur;

240 5513 350 5574 Non
376 5519 512 5576 dixit
539 5521 836 5590 nominans,
853 5522 950 5586 sed
974 5521 1339 5589 denominans,
1369 5527 1434 5576 ut
1450 5519 1594 5576 hunc
1613 5519 1680 5574 de
1703 5529 1814 5587 (tuo

241 5619 374 5674 nunc
416 5627 600 5670 sermo
622 5621 727 5682 est,
785 5613 952 5669 simul
990 5611 1368 5684 blasphemarc
1422 5619 1478 5667 et
1532 5610 1816 5668 nominare

243 5701 561 5768 ostenderet.
599 5703 750 5778 Ergo.
764 5720 890 5762 eum
917 5706 1010 5778 qui
1027 5705 1370 5778 blasphemat
1389 5705 1706 5771 euboetius
1721 5719 1816 5762 no-

247 5802 360 5856 mea
400 5791 630 5865 Domini,
661 5799 918 5862 videlicet
951 5799 1214 5871 Spiritum
1255 5799 1358 5874 (ait
1567 5797 1816 5862 Paulus:

248 5877 494 5945 Dominus
517 5889 653 5950 enim
669 5891 883 5963 spiritus
927 5902 1004 5954 est
1027 5892 1116 5966 [Il
1145 5893 1269 5954 Cor.
1294 5893 1380 5966 ιιι]
1400 5894 1441 5966 ),
1499 5895 1645 5956 hunc
1671 5896 1815 5957 mori

1916 4877 2027 4928 tem
2057 4870 2350 4926 verborum
2391 4871 2700 4932 excusserit.
2740 4869 2954 4941 (dentes
2997 4873 3142 4929 enim
3195 4890 3296 4945 pro
3333 4875 3512 4932 verbis

1917 4959 2203 5031 Scriptura
2232 4962 2482 5034 accipere
2533 4962 2696 5029 solet,
2746 4964 2896 5033 quod
2941 4967 3181 5023 ostendit
3225 4968 3394 5022 David
3431 4968 3512 5022 di-

1919 5067 2048 5110 cens
2074 5071 2087 5107 :
2129 5052 2262 5110 Filii
2283 5054 2576 5121 hominum,
2612 5055 2791 5118 dentes
2824 5073 3008 5114 eorum
3031 5075 3183 5122 arma
3204 5069 3254 5114 et
3276 5061 3506 5132 sagittm,

1915 5154 1968 5200 et
1985 5145 2172 5218 lingua
2201 5163 2384 5204 eorum
2408 5148 2654 5202 machara
2681 5157 2842 5214 uacua.
2869 5147 3042 5219 [Psal.
3071 5149 3212 5221 LVI];
3256 5151 3321 5206 de
3353 5151 3508 5206 Chri-

1915 5245 2008 5296 sto
2053 5238 2222 5296 Jacob
2256 5238 2576 5310 patriarcha
2630 5239 2692 5303 in
2732 5239 3201 5300 benedictionibus
3244 5240 3458 5296 dicebat
3489 5257 3504 5296 :

1916 5329 2262 5392 Pulchrior“
2284 5341 2406 5388 sunt
2431 5331 2572 5396 oeuli
2606 5332 2722 5406 qius
2759 5336 2899 5402 uino,
2940 5343 2990 5390 et
3019 5335 3198 5390 claues
3223 5333 3358 5388 lacte
3382 5351 3509 5389 cau-s

1916 5424 2150 5480 didiores
2175 5421 2332 5499 [,Gen.
2361 5424 2536 5499 xux],
2567 5426 2700 5484 clari
2731 5427 2875 5484 enim
2897 5438 2954 5483 et
3003 5427 3180 5495 aperti
3209 5425 3507 5495 evangelici

1917 5520 2124 5578 Christi
2147 5516 2430 5580 sermones
2460 5531 2586 5578 sunt
2614 5538 2776 5593 super
2812 5524 2895 5578 lae
2925 5520 3116 5592 legale)
3143 5537 3156 5585 ;
3198 5519 3509 5576 necessario

1915 5629 2048 5686 ergo
2073 5631 2274 5672 eorum
2287 5631 2408 5687 quae
2428 5616 2576 5672 dicta
2607 5623 2744 5672 sunt
2776 5613 2982 5683 aliquid
3030 5625 3236 5674 nocens
3274 5611 3510 5666 similent

1915 5717 1974 5766 et
2001 5707 2368 5779 ipsesustinet
2391 5707 2682 5774 maculam,
2705 5707 2761 5763 in
2781 5701 3000 5771 judicio.
3015 5700 3270 5758 videlicet
3299 5699 3503 5766 futuro.

1917 5798 2146 5861 Sienim
2173 5800 2402 5872 alterius
2421 5799 2614 5862 virtuti
2657 5795 2862 5862 nocuit.
2892 5799 2990 5856 aut.
3025 5791 3306 5862 contrivit,
3340 5793 3509 5864 ipsius

1917 5901 2266 5967 conteretur,
2317 5893 2365 5954 si
2396 5890 2700 5969 scientiam
2733 5885 3079 5962 obscuravit,
3114 5885 3234 5962 ejus
3275 5886 3509 5972 scicntia
