3892 6346
1163 335 1226 392 Β.
1263 331 1517 393 RABANI
1553 333 1774 393 IAURl
1808 334 2148 396 .ARGIIIEI‘.1
2171 333 2479 394 HOGUNEI‘.
2515 331 2804 395 opertum
2839 331 3018 388 PARS
3052 331 3098 386 ι.

480 451 583 532 pro
617 451 766 510 nullo
782 451 1072 509 habebitur
1089 493 1104 518 ,
1149 453 1195 509 si
1219 467 1352 509 vero
1371 455 1734 511 doctoralibus
1753 456 1960 522 nocuit,
2007 463 2064 510 et
2087 458 2141 520 Α
2165 461 2257 510 tur
2283 454 2483 509 omnia.
2516 451 2762 523 Septimo
2782 460 3128 508 autemauno
3155 448 3439 516 sabbatum
3459 456 3769 524 etrequies

479 548 599 620 ejus
628 559 907 603 sermones
933 543 1297 600 infructuosos
1339 547 1393 601 ei
1439 554 1600 616 atque
1624 546 1842 602 inutiles
1891 545 2060 616 iudex

479 641 698 700 eﬂiciet.
761 639 990 711 Propter
1021 637 1163 710 quod
1199 649 1254 694 et
1275 639 1472 694 Paulus
1518 639 1688 695 dixit:
1739 640 1842 707 Qui
1885 650 2058 694 autem

478 734 756 788 conturbat
803 747 916 797 vos,
943 732 1169 802 portabit
1207 733 1471 802 judicium
1520 734 1812 804 quicunque
1858 744 1932 787 est
1971 733 2060 787 ille

467 819 682 894 ’(Gatat.
704 822 798 897 v);
835 825 950 879 sive
973 839 1198 894 parvus,
1225 826 1339 882 sive
1361 841 1609 898 magnus,
1634 828 1748 882 sive
1771 827 2056 882 scientiam

471 914 684 972 habens
718 914 1037 985 plurimam;
1068 916 1184 973 sive
1208 931 1452 987 parvam,
1478 917 1592 972 sive
1617 934 1760 973 nunc
1784 919 2054 984 didicerit,

471 1009 590 1066 sive
613 1010 788 1080 prius,
810 1009 925 1065 sive
945 1010 1080 1065 civis
1107 1009 1238 1077 ﬁde,
1269 1012 1383 1066 sive
1430 1011 1764 1082 peregrinus.
1804 1010 1941 1066 Cum
1963 1026 2058 1063 au-

465 1097 587 1157 tem
625 1100 743 1156 haec
775 1101 852 1155 ita
887 1115 946 1157 se
977 1100 1232 1168 habeant,
1264 1104 1571 1158 necessaria
1613 1111 1731 1158 erat
1764 1102 1964 1157 ludatis
2003 1109 2058 1156 et

473 1189 670 1246 litterae
695 1191 926 1256 sanctio,
944 1192 1070 1261 quia
1093 1209 1202 1248 non
1223 1193 1511 1264 capiebant
1553 1196 1741 1250 audire
1770 1212 1784 1248 :
1850 1193 1911 1248 Si
1937 1194 2054 1263 quis

459 1267 523 1336 "te
549 1283 863 1358 percusserit
889 1285 944 1338 in
967 1285 1234 1338 dexteram
1255 1285 1531 1340 maxillam
1554 1294 1720 1350 tuam,
1771 1285 1940 1354 pra'be
1974 1283 2056 1337 illi

455 1367 525 1425 "et
562 1372 782 1426 alteram
831 1371 1049 1444 (Matth.
1078 1373 1156 1447 v).
1225 1373 1335 1430 Sed
1386 1390 1510 1430 cum
1551 1383 1735 1429 essent
1786 1371 2051 1438 malevoli,

469 1464 845 1534 unusquisque
888 1464 992 1519 hoc
1021 1466 1328 1536 proximum
1363 1474 1654 1521 exacturus
1677 1473 1816 1528 erat,
1861 1471 1919 1518 et
1947 1477 2056 1517 non

467 1557 584 1631 ipse
612 1576 793 1631 agere.
852 1560 1020 1616 Recte
1047 1575 1176 1634 ergo
1211 1561 1291 1616 eis
1322 1559 1537 1614 oculum
1563 1573 1661 1628 pro
1707 1555 1883 1622 oculo,
1924 1555 2056 1610 den-

466 1658 576 1704 tem
605 1665 706 1721 pro
751 1651 911 1706 dente
942 1651 1072 1706 dare
1101 1652 1395 1716 dicebatur,
1427 1659 1488 1704 ut
1513 1657 1660 1703 metu
1686 1648 1905 1702 alterna:
1935 1662 2055 1716 pce-

464 1753 550 1797 me
589 1758 621 1796 a
657 1742 931 1798 violentiis
954 1751 1008 1797 et
1029 1742 1335 1797 homicidiis
1360 1743 1715 1796 abstinerent.
1756 1736 2051 1807 Sequitur:

2161 545 2266 599 erit
2297 553 2492 610 terrae,-
2517 544 2734 613 quando
2752 543 2900 600 enim
2924 539 3265 611 intelligibile
3293 549 3542 606 nostrum
3583 559 3767 604 vene-

2159 636 2234 690 n't
2259 635 2566 700 sabbatum,
2609 635 2664 689 id
2699 643 2803 699 est,
2832 633 3117 703 praesentis
3163 632 3347 690 saculi
3386 637 3636 706 requies,
3690 639 3768 698 de

2159 743 2266 799 qua
2287 728 2368 782 ait
2390 726 2588 782 Paulus
2623 745 2637 780 :
2678 725 2820 796 Ergo
2851 724 3162 795 relinquitur
3185 724 3535 784 sabbatismus
3555 731 3763 801 popula

2158 820 2257 876 Dei
2279 820 2467 892 (Hebr.
2499 819 2596 891 iv),
2653 834 2817 888 quem
2847 819 3024 888 signat
3062 817 3182 875 dies
3222 819 3473 888 septima,
3505 822 3637 891 quia
3661 838 3764 884 se-

2155 915 2322 985 ptima
2353 915 2440 969 die
2485 913 2755 983 requievit
2782 912 2923 968 Deus
2948 912 3016 968 ab
3044 911 3297 970 omnibus
3317 913 3574 984 operibus
3611 916 3756 980 suis,

2157 1006 2408 1061 videlicet
2426 1005 2750 1070 visibilibus,
2782 1013 3069 1074 propterea
3118 1012 3247 1060 tunc
3277 1005 3620 1074 operationis
3644 1024 3753 1064 non

2155 1105 2242 1151 est
2269 1105 2517 1167 tempus:
2557 1105 2612 1150 et
2646 1095 2766 1150 ideo
2811 1109 2912 1150 nec
2935 1110 3126 1164 agrum
3169 1097 3305 1167 legis
3361 1107 3491 1154 tunc
3537 1113 3744 1166 serere,

2155 1201 2258 1242 nec
2277 1186 2643 1254 evangelicam
2655 1185 2868 1240 vineam
2892 1193 3082 1254 putare
3100 1200 3410 1254 possumus.
3437 1189 3588 1259 Ager
3605 1191 3749 1244 enim

2157 1294 2189 1333 a
2217 1279 2376 1335 nobis
2401 1279 2490 1334 lex
2524 1287 2673 1334 recte
2709 1277 3050 1348 intelligitur,
3083 1279 3210 1347 quia
3239 1281 3423 1338 senior
3451 1282 3623 1348 (ilius,
3660 1283 3750 1353 qui

2147 1369 2384 1439 inuictis
2401 1371 2582 1442 populi
2605 1369 2830 1426 aemulus
2861 1379 2970 1435 est,
2994 1370 3089 1439 qui
3121 1371 3414 1442 imaginem
3441 1374 3633 1444 pepuli
3663 1373 3748 1430 Ju-

2155 1463 2394 1518 daeorum
2413 1461 2572 1533 gerit,
2599 1463 2665 1516 de
2689 1476 2841 1530 agro,
2871 1461 3128 1518 videlicet
3144 1463 3462 1532 operatione
3485 1464 3642 1535 legis,
3672 1481 3747 1520 re-

2154 1551 2294 1608 verti
2351 1551 2576 1617 dicitur;
2627 1551 2785 1606 vinea
2835 1559 3015 1606 autem
3041 1551 3351 1622 evangelica
3407 1569 3526 1609 sme
3566 1554 3744 1624 aliqua

2156 1647 2430 1702 dubietate
2450 1645 2764 1716 praedicatio
2792 1654 2898 1710 est,
2927 1643 3178 1699 Christus
3211 1643 3356 1700 enim
3404 1646 3455 1700 ei
3505 1647 3745 1702 occasio-

2155 1752 2279 1794 nem
2307 1747 2364 1794 et
2399 1739 2684 1794 materiam
2729 1737 2892 1801 dedit,
2951 1738 3044 1806 qui
3075 1738 3249 1792 dixit:
3302 1736 3417 1809 Ego
3439 1756 3562 1795 sum
3606 1740 3737 1802 uitis,

535 1831 868 1904 Locutusque
883 1842 958 1887 est
979 1831 1186 1902 Moyses
1208 1833 1277 1886 ad
1297 1832 1436 1900 ﬁlios
1458 1831 1629 1885 Israel
1655 1839 1739 1884 :et
1760 1829 2051 1883 eduxerunt
2079 1821 2128 1882 B
2156 1843 2242 1884 vos
2265 1839 2437 1884 autem
2457 1829 2718 1900 palmites,
2749 1841 2796 1884 et
2826 1826 2990 1883 Pater
3008 1846 3153 1884 meus
3179 1829 3415 1900 agricola
3443 1841 3523 1885 est
3561 1832 3734 1899 (Joan.

439 1917 580 2002 cum
601 1926 691 1993 qui
718 1924 1166 1995 blasphemaverat
1193 1935 1341 1978 extra
1368 1932 1565 1989 castra,
1594 1939 1656 1976 ac
1682 1920 2054 1993 lapidibus‘op—

2157 1919 2269 1992 xv).
2312 1919 2422 1976 Nec
2449 1934 2578 1992 ergo
2607 1919 2786 1976 colere
2809 1919 3003 1990 legalia
3029 1928 3123 1974 aut
3150 1921 3463 1992 evangelica
3490 1924 3736 1978 mandata

443 2011 782 2086 presserunt,
799 2004 1132 2087 feceruntque
1146 2015 1246 2084 ﬁlii
1269 2015 1438 2070 Israel
1461 2016 1597 2069 sicut
1617 2011 2056 2084 prmceperatDo-
2153 2020 2276 2081 post
2310 2011 2515 2068 exitum
2559 2012 2625 2067 de
2650 2011 2754 2068 hac
2781 2011 2893 2066 vita
2920 2021 3016 2066 aut
3070 2012 3361 2068 transitum
3397 2014 3732 2084 poterimus;

459 2103 632 2157 minus
666 2102 862 2174 Moysi.
932 2104 1252 2159 Audivimus
1295 2119 1440 2158 nunc
1488 2098 1945 2172 quemadmodum
1984 2099 2053 2156 de

439 2192 656 2248 castris
685 2196 872 2249 eduxit
897 2210 1021 2251 eum
1073 2195 1164 2265 qui
1211 2195 1634 2264 blasphemavit,
1674 2191 2051 2262 lapidibusque

454 2297 581 2339 eum
628 2286 860 2356 Opprimi
915 2287 1210 2356 praecepit;
1261 2293 1547 2354 propterea
1599 2283 1952 2354 indignationi
1993 2289 2050 2337 et

454 2390 592 2444 Opus
621 2377 849 2443 addidit,
888 2364 958 2432 et
987 2377 1163 2448 legem
1219 2377 1315 2430 tibi
1342 2376 1506 2430 etiam
1531 2375 1902 2446 experimento
1930 2375 2047 2444 ipso

455 2464 835 2522 conﬁrmatam
877 2469 1134 2535 ostendit,
1159 2476 1218 2523 ut
1277 2478 1333 2524 et
1365 2478 1419 2523 tu
1448 2469 1826 2540 blasphemare
1874 2469 2046 2524 Deum

421 2547 694 2623 'timeres,
734 2566 788 2614 et
821 2557 1036 2630 fugeres
1078 2559 1211 2614 illud
1239 2561 1433 2616 timens
1465 2561 1676 2629 peccati
1718 2559 2046 2630 magnitudi-

442 2641 598 2715 nem,
630 2651 775 2720 quod
814 2666 922 2705 non
957 2651 1132 2707 solum
1170 2653 1464 2722 principes,
1491 2652 1586 2708 sed
1612 2666 1829 2706 omnem
1861 2650 2044 2704 mulu-

420 2755 422 2758 ·
446 2739 689 2796 tudinem
716 2742 994 2797 vindicare
1019 2743 1285 2812 praecipit.
1362 2742 1678 2798 Communis
1711 2742 1857 2796 enim
1882 2739 2044 2795 debet

423 2835 569 2891 esse
598 2835 849 2892 omnibus
888 2846 1078 2892 contra
1122 2837 1468 2908 blasphemus
1497 2853 1698 2909 pugna,
1739 2837 1870 2906 quia
1892 2851 2042 2890 con.-

417 2915 595 2982 imuni
645 2936 835 2984 nostro
875 2929 1230 2996 benefactori,
1265 2929 1540 2984 communi
1563 2936 1764 2983 nostra:
1798 2927 1942 2990 vitae,
1972 2942 2040 2981 ex

407 3003 424 3012 ’
443 3027 549 3083 quo
576 3025 776 3071 omnes
797 3024 854 3070 et
871 3031 990 3070 esse
1035 3027 1091 3071 et
1117 3019 1257 3073 bene
1288 3034 1410 3074 esse
1437 3019 1722 3082 habemus,
1747 3016 2039 3071 detrahere

416 3091 422 3108 ’
445 3111 678 3174 tentant,
698 3106 816 3176 ejus
836 3107 1056 3176 quidem
1080 3109 1263 3179 gloria:
1290 3111 1718 3176 nihilnocentes,
1735 3125 1836 3166 nos
1854 3119 2035 3165 autem

415 3183 509 3252 'ab
537 3213 603 3253 eo
637 3212 892 3268 separare
913 3205 974 3253 et
1002 3200 1277 3268 expellere
1296 3200 1566 3257 volentes.

1085 3308 1316 3367 CAPUT
1339 3313 1406 3369 Ἴ.

414 3393 518 3480 έροε
553 3403 728 3475 requie
776 3404 902 3458 anni
959 3387 1166 3475 septimi
1210 3415 1325 3474 post
1379 3404 1673 3476 ingressum
1726 3408 1782 3462 in
1838 3417 2034 3463 terram

1102 3485 1365 3531 sanctam.

435 3549 458 3562 ”
507 3561 660 3637 (αλιι.
691 3564 847 3638 xxv.)
891 3565 1222 3638 Loculusque
1244 3574 1321 3621 est
1349 3567 1609 3623 Dominus
1637 3569 1707 3623 ad
1731 3568 1951 3640 Moysen
1976 3571 2034 3624 in

437 3668 611 3740 monte
636 3657 812 3725 Sinai,
843 3660 1020 3715 dicens
1051 3675 1070 3712 :
1102 3659 1337 3731 Loquere
1366 3660 1492 3730 [iliis
1507 3659 1699 3726 Israel,
1723 3671 1772 3715 et
1795 3660 1940 3716 dices
1961 3661 2031 3715 ad

433 3771 557 3820 eos;
578 3753 1040 3826 Quandoingressi
1065 3755 1272 3824 fueritis
1300 3762 1496 3807 terram
1507 3769 1666 3824 quant
1682 3769 1775 3822 ego
1790 3754 1926 3808 dabo
1947 3769 2034 3808 vo-

433 3843 531 3910 bis,
547 3845 836 3900 sabbatizes
852 3845 1128 3899 sabbatum
1142 3845 1390 3899 Domino.
1407 3842 1517 3899 Sea:
1526 3844 1682 3896 anuis
1693 3858 1834 3896 seres
1847 3858 2032 3912 agrum

432 3929 605 4002 tuum,
650 3947 698 3991 et
732 3953 822 3991 sea:
846 3938 1000 3992 annis
1027 3936 1240 4008 putabis
1274 3938 1480 3991 vineam
1509 3946 1676 4002 tuam,
1721 3934 2034 4005 colligesque

400 4013 404 4016 ’
430 4030 636 4100 fructus
665 4029 781 4102 ejus
813 4045 829 4080 :
869 4029 1087 4102 septimo
1115 4041 1294 4085 autem
1315 4046 1456 4085 anno
1487 4031 1765 4084 sabbatum
1793 4029 1894 4084 erit
1929 4037 2034 4083 ter-

432 4137 529 4186 ηε,
568 4100 903 4189 requietionis
932 4122 1146 4170 Domini
1170 4140 1188 4171 .-
1220 4139 1407 4188 agrum
1434 4139 1542 4176 non
1571 4139 1732 4184 seres,
1756 4131 1805 4173 et
1823 4123 2031 4174 vineam

431 4227 538 4267 non
575 4209 803 4280 putabis.
871 4204 1002 4271 Qua:
1023 4217 1202 4276 sponte
1229 4209 1392 4276 gignit
1417 4207 1608 4262 humus
1642 4226 1748 4262 non
1767 4219 1947 4274 metes,
1981 4217 2032 4262 et

397 4281 402 4290 I
429 4317 558 4357 uvas
569 4298 802 4372 primitia
810 4314 925 4352 rum
942 4308 1156 4351 tuarum
1171 4314 1275 4350 non
1289 4298 1497 4368 colliges
1511 4301 1664 4369 quasi
1679 4300 1994 4356 vindemiam
2007 4317 2028 4358 :

419 4389 601 4447 annus
633 4392 770 4446 enim
798 4388 1136 4461 requietionis
1169 4398 1243 4442 est
1285 4396 1474 4454 terra;
1514 4391 1604 4443 sed
1628 4402 1780 4445 erunt
1813 4393 1953 4446 vobis
1974 4394 2030 4447 in

395 4481 624 4542 "cibum,
655 4479 746 4532 tibi
775 4489 823 4533 et
851 4495 998 4532 servo
1025 4487 1138 4543 tuo,
1161 4477 1370 4532 ancilla:
1397 4486 1445 4532 et
1479 4481 1808 4534 mercenaria
1838 4489 1952 4548 tuo,
1977 4492 2054 4548 et;

430 4569 646 4624 advena:
670 4569 759 4640 qui
796 4570 1198 4639 peregrinantur
1222 4571 1363 4638 apud
1399 4580 1450 4623 te
1478 4585 1497 4624 :
1537 4572 1794 4637 jumentis
1831 4575 1935 4628 tuis
1973 4583 2023 4628 et

397 4660 702 4716 pecoribus
744 4661 920 4713 omnia
976 4675 1094 4731 qum
1148 4668 1438 4713 nascuntur
1478 4658 1779 4729 prwbebunt
1825 4658 2018 4713 cibum.

393 4749 656 4808 "Terram
694 4765 856 4822 quam
897 4761 951 4808 et
982 4752 1093 4806 Deo
1123 4751 1280 4807 nobis
1300 4751 1429 4806 dare
1449 4751 1649 4819 placet,
1673 4758 1730 4804 et
1757 4749 1913 4804 nobis
1933 4766 2025 4806 ex-

399 4842 577 4914 pedit
600 4843 874 4912 accipere,
901 4857 970 4897 ex
991 4859 1100 4913 qua
1127 4857 1310 4897 veram
1340 4842 1510 4896 vitam
1537 4841 1863 4910 conquirere
1899 4856 2024 4910 pos-

394 4935 400 4948 "
429 4949 636 4999 Sumus,
659 4933 716 4988 id
735 4939 818 4988 est
844 4935 1314 4989 conversationem
1340 4933 1561 4994 bonam,
1587 4947 1710 5001 qua:
1730 4942 1815 4985 est
1829 4947 2022 4985 secun-

417 5021 555 5082 'dum
590 5022 707 5092 ejus
744 5023 918 5094 legem
953 5032 1117 5094 atque
1171 5026 1424 5080 mandata
1472 5037 1595 5092 quae
1641 5023 1798 5077 nobis
1845 5023 2014 5077 dedit.

393 5129 401 5139 '
425 5115 505 5173 De
527 5133 635 5188 qua
665 5115 741 5171 ait
770 5113 944 5170 David
971 5131 986 5168 :
1016 5114 1268 5170 Doce‘me
1298 5117 1473 5185 facere
1495 5114 1816 5169 voluntatem
1845 5125 2015 5182 tuam,

421 5211 550 5281 quia
575 5219 630 5262 tu
661 5223 714 5263 es
751 5204 897 5260 Deus
921 5220 1108 5270 meus;
1137 5203 1366 5274 Spiritus
1399 5214 1525 5260 tuus
1559 5214 1771 5259 sanctus
1799 5206 2019 5260 deducet

407 5287 509 5353 me
539 5299 756 5354 interra
781 5306 923 5352 recta
952 5293 1328 5368 (Psal.cxur).
1356 5293 1508 5351 Hanc
1535 5297 1580 5351 si
1606 5297 2012 5365 intraveﬁmus,

391 5399 394 5402 '
425 5387 522 5447 sex
552 5389 710 5446 annis
742 5401 924 5445 serere
960 5397 1208 5444 nostrum
1237 5401 1444 5457 agrum,
1477 5395 1533 5444 et
1557 5397 1751 5460 putare
1778 5393 2010 5459 vineam,

419 5489 481 5537 et
499 5479 757 5553 colligere
780 5481 992 5536 fructus
1018 5481 1112 5550 qui
1146 5479 1202 5533 in
1249 5493 1315 5534 ea
1353 5487 1652 5536 nascuntur
1701 5496 2010 5552 possumus,

390 5571 396 5582 ’
425 5577 482 5630 id
509 5584 616 5640 est,
649 5589 824 5645 usque
847 5573 977 5630 dum
1002 5573 1059 5628 in
1087 5573 1191 5628 hac
1207 5571 1320 5627 vita
1348 5581 1404 5628 et
1442 5573 1495 5628 in
1517 5581 1768 5630 creatura
1815 5575 1912 5629 hac
1933 5574 2014 5628 vi-

426 5664 570 5719 sibili
597 5679 806 5730 sumus,
836 5680 1001 5735 quam
1027 5675 1127 5721 sex
1147 5663 1358 5721 dierum
1387 5683 1647 5724 numerus
1673 5675 1821 5724 recte
1850 5667 2013 5738 signi-

425 5755 576 5825 ﬁcat,
603 5756 732 5830 quia
774 5755 831 5813 in
850 5767 946 5814 Ssx
972 5756 1159 5818 diebus
1192 5761 1487 5819 constituta
1524 5770 1651 5820 smtt
1676 5777 1800 5833 quae
1827 5763 2011 5820 viden-

2152 2105 2248 2162 sed
2265 2121 2365 2162 nec
2398 2120 2464 2159 ea
2485 2121 2605 2174 qua:
2626 2113 2816 2176 sponte
2837 2111 3140 2160 nascuntur
3177 2113 3406 2172 metere,
3435 2105 3493 2160 id
3524 2115 3746 2172 est,nec-

2152 2209 2483 2265 quaecunque
2512 2195 2775 2252 naturalis
2796 2194 2881 2250 lex
2920 2196 2986 2250 ad
3029 2195 3404 2265 operationem
3431 2196 3738 2252 hominibus

2149 2288 2408 2357 Suggerit,
2435 2287 2551 2344 haec
2573 2297 2659 2344 est
2683 2287 2827 2342 enim
2855 2301 2976 2356 quae
2999 2296 3191 2356 sponte
3215 2287 3476 2358 gignitur,
3500 2288 3628 2357 quia
3646 2303 3738 2342 ex-

2150 2385 2234 2432 tra
2249 2378 2653 2435 meditationem
2678 2378 2940 2434 librorum
2963 2387 3017 2432 et
3041 2392 3259 2432 omnem
3281 2379 3623 2435 doctoralem
3649 2395 3735 2434 au-

2147 2471 2316 2526 ditum
2359 2472 2600 2542 suggerit
2625 2471 3013 2525 etexhortatur
3033 2486 3154 2540 quat
3179 2478 3307 2526 sunt
3343 2471 3525 2537 utilia,
3567 2481 3622 2526 et
3649 2487 3734 2527 co-

2147 2564 2436 2635 gitationes
2461 2565 2618 2619 nobis
2640 2563 2954 2632 adjuvantes
2977 2565 3214 2620 animam
3240 2574 3484 2634 prastat.
3513 2564 3620 2620 Sed
3641 2580 3731 2621 nec

2146 2671 2278 2710 uvas
2312 2657 2693 2725 primitiarum,
2729 2657 2843 2712 sive
2871 2666 2930 2712 ut
2958 2656 3334 2728 Septuaginta,
3365 2676 3524 2716 uvam
3553 2659 3733 2714 sancti-

2145 2747 2408 2816 ﬁcationis
2429 2747 2764 2803 vindemiare
2786 2757 2915 2804 tunc
2941 2764 3171 2805 necesse
3192 2750 3483 2806 habemus:
3536 2750 3602 2805 Et
3625 2765 3732 2820 qua:

2147 2839 2222 2893 sit
2291 2840 2742 2896 sanctiﬁcationis
2799 2855 2905 2894 uva
2964 2840 3146 2896 sciunt
3199 2840 3291 2911 qui
3361 2841 3560 2896 imbuti
3621 2848 3730 2895 sunt

2143 2929 2349 2988 Christi
2376 2933 2674 3004 mysteriis.
2742 2930 2848 2986 Sed
2865 2942 3017 2986 erunt
3068 2933 3212 2986 vobis
3250 2933 3308 2982 in
3335 2929 3535 2995 cibum,
3560 2931 3648 2984 tibi
3686 2941 3729 2984 et

2143 3038 2286 3076 servo
2318 3034 2432 3086 tuo,
2463 3023 2673 3076 ancilla:
2701 3032 2750 3074 et
2795 3021 3121 3074 mercenaria
3145 3029 3258 3086 tuo,
3299 3029 3349 3075 et
3398 3022 3614 3077 advena:
3651 3021 3729 3092 qui

2142 3115 2509 3184 peregrinatur
2534 3114 2676 3184 apud
2698 3123 2766 3180 te,
2803 3112 3060 3183 jumentis
3097 3113 3201 3168 tuis
3231 3121 3280 3166 et
3317 3113 3594 3182 pecoribus
3615 3114 3727 3166 tuis.

2141 3203 2492 3276 Quaecunque
2517 3206 2665 3260 enim
2693 3219 2839 3260 nunc
2866 3205 3077 3275 cperati
3127 3203 3417 3271 fuerimus,
3441 3207 3634 3260 horum
3661 3204 3730 3261 ibi

2135 3296 2375 3353 fructum
2399 3297 2752 3367 percipimus,
2783 3304 2839 3352 et
2860 3295 2992 3352 illud
3015 3295 3206 3366 psalmi
3235 3297 3396 3351 nobis
3417 3297 3685 3366 aptabitur
3713 3311 3728 3350 :

2135 3389 2291 3445 Beati
2335 3407 2514 3450 omnes
2557 3392 2647 3462 qui
2675 3391 2856 3444 timent
2879 3389 3166 3444 Dominum
3191 3408 3211 3446 :
3245 3388 3453 3445 labores
3487 3405 3728 3444 manuum

2136 3490 2352 3536 tuarum
2384 3483 2514 3552 quia
2533 3481 2905 3545 manducabis,
2937 3479 3117 3535 beatus
3151 3497 3229 3546 es,
3276 3490 3326 3534 et
3359 3482 3484 3535 bene
3515 3480 3609 3534 tibi
3641 3479 3730 3533 erit

2136 3575 2312 3644 (Psal.
2342 3574 2571 3646 cxxvn).
2629 3573 3031 3629 Beatitudinem
3077 3573 3226 3628 enim
3257 3571 3521 3627 describit
3571 3566 3730 3623 futuri

2134 3666 2342 3731 saeculi,
2371 3666 2428 3720 in
2456 3681 2563 3736 qua
2592 3664 2811 3720 beatum
2832 3672 2918 3719 est
2935 3661 3072 3718 'eum
3094 3663 3309 3728 quidem
3336 3657 3633 3726 quemdam
3663 3657 3731 3712 ci-

2135 3756 2264 3810 bum
2283 3757 2566 3809 invenire:
2607 3754 2805 3806 Beatus
2822 3741 3014 3818 “enim,
3046 3749 3136 3805 ille
3178 3749 3268 3822 ait,
3307 3747 3397 3818 qui
3445 3749 3732 3802 comederit

2133 3860 2323 3916 panem
2347 3845 2405 3898 in
2434 3859 2591 3912 regno
2626 3841 2873 3897 caelorum
2901 3842 3054 3913 (Luc.
3081 3841 3218 3912 xiv).
3259 3838 3426 3893 Multo
3447 3841 3630 3909 magis
3649 3855 3729 3893 au-

2136 3947 2246 3993 tem
2265 3937 2489 3992 beatum
2512 3944 2618 4001 est,
2648 3943 2705 3991 et
2727 3949 2915 3990 servos
2937 3935 3158 3998 habere,
3187 3939 3244 3986 et
3267 3930 3495 3986 ancillas
3527 3939 3581 3984 et
3600 3944 3728 3984 mer-

2135 4031 2402 4095 cenaries,
2435 4037 2489 4083 et
2519 4029 2776 4092 advenas,
2802 4027 3049 4097 jumenta
3079 4035 3135 4081 et
3156 4040 3378 4095 pecora,
3401 4024 3516 4078 sive
3536 4037 3725 4078 secun-

2135 4123 2265 4179 dum
2293 4123 2668 4192 Septuaginta,
2699 4130 2746 4176 et
2776 4119 2988 4175 bestias.
3023 4117 3245 4187 Species
3265 4117 3414 4172 enim
3443 4117 3560 4172 hac
3574 4113 3726 4170 disci-

2133 4216 2379 4286 pulatum
2397 4215 2756 4284 praebentium
2770 4213 2926 4269 nobis
2939 4213 2993 4267 in
3007 4219 3195 4268 sancta
3206 4211 3305 4267 Dei
3321 4210 3724 4267 conversatione

2134 4316 2262 4360 sunt
2284 4305 2536 4371 diversae,
2555 4307 2698 4362 servi
2729 4306 2949 4374 quidem
2977 4312 3031 4360 et
3055 4305 3269 4360 ancillae
3295 4314 3572 4376 quotquot
3583 4303 3723 4360 nobis

2134 4397 2204 4451 ad
2229 4396 2609 4466 discipulatum
2643 4397 2967 4466 semetipsos
2996 4397 3363 4461 subdiderint,
3393 4395 3478 4448 vel
3503 4411 3536 4450 a
3571 4393 3716 4449 nobis

2129 4489 2302 4558 empti
2317 4489 2518 4544 fuerint
2533 4491 2602 4545 de
2620 4491 2882 4546 exteriori
2905 4489 3160 4552 servitio;
3187 4488 3517 4543 mercenarii
3551 4499 3718 4544 autem

2131 4577 2323 4637 nostri,
2362 4578 2454 4640 qui
2484 4596 2515 4626 ει
2543 4578 2700 4628 nobis
2733 4575 2948 4630 invitati
2973 4585 3118 4639 sunt,
3157 4591 3265 4632 non
3297 4587 3485 4633 tamen
3520 4586 3716 4634 tanaim

2128 4666 2356 4736 subjecti
2380 4677 2440 4720 ut
2463 4675 2517 4720 et
2545 4669 2686 4722 servi
2717 4676 2772 4723 et
2796 4668 3005 4724 ancillae
3024 4669 3374 4725 nominentur
3419 4688 3432 4722 :
3483 4673 3714 4736 advenae,

2127 4759 2310 4813 siveut
2339 4757 2507 4824 LXX,
2537 4759 2803 4829 inquilini,
2836 4757 3147 4828 adjaccntes
3177 4761 3352 4826 nobis,
3380 4777 3562 4832 neque
3583 4765 3715 4818 enim

2126 4849 2381 4904 dixerunt
2407 4849 2720 4918 inquilinos,
2784 4851 2878 4905 sed
2916 4851 3181 4921 inquilino
3209 4851 3481 4919 adjacenti
3529 4854 3599 4908 ad
3652 4863 3713 4916 te,

2124 4948 2393 5010 quotquot
2421 4939 2476 4994 in
2510 4942 2621 4994 vita
2645 4942 2748 4996 ista
2770 4956 2869 5012 per
2897 4942 3292 5012 philosophiam
3343 4942 3504 5012 quasi
3542 4944 3716 5014 inqui-

2124 5029 2220 5084 lini
2271 5038 2418 5095 sunt,
2449 5046 2556 5084 non
2581 5040 2762 5086 tamen
2789 5033 3156 5088 exterioribus
3185 5033 3461 5102 adjacent,
3483 5036 3585 5090 sed
3623 5051 3716 5092 no-

2123 5123 2228 5188 bis,
2253 5124 2346 5192 qui
2384 5124 2440 5178 in
2477 5133 2682 5180 terram
2705 5127 2904 5182 bonam
2941 5130 3174 5200 ingressi
3207 5147 3418 5197 sumus,
3456 5140 3519 5185 et
3547 5129 3717 5200 possi-

2124 5212 2314 5268 demus
2326 5229 2470 5280 eam,
2489 5224 2545 5269 et
2571 5231 2692 5284 qua:
2715 5217 2786 5270 ad
2810 5232 2930 5272 eam
2949 5221 3244 5287 pertinent.
3285 5220 3394 5275 Sed
3412 5229 3467 5274 et
3495 5221 3543 5275 si
3555 5234 3714 5289 quem

2121 5303 2345 5359 idiotam
2371 5305 2485 5361 sive
2512 5307 2827 5376 popularem
2859 5307 3198 5376 juvabimus,
3240 5311 3295 5365 hi
3315 5311 3463 5365 enim
3487 5320 3624 5366 sunt
3637 5310 3717 5380 ju-

2123 5403 2329 5452 menta.
2369 5397 2595 5468 Insuper
2618 5406 2675 5454 et
2705 5401 2752 5454 si
2782 5416 2946 5469 quem
2966 5402 3262 5458 inﬁdelium
3289 5402 3375 5458 vel
3397 5403 3714 5473 impiorum,

2121 5490 2216 5558 qui
2240 5495 2389 5543 recte
2421 5503 2641 5558 pecora,
2673 5491 2760 5546 vel
2785 5493 2929 5548 sicut
2948 5493 3116 5561 LXX,
3147 5495 3322 5550 bestia
3361 5495 3718 5551 nominantur

2119 5591 2440 5647 mansuetae,
2470 5582 2732 5639 facientes
2761 5585 3069 5657 relinquere
3099 5587 3284 5655 silvas,
3306 5596 3365 5644 et
3397 5587 3470 5644 ad
3513 5595 3715 5644 terram

2114 5672 2308 5726 venire
2332 5680 2573 5729 nostram
2600 5676 2911 5733 laverimus.
2941 5678 3254 5734 Secundum
3272 5679 3717 5736 editionemvem

2115 5761 2284 5832 LXX,
2307 5765 2400 5824 ubi
2426 5767 2662 5838 legitur;
2693 5767 2826 5823 Cum
2853 5769 3174 5850 introierit“
3212 5773 3272 5826 in
3311 5768 3712 5844 terra,”
