1997 3176
128 256 171 288 "ego
185 250 252 278 dabo
269 248 351 282 vobis,
363 252 387 276 et
398 248 549 284 requieverit
564 253 634 274 terra
646 256 724 284 quant
735 256 782 284 ego
794 248 862 276 dabo
868 256 912 276 vo-
923 249 952 282 Α

130 300 164 327 bis
175 297 281 326 sabbata
290 296 396 323 Domini
407 305 416 324 ς
433 296 561 323 sexennis
570 296 710 323 seminabis
720 304 813 331 agrum
826 301 910 329 tuum,

129 349 150 372 ‘rt
163 351 206 371 sca:
220 343 296 370 annis
306 341 410 377 putabis
421 341 521 368 vineam
539 346 623 374 tuam,
636 345 662 368 et
669 341 837 376 congregabis
853 341 911 375 [nt-

129 395 192 419 ctunt
206 390 274 425 ejus.
304 388 381 415 Anno
403 392 490 415 autem
510 388 618 422 septimo
628 387 729 414 sabbati
748 388 848 422 requies
864 388 913 415 erit

129 441 199 464 terra
207 434 318 463 sabbata
325 434 448 461 Domino.
464 433 519 470 (Ea:
524 433 694 469 Augustino.)
707 433 842 466 Quaeritur
850 437 914 468 quo-

129 482 203 511 modo
225 480 429 516 intelligendum
452 480 499 513 sit,
523 487 582 507 cum
605 479 757 507 introieritis
769 480 798 507 in
816 484 913 507 temnit

128 535 199 564 quam
216 524 285 553 d'abo
299 525 381 558 vobis,
395 530 418 552 et
430 526 581 560 requieverit
593 530 674 557 terra,
685 533 731 552 sea:
741 533 823 551 annos
833 525 912 552 semi-

127 572 196 599 nabis
212 579 306 606 agrum
319 573 405 603 tuum,
419 574 447 598 et
463 574 574 603 catera,
586 570 664 605 quasi
680 574 744 597 tunc
765 570 825 598 ﬁeri
841 577 913 605 pra:-

129 622 227 654 ceptum
235 617 272 645 sit
287 618 396 653 quando
416 622 488 645 terra
506 618 682 653 requieverit,
697 626 758 645 cum
770 622 914 653 propterea

128 670 196 693 terra
217 665 383 700 requiescat,
408 665 535 699 quoniam
556 664 607 691 hoc
623 664 663 691 ﬁt.
692 664 823 699 Requiem
840 664 914 691 enim

129 713 206 737 terrae
225 709 340 744 septimo
352 709 445 744 utique
456 717 528 737 anno
547 710 606 736 vult
616 709 742 745 intelligi,
765 717 820 745 quo
833 709 914 744 jussit

127 755 189 783 nihil
204 755 232 782 in
244 763 275 783 ea
286 763 449 791 quemquam
462 757 568 791 operari
581 764 630 792 per
641 757 845 792 agriculturam.
860 757 914 786 Sed

128 802 251 829 nimirum
263 801 373 837 longum
387 803 555 838 hyperbaton
569 803 636 831 facit
645 804 840 832 obscuritatem
849 805 913 832 huic

128 847 212 875 sensui
230 857 236 873 :
254 847 363 875 videtur
372 855 436 884 ergo
454 849 498 876 hic
512 856 572 876 esse
584 849 651 877 ordo
662 850 806 877 verborum
823 859 830 877 ε
846 849 913 877 Cum

127 892 279 921 introieritis
289 893 317 920 in
330 897 431 921 terram
447 900 526 929 quam
540 892 591 930 ego
601 895 763 928 dabovobis,
773 897 914 930 et‘requie-

126 939 190 966 verit
209 943 283 967 terra
306 947 386 975 quam
402 927 537 976 ego-dabo
556 927 642 974 vobis,
665 942 777 969 sabbata
794 927 950 977 Domini;B

126 993 180 1020 quae
192 986 227 1013 ab
238 994 267 1013 SC
281 990 404 1022 surgunt,
420 995 515 1023 agrum
531 992 605 1015 tuum
619 996 671 1015 non
684 993 778 1022 metes,
793 993 821 1016 Εἰ
834 996 913 1017 uvam

126 1032 346 1060 sanctiﬁcationis
359 1038 412 1060 tuae
421 1042 474 1061 non
484 1034 665 1062 vlndemiahis
679 1043 687 1061 :
700 1043 786 1063 annus
805 1036 913 1070 requie-

107 1078 112 1083 '
125 1076 210 1103 scendi
229 1077 282 1104 erit
296 1081 384 1105 terrte.
411 1078 445 1105 Et
455 1083 536 1106 erunt
552 1079 665 1107 sabbata
682 1083 763 1108 terrae
774 1088 836 1108 esca
851 1081 913 1115 tibi,

125 1126 149 1148 et
159 1129 242 1157 puero
249 1125 306 1156 tuo,
317 1127 345 1149 et
357 1123 452 1158 puellae
465 1128 527 1157 ture,
541 1128 569 1152 et
579 1126 750 1153 mercenaria
761 1129 818 1159 tuo,
831 1130 858 1154 et
870 1127 912 1154 in-

124 1167 222 1202 quilino
232 1167 279 1202 qui
297 1168 439 1203 applicitus
454 1173 495 1197 est
513 1170 546 1197 ad
572 1174 609 1203 te,
625 1174 653 1198 et
664 1171 808 1206 pecoribus
821 1171 875 1199 tuis
887 1175 915 1199 et

123 1211 211 1239 bestiis
223 1220 283 1247 qua:
294 1218 358 1241 sunt
367 1214 395 1241 in
411 1219 484 1242 terra
501 1219 558 1248 tua,
571 1223 652 1243 omne
662 1217 734 1251 quod
744 1221 872 1244 nascetur
880 1225 914 1245 ex

122 1257 188 1284 eoin
200 1265 302 1285 escam.
332 1258 495 1295 interposuit
505 1264 595 1288 autem
608 1262 768 1296 exponendo
779 1262 914 1297 quomodo

123 1306 192 1330 terra
214 1304 375 1339 requiescat,
391 1309 420 1333 et
434 1306 472 1333 ait
486 1313 493 1332 τ
510 1305 563 1333 Sex
573 1307 650 1333 annis
662 1307 804 1334 seminabis
820 1316 914 1343 agrum

122 1353 205 1382 tuum,
220 1354 244 1376 et
258 1358 302 1377 sea:
311 1351 388 1378 annis
400 1352 502 1386 putabis
515 1352 592 1379 uitem
613 1357 697 1385 tuam,
709 1357 734 1379 et
745 1353 914 1388 congregabis

121 1393 235 1427 fructum
248 1395 315 1429 ejus.
342 1396 419 1423 Anno
434 1401 522 1424 autem
536 1398 646 1433 septimo
667 1398 788 1431 sabbata,
813 1398 914 1434 requies

120 1439 167 1465 erit
183 1445 271 1472 terra,
289 1441 399 1469 sabbata
410 1442 527 1470 Domini.
554 1443 654 1478 Agrum
667 1449 742 1470 tuum
764 1452 816 1471 non
837 1444 915 1471 senti-

121 1485 202 1517 nabis,
214 1490 242 1512 et
259 1486 337 1513 vitem
353 1492 427 1513 tuom
440 1495 493 1525 non
513 1489 626 1523 putabis.
655 1489 689 1516 Et
709 1496 759 1524 per
777 1490 829 1516 hoc
842 1489 914 1524 quod

120 1530 164 1564 ait,
187 1539 243 1558 non
255 1532 370 1567 putabis,
392 1540 500 1560 omnem
523 1534 657 1561 culturam
673 1542 708 1562 eo
728 1542 800 1562 anno
820 1535 914 1570 probi-

119 1575 198 1603 bitam
223 1576 354 1605 debemus
373 1578 507 1613 accipere.
538 1578 632 1614 Neque
655 1579 728 1607 enim
749 1580 773 1608 si
794 1580 912 1615 putanda

118 1628 234 1655 nonest,
264 1625 366 1652 aranda
379 1629 432 1658 est,
459 1630 505 1653 aut
529 1625 702 1654 adminiculis
712 1627 911 1662 suspendenda,

118 1667 161 1694 vel
169 1668 313 1703 quodlibet
327 1669 409 1702 aliud,
421 1671 494 1705 quod
503 1670 537 1698 ad
548 1671 683 1699 culturam
697 1671 756 1706 ejus
765 1672 912 1707 pertineat,

116 1712 322 1747 adhibendum;
351 1716 399 1742 sed
417 1717 554 1751 quomodo
567 1717 636 1745 solet
648 1725 664 1744 a
684 1722 762 1753 parte
773 1723 859 1746 totum
869 1719 913 1746 in-

117 1757 210 1794 telligi,
233 1759 272 1786 ita
294 1767 344 1794 per
359 1761 526 1795 putationem
535 1763 626 1790 omnis
639 1763 745 1790 cultura
760 1764 912 1799 signiﬁcata

116 1809 173 1837 est;
184 1810 212 1832 et
232 1813 283 1840 per
296 1813 391 1840 agrum
407 1811 490 1842 atque
499 1808 618 1841 vineam,
630 1815 694 1836 cum
703 1813 732 1836 et
743 1809 817 1836 illum
831 1809 914 1837 semi-

115 1850 185 1882 nari,
195 1854 226 1877 et
240 1850 312 1878 hanc
330 1853 420 1886 putari
439 1854 587 1887 prohibuit,
600 1855 690 1882 omnis
703 1855 761 1890 agri
775 1863 860 1890 genus
872 1855 913 1882 in-

116 1896 294 1932 telligendum
308 1902 359 1925 est.
387 1898 481 1934 Neque
491 1895 566 1928 enim
579 1901 606 1928 in
624 1899 724 1929 oliveto
735 1901 779 1929 vel
793 1901 913 1937 quolibet

113 1941 230 1969 alterius
240 1943 347 1976 generis
361 1950 426 1978 agro
439 1944 542 1980 aliquid
556 1947 722 1981 operandam
740 1952 790 1979 est,
807 1949 841 1976 de
853 1948 913 1982 qui-

112 1986 164 2014 bus
189 1986 287 2013 tacuit.
318 1987 396 2020 Quod
412 1996 478 2017 vero
497 1990 546 2022 ait,
565 1995 589 2017 et
610 1996 687 2018 erunt
709 1993 818 2019 sabbata
835 1997 913 2019 terra:

113 2040 172 2059 esca
186 2031 247 2064 tibi,
261 2037 284 2058 et
298 2040 380 2067 puero
392 2039 448 2067 tuo,
462 2040 487 2062 et
504 2036 599 2070 puellus
611 2041 673 2070 tuor,
685 2041 714 2064 et
721 2042 830 2071 caetera,
844 2038 913 2066 satis

114 2077 233 2112 aperuit,
241 2084 291 2105 nec
300 2078 442 2107 Dominum
455 2081 512 2116 agri
521 2082 689 2116 prohibitum
697 2084 770 2111 vesci
785 2084 835 2116 eis,
851 2092 912 2119 quae

114 2131 166 2150 non
182 2124 307 2151 adhibita
319 2126 424 2153 cultura
438 2127 485 2154 illo
499 2135 571 2155 anno
582 2133 678 2163 sponte
690 2133 846 2162 nascantur,
863 2129 911 2158 sed

116 2168 220 2197 fructus
231 2170 354 2205 redigere
365 2172 542 2206 prohibitum.
569 2173 616 2201 Sic
628 2181 694 2209 ergo
708 2174 857 2212 permissus
868 2178 911 2202 est

116 2214 217 2250 aliquid
228 2215 290 2242 inde
306 2216 333 2243 in
345 2224 435 2245 escam
446 2225 564 2251 sumere,
580 2219 716 2254 quomodo
728 2220 872 2253 transitura,
880 2224 910 2247 ut

117 2259 165 2287 hoc
173 2261 262 2288 solum
274 2266 385 2296 caperet
397 2264 470 2296 quod
477 2265 570 2291 statim
576 2265 714 2293 vescendo
723 2269 907 2299 consumeret,

117 2312 168 2332 non
185 2306 261 2341 quod
284 2307 311 2333 in
325 2314 391 2335 usus
412 2312 566 2342 reponeret.
741 2319 743 2323 ί
770 2322 771 2325 π
806 2326 809 2328 ~

424 2372 538 2401 CAPUT
558 2372 601 2400 VI.

209 2428 248 2456 De
264 2428 440 2456 observatione
454 2428 560 2456 Jubiltei
575 2433 599 2456 et
612 2428 733 2465 legitimis
747 2429 816 2464 ejus.

924 1605 948 1636 C

148 2485 240 2520 (istm)
262 2485 422 2513 Numerabic
439 2494 540 2521 quoque
557 2487 603 2514 tibi
622 2491 719 2522 septem
733 2486 909 2514 hebdomadas

116 2538 256 2564 annorum,
278 2532 306 2559 id
326 2537 375 2565 est,
394 2537 491 2568 septem
510 2534 612 2568 septies,
633 2541 692 2568 quat
709 2533 789 2561 simul
808 2533 908 2567 faciunt

117 2585 196 2605 annos
209 2578 389 2614 quadraginta
404 2587 495 2606 novent
509 2586 519 2605 .'
538 2583 562 2605 et
576 2579 680 2614 danger
695 2579 804 2606 buccina
820 2586 908 2607 mente

116 2623 224 2657 septimo
242 2623 346 2651 decima
363 2624 406 2651 die
424 2625 520 2659 mensis
536 2624 731 2660 propitiationis
748 2628 861 2659 tempore
879 2625 907 2652 in

117 2669 236 2696 universa
256 2675 328 2698 terra
346 2675 440 2698 uestra.
461 2670 695 2707 Sanctiﬁcabiaque
712 2679 811 2698 annum
827 2671 906 2705 quiu-

100 2729 101 2732 π
116 2715 306 2750 quagesimum,
319 2721 344 2743 et
359 2716 462 2744 vocabis
474 2717 651 2746 remissionem
663 2718 763 2744 cunctis
776 2717 908 2745 habitato-

102 2766 103 2770 ‘
118 2759 280 2788 n‘btuterrte
293 2765 347 2788 tute
365 2768 374 2787 :
390 2762 444 2797 ipse
460 2767 498 2789 ut
515 2762 585 2789 enim
599 2761 736 2797 jubt'lotus.
757 2761 908 2790 Revertatur

116 2805 193 2833 homo
206 2807 243 2833 ad
253 2808 441 2842 possessionem
453 2816 540 2842 suam,
554 2814 578 2836 et
588 2810 767 2845 unusquisque
779 2809 861 2837 radici
871 2809 908 2836 ad

117 2849 249 2884 [uniti-tu
267 2854 425 2888 pristinam,
445 2856 507 2891 quia
524 2855 649 2890 Miluus
661 2861 716 2889 test,
737 2862 760 2884 et
779 2857 910 2892 quinqua-

117 2902 232 2931 Μιωιε
249 2906 344 2928 annus.
362 2899 426 2928 Non
442 2901 533 2929 ureti:
552 2908 636 2937 neque
655 2902 756 2930 metatis
772 2905 863 2937 sponte
879 2902 908 2930 in
929 2920 935 2924 -

569 186 817 219 EXPOSI’I'IONES
836 190 871 218 ΙΝ
889 189 1088 221 ιΕγιτιαυΜ.
1107 205 1145 214 --
1162 192 1227 221 LIB.
1248 193 1306 222 Vl].

1697 196 1751 226 530

963 256 1027 283 agro
1039 250 1183 283 nascentia,
1194 254 1219 278 et
1230 250 1360 284 primitias
1374 250 1508 278 vindemia!
1519 258 1571 280 non
1581 251 1707 290 colligatis
1719 253 1750 290 ob

963 296 1196 329 sanctiﬁcationem
1206 283 1321 331 jubiltei,
1338 296 1383 324 sed
1397 297 1486 327 statim
1498 297 1586 324 oblata
1599 283 1749 336 comedetis:

963 342 1038 370 Anno
1048 339 1152 376 jubiltei
1165 341 1263 369 redierit
1275 349 1363 370 omnes
1380 341 1415 370 ad
1428 342 1602 377 possessiones
1616 350 1688 370 suas.
1700 339 1753 372 Hic

964 387 1146 423 interrogandi
1167 391 1229 415 sunt
1245 386 1329 415 Judaei
1351 396 1357 414 :
1380 386 1410 415 Si
1430 387 1588 423 septimam,
1610 388 1753 426 sicutlipsi

963 435 1071 467 dicunt,
1087 435 1159 464 diem
1172 434 1309 469 legislator
1324 434 1474 468 honoraris,
1489 442 1590 463 vacare
1603 435 1631 463 in
1647 435 1707 472 ipsa

963 480 1021 515 agri
1034 479 1163 515 operibus
1176 480 1291 515 aliisque
1307 480 1406 508 talibus
1418 481 1559 516 praecepit,
1575 479 1651 515 cujus
1667 482 1755 517 gratia

963 529 991 554 et
1003 526 1226 562 quinquagesimo
1244 534 1316 554 anno
1334 534 1442 554 cessare
1459 526 1494 554 ab
1512 526 1640 562 operibus
1653 534 1756 562 praece-

961 571 1021 605 pit?
1039 570 1069 598 Si
1078 571 1157 599 enim
1170 571 1344 598 hebdomadas
1363 571 1592 599 hebdomadarum
1606 572 1641 600 ad
1657 567 1755 607 novem

963 621 991 644 et
1001 617 1179 652 quadraginta
1189 617 1326 646 numerari
1336 625 1423 645 annos
1432 618 1605 654 colliguntur,
1614 626 1668 646 non
1675 625 1757 655 opor-

963 665 1039 692 tebat
1059 665 1311 700 quinquagesimum
1334 672 1442 698 vacare,
1464 664 1517 692 nisi
1539 664 1632 692 forsan
1654 664 1757 704 aliquid

958 709 1141 744 signiﬁcaret,
1153 714 1181 736 et
1194 709 1322 745 mysteria
1336 709 1379 737 lex
1394 713 1553 745 exponeret,
1569 717 1628 743 quae
1640 706 1757 747 necdum

964 761 1069 790 tempus
1085 759 1143 783 erat
1159 759 1254 790 aperte
1271 761 1381 790 propter
1395 755 1548 791 auditorum
1570 754 1757 794 inﬁrmitatem

963 801 1073 837 aperiri.
1088 801 1154 834 Quae
1167 801 1222 829 sint
1232 805 1323 829 autem
1337 801 1404 834 haec,
1416 800 1479 828 audi
1492 808 1500 827 :
1515 801 1617 835 Duplex
1632 800 1757 837 quadam

963 846 1080 874 infertur
1092 854 1107 873 a
1123 847 1177 874 Deo
1188 846 1310 873 omnium
1323 846 1471 873 visibilium
1483 846 1688 879 consummatio,
1704 838 1758 881 una

964 893 1072 926 quidem
1086 892 1299 927 uniuscujusque
1313 896 1436 920 nostrum
1446 912 1454 925 ,
1469 892 1520 919 alia
1535 896 1624 919 autem
1637 899 1759 920 commu-

964 938 1008 965 nis
1025 937 1136 965 humani
1155 937 1273 972 generis,
1297 937 1470 972 ipsorumque
1491 937 1587 965 horum
1613 944 1673 971 quae
1687 936 1759 964 hanc

963 992 1024 1020 quae
1040 992 1112 1012 nunc
1128 988 1171 1012 est
1188 984 1422 1012 conversationem
1438 983 1616 1011 constituunt.
1641 981 1694 1009 Sed
1708 988 1760 1017 nec

963 1030 1073 1065 quando
1095 1037 1200 1061 omnes.
1219 1033 1246 1057 et
1269 1029 1323 1056 hoc
1343 1028 1423 1056 nimis
1445 1028 1562 1056 scienter
1582 1028 1668 1063 legem
1690 1028 1760 1055 dans

965 1076 1037 1103 Deus
1052 1075 1132 1103 nobis
1146 1075 1235 1102 innuit
1250 1074 1293 1102 his
1305 1079 1332 1102 et
1345 1073 1532 1109 superioribus
1545 1073 1636 1100 verbis
1650 1082 1656 1099 :
1672 1073 1700 1100 in
1714 1078 1761 1101 suo

963 1121 1118 1157 perioribus
1135 1120 1262 1155 quidem,
1280 1118 1492 1154 uniuscujusque
1511 1118 1593 1146 ﬁnem
1607 1118 1759 1151 insinuans,

964 1168 1008 1196 his
1022 1172 1113 1195 autem
1129 1167 1392 1195 consummationem
1415 1165 1498 1193 totius
1518 1164 1626 1200 generis
1647 1162 1761 1191 humani

964 1214 1112 1248 mundique
1124 1212 1247 1241 visibilis.
1265 1211 1425 1239 Numerabis
1442 1219 1503 1246 ergo
1523 1210 1569 1236 tibi
1586 1213 1684 1244 septem
1700 1207 1762 1236 heb-

964 1261 1093 1289 domadas
1104 1268 1247 1293 annorum,
1263 1259 1332 1292 sive,
1346 1263 1377 1285 ut
1390 1257 1578 1293 Septuaginta,
1592 1260 1690 1291 septem
1700 1262 1762 1289 ergo

966 1306 1114 1334 numerabis
1134 1305 1180 1333 tibi
1199 1303 1300 1341 requies
1315 1310 1461 1335 annorum;
1481 1301 1590 1328 sabbata
1609 1303 1698 1327 autem
1712 1305 1763 1334 pro

965 1353 1115 1389 requiebus
1123 1351 1221 1387 reliqui
1233 1351 1412 1386 interpretum
1423 1348 1575 1377 ediderunt.
1588 1347 1624 1374 Et
1633 1347 1699 1383 quid
1710 1346 1763 1373 hoc

965 1399 1024 1427 esti
1040 1398 1151 1434 Septem
1162 1398 1236 1426 enim
1250 1399 1289 1425 ait
1302 1395 1487 1425 hebdomadas
1501 1401 1635 1422 annorum
1649 1392 1762 1427 septies,

965 1450 994 1473 et
1017 1449 1080 1473 sunt
1099 1449 1203 1480 septem
1224 1443 1407 1472 hebdomades
1427 1448 1560 1469 annorum
1583 1438 1762 1474 quadraginta

965 1498 1063 1519 novem
1076 1490 1154 1523 anui;
1170 1490 1233 1525 quia
1246 1489 1319 1517 enim
1332 1488 1361 1515 in
1374 1486 1543 1517 hebdomade
1557 1485 1660 1513 dierum
1676 1487 1763 1511 totum

966 1537 1095 1564 saxulum
1110 1532 1410 1565 humanumdividitur,
1427 1530 1534 1566 quando
1547 1529 1593 1557 hic
1607 1529 1666 1564 ipse
1680 1527 1707 1554 in
1720 1534 1764 1557 se~

966 1582 1082 1617 metipso
1095 1580 1290 1615 multiplicatus
1306 1578 1439 1611 iuetit,-et
1457 1580 1513 1604 tota
1526 1574 1618 1604 saeculi
1629 1573 1762 1610 completa

964 1627 1047 1655 fuerit
1061 1626 1226 1659 volubilitas,
1238 1625 1316 1660 cujus
1330 1628 1437 1659 tempus
1444 1622 1559 1650 Creator
1571 1620 1703 1653 deﬁnivit,
1717 1618 1763 1646 diu

964 1673 1139 1708 semetipsum
1152 1672 1264 1700 volvens
1278 1671 1312 1698 ad
1326 1670 1407 1698 ﬁnem
1422 1667 1556 1704 pervenit.
1570 1667 1605 1694 Et
1616 1669 1763 1702 propterea

964 1720 1011 1748 ille
1025 1719 1087 1747 linis
1109 1718 1239 1754 temporis
1254 1717 1486 1746 hebdomadarum
1506 1719 1580 1742 recte
1598 1713 1761 1749 appellatur,

965 1765 1012 1800 qui
1033 1764 1257 1799 quadragesimus
1278 1769 1367 1790 nonus
1391 1768 1478 1789 mnus
1501 1764 1552 1787 est.
1579 1758 1633 1786 Sed
1656 1760 1764 1793 oportet

965 1810 1048 1837 etiam
1063 1813 1220 1844 sequentem
1235 1806 1490 1842 quinquagesimum
1500 1826 1507 1837 ,
1522 1804 1592 1832 sicut
1606 1804 1644 1831 ait
1662 1802 1706 1830 hic
1723 1801 1763 1828 le-

963 1855 1086 1890 gislator,
1111 1854 1268 1885 succedere,
1293 1853 1320 1879 in
1347 1859 1401 1887 quo
1423 1855 1592 1877 mortuorum
1615 1849 1645 1875 fit
1669 1855 1762 1875 resur-

963 1900 1066 1932 rectio;
1089 1903 1151 1934 post
1170 1899 1243 1926 enim
1264 1897 1345 1925 linem
1363 1895 1528 1924 resurrectio
1547 1894 1680 1929 sequitur,
1703 1899 1764 1928 qua

964 1945 1101 1982 quomodo
1117 1949 1145 1972 et
1164 1942 1390 1979 quemadmodum
1411 1940 1553 1977 proveniat
1571 1939 1637 1967 dicit
1653 1938 1761 1974 quidem

964 1990 1081 2023 Paulus,
1105 1989 1231 2018 similiter
1254 1992 1346 2015 autem
1367 1991 1395 2015 et
1421 1986 1558 2021 legislator
1581 1982 1762 2019 pmsentibul

964 2035 1085 2063 subdidit
1094 2034 1197 2067 verbis,
1209 2034 1247 2060 ait
1257 2033 1330 2061 enim
1345 2042 1352 2060 :
1364 2032 1399 2060 Et
1413 2031 1539 2066 clangens
1553 2031 1662 2058 buccina
1673 2035 1762 2056 menso

963 2080 1072 2115 septimo
1091 2080 1119 2106 in
1135 2079 1257 2106 universa
1275 2084 1348 2112 terra
1360 2082 1456 2107 uestra,
1474 2076 1548 2101 illam
1569 2075 1660 2100 tubam
1679 2072 1763 2109 signi-

964 2125 1050 2153 ﬁcans
1070 2124 1104 2151 de
1127 2131 1180 2158 qua
1203 2122 1303 2150 Paulus
1328 2121 1425 2149 scribit
1450 2119 1760 2147 Thessalonicensibus:

963 2170 1034 2204 Quia
1054 2170 1108 2205 ipse
1128 2169 1256 2197 Dominus
1275 2168 1304 2195 in
1321 2167 1410 2203 jussu,
1423 2167 1451 2194 in
1472 2175 1532 2193 voce
1553 2165 1713 2200 archangeli,
1733 2165 1762 2192 in

962 2217 1025 2245 tuba
1039 2217 1089 2245 Dei
1102 2216 1239 2244 descendet
1255 2216 1288 2243 de
1300 2215 1374 2249 mlo,
1393 2219 1416 2242 et
1435 2214 1531 2241 mortui
1548 2214 1592 2248 qui
1610 2214 1637 2239 in
1654 2212 1759 2240 Christo

961 2269 1023 2292 sunt
1034 2268 1169 2299 resurgant
1179 2264 1325 2298 incorrupti
1341 2262 1367 2299 (1
1384 2262 1475 2288 Thess.
1494 2260 1549 2296 tv);
1563 2264 1671 2295 oportet
1685 2259 1760 2287 enim

964 2314 1136 2338 mortuorum
1159 2309 1388 2337 resurrectionem
1403 2307 1583 2334 suscitantem
1594 2314 1643 2334 eos
1653 2314 1759 2342 pmce-
1766 2314 1774 2340 ζ

964 2354 1030 2382 dere
1044 2354 1148 2380 tubam.
1167 2352 1245 2381 Unde
1259 2353 1287 2380 in
1310 2352 1518 2387 quadragesimo
1542 2356 1570 2380 et
1588 2360 1660 2381 nono
1675 2353 1772 2390 annoﬁ

963 2400 992 2427 in
1011 2406 1066 2433 quo
1083 2406 1254 2426 communem
1273 2398 1391 2426 diximus
1410 2398 1671 2434 consummationem
1687 2398 1758 2433 ﬁeri,
1771 2394 1788 2414 ’ί

963 2446 1029 2474 tuba
1044 2445 1106 2473 cani
1122 2444 1253 2480 praecipit.
1272 2444 1308 2472 In
1320 2452 1407 2472 mense
1421 2448 1508 2473 autem
1521 2445 1642 2480 septimo,
1657 2445 1759 2480 decima

964 2491 1059 2519 mensis
1089 2477 1283 2526 propitiaiionis
1310 2494 1425 2525 tempore
1456 2477 1560 2526 clanges
1593 2477 1701 2520 buccina
1729 2477 1758 2523 in

963 2537 1084 2564 attriverat:
1098 2540 1169 2563 terra
1182 2539 1278 2566 uestra,
1292 2538 1367 2563 recte
1380 2534 1512 2570 praecipit,
1527 2542 1576 2570 per
1590 2533 1769 2569 propitiatio-.

962 2589 1027 2610 nem
1045 2580 1232 2612 manifestans,
1249 2579 1313 2615 quia
1329 2583 1441 2615 propter
1451 2580 1599 2607 bonitatem
1614 2586 1679 2614 erga
1694 2585 1754 2611 nos,

960 2630 990 2654 et
1001 2625 1174 2654 clementiam
1188 2632 1253 2660 erga
1264 2632 1344 2653 omne
1359 2632 1445 2661 genus
1460 2625 1618 2656 humanum,
1634 2630 1756 2655 commu-

961 2672 1005 2699 nis
1018 2670 1227 2699 resurrectionis
1244 2670 1384 2706 dispensat
1400 2669 1581 2706 mysterium,
1598 2668 1754 2707 misericor-

961 2716 1035 2745 diam
1051 2715 1209 2751 impendens
1228 2715 1329 2748 Adam,
1355 2715 1401 2751 qui
1422 2722 1471 2751 per
1493 2713 1754 2748 inobedientiam‘in

961 2766 1064 2790 terram
1073 2761 1174 2790 reverti
1185 2760 1278 2796 jussus
1290 2765 1342 2789 est.
1357 2760 1386 2789 Si
1398 2761 1470 2791 enim
1481 2767 1535 2788 non
1549 2759 1678 2787 misertus
1689 2766 1754 2798 pro-

961 2808 1106 2844 pitiatusve
1126 2807 1238 2841 fuisset,
1257 2815 1311 2836 non
1332 2815 1394 2835 eum
1415 2814 1431 2834 a
1451 2805 1624 2840 corruptione
1643 2810 1754 2843 terrena

961 2854 1113 2883 liberasset.
1133 2854 1207 2882 Dixit
1223 2858 1330 2887 autem,
1344 2860 1446 2884 antrum
1463 2857 1575 2885 terram,
1592 2851 1654 2893 quia
1672 2852 1753 2881 totius

961 2901 1014 2932 erit
1028 2901 1139 2941 humani
1151 2902 1259 2938 generis
1282 2899 1459 2934 resurrectio;
1474 2899 1686 2936 pet-septimum
1703 2907 1752 2934 an-
