3892 6346
1091 318 1152 379 B.
1193 320 1447 380 ΒΑΒΔΝΙ
1483 319 1703 379 MAURI
1739 319 1986 378 ARCHIE

2102 320 2732 385 HOC-UNT.'OPERUM
2764 328 2948 385 PARS
2982 329 3024 385 Ι.

3559 331 3686 392 $6

400 450 466 506 in-
483 445 757 511 hoc,enim
778 441 1029 500 Christus
1048 443 1302 508 veniens,
1347 441 1498 496 dedit
1524 441 1678 496 nobis
1707 442 1988 511 acquirere
2012 439 2067 500 Δ
2089 444 2228 513 quod
2251 445 2295 497 si
2321 460 2425 498 non
2480 446 2726 501 invenerit
2754 463 2944 500 manus
2967 441 3082 515 ejus
3123 455 3180 501 ut
3209 449 3390 503 reddat
3416 453 3684 522 pretium,

402 535 858 606 fr-uctns,.quibus
890 535 949 592 in
973 533 1193 604 propria
1219 541 1534 588 nostrorum
1559 531 1984 602 uniuscujusque

401 625 898 702 consummatione,
949 624 1089 680 etin
1129 622 1404 680 communi
1455 625 1853 679 resurrectione
1901 633 1984 678 at-

400 717 906 796 queretributione
933 713 1130 770 nutriri
1173 714 1464 784 possimus,
1507 721 1778 782 prmstaus
1797 715 1984 786 generi

402 816 640 872 humano
679 809 1021 866 abundanter
1059 806 1389 864 fructiﬁcare
1415 807 1661 873 virtutes,
1687 816 1743 862 et
1773 816 1984 863 tantum

400 915 466 962 ut
487 906 546 962 bi
572 905 668 975 qui
694 904 842 959 circa
868 902 1062 957 horam
1084 901 1428 957 undecimam
1462 900 1714 956 conducti
1753 907 1879 956 sunt
1915 899 1984 953 ad

402 999 770 1070 operandam,
816 1010 939 1050 cum
981 994 1088 1049 illis
1132 995 1225 1064 qui
1261 1008 1424 1049 mane
1467 993 1716 1048 conducti
1759 992 1982 1056 fuerint,

403 1089 612 1148 denarii
643 1087 951 1157 acciperent
977 1083 1300 1140 mercedem.
1334 1083 1592 1152 Sequitur
1621 1101 1636 1136 :

477 1180 642 1235 Terra
665 1196 882 1252 quoque
897 1195 1001 1232 non
1019 1175 1270 1232 vendetur
1297 1177 1352 1229 in
1377 1184 1699 1245 perpetuum,
1723 1175 1850 1244 quia
1867 1190 1986 1228 mea

403 1281 499 1338 est,
539 1280 590 1327 et
615 1287 704 1328 vos
734 1271 946 1326 aduente
973 1278 1025 1324 et
1065 1268 1236 1324 colossi
1284 1270 1387 1323 mei
1426 1269 1582 1332 estis;
1629 1268 1768 1322 unde
1797 1277 1986 1321 cuneta

403 1365 546 1435 regio
568 1363 906 1434 possessionis
938 1370 1122 1417 vestra
1157 1361 1252 1414 sub
1289 1359 1659 1430 redemptionis
1690 1357 1987 1411 conditione

401 1457 666 1512 deridetur.
701 1455 812 1528 (Ea:
839 1452 1178 1526 Augustino.)
1216 1450 1288 1505 Et
1312 1461 1453 1506 terra
1476 1468 1579 1505 non
1603 1449 1988 1505 venundabitttr

399 1550 458 1604 in
491 1548 942 1619 profanationem,
977 1547 1070 1601 alii
1109 1546 1324 1600 codices
1352 1544 1584 1609 habent,
1614 1545 1670 1597 in
1706 1543 1988 1611 conﬁrma-

319 1629 326 1634 ’
399 1643 626 1707 tionem,
667 1656 830 1710 quam
873 1638 1288 1694 mendositatem
1323 1637 1377 1691 in
1420 1635 1695 1690 alterutris
1735 1633 1886 1703 prius
1932 1634 1985 1688 in

399 1730 586 1788 Graeco
644 1731 904 1786 accidisse
961 1730 1225 1790 arbitror,
1278 1737 1499 1797 propter
1551 1725 1702 1780 verbi
1753 1724 1985 1779 similem

2087 538 2289 592 habebit
2315 550 2514 610 emptor
2556 540 2696 610 quod
2723 550 2922 595 emerat
2969 558 3133 612 usque
3162 543 3232 595 ad
3279 557 3476 598 annum
3522 546 3687 616 inbi-

2087 629 2243 683 lotum
2267 644 2287 681 :
2313 631 2369 683 in
2390 632 2501 701 ipso
2551 641 2723 686 autem
2767 634 2935 687 omnis
2961 633 3186 688 venditio
3219 635 3353 688 redit
3378 637 3447 689 ad
3483 637 3686 692 Domi-

2088 735 2211 772 num
2265 731 2313 774 et
2373 737 2720 790 possessorem
2755 723 3056 793 pristinum.
3110 724 3289 796 (lem)
3349 725 3460 797 [Ere
3502 726 3684 798 Hesy-

2087 810 2248 881 chia]
2304 811 2735 882 Uniuscuiusque
2762 827 2893 883 ergo
2920 815 3156 870 hominis
3205 818 3505 884 possessio,
3528 819 3680 873 bona

2088 905 2426 958 conversatio
2455 915 2558 968 est,
2586 921 2747 975 quam
2797 907 2976 962 sortiti
3031 922 3218 962 sumus
3247 925 3278 962 a
3308 909 3441 972 Deo,
3474 910 3542 964 de
3564 925 3677 979 qua

2086 991 2282 1048 Paulus
2312 995 2542 1058 dicebat,
2576 997 2931 1067 unusquisque
2973 998 3028 1051 in
3057 1016 3162 1069 qua
3210 1001 3478 1053 vocatione
3520 1017 3676 1054 voca-

2085 1093 2172 1137 tus
2215 1092 2308 1150 est,
2337 1084 2550 1153 fratres,
2577 1087 2634 1139 in
2670 1087 2852 1140 eadem
2877 1098 3088 1142 maneat
3136 1087 3188 1158 (I
3209 1087 3334 1142 Cor.
3366 1089 3489 1158 vn),
3531 1089 3674 1158 apud

2087 1173 2278 1239 Deum,
2316 1175 2404 1230 hic
2451 1177 2597 1231 enim
2634 1178 3025 1248 virginitatem,
3076 1179 3167 1235 ille
3221 1189 3404 1235 autem
3456 1191 3670 1235 castum

2088 1265 2417 1336 coniugium,
2459 1269 2596 1324 alter
2625 1270 2790 1324 vitam
2815 1271 3062 1341 iustitiae,
3092 1271 3231 1327 alius
3283 1281 3470 1327 autem
3499 1274 3670 1326 silen—

2090 1357 2224 1414 tium
2281 1362 2744 1430 remotionemque
2793 1378 3104 1427 causarum,
3159 1364 3252 1418 hic
3280 1366 3669 1429 sacerdotium,

2089 1446 2179 1501 ille
2206 1464 2499 1518 pauperum
2527 1453 2913 1520 patrocinium,
2967 1454 3109 1509 alter
3127 1454 3260 1520 alia,
3295 1456 3672 1524 unusquisque

2059 1576 2062 1578 -
2089 1541 2383 1598 secundum
2409 1545 2684 1612 propriam
2710 1546 2966 1600 virtutem
3008 1548 3270 1616 possidet,
3305 1547 3401 1601 sed
3456 1547 3671 1616 quando

2086 1647 2186 1703 per
2212 1634 2499 1692 desidiam
2549 1639 2905 1709 cogitationes
2965 1649 3166 1695 nostrae
3228 1642 3520 1696 inﬁrmata;
3555 1644 3671 1696 {ue-

2090 1725 2220 1790 rint,
2252 1734 2381 1781 tunc
2407 1743 2474 1781 ex
2499 1737 2658 1797 parte
2685 1730 2750 1783 de
2775 1730 2994 1798 propria
3025 1733 3270 1786 cadimus
3305 1735 3664 1802 possessione.

399 1837 625 1883 sonum;
671 1823 952 1893 βεϐήλωσις
979 1820 1122 1874 enim
1162 1818 1466 1888 profanatio
1502 1818 1728 1881 dicitur;
1762 1817 1982 1886 βεϐαίω⁹
2013 1800 2062 1860 Β
2090 1815 2147 1872 Si
2177 1828 2478 1874 attenuatus
2537 1821 2704 1890 frater
2749 1832 2891 1887 tuus,
2941 1824 3056 1878 sive
3105 1800 3404 1880 secundum
3446 1825 3668 1896 Septua-

399 1936 482 1975 m:
535 1922 713 1967 autem
769 1909 1128 1966 conﬁrmatio.
1194 1908 1298 1963 Sed
1366 1909 1452 1963 ille
1516 1922 1706 1962 sensus
1769 1915 1986 1976 apertus

399 2014 514 2070 est,
562 2015 610 2058 et
655 2013 796 2057 terra
839 2019 945 2056 non
987 1999 1372 2054 venundabitur
1419 2000 1476 2052 in
1526 1997 1982 2068 profanationem,

399 2097 456 2151 id
503 2103 605 2160 est,
656 2109 726 2152 ne
772 2095 894 2163 quis
938 2095 1160 2146 auderet
1216 2099 1415 2146 terram
1480 2103 1642 2159 quam
1701 2088 1909 2157 accepit
1955 2102 1986 2141 a

398 2187 512 2242 Deo
551 2187 788 2243 vendere
827 2183 1089 2256 profanis,
1122 2183 1213 2253 qui
1258 2197 1323 2236 ea
1368 2190 1588 2236 utantur
1630 2181 1697 2234 ad
1740 2179 1987 2250 impieta~

398 2285 510 2331 tem
555 2277 868 2346 cultumque
897 2277 1118 2331 deorum
1169 2274 1468 2328 alienorum
1499 2279 1664 2341 atque
1701 2270 1982 2324 falsorum.

399 2368 534 2424 lllud
589 2379 771 2424 autem
825 2369 1216 2422 subobscuram
1271 2374 1389 2428 est,
1445 2380 1550 2417 non
1607 2364 1986 2417 venundabitur

400 2469 544 2514 terra
585 2462 643 2513 in
699 2460 1185 2528 conﬁrmationem,
1242 2456 1388 2527 quod
1434 2464 1566 2525 puto
1618 2469 1726 2510 non
1783 2453 1984 2508 intelli-

401 2551 658 2621 gendum,
714 2551 820 2604 nisi
854 2563 921 2603 ne
948 2550 1024 2602 ita
1079 2547 1318 2602 venditio
1374 2545 1742 2610 conﬁrmetur,
1775 2552 1836 2598 ut
1863 2559 1984 2600 eam

402 2659 512 2699 non
571 2644 802 2714 recipiat
836 2643 1089 2698 venditor
1140 2649 1384 2710 tempore
1438 2636 1796 2701 remissionis,
1845 2637 1988 2691 sicut

396 2744 732 2808 praeceptum
757 2745 860 2791 est.
913 2734 1066 2801 Quod
1090 2747 1222 2787 vero
1271 2731 1515 2802 sequitur
1539 2771 1553 2797 ,
1590 2729 1806 2798 utrique
1862 2743 1986 2784 sen-

397 2829 480 2884 sui
537 2836 718 2898 potest
767 2840 1086 2896 congruere,
1143 2825 1255 2880 sive
1303 2823 1556 2894 legatur:
1589 2820 1662 2874 Et
1694 2829 1835 2874 terra
1880 2834 1987 2872 non

397 2921 785 2976 venundabitur
805 2921 861 2973 in
897 2919 1344 2989 profanationem,
1392 2917 1504 2970 sive
1537 2917 1595 2969 in
1626 2913 1987 2981 conﬁrmatio-

397 3025 534 3068 nem.
563 3013 796 3069 Secutus
845 3013 1044 3082 quippe
1087 3009 1350 3078 adiunxit,
1395 3008 1514 3063 Mea
1550 3010 1687 3062 enim
1712 3017 1787 3062 est
1818 3018 1982 3073 terra,

395 3115 608 3176 propter
654 3106 791 3177 quod
831 3103 1078 3174 proselyti
1123 3111 1171 3155 et
1219 3101 1404 3154 incola:
1439 3116 1528 3154 vos
1558 3101 1682 3153 estis
1728 3107 1849 3153 ante
1877 3114 1977 3164 me,

398 3157 589 3176 γ-ντ-κν
660 3157 679 3177 κ,
736 3157 742 3158 κ
833 3157 844 3174 .
1006 3157 1030 3172 .,
1966 3157 1975 3164 ,

398 3209 448 3251 et
478 3213 573 3268 per
603 3211 804 3250 omnem
846 3204 1041 3247 terram
1085 3191 1427 3262 possessionis
1477 3198 1662 3244 vestrae
1689 3190 1982 3244 mercedem
2009 3157 2057 3224 α

399 3287 596 3341 dabitis
610 3295 783 3349 terra),
802 3284 892 3336 alii
911 3289 1090 3335 autem
1108 3282 1321 3336 codices
1341 3280 1559 3344 habent,
1578 3279 1985 3348 redemptionem

403 3379 600 3432 dabitis
649 3387 822 3431 terrm.
866 3375 1072 3429 Sensus
1109 3389 1239 3444 ergo
1268 3374 1358 3429 hic
1386 3382 1471 3428 est
1509 3391 1520 3425 :
1558 3372 1681 3426 Non
1716 3370 1987 3425 venunda-

400 3469 545 3522 bitur
597 3478 740 3522 terra
785 3469 842 3521 in
885 3468 1331 3539 profanationem,
1387 3465 1568 3532 idest,
1626 3464 1734 3519 illis
1789 3464 1881 3534 qui
1920 3478 1984 3518 ea

400 3569 625 3617 utantur
683 3563 736 3616 in
765 3561 1021 3632 iniuriam
1057 3559 1372 3625 Creatoris;
1415 3566 1510 3612 aut
1545 3559 1601 3612 in
1627 3557 1988 3627 conﬁrmatio-

397 3671 534 3721 nem,
569 3655 624 3709 id
649 3662 751 3719 est,
782 3663 842 3708 ut
868 3667 993 3709 eam
1022 3659 1234 3724 emptor
1265 3659 1528 3722 perpetuo
1557 3649 1854 3720 possideat,
1883 3662 1986 3702 nec

397 3753 547 3803 certo
573 3747 873 3802 secundum
907 3744 1004 3800 Dei
1032 3753 1367 3816 pmceptum
1398 3741 1690 3797 intervallo
1719 3754 1983 3795 annorum

398 3840 652 3896 restituat
683 3837 971 3894 venditori.
1001 3835 1126 3890 Mea
1170 3837 1308 3890 enim
1339 3843 1432 3898 est,
1467 3835 1665 3903 inquit,
1693 3843 1856 3896 terra,
1883 3847 1989 3886 un-

398 3934 466 3988 de
510 3931 808 3988 secundum
866 3943 1048 3984 meum
1106 3935 1436 3998 praeceptum
1485 3937 1551 3979 ea
1603 3924 1681 3977 uti
1722 3923 1984 3978 debeatis.

394 4025 574 4094 Atque
600 4033 660 4079 ut
690 4024 1004 4079 ostenderet
1045 4035 1201 4076 suam
1253 4033 1374 4074 esse
1429 4033 1533 4073 non
1561 4017 1823 4087 ipsorum,
1858 4014 1988 4084 quid

397 4109 503 4190 ἱρέὶ
534 4118 590 4170 in
637 4131 700 4169 ea
749 4123 954 4181 essent,
994 4119 1394 4185 consequenter
1447 4111 1694 4181 adiunxit
1757 4109 1984 4164 dicens:

402 4203 629 4276 Propter
670 4203 808 4273 quod
839 4200 1090 4270 proselyti
1128 4211 1176 4254 et
1212 4201 1402 4253 incolae
1439 4215 1527 4252 vos
1571 4201 1693 4251 estis
1739 4208 1858 4251 ante
1884 4213 1983 4261 me,

395 4300 503 4351 hoc
534 4301 639 4360 est,
694 4290 942 4362 quamvis
979 4287 1262 4358 proselyti,
1301 4287 1353 4340 id
1383 4293 1487 4350 est,
1519 4288 1740 4340 advenae
1771 4287 1880 4340 sint
1900 4301 1992 4340 vo-

393 4392 507 4456 bis,
537 4403 656 4458 quaz
703 4403 769 4441 ex
801 4381 1121 4452 alienigenis
1173 4379 1541 4450 adiunguntur
1592 4378 1737 4449 genti
1768 4386 1982 4442 vestrm,

395 4491 459 4537 ut
487 4479 698 4543 incolae,
734 4475 788 4533 id
817 4483 919 4540 cst,
979 4472 1170 4529 nonin
1223 4479 1370 4526 terra
1399 4472 1617 4542 propria
1661 4479 1984 4525 manentes:

396 4581 582 4625 tamen
622 4569 790 4622 etiam
837 4567 939 4622 vos
969 4577 1159 4619 omnes
1212 4570 1338 4616 ante
1387 4576 1474 4615 me
1509 4560 1732 4615 advena:
1772 4560 1905 4615 estis
1933 4568 1987 4614 et

395 4659 607 4719 incoho.
664 4655 779 4712 Hoc
827 4656 968 4710 Deus
1024 4653 1178 4717 dicit,
1213 4653 1329 4706 sive
1372 4650 1650 4713 lsraclitis,
1685 4651 1829 4718 quod
1855 4649 1986 4701 alia-

398 4745 519 4805 rum
559 4750 1033 4820 gentium'terram
1071 4759 1206 4815 quas
1231 4741 1455 4812 expulit,
1487 4739 1568 4794 eis
1594 4737 1804 4795 dederit
1829 4755 1846 4805 ;
1870 4738 1988 4794 sive

400 4841 548 4897 omni
579 4841 804 4904 homini,
836 4839 1094 4908 quoniam
1133 4845 1259 4891 ante
1286 4836 1457 4890 Deum
1509 4834 1602 4904 qui
1631 4847 1844 4900 semper
1873 4845 1987 4885 ma-

401 4941 518 4999 net,
553 4941 608 4987 et
631 4931 774 4986 sicut
802 4933 1066 5000 scriptum
1094 4935 1198 4992 est,
1233 4927 1428 4982 coelum
1457 4933 1513 4980 et
1539 4933 1742 4978 terram
1773 4921 1981 4991 implet,

401 5029 592 5096 utique
618 5025 915 5095 praesentia
974 5037 1096 5087 sua,
1125 5022 1304 5076 omnis
1337 5023 1498 5075 homo
1528 5019 1738 5072 advena
1779 5021 1862 5070 est
1885 5029 1986 5068 na-

405 5117 626 5182 scendo,
685 5121 741 5170 et
791 5112 967 5168 incola
1021 5112 1273 5177 vivendo,
1327 5110 1584 5180 quoniam
1649 5103 1990 5174 compellitur

407 5212 645 5283 migrare
681 5205 981 5263 moriendo.
1014 5203 1072 5259 Si
1101 5212 1402 5258 attenuatus
1430 5203 1593 5272 frater
1638 5209 1760 5254 tuus
1806 5195 1990 5250 vendi-

408 5299 545 5356 derit
588 5295 1064 5371 possessiunculam
1111 5310 1285 5359 suam,
1311 5303 1359 5347 et
1401 5291 1624 5347 voluerit
1665 5289 1988 5361 propinquus

409 5393 547 5465 ejus,
593 5400 763 5464 potest
815 5387 1069 5443 redimere
1097 5385 1237 5457 quod
1284 5384 1374 5438 ille
1410 5383 1738 5446 vendiderat,
1770 5381 1854 5434 sin
1894 5395 1992 5432 au-

413 5498 515 5541 tem
566 5503 670 5539 non
701 5481 939 5538 habuerit
964 5479 1283 5552 proximum,
1332 5484 1380 5529 et
1411 5475 1520 5543 ipse
1547 5473 1772 5544 pretium
1809 5469 1878 5523 ad
1913 5486 1993 5523 re-

413 5563 715 5633 dimendum
742 5574 966 5646 potuerit
1020 5570 1273 5634 invenire,
1325 5565 1763 5637 computabunmr
1790 5562 1993 5632 fructus

417 5687 483 5724 ea:
508 5686 566 5723 eo
594 5680 818 5738 tempore
868 5664 1006 5737 quod
1031 5661 1286 5724 vendidit,
1335 5667 1382 5712 et
1417 5655 1556 5728 quod
1589 5654 1845 5725 reliquum
1893 5661 1991 5719 est,

421 5759 601 5816 reddet
637 5761 894 5830 tempori;
926 5760 1099 5828 sicque
1126 5753 1338 5825 recipiet
1391 5748 1767 5820 possessionem
1815 5760 1994 5812 suam,

2089 1909 2258 1979 ginta,
2288 1911 2334 1962 si
2364 1911 2432 1963 ad
2455 1923 2812 1980 paupertatem
2858 1917 3147 1984 pervenerit
3201 1916 3370 1985 frater
3411 1927 3555 1982 tuas,
3581 1920 3665 1987 qui

2089 2011 2164 2054 est
2186 2010 2378 2068 tecum,
2436 2000 2660 2059 fratrem
2725 2013 2971 2059 nostrum
3025 2015 3080 2060 et
3109 2007 3200 2076 qui
3257 2008 3543 2062 nobiscum
3567 2018 3662 2074 est,

2089 2093 2356 2148 intellexit
2411 2096 2752 2164 conlidelem,
2783 2098 2838 2152 in
2893 2098 3048 2168 cuius
3096 2100 3427 2170 cogitatione
3455 2103 3666 2170 quando

2088 2186 2298 2239 venerit
2336 2197 2616 2256 peccatum
2648 2191 2701 2243 in
2729 2199 3104 2259 paupertatem
3134 2192 3358 2256 labitur,
3390 2202 3440 2246 et
3463 2209 3667 2262 pauper

2089 2289 2217 2330 vere
2247 2288 2350 2342 est,
2374 2279 2468 2348 qui
2499 2279 2716 2335 divitias
2749 2281 2982 2350 perdidit
3011 2280 3303 2351 spiritales,
3335 2283 3508 2336 factus
3537 2299 3668 2351 qua-

2088 2365 2156 2419 lis
2195 2365 2286 2420 ille
2331 2368 2398 2422 de
2452 2383 2558 2438 quo
2589 2369 2757 2424 David
2817 2371 2953 2424 dixit
2979 2388 2992 2401 ο
3032 2385 3156 2425 cum
3191 2385 3313 2425 eum
3353 2372 3449 2441 qui
3504 2373 3558 2426 in
3584 2387 3668 2426 co-

2089 2457 2444 2528 gitationibus
2491 2468 2838 2530 peccatorum
2905 2462 3231 2518 constitutus
3268 2471 3390 2517 erat
3438 2477 3667 2532 expone-

2088 2558 2173 2605 ret
2200 2552 2477 2606 hominem
2508 2569 2520 2604 :
2553 2551 2725 2622 Egens
2765 2569 2881 2606 sum
2911 2568 3026 2622 ego,
3061 2561 3112 2606 et
3129 2555 3189 2607 in
3218 2553 3493 2607 laboribus
3522 2571 3555 2607 a
3576 2555 3661 2621 jn-

2088 2653 2295 2698 ventu-te
2315 2653 2456 2710 mea,
2485 2645 2748 2700 exaltatus
2777 2655 2953 2700 autem
2978 2646 3288 2700 humiliatus
3329 2663 3454 2700 sunt
3481 2657 3530 2701 et
3555 2663 3666 2701 con-

2089 2735 2246 2804 fusus
2298 2734 2475 2808 (Psal.
2514 2740 2783 2809 Lxxxvu).
2821 2737 3049 2804 Quando
3109 2753 3239 2808 ergo
3269 2739 3364 2792 hic
3406 2740 3504 2808 qui
3557 2738 3670 2792 talis

2088 2835 2192 2893 est,
2228 2837 2435 2897 partem
2487 2830 2722 2898 propriae
2748 2830 3012 2899 bonaeque
3040 2830 3428 2900 possessionis,
3481 2845 3600 2899 quae
3621 2829 3668 2884 ei

2088 2925 2238 2974 sorte
2293 2922 2589 2976 obvenerat
2647 2922 2970 2988 vendiderit,
3035 2923 3431 2994 cogitationem
3471 2924 3669 2992 peccati

2089 3012 2613 3081 suscipiens,vendit
2631 3015 2778 3067 enim
2801 3014 2891 3068 hic
2909 3013 3222 3068 adversario
3241 3029 3400 3069 suam
3413 3024 3667 3079 mentem,

2087 3103 2544 3172 quemadmodum
2574 3103 2717 3159 Deus
2754 3103 2952 3160 Iudaeis
2977 3105 3192 3161 dicebat
3219 3124 3232 3158 ε
3277 3104 3420 3160 Ecce
3455 3106 3668 3177 peccatis

2089 3194 2270 3248 vestris
2313 3195 2601 3248 venundati
2626 3195 2748 3250 estis
2793 3195 2929 3265 (Isa.
2970 3197 3125 3267 xxx),
3174 3198 3363 3251 veniet
3405 3196 3583 3251 afﬁnis
3623 3204 3704 3251 ct.

2090 3286 2426 3355 propinquus
2477 3285 2616 3356 eius,
2681 3287 2978 3342 secundum
3025 3287 3278 3356 spiritum
3333 3293 3676 3360 cognatuset

2089 3374 2389 3442 conﬁdelis,
2425 3384 2484 3430 et
2505 3376 2678 3447 legem
2706 3377 3048 3447 cognationis
3075 3379 3335 3448 operibus
3359 3379 3672 3438 ostendens.

2090 3473 2146 3520 et
2167 3467 2422 3524 liberabit
2475 3469 2843 3524 venditionem
2896 3469 3084 3525 fratris
3133 3471 3235 3537 sui,
3279 3471 3413 3525 illud
3449 3469 3677 3539 impleas

2090 3562 2234 3631 quod
2279 3560 2478 3615 Paulus
2534 3561 2852 3615 scribebat:
2886 3559 3126 3626 Fratres,
3178 3563 3226 3614 si
3273 3563 3678 3630 comprehensus

2089 3654 2250 3724 fuerit
2275 3655 2428 3708 homo
2479 3655 2536 3707 in
2563 3653 2741 3724 aliqua
2771 3653 2983 3719 delicto,
3009 3672 3097 3710 vos
3125 3657 3214 3723 qui
3247 3652 3515 3721 spiritales
3546 3655 3679 3705 estis

2089 3745 2395 3816 hujusmodi
2424 3747 2670 3798 instruite
2695 3748 2754 3798 in
2782 3746 2974 3814 spiritu
3019 3743 3451 3809 mansuetudinis,
3501 3745 3682 3797 consi-

2090 3837 2282 3890 derans
2310 3835 2554 3903 teipsum,
2579 3850 2640 3888 ne
2666 3843 2716 3888 et
2743 3843 2801 3888 tu
2831 3836 3044 3889 tenteris
3067 3852 3086 3898 ;
3116 3834 3248 3889 alter
3263 3833 3492 3888 alterius
3517 3850 3680 3887 onera

2090 3936 2310 3996 portate,
2355 3935 2404 3980 et
2429 3927 2507 3980 sic
2535 3925 2887 3996 adimplebitis
2932 3928 3094 3996 legem
3125 3923 3322 3981 Christi
3349 3922 3557 3995 (Galat.
3581 3924 3677 3993 π).

2092 4015 2150 4072 Si
2203 4017 2352 4070 enim
2414 4016 2646 4071 invicem
2698 4031 2864 4071 onera
2926 4025 3112 4072 nostra
3175 4014 3672 4080 exhortationibus,

2092 4105 2622 4171 commonitionibus,
2668 4105 3098 4176 opportunisque
3135 4105 3381 4160 consiliis
3433 4114 3680 4174 portave-

2094 4195 2282 4258 rimus,
2331 4194 2563 4250 liberare
2620 4194 2848 4249 fratrem
2877 4200 3254 4264 apauperta-te
3303 4208 3599 4262 possumus
3625 4199 3679 4247 et

2093 4286 2380 4349 redimere,
2421 4300 2584 4354 quam
2615 4285 2730 4354 ipse
2777 4301 2848 4340 ex
2896 4283 3222 4356 negligentia
3272 4283 3681 4352 possessionem

2093 4390 2215 4430 cum
2240 4374 2465 4428 deberet
2501 4375 2768 4440 vendidit,
2800 4383 2856 4430 et
2886 4376 3046 4430 modo
3066 4375 3304 4442 quodam
3350 4372 3416 4426 lit
3445 4385 3682 4427 commu~

2092 4465 2180 4520 nis
2206 4465 2501 4534 possessio,
2541 4465 2588 4518 si
2617 4471 2800 4518 autem
2855 4463 3015 4518 alicui
3045 4479 3154 4518 non
3203 4461 3372 4516 fuerit
3400 4461 3681 4530 proximus

2094 4557 2182 4610 vel
2217 4556 2578 4626 propinquus,
2628 4554 2856 4606 forsitan
2885 4554 3034 4608 enim
3082 4569 3190 4608 non
3214 4554 3459 4608 ostendit
3489 4567 3682 4623 oppor-

2096 4656 2228 4702 tuno
2255 4642 2498 4714 tempore
2521 4660 2650 4716 erga
2679 4645 2843 4699 alium
2866 4645 3323 4716 compassionem,
3341 4647 3462 4714 ipse
3486 4651 3685 4698 semet-

2096 4739 2273 4809 ipsum
2297 4737 2514 4793 salvare
2546 4737 2728 4801 debet,
2761 4745 2817 4792 et
2841 4737 3115 4808 propriam
3141 4736 3513 4793 substantiam
3542 4735 3683 4789 redi-

2095 4843 2263 4893 mere,
2312 4837 2367 4883 et
2418 4837 2705 4898 propterea
2764 4825 2840 4882 ait
2870 4845 2883 4882 :
2914 4824 3009 4881 Sin
3068 4837 3245 4882 autem
3292 4842 3397 4880 non
3440 4822 3684 4878 habuerit

2093 4920 2411 4991 proximum,
2461 4927 2509 4972 et
2543 4919 2653 4988 ipse
2683 4919 2908 4986 pretium
2938 4917 3007 4971 ad
3044 4915 3407 4971 redimendum
3455 4911 3685 4983 potuerit

2093 5009 2346 5072 invenire,
2394 5007 2834 5077 computabunmr
2873 5006 3076 5075 fruetus
3116 5022 3181 5060 ea;
3217 5021 3275 5058 eo
3305 5012 3538 5071 tempore
3583 5014 3685 5069 quo

2096 5097 2346 5161 vendidit,
2373 5107 2420 5151 et
2460 5097 2598 5166 quod
2623 5096 2878 5166 reliquum
2902 5105 2999 5161 est,
3030 5094 3209 5148 reddet
3236 5093 3483 5163 emptori,
3510 5091 3690 5158 sicque

2097 5189 2306 5260 recipiet
2333 5187 2710 5258 possessionem
2733 5203 2905 5240 suam.
2939 5187 3071 5253 Quis
3117 5201 3248 5258 ergo
3293 5191 3546 5239 nostrum
3572 5180 3691 5234 ido-

2096 5287 2386 5346 neusest,
2423 5286 2517 5332 aut
2561 5285 2740 5347 potest
2770 5291 2837 5330 ex
2865 5277 3070 5332 desidia
3099 5285 3196 5331 aut
3227 5275 3498 5344 pravitate
3534 5285 3691 5325 meu-

2100 5382 2210 5429 tem
2239 5372 2517 5427 vcnditam
2555 5368 2809 5434 liberare,
2862 5377 2922 5421 ut
2955 5385 3064 5424 non
3101 5383 3167 5422 ex
3220 5375 3335 5422 toto
3359 5372 3556 5437 pereat
3586 5363 3692 5416 ab-

2096 5465 2384 5526 alienante,
2414 5463 2523 5518 nisi
2547 5461 2662 5516 vita
2687 5462 2831 5518 bona
2860 5469 2918 5516 et
2955 5461 3098 5518 actio
3125 5458 3395 5532 repellens
3425 5470 3694 5526 qumcuu-

2097 5573 2201 5628 que
2252 5556 2459 5611 inventi
2498 5552 2762 5608 fuerimus
2789 5552 2848 5608 in
2877 5561 3061 5606 mente
3096 5548 3430 5621 peccantes?
3460 5546 3696 5614 Oportet

2098 5665 2226 5721 ergo
2255 5647 2494 5716 cegitare
2519 5653 2780 5714 quantum
2813 5651 3026 5713 tempus
3050 5641 3338 5714 praedictas
3387 5645 3608 5694 mentes
3635 5634 3695 5690 ei

2101 5743 2192 5815 qui
2217 5739 2353 5798 solet
2377 5752 2472 5795 eas
2500 5734 2919 5807 cogitationibus
2967 5732 3126 5788 malis
3155 5745 3360 5796 emere,
3392 5735 3449 5782 et
3477 5726 3536 5780 in
3569 5737 3697 5782 ser-
