3892 6346
221 288 313 347 531

1078 289 1578 349 EXPOSITIONES
1618 291 1690 350 ῐΝ
1725 291 2117 355 ιεπηαυκ.
2157 327 2229 342 --
2261 301 2390 357 LIB.
2432 295 2540 358 VII.

3337 309 3442 373 558

223 403 432 460 vitatem
483 400 728 470 redigere
753 401 1178 471 vendiderimus,
1230 413 1287 461 et
1309 408 1357 462 si
1397 407 1549 463 verbi
1575 410 1774 478 gratia,
1800 411 1854 474 Α
1871 411 2004 478 sint,
2033 429 2250 484 semper
2269 418 2458 472 redimi
2493 422 2768 491 praecepit,
2808 435 2967 492 agros
3003 433 3186 483 autem
3209 435 3446 494 vendere

219 493 527 554 desiderium
548 502 795 549 nostrum
836 496 1082 551 avaritiae
1120 498 1392 568 cogitatus
1423 499 1642 566 invasit,
1674 513 1774 557 nos

216 601 586 657 recuperemus
634 594 873 642 mentem
921 597 1185 655 nostram,
1241 598 1299 645 ut
1331 605 1423 645 eas
1451 592 1616 646 etiam
1650 605 1772 661 quat

214 681 272 737 de
290 679 435 752 justo
461 686 587 735 sunt
619 680 893 750 pecunias,
925 687 980 735 et
995 682 1365 751 possessiones
1386 683 1766 751 despiciamus,

211 779 250 832 si
276 776 660 847 gastrimargiat
681 775 1051 846 captivitatem
1074 776 1360 846 suggessit,
1389 792 1488 832 nos
1517 778 1770 833 intentio-

209 884 316 924 nem
339 867 534 937 jejunii
562 867 814 934 districti,
845 877 900 921 et
918 868 1160 923 omnium
1189 868 1435 923 ciborum
1475 870 1766 924 continen-

208 959 324 1014 tiam
353 973 756 1028 recuperemus,
789 958 872 1014 sic
898 959 1045 1013 enim
1092 960 1492 1028 possessionem
1519 970 1764 1016 nostram

206 1047 427 1117 recipere
461 1049 651 1118 majori
682 1049 904 1104 inimico
950 1064 1114 1119 quem
1165 1052 1522 1108 devicerimus
1570 1068 1763 1122 possu-

204 1157 325 1195 mus.
363 1139 464 1196 Sin
495 1150 674 1197 autem
729 1143 832 1197 hoc
856 1142 1057 1198 factum
1108 1159 1217 1199 non
1248 1143 1427 1211 fuerit,
1461 1146 1593 1214 quid
1638 1160 1762 1199 eve-

200 1235 315 1298 niat,
345 1235 514 1299 disce,
546 1244 592 1288 et
623 1237 668 1288 si
700 1252 803 1289 non
836 1237 1088 1291 invenerit
1113 1255 1301 1292 manus
1344 1239 1460 1308 ejus
1483 1247 1541 1290 ut
1567 1238 1759 1291 reddat

198 1327 404 1395 pretium
429 1340 449 1378 :
486 1335 703 1396 oportet
739 1329 884 1383 enim
933 1329 1078 1384 sicut
1122 1331 1380 1394 diximus,
1411 1332 1627 1397 quando
1653 1346 1761 1384 non

197 1416 519 1485 praeveniens
545 1419 667 1486 quis
716 1420 1053 1487 propinquus
1079 1420 1338 1489 spiritalis
1386 1421 1758 1487 commoverit,

194 1506 397 1573 quando
422 1507 593 1562 malas
628 1509 988 1578 cogitationes
1016 1510 1134 1564 sine
1171 1510 1392 1565 lmsione
1425 1511 1758 1579 repellimus,

192 1596 436 1666 subsequi
468 1600 851 1669 cogitationem
881 1609 938 1654 et
965 1601 1238 1656 actionem
1295 1616 1361 1655 ex
1403 1617 1512 1670 qua
1541 1602 1758 1657 liberari

179 1687 468 1754 possimus,
519 1704 854 1758 quaecunque
895 1691 1097 1759 reperti
1153 1690 1416 1746 fuerimus
1459 1692 1599 1746 male
1627 1691 1756 1745 alie-

1869 517 2057 559 omnes
2084 507 2378 575 prohibuit.
2420 509 2548 565 litec
2593 520 2773 566 autem
2801 513 3100 581 distinctio,
3131 525 3242 574 tam
3261 521 3441 580 infru-

1871 599 2056 683 ctuosa
2097 605 2184 651 est
2226 599 2292 652 ad
2329 585 2525 655 faciem
2575 602 2774 657 litterae
2825 619 2986 674 quam
3031 611 3290 678 ostendit,
3317 617 3444 683 quia

1868 681 1956 738 lex
1987 684 2088 740 fuit
2112 688 2326 757 quidem
2373 690 2589 760 quando
2642 694 2832 750 habuit
2850 694 3106 764 juvamen
3135 701 3202 756 de
3231 681 3440 774 littera,

1867 791 1975 830 non
2013 785 2190 833 tamen
2244 794 2477 850 smper,
2509 797 2612 837 nec
2645 783 2712 838 de
2757 787 2927 854 omni,
2957 799 3178 860 propter
3210 796 3354 864 quod
3386 797 3442 852 ei

1866 868 2249 938 contemplatio
2313 872 2570 940 spiritalis
2604 879 2912 932 necessaria
2949 890 3055 946 est,
3111 883 3318 941 utilitas
3346 901 3443 942 au-

1864 965 1972 1012 tem
2003 960 2129 1013 hinc
2161 961 2464 1016 intendenti
2490 974 2769 1034 perpetua,
2807 977 2864 1023 et
2892 969 2959 1024 de
2988 973 3136 1027 omni
3173 973 3444 1032 ‘mandato'

1861 1045 1997 1117 legis
2026 1051 2290 1116 provenit.
2319 1049 2438 1105 Jam
2467 1068 2608 1107 nunc
2649 1069 2777 1126 ergo
2824 1062 3110 1126 przesentis
3133 1065 3438 1124 sanationis

1860 1142 2218 1199 discutiamus
2245 1145 2525 1211 virtutem,
2556 1148 2610 1200 in
2636 1151 3062 1217 praecedentibus
3093 1157 3435 1229 uniuscujus-

1860 1233 1981 1287 dam
2012 1237 2425 1304 possessionem,
2456 1253 2764 1308 proponens
2790 1241 2865 1293 ait
2889 1243 3032 1296 enim
3059 1262 3072 1297 :
3108 1245 3168 1300 Si
3195 1259 3434 1304 attenua-

1861 1330 1943 1374 tus
2001 1323 2164 1390 frater
2214 1333 2334 1379 tuus
2386 1327 2678 1381 vendiderit
2736 1332 3208 1398 possessiunculam
3259 1355 3430 1406 ruant,

1861 1414 2148 1482 specialem
2216 1419 2638 1489 uniuscujusque
2714 1426 3185 1482 conversationem
3249 1431 3434 1498 procul

1861 1502 2026 1558 dubio
2044 1508 2316 1575 exposuit,
2345 1511 2434 1564 hic
2457 1520 2640 1566 autem
2667 1529 2773 1569 non
2792 1515 2904 1585 jam
2934 1517 3001 1570 de
3027 1523 3438 1579 conversatione

1859 1595 2108 1663 speciali,
2136 1598 2229 1652 sed
2262 1601 2429 1654 totius
2465 1600 2759 1674 Synagogm
2781 1606 2868 1660 vel
2895 1607 3150 1663 Ecclesiae
3173 1609 3433 1679 loquitur,

1857 1681 1914 1736 in
1942 1685 2138 1752 quibus
2190 1687 2498 1746 Iudaeorum
2526 1693 2744 1761 quidem
2779 1694 3062 1768 Svnagoga
3094 1699 3146 1752 in
3179 1715 3244 1754 eo
3290 1701 3434 1770 quod

172 1791 328 1834 nasse
357 1797 371 1832 ε
409 1776 642 1832 Habebit
678 1788 902 1848 emptor,
945 1780 1084 1849 quod
1123 1790 1318 1834 emerat
1365 1798 1526 1850 usque
1555 1782 1624 1834 ad
1657 1800 1754 1835 an.
1779 1759 1829 1820 Β
1853 1785 2038 1829 manet
2065 1793 2237 1846 usque
2262 1795 2408 1835 nunc
2445 1759 2586 1850 apud
2613 1759 3025 1853 conquirentem
3072 1759 3350 1846 inimicum
3379 1802 3436 1849 ει

172 1882 292 1920 num
317 1865 609 1937 jubilazum
625 1884 646 1932 ;
681 1868 740 1921 in
760 1868 872 1937 ipso
909 1870 1044 1922 enim
1067 1870 1232 1922 omnis
1260 1869 1481 1923 venditio
1525 1869 1658 1924 redit
1681 1872 1751 1926 ad

174 1955 456 2010 dominum
477 1963 524 2009 et
553 1955 620 2010 ad
645 1972 988 2025 possessorem
1009 1957 1306 2027 pristinum.
1337 1956 1392 2012 Si
1425 1974 1556 2030 ergo
1576 1975 1753 2029 neque

175 2059 276 2113 per
306 2045 604 2100 fraternam
625 2047 947 2113 doctrinam,
977 2063 1152 2117 neque
1177 2063 1274 2118 per
1305 2049 1540 2118 aliquam
1579 2051 1752 2105 virtu-

174 2143 307 2201 tem,
347 2146 563 2192 nostras
603 2139 957 2205 cogitationes
1001 2141 1487 2207 emendaverimus,
1518 2150 1573 2197 et
1597 2157 1749 2198 rece-

173 2228 410 2298 perimus
446 2229 586 2298 quod
611 2229 678 2283 de
691 2239 884 2286 nostra
921 2234 1265 2302 possessione
1322 2235 1614 2290 alienatum
1638 2244 1742 2304 est,

180 2318 541 2374 dominabitur
562 2317 679 2386 ejus
705 2321 796 2389 qui
825 2336 945 2375 eam
965 2338 1062 2391 per
1095 2323 1478 2394 negligentiam
1503 2333 1744 2382 nostram

175 2411 422 2482 possedit,
464 2427 635 2480 usque
675 2414 744 2467 ad
779 2429 914 2483 opus
971 2415 1116 2470 enim
1158 2425 1438 2485 peccatum
1488 2419 1742 2487 perduci-

178 2510 278 2567 tur,
309 2510 498 2556 etnon
525 2503 685 2558 aliter
711 2504 1104 2576 intelligibilem
1154 2516 1396 2562 nostram
1443 2510 1743 2579 possessio-

178 2611 288 2651 nem
347 2598 662 2667 recipimus,
715 2599 820 2654 nisi
855 2599 910 2654 in
970 2606 1211 2668 tempore
1253 2597 1497 2666 jubilzei;
1531 2601 1655 2654 sive
1682 2609 1742 2655 ut

177 2685 548 2757 Septuaginta,
590 2687 931 2753 remissionis,
969 2687 1062 2757 qui
1096 2687 1368 2756 perfectus
1422 2696 1508 2743 est
1544 2704 1736 2755 annus,

175 2776 253 2845 qui
277 2791 462 2832 omnes
497 2777 558 2831 in
585 2792 646 2832 se
675 2779 838 2832 horas
877 2777 1060 2840 habet,
1087 2784 1142 2830 et
1185 2777 1426 2832 omnium
1456 2777 1741 2834 modorum

173 2865 470 2933 circuitum;
499 2876 788 2936 peractum
818 2874 1128 2936 peccatum,
1151 2874 1207 2921 et
1235 2882 1332 2936 per
1356 2866 1582 2922 multum
1611 2876 1741 2922 tem-

169 2971 256 3026 pus
274 2974 519 3026 manens,
573 2976 682 3016 non
714 2961 870 3016 aliter
901 2963 985 3016 fas
1013 2971 1098 3016 est
1145 2962 1364 3034 corrigi,
1414 2973 1471 3017 et
1507 2963 1740 3020 liberare

170 3058 386 3106 mentem
434 3053 490 3107 in
536 3068 642 3122 qua
672 3053 980 3109 dominatus
1013 3061 1096 3109 est
1126 3053 1193 3118 is,
1226 3055 1319 3124 qui
1369 3055 1512 3111 male
1546 3064 1734 3111 nostra

167 3145 492 3214 conquisivit,
526 3146 634 3200 nisi
662 3162 760 3216 per
783 3146 1082 3214 perfectam
1109 3147 1502 3216 paenitentiam,
1543 3149 1598 3202 in
1625 3165 1731 3219 qua

161 3231 424 3303 jejunium,
453 3246 512 3293 et
565 3238 743 3294 oratio
797 3246 851 3292 et
888 3238 1146 3304 cilicium,
1203 3248 1258 3294 et
1305 3239 1647 3311 eicemosyna
1678 3250 1732 3296 et

164 3325 393 3399 lacrymae
419 3341 804 3402 peraguntur;
831 3345 931 3401 per
963 3332 1081 3388 haec
1114 3332 1259 3388 enim
1291 3333 1540 3390 remissio
1567 3334 1728 3391 nobis

164 3421 305 3489 plena
337 3428 700 3496 conquiritur.

230 3510 326 3575 Qui
349 3516 637 3570 vendiderit
693 3517 906 3572 domum
943 3519 1085 3572 intra
1115 3519 1260 3573 urbis
1286 3536 1483 3585 muros,
1523 3519 1732 3574 habebit

163 3599 406 3659 licentiam
461 3606 772 3673 redimendi,
816 3609 980 3663 donec
1032 3625 1169 3664 unus
1200 3609 1482 3680 impleatur
1530 3627 1727 3666 annus.

168 3689 215 3744 Si
261 3710 362 3749 non
413 3696 716 3763 redemerit,
746 3706 794 3752 et
848 3700 973 3754 anni
1003 3699 1229 3754 circulus
1275 3701 1436 3770 fuerit
1465 3699 1726 3766 evolutus,

161 3794 341 3854 emptor
369 3786 652 3854 possidebit
683 3805 818 3852 eam,
846 3799 894 3843 et
923 3792 1115 3858 posteri
1156 3791 1269 3860 ejus
1297 3792 1354 3845 in
1396 3799 1726 3861 perpetuum,

162 3885 195 3928 et
233 3877 432 3930 redemi
463 3893 569 3931 non
621 3882 828 3948 poterit,
877 3883 1032 3935 etiam
1065 3883 1119 3934 in
1140 3882 1363 3950 jubilteo
1391 3896 1406 3932 :
1444 3882 1525 3935 sin
1553 3891 1730 3935 autem

161 3965 203 4018 in
231 3965 354 4020 villa
384 3966 553 4034 fuerit
574 3967 760 4022 domus
795 3986 912 4039 quae
933 3986 1110 4023 muros
1132 3986 1237 4023 non
1273 3968 1446 4034 habet,
1476 3983 1728 4038 agrorum

158 4055 256 4122 jure
275 4058 570 4122 vendetur;
594 4060 641 4112 si
663 4069 785 4113 ante
813 4061 1075 4130 redempta
1102 4077 1206 4114 non
1233 4060 1414 4129 fuerit,
1439 4061 1492 4112 in
1509 4059 1730 4128 jubilwo

167 4158 424 4202 revertetur
451 4149 523 4202 ad
555 4148 850 4204 dominum.
883 4150 1052 4204 dides
1077 4149 1377 4204 Levitarum
1405 4165 1522 4218 qum
1549 4151 1604 4203 in
1634 4165 1728 4203 ur-

170 4240 293 4295 bibus
312 4253 451 4308 sunt,
485 4258 698 4312 semper.
729 4253 947 4312 possunt
988 4243 1175 4296 redimi
1197 4260 1217 4308 ;
1243 4243 1289 4297 si
1316 4243 1594 4311 redemptw
1622 4257 1726 4294 non

172 4331 362 4399 fuerint,
390 4337 446 4388 in
466 4335 694 4404 jubilteo
719 4345 1040 4390 revertentur
1069 4335 1138 4388 ad
1173 4336 1435 4400 dominos,
1464 4334 1588 4406 quia
1630 4334 1726 4387 doc

1760 3107 1806 3172 C

1855 1865 2225 1921 adversarium
2277 1870 2539 1936 serviens,
2613 1872 2868 1930 Ecclesia:
2945 1887 3124 1934 autem
3188 1884 3432 1951 gentium

1853 1955 2252 2022 quodammodo
2305 1957 2610 2014 libertatem
2646 1965 2940 2033 accipiunt,
2972 1969 3069 2022 sed
3119 1977 3174 2024 et
3213 1969 3430 2028 Iudaeo-

1851 2061 1973 2098 rum
2014 2047 2381 2117 collegiorum,
2421 2053 2690 2120 quomodo
2729 2056 2974 2124 quaedam
3021 2073 3116 2128 per
3167 2063 3429 2130 quosdam

1849 2139 2218 2210 intelligibiies
2279 2142 2496 2207 levitas,
2549 2143 2601 2198 id
2656 2153 2756 2210 est,
2795 2149 3070 2216 apostolos
3130 2153 3426 2221 salventur,

1847 2230 2009 2285 nimis
2049 2232 2345 2286 secundum
2371 2233 2514 2302 quod
2545 2232 2714 2290 Deum
2756 2236 2912 2292 decet
2937 2241 3160 2308 exponit
3189 2241 3378 2297 dicens
3404 2261 3418 2297 :

1849 2319 1951 2384 Qui
2001 2322 2294 2376 vendiderit
2346 2323 2558 2378 domum
2608 2329 2749 2380 intra
2791 2327 2936 2381 urbis
2981 2346 3181 2396 muros,
3222 2331 3427 2386 habebit

1846 2407 2108 2463 licentiam
2157 2413 2465 2478 redimendi,
2512 2414 2674 2469 donec
2729 2433 2862 2470 unus
2908 2417 3190 2487 impleatur
3231 2437 3425 2479 annus.

1846 2498 1972 2555 Haec
1999 2501 2066 2555 de
2091 2500 2400 2559 Judaeorum
2461 2504 2744 2577 Synagoga
2785 2508 3165 2579 intelligamus,
3196 2527 3317 2580 quae
3337 2512 3438 2572 in-.

1843 2591 2188 2647 habitabatur
2212 2594 2429 2662 quidem
2462 2612 2474 2648 :
2506 2605 2786 2666 propterea
2829 2599 2974 2652 enim
3006 2615 3126 2654 eam
3151 2600 3294 2655 Deus
3323 2616 3425 2670 per

1844 2682 2084 2752 Moysen,
2117 2693 2171 2738 et
2199 2693 2257 2739 ut
2293 2685 2632 2741 habitaretur
2679 2690 2978 2754 constituit,
3017 2689 3148 2744 licet
3166 2691 3280 2759 ipsa
3309 2690 3428 2746 hac

1843 2789 1952 2829 non
1989 2776 2308 2830 custodierit
2333 2777 2401 2831 ab
2431 2779 2538 2842 his,
2571 2779 2625 2832 in
2672 2779 2870 2848 quibus
2901 2780 3255 2834 inhabitanda
3283 2789 3422 2833 erat.

1842 2861 2070 2932 Propter
2107 2866 2251 2933 quod
2305 2873 2360 2920 et
2393 2866 2657 2923 Dominus
2687 2866 2888 2923 Judaeis
2931 2867 3185 2924 dicebat:
3223 2869 3426 2924 Domus

1843 2970 1980 3019 mea,
2015 2954 2203 3010 domus
2256 2958 2511 3011 orationis
2567 2960 2858 3026 vocabitur,
2894 2979 2980 3016 vos
3014 2971 3187 3015 autem
3228 2962 3426 3031 fecistis

1841 3061 1957 3099 eam
2001 3044 2305 3115 speluncam
2351 3045 2618 3102 latronum
2649 3049 2867 3120 (Matth.
2902 3052 3041 3123 χχι).
3081 3053 3215 3108 Erat
3241 3063 3424 3110 autem

1835 3136 1893 3191 in
1915 3136 2134 3192 civitate
2159 3145 2374 3193 murata
2398 3139 2455 3192 in
2477 3138 2840 3206 Hierusalem,
2879 3143 3112 3199 habebat
3136 3144 3282 3200 enim
3308 3161 3421 3202 mu-

1835 3245 1957 3286 rum
2013 3230 2230 3300 legem:
2275 3231 2418 3287 hanc
2476 3233 2716 3288 vendidit
2773 3235 3044 3305 quispiam
3079 3252 3186 3292 non
3239 3246 3453 3306 tamen,

1833 3324 1962 3379 dicit
1992 3324 2352 3391 venditorem,
2399 3341 2574 3396 neque
2603 3327 2984 3397 propinquum,
3025 3343 3200 3399 neque
3238 3330 3422 3399 proxi-

1835 3430 2012 3479 mum,
2074 3416 2216 3472 sicut
2263 3433 2425 3487 supra
2467 3417 2801 3490 appellavit;
2852 3436 3029 3489 neque
3087 3422 3232 3476 enim
3280 3435 3421 3477 unus

1833 3516 1956 3560 erat
2004 3507 2148 3563 hanc
2175 3508 2438 3576 vendens,
2488 3510 2585 3565 sed
2632 3517 2780 3565 totus
2837 3510 3150 3566 Judaeorum
3191 3513 3420 3582 p0pulus

1833 3597 1976 3650 male
2004 3597 2194 3652 vivens
2235 3600 2328 3666 qui
2365 3614 2542 3668 neque
2594 3598 2782 3662 frater,
2810 3616 2991 3668 neque
3041 3612 3304 3670 cognatus
3342 3601 3424 3655 di-

1833 3702 1969 3757 gnus
1997 3695 2116 3741 erat
2145 3688 2426 3756 appellari.
2458 3688 2612 3742 Unde
2660 3703 2784 3741 eum
2816 3691 2983 3743 etiam
3031 3689 3289 3758 populum
3320 3689 3420 3744 So-

1831 3780 2116 3834 domorum
2144 3788 2201 3833 et
2226 3779 2544 3834 Gomorrhre
2580 3779 2725 3834 Deus
2751 3794 2851 3850 per
2901 3780 3053 3834 lsaiae
3080 3781 3422 3850 prophetiam

1831 3872 2121 3942 appellavit
2152 3890 2163 3924 :
2196 3872 2408 3937 Audite,
2449 3871 2647 3940 inquit,
2686 3871 2896 3926 verbum
2931 3871 3168 3937 Domini,
3220 3872 3421 3941 princi-

1831 3980 1920 4033 pes
1961 3961 2348 4027 Sodomorum;
2390 3962 2606 4016 auribus
2650 3962 2899 4033 percipite
2934 3961 3095 4032 legem
3126 3961 3226 4020 Dei
3255 3962 3422 4016 nostri

1828 4050 2052 4123 populus
2084 4049 2391 4106 Gomorrhtv
2431 4050 2588 4121 (Isai.
2615 4051 2678 4119 ι).
2707 4049 2849 4106 Alibi
2883 4061 3065 4105 autem
3089 4051 3159 4105 ad
3186 4065 3280 4106 eos
3303 4065 3419 4105 rur-

1830 4158 1952 4198 sum
1986 4144 2247 4213 propheta
2297 4143 2510 4198 dicebat
2552 4162 2566 4196 :
2618 4141 2718 4198 Cui
2762 4143 2982 4196 debitori
3033 4143 3239 4198 vendidi
3287 4139 3422 4198 vos?

1826 4251 1942 4288 ecce
1972 4233 2165 4288 uenditi
2207 4234 2330 4287 estis
2357 4235 2412 4286 in
2439 4233 2805 4304 iniquitatibus
2859 4233 3042 4286 vestris
3067 4231 3224 4304 (Isai.
3259 4231 3412 4304 xxx).

1828 4324 1935 4380 Sed
1960 4324 2158 4379 licebat
2181 4325 2260 4380 eis
2298 4326 2439 4380 hanc
2466 4326 2829 4380 venditionem
2873 4325 3139 4378 redimere
3171 4323 3225 4376 iu
3249 4338 3420 4392 anno,

172 4439 264 4476 mus
287 4426 491 4480 urbium
523 4425 822 4478 Levitarum
851 4444 946 4496 pro
975 4427 1387 4498 possessionibus
1428 4434 1550 4480 sunt
1585 4426 1723 4479 inter
1745 4465 1800 4525 Β
1824 4417 1880 4471 in
1910 4432 2028 4525 (100‘
2049 4417 2302 4525 C‘hl‘iSlUS
2356 4417 2505 4525 om‘ni
2549 4417 2736 4517 εθξιθΐί
2787 4415 3026 4525 human?
3055 4412 3290 4465 Πωλίωο

171 4511 282 4579 ﬁlios
308 4514 475 4569 Israel
499 4530 518 4567 :
547 4515 850 4569 suburbana
879 4525 1052 4568 autem
1093 4532 1274 4569 eorum
1321 4534 1426 4572 non
1474 4525 1717 4579 veneunt,

170 4605 269 4669 quia
315 4609 568 4674 possessio
627 4607 940 4677 sempiterna
968 4615 1066 4660 est.
1106 4604 1165 4660 Si
1197 4608 1265 4660 ad
1292 4621 1457 4660 unum
1503 4606 1607 4660 hoc
1635 4607 1723 4659 in-

171 4698 430 4754 tentionem
477 4700 762 4772 legislator
788 4700 1088 4763 habuisset,
1122 4708 1183 4752 ut
1207 4699 1583 4768 possessiones
1609 4713 1722 4754 non

171 4791 394 4848 caderent
438 4794 505 4848 ab
560 4794 684 4849 aliis
713 4795 780 4847 ad
817 4793 972 4856 alios,
1025 4803 1142 4847 erat
1171 4795 1368 4863 quippe
1422 4793 1589 4847 etiam
1621 4794 1723 4847 hoc

173 4879 295 4947 utile,
319 4885 439 4953 quia
471 4887 536 4939 de
568 4883 915 4948 suilicientia,
974 4885 1275 4938 secundum
1319 4884 1462 4953 quod
1487 4884 1724 4940 diximus

171 4964 238 5022 lex
261 4988 433 5029 curam
464 4977 630 5045 gerit,
663 4975 817 5044 cujus
847 4981 1004 5042 putas
1033 4975 1112 5028 rei
1136 4976 1328 5044 gratia,
1367 4976 1588 5044 quando
1613 4989 1721 5030 non

173 5055 341 5118 fuerint
373 5066 516 5121 intra
545 5081 772 5131 annum,
809 5065 951 5120 sicut
1001 5065 1094 5128 ait,
1147 5067 1457 5135 redemptm,
1487 5066 1722 5136 propriae

175 5165 270 5208 esse
294 5160 722 5229 conquirentium
748 5159 913 5229 jussm
941 5164 1087 5220 sunt,
1118 5156 1211 5210 sed
1248 5171 1350 5210 nec
1378 5157 1480 5210 hoc
1513 5155 1722 5226 simpli-

176 5245 306 5315 citer,
353 5255 445 5309 sed
475 5255 584 5308 imo
615 5252 866 5307 subtilem
898 5249 1208 5320 quamdam
1235 5249 1550 5303 custodiens
1580 5249 1720 5304 divi-

177 5336 368 5409 sionem,
418 5359 752 5415 quzecunque
777 5344 919 5399 enim
970 5343 1115 5398 intra
1150 5357 1332 5397 muros
1375 5349 1505 5395 sunt
1534 5342 1719 5395 muni-

179 5431 323 5486 larum
352 5435 652 5499 civitatum,
707 5436 848 5490 intra
905 5449 1105 5490 annum
1139 5435 1329 5489 redimi
1381 5435 1720 5492 solummodo

175 5512 350 5586 liceret,
381 5540 712 5596 quaecunque
742 5533 922 5581 autem
948 5527 1001 5580 in
1031 5541 1139 5580 non
1169 5527 1419 5591 muralis,
1441 5525 1722 5584 licentiam

176 5603 334 5666 haberi
364 5613 631 5671 liberandi
656 5631 749 5673 eas
775 5632 990 5688 semper
1009 5618 1278 5688 permisit,
1308 5617 1595 5673 levitarum
1623 5631 1720 5672 au-

178 5703 268 5755 tem
309 5700 510 5774 domos,
560 5709 674 5764 sive
723 5708 780 5763 in
827 5709 1077 5776 muratis,
1109 5708 1225 5764 sive
1273 5709 1329 5765 in
1351 5724 1460 5766 non
1489 5709 1722 5768 muratis

1825 4508 1952 4578 pulo
2000 4507 2315 4562 Iudaeorum
2367 4508 2793 4576 redemptionem
2827 4511 3173 4572 peccatorum
3219 4502 3416 4571 prsidi-

1829 4606 1993 4667 cavit,
2025 4619 2189 4671 quem
2217 4618 2440 4666 annum,
2483 4616 2626 4656 nunc
2655 4600 2874 4669 quidem
2897 4596 3174 4668 legislator
3196 4596 3410 4651 innuit:

1831 4707 2017 4766 aperte
2046 4695 2191 4749 enim
2216 4693 2386 4748 isaias
2417 4692 2662 4749 exhibuit
2693 4708 2708 4744 :
2750 4688 2978 4760 Spiritus
3014 4689 3228 4743 Domini
3257 4705 3413 4760 super

1831 4804 1929 4848 me,
1970 4803 2029 4840 eo
2067 4786 2209 4857 quod
2240 4785 2389 4839 unxit
2426 4784 2687 4838 Dominus
2728 4799 2831 4849 me,
2867 4783 2936 4836 ad
2989 4781 3409 4835 annuntiandum

1830 4878 2119 4932 mansuetis
2151 4875 2298 4931 misit
2337 4893 2442 4941 me,
2475 4883 2534 4928 ut
2565 4874 2801 4952 mederer
2841 4873 3091 4928 contritas
3146 4871 3322 4935 corde,
3350 4876 3407 4923 ut

1826 4969 2170 5040 prtvdicarem
2212 4967 2428 5037 captivis
2467 4962 2870 5034 indulgentiam,
2929 4972 2978 5017 et
3013 4960 3206 5016 clausis
3252 4972 3406 5030 aper-

1825 5064 2040 5128 tionem,
2075 5070 2132 5115 ut
2165 5061 2510 5131 praedicarem
2563 5074 2760 5111 annum
2812 5053 3122 5126 placabilem
3165 5050 3402 5115 Domini,

1825 5162 1873 5207 et
1903 5154 2041 5206 diem
2073 5152 2289 5207 ultionis
2324 5150 2434 5204 Deo
2463 5157 2658 5202 nostro.
2699 5147 2758 5203 Si
2801 5155 2976 5201 autem
3006 5144 3270 5211 redempta
3299 5155 3404 5193 non

1827 5246 1985 5315 fuerit
2009 5261 2172 5314 usque
2203 5244 2328 5296 dum
2350 5241 2632 5313 impleatur
2657 5258 2845 5306 annus,
2889 5233 3282 5305 con/irmabitur
3309 5230 3406 5283 do-

1827 5353 1942 5391 mus
1986 5351 2102 5406 aute
2133 5343 2207 5390 est
2230 5336 2286 5388 in
2315 5334 2523 5389 civitate
2549 5351 2666 5405 quae
2690 5333 2842 5387 habet
2869 5343 3046 5382 muros
3076 5325 3172 5379 viri
3199 5330 3403 5392 empto-

1825 5429 1922 5494 ris,
1949 5435 2375 5498 posterorumque
2409 5427 2522 5496 ejus
2548 5427 2603 5480 in
2631 5432 2956 5496 perpetuum,
2986 5428 3032 5472 et
3067 5412 3252 5468 redimi
3295 5429 3402 5468 non

1822 5520 2030 5590 poterit,
2090 5521 2249 5574 etiam
2299 5521 2355 5574 in
2397 5517 2616 5588 jubilazo
2671 5513 2826 5586 (Isai.
2861 5506 2995 5578 LXI).
3081 5503 3402 5560 Dominatus

1822 5621 1907 5669 est
1933 5612 2078 5668 enim
2104 5611 2414 5669 Iudaeorum
2467 5610 2785 5682 Synagogae,
2836 5601 2930 5671 qui
2967 5595 3100 5651 emit
3130 5610 3251 5651 eam
3296 5596 3401 5653 ini-

1822 5707 2016 5774 micus,
2050 5715 2106 5764 et
2130 5707 2368 5781 posteris
2397 5705 2514 5776 ejus
2541 5705 2598 5758 in
2625 5703 2944 5770 perpetuum
2971 5707 2988 5758 ;
3019 5690 3167 5747 omni
3197 5689 3398 5750 videli-
