3892 6346
1081 301 1145 370 Β.
1187 306 1447 369 mm
1476 304 1698 371 Militi
1733 295 2398 371 musaeum.
2434 295 2731 371 mox
2766 295 2952 361 PARS
2984 298 3029 356 ι.

3600 294 3729 365 ω

442 451 539 509 ,οι
556 436 810 513 Mi
838 443 1100 506 ωηροκ,
1132 434 1240 493 μοι
1264 434 1413 493 enim
1444 431 1756 504 appellatur.
1777 446 1875 503 per
1901 431 2019 502 eius
2046 419 2103 487 Δ
2126 417 2340 489 (Matth.
2373 416 2476 491 is).
2505 416 2712 513 [lorum
2744 431 2877 513 ergo
2899 414 3194 513 satiesue
3300 415 3723 513 urbibussum,

441 545 691 611 posteros
720 532 808 591 vel
829 530 1229 603 genentiones,
1281 529 1427 599 quod
1455 528 1809 599 Septuaﬁnta
1830 525 2023 590 rodunt,

441 630 571 702 quis
621 624 909 697 praetentis
954 623 1215 693 temporis
1261 630 1583 692 potestatem
1638 620 1802 677 habet
1829 628 2023 681 conuii

442 738 539 785 eos
560 721 656 791 qui
678 716 1080 789 coniunguntur
1105 715 1178 782 cii
1209 725 1258 771 et
1281 715 1468 769 redimi
1515 730 1622 769 non
1656 714 1843 783 poterit
1867 714 2025 767 etiam

441 814 500 871 in
517 810 759 883 jubiltee,
787 809 902 865 sitve
951 815 1011 865 ut
1041 807 1418 878 Septuaginta,
1465 806 1519 861 in
1550 806 1872 861 remissione.
1906 802 2024 869 Qus

441 903 767 961 minutione
788 900 811 954 ?
835 900 940 956 nisi
971 901 1157 971 utique
1182 899 1275 953 illa
1301 906 1463 968 quam
1505 897 1584 951 eis
1614 896 1875 953 Dominus
1902 911 2024 951 cru-

441 995 635 1053 eilims
658 993 835 1050 dixit:
866 992 1047 1056 Pater,
1076 992 1278 1046 dimitte
1306 990 1432 1055 illis,
1483 991 1607 1062 quia
1635 991 1874 1046 nesciunt
1896 990 2022 1061 quid

443 1087 665 1159 faciunt.
721 1084 832 1143 Sed
872 1093 1160 1157 peccatum
1216 1091 1614 1139 renovaverunt
1677 1091 1801 1153 post
1838 1082 2022 1137 datam

442 1177 817 1233 remissionem
852 1175 1105 1231 malitiosi
1158 1173 1359 1238 eiiecti,
1390 1182 1444 1228 et
1470 1174 1749 1244 prasterito
1772 1178 1881 1228 nun
1910 1172 2023 1235 sul-

439 1269 656 1326 ﬁciente
718 1277 960 1340 peccato,
1029 1267 1355 1325 addiderunt
1412 1267 1518 1323 alia
1563 1268 1837 1323 deteriora
1901 1276 2022 1340 qua:

438 1363 584 1418 circa
628 1359 960 1432 sepulcrum,
1004 1370 1224 1431 etpost
1271 1360 1752 1425 resurrectionem,
1794 1367 1850 1414 et
1899 1367 2024 1430 post

437 1450 494 1507 in
521 1450 687 1509 oculos
713 1452 1111 1518 ascensionem,
1165 1460 1359 1506 contra
1412 1451 1587 1522 ipsum
1641 1452 1941 1517 Christum,
1968 1460 2024 1509 et

435 1553 627 1601 contra
650 1546 879 1601 chorum
915 1545 1283 1616 apostolorum
1315 1554 1802 1618 praesumpserant.

507 1637 608 1693 Sin
633 1648 813 1692 autem
841 1640 897 1692 in
918 1636 1044 1691 villa
1096 1637 1256 1707 fuerit
1302 1637 1489 1695 domus
1525 1646 1644 1707 quw
1696 1652 1878 1693 muros
1916 1648 2023 1693 non

437 1726 612 1795 habet,
651 1745 901 1800 agrorum
933 1730 1057 1800 jure
1102 1730 1372 1795 vendetnr,
1396 1732 1442 1783 st
1471 1738 1594 1785 ante
1621 1731 1889 1800 redempta
1916 1740 2021 1785 nan

2125 512 2241 571 sive
2260 513 2555 571 secundum
2580 510 2939 583 Septuaginta
2965 511 3160 573 domus
3210 511 3494 591 civitatum
3517 527 3725 573 serum

2120 604 2494 677 possessiones
2520 610 2785 673 quotquot
2834 618 2928 659 eos
2956 610 3143 665 secuta
3174 611 3325 671 sunt,
3351 602 3458 665 (ide
3470 613 3541 663 et
3584 620 3725 665 con-

2124 696 2451 761 versatione,
2502 692 2729 753 Judaica
2798 694 3027 771 collegia
3098 704 3250 753 recte
3314 695 3719 768 intelliguntur,

2125 790 2249 862 quia
2289 789 2442 863 prius
2470 798 2694 861 prOplet‘
2742 804 2836 847 eos
2868 787 2950 846 ire
2980 796 3040 849 ut
3064 790 3135 846 ad
3180 805 3311 847 oves
3343 806 3464 865 quae
3489 792 3717 847 fuerant

2122 882 2347 952 perdita:
2372 882 2565 937 domus
2594 880 2757 941 Israel
2780 898 2811 939 a
2855 880 3075 938 Christo
3107 883 3249 955 jussi
3276 894 3422 943 sunt.
3455 883 3603 955 Ergo
3650 885 3719 943 ad

2128 986 2333 1034 sortem
2363 994 2552 1033 eorum
2579 978 2929 1048 pertinebant
2957 976 3036 1035 illi
3066 986 3232 1049 atque
3282 978 3714 1053 possessionem,

2123 1088 2445 1143 semperque
2466 1082 2719 1144 poterant
2742 1072 2935 1128 redimi
2961 1090 2976 1139 ;
3014 1080 3070 1129 et
3100 1074 3204 1133 hoc
3225 1073 3451 1131 historia
3475 1075 3715 1131 Autumn

2123 1167 2492 1238 apostolorum
2538 1167 2955 1232 demonstravit,
3007 1167 3176 1223 multa
3225 1168 3373 1224 enim
3402 1166 3713 1225 ludentum

2124 1275 2223 1330 per
2247 1260 2522 1329 apostolos
2563 1260 2630 1315 ab
2657 1274 2845 1317 errore
2875 1258 3014 1313 dixit
3056 1258 3287 1315 liberata
3316 1259 3570 1331 collegia.
3600 1260 3712 1316 Non

2124 1350 2255 1406 solis
2279 1360 2461 1407 autem
2497 1332 2648 1405 licuit
2703 1348 2965 1417 apostolis
2993 1349 3134 1413 hanc
3192 1366 3458 1422 peragere
3506 1351 3712 1407 redem—

2123 1446 2385 1516 ptionem,
2417 1445 2511 1501 sed
2549 1453 2606 1501 et
2642 1445 2922 1515 discipulis
2949 1461 3181 1503 eorum:
3214 1448 3311 1503 sed
3367 1458 3553 1507 tamen
3578 1449 3711 1507 hanc

2125 1540 2422 1597 secundum
2470 1538 2687 1595 illorum
2744 1540 3034 1609 Oportebat
3092 1538 3231 1596 eiiici
3297 1540 3713 1609 doctrinam,“

2125 1632 2232 1691 illis
2263 1633 2631 1703 imputaretur
2664 1630 2759 1700 qui
2809 1631 3098 1691 exordium
3149 1632 3294 1690 iacto
3339 1634 3705 1705 praebuerunt,

2124 1730 2214 1799 qui
2246 1736 2547 1799 posuerunt
2573 1726 2846 1797 dogmata.
2890 1726 2951 1781 Si
2981 1726 3261 1797 redempta:
3279 1744 3385 1783 non
3411 1728 3627 1797 fuerint,
3654 1730 3707 1783 in

440 1821 622 1891 fuerit,
664 1822 722 1877 in
776 1820 1000 1892 jubilrro
1052 1830 1341 1876 revertetur
1381 1823 1451 1878 ad
1489 1823 1784 1879 dominum.
1818 1824 2018 1880 Domus
2047 1812 2094 1894 Β
2113 1820 2336 1892 jubilwo
2365 1827 2682 1873 revertentur
2705 1818 2775 1872 ad
2802 1817 3066 1875 dominos.
3091 1816 3272 1885 Quare
3292 1827 3484 1875 autem
3510 1822 3610 1876 hoc
3631 1820 3709 1875 di-

433 1925 564 1982 ergo
590 1927 709 1982 qua:
754 1913 808 1967 in
839 1914 969 1968 villa
1013 1922 1164 1980 sunt,
1197 1916 1339 1985 quod
1361 1915 1617 1972 Beclcsize
1640 1916 1880 1986 gentium
1926 1915 2020 1971 de-

432 2003 597 2059 beant
643 2003 887 2076 intelligi,
948 2004 1117 2062 lsalas
1162 2008 1319 2062 nobis
1370 2007 1631 2077 propheta
1679 2008 2021 2065 demonstrat

436 2096 621 2151 dicens
651 2113 664 2151 :
700 2096 909 2162 Lauda,
939 2098 1131 2153 sterilis
1171 2114 1289 2169 qua:
1320 2115 1423 2153 non
1446 2100 1613 2169 paris,
1654 2099 1876 2154 decanta
1905 2098 2024 2154 lau-

438 2185 554 2241 dem
587 2195 636 2240 et
663 2187 869 2242 hinnire
894 2202 1013 2257 qua?
1037 2206 1140 2244 non
1168 2190 1431 2261 pariebas,
1461 2191 1713 2261 quoniam
1740 2190 1893 2244 multi
1922 2191 2022 2260 ﬁlii

436 2278 653 2332 deserta:
680 2279 851 2350 magis
870 2295 1030 2350 quam
1059 2281 1174 2351 ejus
1201 2292 1319 2351 quae
1346 2280 1499 2335 habet
1528 2282 1720 2343 virum,
1747 2281 1875 2334 dicit
1905 2267 2035 2335 Do;

431 2370 605 2423 minus
636 2370 794 2441 (Ital.
827 2371 960 2441 Liv).
993 2366 1137 2442 Ergo
1166 2386 1286 2442 quas
1312 2373 1365 2426 in
1396 2371 1540 2438 villa,
1567 2373 1680 2427 sive
1710 2381 1770 2428 ut
1793 2372 2022 2444 Septua-

428 2461 579 2531 ginta
612 2462 667 2515 in
702 2462 840 2518 aulis
870 2471 997 2518 sunt
1032 2464 1246 2530 domus,
1288 2466 1533 2535 gentium
1565 2464 1823 2522 Ecclesiae
1859 2466 2018 2522 intel-

427 2551 691 2624 liguntur.
721 2553 875 2621 Quod
894 2554 1074 2612 adhuc
1122 2555 1337 2627 planius
1364 2558 1419 2613 in
1449 2559 1846 2628 posterioribus
1876 2556 2021 2631 ejus-

428 2644 549 2702 dem
573 2646 869 2719 prophetiae
888 2649 1195 2705 ostenditur
1221 2669 1237 2705 :
1266 2646 1401 2723 Fige
1437 2666 1542 2707 non
1560 2664 1773 2724 parcas,
1802 2650 2022 2708 extende

428 2734 582 2807 [unus
615 2746 732 2793 tuos
758 2747 806 2793 et
828 2739 1057 2811 pastillos
1083 2750 1201 2796 tuos
1231 2742 1496 2812 conferta,
1543 2742 1717 2798 adhuc
1750 2742 1819 2796 ad
1840 2742 2021 2797 deste-

427 2842 545 2884 ram
577 2838 625 2883 et
655 2829 925 2886 sinistram
962 2832 1200 2899 extende,
1228 2830 1276 2888 et
1321 2844 1494 2890 semen
1520 2840 1669 2889 tuum
1708 2842 1883 2905 gentes
1909 2835 2019 2888 hw-

430 2918 700 2987 reditabit,
726 2930 775 2979 et
822 2906 1056 2979 civitates
1107 2924 1339 2980 desertas
1369 2920 1705 2980 lnhabitabit.
1746 2925 1887 2981 Ecce
1926 2925 2021 2980 de:

428 3020 608 3069 sertas
638 3014 891 3072 civitates
937 3017 1055 3074 sine
1105 3022 1285 3083 muro,
1328 3015 1580 3075 videlicet
1627 3032 1719 3073 eas
1747 3026 1868 3090 qua:
1893 3022 2020 3074 sunt

428 3105 671 3176 gentium
736 3100 1027 3180 appellavit
1070 3129 1083 3165 :
1127 3114 1304 3181 neque
1358 3113 1505 3168 etaim
1557 3110 1832 3169 habebant
1886 3112 2021 3183 legis

2123 1923 2268 1969 etum
2313 1910 2407 1974 sit,
2441 1909 2726 1980 sequitur:
2754 1907 2896 1975 Quia
2935 1908 3124 1964 domus
3170 1910 3381 1967 urbium
3437 1911 3705 1967 leoitar.

2121 2019 2215 2075 pro
2264 2001 2677 2073 possessionibus
2735 2010 2855 2054 sunt
2914 2001 3051 2055 inter
3083 1999 3224 2069 ﬁlios
3282 2001 3479 2069 lsreel,
3514 2001 3567 2057 id
3602 2004 3699 2069 est,

2122 2105 2345 2167 propter
2378 2093 2745 2165 apostolorum
2789 2093 3173 2163 cognationem
3218 2111 3232 2148 :
3287 2094 3703 2167 uitelligibiliuu

2122 2188 2267 2243 enim
2320 2186 2608 2240 levitarum
2665 2184 3036 2255 apostolorum
3084 2187 3362 2255 possessio
3418 2188 3472 2242 in
3522 2188 3702 2243 modio

2124 2278 2361 2334 filiorum
2387 2276 2555 2333 lsrael
2590 2284 2727 2342 erat,
2756 2277 2899 2332 sicut
2924 2278 3297 2349 cognovimus,
3348 2279 3476 2349 quia
3510 2278 3701 2335 Petrus

2123 2378 2179 2427 et
2212 2370 2452 2427 Joannes
2479 2377 2685 2425 sortem
2732 2370 3071 2440 apostolatus
3106 2371 3162 2426 in
3191 2371 3579 2441 pradicatione
3626 2386 3707 2429 eo»

2122 2477 2243 2519 rum
2274 2463 2369 2533 qui
2404 2478 2473 2518 ex
2510 2462 2926 2518 circumcisione
2974 2470 3133 2519 erant
3176 2473 3572 2535 perceperunt.
3607 2464 3705 2523 Sed

2123 2563 2179 2609 et
2205 2554 2312 2609 alio
2347 2554 2532 2621 modo,
2562 2553 2821 2625 apostolis
2868 2555 3145 2624 possessio
3177 2555 3233 2610 in
3271 2556 3457 2612 medio
3483 2555 3708 2613 illiora-

2122 2643 2287 2701 lsrael
2316 2650 2454 2708 erat,
2493 2644 2968 2705 circumcisiouem
3010 2646 3162 2702 enim
3193 2646 3485 2703 habebant
3508 2658 3567 2705 et
3592 2650 3708 2720 ipsi,

2124 2746 2182 2795 et
2212 2738 2513 2794 secundum
2574 2737 2749 2807 legem
2793 2737 2961 2793 lsrael
3009 2742 3226 2809 semper
3278 2739 3562 2807 vixerant,
3593 2754 3709 2811 pro.

2123 2837 2247 2901 pter
2291 2829 2437 2900 quod
2472 2832 2747 2883 eteorum
2781 2836 2938 2883 erant
2989 2827 3124 2899 ipsa
3168 2828 3366 2885 domus
3410 2829 3708 2897 civitatum,

2125 2922 2196 2975 ab
2222 2921 2355 2991 ipsis
2398 2921 2546 2976 enim
2581 2926 2739 2975 erant
2767 2919 3030 2984 liberata;
3087 2928 3145 2974 et
3174 2921 3499 2992 quicunque
3526 2922 3712 2978 saluti

2126 3022 2280 3081 sunt,
2328 3028 2426 3085 per
2450 3012 2546 3071 eos
2580 3013 2777 3069 salvati
2819 3021 2963 3069 sunt.
3000 3014 3073 3069 Et
3096 3028 3224 3073 cum
3268 3014 3485 3086 indigni
3514 3025 3710 3084 sums,

2125 3114 2347 3180 propter
2391 3102 2784 3178 blasphemiam
2838 3116 3004 3179 quam
3055 3108 3458 3166 commiserunt
3508 3111 3566 3166 in
3601 3122 3714 3167 esu-

429 3206 669 3262 murum,
717 3206 771 3254 et
812 3184 1039 3257 iic‘Sertze
1063 3204 1217 3257 erant
1247 3216 1433 3259 errore
1474 3203 1760 3269 idolorum,
1790 3204 2022 3274 quorum
2050 3192 2095 3259 C
2127 3217 2270 3268 cem,
2296 3210 2351 3257 et
2377 3215 2540 3271 quam
2570 3208 2760 3258 rursus
2807 3211 2931 3274 post
2956 3203 3423 3260 resurrectionem
3456 3214 3715 3276 praesun-
3804 3204 3811 3211 ’

427 3286 623 3345 domus
654 3290 707 3345 in
734 3290 899 3358 villis,
927 3306 1064 3361 quas
1100 3294 1455 3364 Septuaginta
1494 3296 1549 3352 in
1581 3296 1717 3351 aulis
1744 3292 2019 3363 dixerunt,
2046 3314 2053 3320 ε

426 3393 565 3449 quas
613 3388 670 3437 et
725 3394 848 3439 esse
874 3383 1150 3442 Ecclesias
1179 3386 1435 3453 diximus,
1467 3384 1717 3460 agrorum
1741 3387 1870 3460 jure
1899 3400 2022 3442 ven-

429 3469 661 3540 dentur;
689 3470 773 3529 vel
824 3477 1120 3533 secundum
1154 3476 1511 3549 Septuaginta
1544 3480 1613 3533 ad
1653 3480 1840 3550 agrum
1867 3490 2022 3537 terra?

432 3566 854 3623 mutuabuntur.
894 3566 1057 3641 Cujus
1108 3569 1269 3642 agri?
1298 3569 1445 3628 illius
1491 3573 1682 3642 Utique
1711 3574 1873 3643 ditem
1918 3575 2023 3630 Do-

432 3655 611 3735 minus
653 3654 831 3715 dicit:
878 3652 1064 3717 Simile
1108 3670 1184 3719 est
1214 3679 1428 3735 regnum
1483 3665 1731 3720 caelorum
1776 3665 2023 3721 thesauro

431 3734 736 3805 abscondito
766 3752 821 3805 in
842 3756 991 3824 agro,
1021 3768 1175 3827 quem
1201 3734 1292 3827 qui
1318 3757 1509 3811 invenit
1547 3757 1699 3812 homo
1728 3757 2020 3823 abscondit,

422 3848 473 3896 et
496 3859 608 3914 pra:
636 3838 830 3915 gaudio
860 3846 1006 3901 illius
1037 3848 1199 3913 var/it,
1234 3857 1281 3901 et
1334 3848 1508 3902 vendit
1553 3850 1732 3903 omnia
1777 3866 1895 3920 (μιαν
1927 3850 2023 3902 Ita-

425 3931 558 4000 buit,
587 3938 650 4002 et,
672 3936 793 3990 emit
842 3950 1029 4007 agrum
1058 3937 1209 3992 illum
1244 3935 1461 4009 (Matth.
1493 3938 1635 4011 xm).
1670 3939 1812 3994 Dicit
1839 3944 2022 3995 autem

425 4032 615 4099 agrum
642 4027 1006 4099 evangelium,
1058 4029 1111 4084 in
1147 4033 1253 4101 quo
1287 4030 1599 4096 thesaurus,
1650 4030 1901 4086 Christus
1940 4036 2025 4086 est

425 4119 768 4191 mysterium.
829 4110 1001 4187 llujus
1049 4128 1179 4191 ergo
1242 4123 1358 4193 agri
1406 4122 1530 4196 jure
1581 4124 1904 4190 vendentur,
1936 4121 2023 4177 vel

428 4205 496 4260 ad
524 4202 668 4263 hunc
691 4222 883 4278 agrum
912 4207 1348 4273 testimahnntur,
1369 4213 1494 4281 Quia
1524 4211 1574 4267 ei
1600 4218 1726 4265 sunt
1754 4213 2017 4281 proxime,

425 4300 533 4354 non
590 4299 718 4372 legi,
757 4300 1112 4379 quamobrem
1168 4319 1381 4373 semper
1417 4303 1608 4361 redimi
1656 4310 1901 4375 possunt,
1933 4305 2020 4360 vel

424 4392 720 4449 Secundum
755 4390 1110 4465 Septuaginta
1145 4386 1387 4452 liberata:
1410 4413 1509 4469 per
1534 4398 1715 4451 omnia
1732 4398 1909 4452 erunt.
1940 4394 2020 4455 Ex

422 4499 529 4555 quo
557 4486 704 4541 enim
730 4485 991 4542 Dominus
1021 4488 1379 4559 venit,usque
1406 4482 1473 4545 ad
1497 4490 1795 4545 secundum
1819 4488 2020 4546 advena

2125 3302 2373 3364 pserunt,
2433 3295 2641 3351 honore
2682 3303 2863 3350 tamen
2919 3296 3290 3366 sposmlorum
3340 3298 3435 3367 qui
3497 3307 3557 3354 es
3599 3306 3717 3357 ante

2126 3400 2347 3442 crucem
2405 3386 2774 3453 crediderunt,
2806 3394 2863 3441 et
2913 3388 2968 3441 in
3005 3398 3189 3453 cruce,
3236 3387 3325 3444 vel
3378 3390 3553 3446 etiam
3602 3386 3717 3461 pust

2126 3493 2347 3534 crucem
2408 3486 2850 3547 permanserunt,
2915 3480 2971 3533 in
3021 3480 3128 3536 {ide
3174 3483 3415 3553 suscepti
3472 3492 3623 3538 sunt.
3655 3480 3717 3541 It

2126 3571 2253 3641 quia
2315 3569 2418 3626 hoe
2445 3581 2634 3625 verum
2686 3577 2786 3634 est,
2848 3570 2998 3627 disce
3025 3573 3095 3627 ab
3124 3568 3263 3627 isaia
3293 3573 3515 3629 dicente
3549 3590 3565 3627 :
3596 3568 3714 3629 Risi

2123 3663 2383 3718 Dominus
2429 3664 2753 3718 exercituum
2792 3662 3083 3734 reliquisset
3138 3666 3284 3719 nobis
3326 3676 3524 3729 sane»,
3553 3664 3717 3735 quasi

2126 3752 2358 3809 Sodoma
2400 3754 2526 3822 facti
2586 3763 2911 3820 essemus,et
2959 3757 3113 3827 quasi
3171 3752 3458 3810 Remorrhu
3512 3752 3715 3811 similes

2127 3847 2413 3915 fuissemus
2445 3846 2601 3917 (Isai.
2632 3847 2695 3917 ι).
2726 3847 2783 3904 Si
2812 3851 2957 3905 enim
2991 3856 3098 3905 noli
3122 3851 3368 3907 relictum
3397 3858 3551 3907 esset
3595 3858 3715 3922 ape-

2125 3938 2387 3995 stolorum
2442 3956 2647 4006 semen,
2683 3942 2820 3998 nihil
2871 3946 3185 4014 prohiberet
3238 3945 3293 4001 in
3342 3945 3569 4000 modum
3608 3944 3710 4000 Go-

2124 4032 2357 4088 morrhas
2382 4040 2437 4087 et
2466 4032 2716 4089 Sodomae
2737 4048 2951 4090 omnem
2980 4036 3190 4106 plebem
3210 4035 3499 4091 Iudaicam
3522 4036 3711 4108 perire;

2124 4126 2219 4181 sed
2249 4126 2616 4197 apostolorum
2666 4142 2827 4183 causa
2865 4144 2973 4183 non
3015 4142 3205 4186 omnes
3240 4130 3551 4200 perierunt,
3584 4140 3713 4199 quo-

2125 4226 2247 4271 rum
2270 4217 2496 4271 virtutes
2527 4225 2580 4271 et
2602 4219 2981 4287 possessiones
3002 4221 3192 4291 quales
3230 4226 3413 4285 erant,
3448 4221 3502 4276 in
3529 4220 3709 4291 paucis

2122 4306 2208 4362 his
2231 4308 2517 4364 considera
2564 4310 2743 4366 Verbis
2774 4329 2788 4365 :
2823 4309 3161 4368 Suburbana-
3193 4322 3372 4368 autem
3404 4330 3591 4369 eorum
3619 4328 3711 4367 non

2120 4404 2361 4465 uenerint,
2378 4402 2503 4471 quia
2523 4402 2781 4471 possessio
2796 4405 3109 4474 sempiterna
3130 4413 3229 4459 est.
3258 4404 3507 4470 Quorum
3530 4405 3556 4458 ?
3580 4402 3715 4473 Apo-

2122 4488 2385 4546 stolorum
2411 4478 2663 4549 videlicet
2687 4511 2701 4549 :
2736 4494 2791 4549 iii
2816 4496 2960 4551 enim
2990 4508 3111 4550 esse
3141 4496 3346 4550 Levita:
3374 4496 3513 4552 dicti
3549 4504 3671 4552 sunt
3695 4513 3710 4561 ;

424 4588 538 4635 tum
565 4580 700 4650 ejus,
716 4598 815 4652 per
838 4592 1021 4652 partes
1048 4594 1234 4654 gentes
1257 4556 1619 4648 redimuntur,
1636 4591 1689 4639 et
1706 4601 1804 4653 per
1828 4585 2016 4640 rem’is-
2042 4556 2096 4623 D
2124 4581 2319 4637 horum
2351 4583 2660 4637 Suburbana
2706 4584 2820 4638 sive
2846 4585 2963 4655 agri
3018 4594 3127 4641 non
3155 4587 3490 4655 vendantur,
3529 4584 3584 4643 id
3613 4594 3711 4649 est.

424 4670 634 4726 sionem
659 4670 913 4740 evadunt,
939 4691 1104 4747 quam
1130 4676 1242 4747 ipsc
1270 4677 1415 4732 omni
1440 4676 1626 4745 generi
1656 4666 1896 4731 immane
1918 4691 2019 4747 per

425 4778 641 4821 crucem
667 4767 1000 4833 procuravit,
1030 4785 1166 4824 crux
1200 4770 1347 4825 enim
1380 4775 1465 4826 est
1490 4784 1618 4823 vera
1651 4767 1921 4823 remissio.

494 4842 669 4934 dides
690 4855 964 4934 levitarum
1007 4879 1124 4930 qua:
1145 4865 1201 4917 in
1224 4862 1441 4917 urbibus
1467 4872 1609 4929 sunt,
1664 4872 1867 4934 semper
1899 4870 2018 4933 pos-

424 4952 544 5017 sunt
577 4930 789 5023 redimi,
833 4933 878 5002 si
907 4944 1186 5023 redempta:
1212 4969 1317 5007 non
1359 4953 1576 5023 fuerint,
1608 4953 1661 5005 in
1687 4951 1909 5021 jubilrro
1940 4968 2021 5006 re-

426 5043 687 5091 vertentur
714 5020 783 5090 ad
817 5037 1077 5103 dominos,
1108 5042 1231 5112 quia
1266 5040 1453 5096 domus
1484 5040 1693 5096 urbium
1741 5037 2018 5094 levitarum

426 5146 519 5200 pro
544 5127 953 5200 possessionibus
1006 5144 1126 5187 sunt
1158 5136 1293 5189 inter
1318 5136 1460 5206 filios
1516 5134 1706 5191 Israel.
1739 5134 1854 5188 Nan
1905 5120 2017 5187 fru-

427 5230 540 5299 stra
571 5208 786 5283 Levitas
817 5224 1085 5294 quispiam
1116 5225 1258 5281 dicat
1294 5227 1552 5299 appellari
1585 5225 1886 5298 apostolos,
1918 5218 2013 5279 sed

427 5296 553 5388 quia
585 5315 650 5371 de
703 5312 910 5375 Levitis
949 5316 1153 5371 dictum
1211 5329 1294 5373 est
1325 5296 1341 5371 :7
1368 5296 1441 5374 in
1492 5296 1633 5374 terra
1669 5332 1849 5372 eorum
1881 5302 2012 5371 nihil

426 5405 737 5475 possidebis,
761 5424 853 5469 nec
900 5407 1111 5463 habebis
1162 5416 1365 5480 partem
1403 5410 1540 5463 inter
1566 5428 1673 5473 eos,
1698 5427 1790 5483 ego
1821 5408 1942 5480 pars"
1966 5418 2015 5464 et

430 5496 710 5557 Inrreditas
741 5509 832 5555 tua
872 5501 927 5557 in
954 5500 1125 5556 medio
1154 5499 1391 5571 filiorum
1422 5488 1615 5567 Israel,
1668 5501 1771 5558 hoc
1829 5504 2010 5557 autem

430 5589 486 5647 in
540 5592 796 5661 apostolis
855 5595 1076 5666 preprie
1133 5592 1414 5665 impletum
1478 5602 1578 5659 est,
1621 5595 1712 5665 qui
1762 5595 2013 5650 dicebant

432 5683 763 5763 conﬁdenter
797 5672 863 5743 ad
894 5687 1179 5744 Dominum
1211 5706 1222 5743 :
1256 5685 1390 5742 Ecce
1430 5705 1523 5743 nos
1557 5686 1858 5760 reliquimus
1904 5704 2014 5742 ont-

416 5772 546 5847 Atu'a,
597 5785 645 5831 et
697 5780 861 5837 secuti
914 5798 1097 5837 sumus
1160 5790 1252 5849 te;
1304 5780 1431 5853 quid
1492 5788 1649 5855 putus
1692 5766 1790 5837 erit
1821 5774 2017 5838 nobis!

2124 4671 2570 4727 conversationes
2619 4680 2674 4727 et
2710 4673 2951 4729 virtutes
2977 4679 3031 4730 et
3081 4676 3367 4743 doctrinae,
3427 4678 3547 4732 inec
3576 4678 3711 4733 enim

2124 4773 2379 4828 agrorum
2403 4761 2521 4816 vice
2543 4762 2813 4828 colebant,
2848 4764 2921 4817 ita
2949 4771 3008 4818 ut
3033 4758 3230 4821 Paulus
3255 4767 3323 4822 de
3351 4769 3433 4822 eis
3473 4769 3710 4824 diceret:

2125 4850 2257 4917 Quis
2284 4853 2539 4923 plantavit
2567 4855 2792 4920 vineam,
2844 4866 2893 4910 et
2941 4848 3006 4910 de
3053 4856 3231 4927 fructu
3276 4859 3393 4930 ejus
3418 4860 3713 4916 non'edet.’

2122 4945 2175 5018 (1
2203 4946 2325 5002 Cor.
2361 4950 2462 5019 ιι.)
2513 4949 2579 5002 Et
2610 4962 2837 5005 rursus:
2873 4950 3075 5021 Dignus
3113 4948 3197 5007 es!
3238 4956 3520 5023 operarius
3574 4966 3703 5010 iner-

2121 5038 2244 5094 cede
2266 5057 2362 5094 sua
2392 5039 2445 5112 (1
2475 5039 2609 5095 Tim.
2650 5041 2727 5113 v).
2760 5041 2827 5096 Et
2871 5056 3090 5099 rursum
3118 5058 3133 5099 :
3168 5044 3427 5115 Nunquid
3463 5046 3530 5100 de
3559 5045 3712 5100 tota:

2124 5146 2255 5185 cura
2302 5142 2376 5185 est
2410 5130 2519 5187 Deo
2545 5130 2569 5185 ?
2598 5133 2679 5187 An
2708 5134 2771 5188 de
2819 5133 2965 5188 nobis
3013 5136 3191 5206 utique
3229 5135 3381 5201 dicit,
3412 5138 3543 5208 quia
3564 5136 3713 5190 debet

2119 5224 2175 5278 in
2222 5238 2309 5296 spe
2348 5227 2437 5296 qui
2465 5235 2584 5280 arat
2612 5242 2785 5292 arare,
2817 5234 2864 5280 et
2911 5226 3004 5297 qui
3030 5228 3254 5282 seminat
3282 5227 3336 5281 in
3385 5242 3477 5299 spe
3508 5229 3717 5297 fruetus

2118 5319 2437 5390 percipiendi
2471 5319 2523 5391 (Ι
2549 5319 2669 5374 Cor.
2697 5319 2813 5391 ix)?
2839 5319 2908 5375 Et
2935 5334 3163 5378 rursus:
3198 5320 3258 5377 Si
3301 5338 3396 5377 nos
3439 5324 3587 5378 vobis
3608 5322 3721 5393 ιρι.

2121 5407 2298 5463 ritalia
2328 5409 2719 5477 seminavimus,
2754 5428 3002 5482 magnum
3026 5422 3123 5480 est,
3157 5414 3204 5467 si
3253 5420 3426 5469 vestra
3456 5413 3714 5467 carnalia

2118 5504 2372 5554 metamus
2404 5500 2430 5554 ?
2483 5496 2755 5573 (Ibidem)
2808 5501 2901 5557 lite
2955 5519 3087 5575 ergo
3134 5504 3395 5559 doctrinae
3448 5512 3723 5574 separata

2119 5594 2275 5646 erant
2304 5591 2611 5648 civitatibus
2636 5606 2843 5660 eorum,
2878 5604 2999 5665 qua
3038 5602 3090 5651 et
3126 5602 3226 5666 per
3264 5595 3408 5665 ipsos
3436 5595 3719 5651 consiste-

2119 5686 2271 5752 bant,
2303 5690 2356 5738 et
2388 5692 2483 5755 per
2508 5685 2653 5757 ipsos
2699 5684 3069 5755 salvabantur,
3102 5693 3155 5742 et
3187 5688 3347 5744 vendi
3394 5701 3505 5741 non
3561 5692 3721 5757 μηθ’

2121 5779 2266 5847 tam,
2289 5779 2416 5851 quia
2440 5780 2507 5837 ad
2536 5781 2682 5854 ipsos
2716 5774 2998 5839 dicebatur
3019 5800 3033 5839 :
3067 5778 3251 5839 Gratis
3266 5779 3566 5853 accepistis,
3590 5784 3725 5855 9h!-
