3892 6346
162 353 238 420 stt
803 341 828 362 ’

987 343 1487 405 manusmanus
1517 343 1590 403 nt
1625 341 2021 404 Lavmcuu.
2062 357 2132 433 ί-
2168 344 2298 403 Lm.
2335 345 2448 406 vn.

163 479 214 532 tis
242 473 363 529 date.
399 468 554 525 Unde
575 475 631 522 et
651 465 936 522 suaenam
986 480 1169 523 emere
1193 466 1462 521 volentem
1491 464 1692 520 donum
1718 459 1773 520 Α
1796 459 1934 516 sicut
1957 475 2118 532 supra
2143 461 2492 532 exposuimus
2521 459 2704 530 lapsus
2730 457 3018 526 acetdeﬁt,
3049 470 3264 532 sum
3290 476 3380 522 est

161 568 371 641 Spiritus,
391 562 508 632 ejus
537 563 787 633 portione
813 562 928 616 sive
953 569 1102 616 sorte
1129 561 1381 631 privavit.
1414 557 1522 629 (Em
1547 557 1694 612 Ada-

161 660 313 733 mant.)
345 655 656 712 Secundum
707 657 1061 726 tropologiam
1107 667 1272 720 vero,
1321 655 1438 708 hmo
1489 650 1695 706 refera-

157 770 252 812 mus
277 751 337 806 iid
361 765 482 811 nos,
535 747 732 818 quibus
784 747 870 801 lex
914 746 1112 802 Christi
1161 745 1357 799 sicam
1399 753 1696 812 sequamur

158 859 234 903 nec
257 842 617 914 possessiones
672 841 725 894 in
771 848 938 904 terra,
976 853 1078 893 nec
1127 837 1182 891 in
1221 835 1451 890 urbibus
1501 835 1695 888 domus

159 940 323 994 habere
342 934 631 1004 permittit,
683 941 737 987 et
765 933 893 1003 quid
945 933 1066 986 dico
1108 931 1336 986 domus?
1384 943 1484 982 nec
1513 928 1696 998 plures

158 1030 352 1092 tunicas,
382 1040 489 1080 nec
531 1025 754 1080 multum
787 1026 1033 1080 concedit
1062 1025 1340 1096 possidere
1367 1025 1648 1094 pecuniam
1677 1040 1691 1078 :

153 1119 378 1173 Habentes
413 1120 572 1183 enim,
620 1119 815 1187 inqit,
845 1120 1034 1172 victum
1057 1127 1105 1172 et
1165 1120 1424 1183 vestitum,
1461 1119 1541 1172 his
1574 1134 1695 1172 con-

154 1211 254 1263 tenti
299 1225 476 1262 sumit:
527 1209 583 1280 (Ι
613 1209 748 1263 Tim.
775 1210 874 1281 vr).
915 1211 1194 1278 Quomodo
1243 1215 1372 1282 ergo
1398 1225 1496 1266 nos
1539 1212 1696 1265 datas

154 1302 205 1354 de
229 1300 460 1356 domibus
508 1302 622 1356 sive
673 1303 815 1357 intra
848 1305 1121 1360 civitatem
1167 1313 1438 1361 muratatn
1480 1305 1694 1375 positis,

151 1394 244 1448 sive
271 1395 321 1448 in
350 1395 484 1450 vicis
512 1397 706 1465 quibus
757 1398 896 1452 muri
945 1409 1051 1452 non
1107 1406 1233 1452 sunt
1285 1396 1700 1451 observabimus

151 1486 314 1554 leges?
362 1486 673 1542 Invenimus
725 1489 779 1543 in
834 1489 954 1543 aliis
1015 1489 1309 1559 Scriptura:
1345 1488 1500 1550 locis,
1559 1487 1703 1556 quod

146 1593 302 1634 sermo
353 1581 566 1637 divinus
617 1582 824 1653 majore
869 1583 1102 1651 quodam
1145 1587 1490 1636 sacramento
1530 1579 1703 1633 nomi-

145 1678 220 1722 nat
259 1672 493 1740 domum,
543 1681 601 1727 ut
655 1689 777 1728 cum
830 1674 962 1728 dicit
1000 1675 1065 1728 de
1103 1671 1292 1737 Jacob,
1323 1682 1379 1726 et
1409 1672 1561 1740 quasi
1604 1686 1703 1741 pro

134 1760 276 1817 laude
321 1761 445 1833 ejus
489 1766 642 1834 ponit
673 1783 686 1818 :
717 1765 850 1818 Erat
899 1765 1062 1828 enim,
1114 1763 1305 1834 inquit,
1361 1762 1524 1817 Jacob
1550 1763 1702 1815 homo

1801 553 2153 623 recuperandi
2175 554 2419 608 facultas.
2455 553 2528 608 Ut
2554 552 2706 607 verbi
2729 552 2907 622 gratia
2936 553 3115 608 dicam
3149 573 3164 608 :
3197 555 3256 611 8i
3279 573 3380 615 nos

1803 648 1979 718 aliqua
2012 649 2168 720 culpa
2204 649 2427 703 moralis
2464 647 2732 702 invenerit
2765 659 2888 718 qua
2921 661 3029 702 non
3064 649 3122 703 in
3156 649 3384 707 crimine

1802 746 2036 811 mortali,
2075 757 2182 799 non
2211 744 2264 798 in
2292 743 2628 813 blasphemia
2665 742 2821 806 ﬁdei,
2853 751 2974 812 quas
3007 751 3166 798 muro
3203 745 3381 801 eccle-

1803 841 2003 895 siastici
2033 848 2086 895 et
2117 837 2396 910 apostolici
2426 837 2694 908 dogmatis
2724 839 2900 892 cincta
2930 845 3044 904 est,
3077 839 3171 894 sed
3208 839 3292 894 vel
3321 841 3376 896 in

1804 938 2069 993 sermonis
2097 936 2181 990 vel
2212 937 2264 990 iu
2293 949 2504 990 morum
2531 937 2662 991 vitio
2690 938 2973 999 consistat,
3005 938 3110 991 hoc
3140 943 3224 992 est
3248 947 3381 991 vcn-

1803 1030 2002 1088 didisse
2030 1033 2245 1088 domum
2277 1047 2395 1102 quiue
2425 1033 2480 1086 in
2513 1047 2643 1102 agro
2666 1041 2769 1096 est,
2794 1034 2877 1088 vel
2909 1033 2960 1086 in
2996 1032 3117 1086 vico
3147 1033 3232 1086 cui
3266 1048 3384 1086 mu-

1735 1177 1738 1180 .
1802 1137 1896 1179 rus
1916 1129 2024 1179 non
2049 1133 2162 1190 est;
2198 1127 2314 1180 haec
2343 1141 2470 1194 ergo
2502 1125 2758 1184 venditio,
2791 1129 2843 1178 et
2869 1123 3174 1193 huiusmodi
3203 1123 3379 1194 culpa,

1804 1231 2016 1286 semper
2058 1219 2298 1289 reparari
2339 1225 2539 1288 potest,
2581 1231 2681 1270 nec
2709 1213 2993 1285 aliquando
3029 1217 3123 1270 tibi
3161 1215 3385 1270 interdi-

1805 1311 1945 1366 citur
1977 1315 2040 1366 dc
2070 1312 2372 1367 commissis
2401 1303 2706 1380 huiusmodi
2747 1309 3136 1378 pmnitmlinem
3175 1323 3381 1378 gerere,

1808 1402 1860 1454 iit
1899 1403 2236 1471 gravioribus
2276 1405 2419 1458 enim
2457 1401 2797 1462 criminibus,
2829 1401 2933 1454 hoc
2963 1407 3065 1462 est,
3110 1399 3164 1452 in
3202 1399 3390 1452 inlide-

1811 1491 1960 1547 lit.ate
1981 1507 2348 1563 perseverare,
2369 1494 2529 1547 corde
2554 1491 2914 1562 impceuitenti
2943 1501 3114 1559 usque
3142 1491 3207 1542 ad
3231 1489 3391 1544 tinem

1811 1585 1935 1639 vitm
1961 1586 2013 1638 in
2044 1587 2320 1655 iniquitate
2346 1583 2638 1656 perdurare
2665 1627 2678 1648 ,
2705 1593 2757 1638 et
2791 1587 2855 1638 de
2884 1583 3256 1638 misericordia
3281 1597 3394 1634 om-

1810 1678 2075 1747 nipotenti
2107 1679 2198 1732 Dei
2226 1679 2535 1747 desperare,
2563 1677 2806 1748 quodest
2837 1673 3169 1745 blasphemia
3194 1674 3245 1728 in
3275 1671 3395 1744 Spi—

1809 1767 1971 1820 ritum
2019 1776 2282 1829 sanctum,
2328 1768 2457 1837 quid
2499 1769 2562 1820 dc
2591 1765 2693 1821 hoc
2724 1766 3065 1821 sentiendum
3093 1765 3197 1829 sit,
3229 1764 3396 1832 ipsius

119 1854 327 1924 simplest
353 1855 615 1909 Imbitans
650 1855 864 1908 domum
904 1853 1058 1921 (Gen.
1097 1854 1245 1924 in).
1285 1853 1349 1906 ε
1380 1853 1575 1907 iterum
1615 1853 1699 1906 in-

1813 1858 2053 1913 veritatis
2103 1859 2369 1914 sententia
2421 1861 2476 1915 in
2504 1857 2796 1931 Evangolio
2847 1860 3003 1914 nobis
3055 1855 3389 1913 manifestat.

115 1949 264 2002 venio
306 1950 375 2002 de
439 1946 826 2000 obstetricibus
880 1945 1228 2000 Hebrazorum
1279 1943 1586 2014 Scriptum:
1627 1941 1699 1997 Et

125 2043 267 2110 quia,
297 2041 502 2110 inquit,
535 2042 783 2095 timebant
810 2041 974 2095 Deum
1013 2040 1308 2093 obstetrices
1340 2037 1571 2108 fecerunt
1599 2038 1702 2093 sibi

127 2132 309 2186 domos
345 2129 495 2204 (Gen.
541 2133 599 2203 ι).
632 2133 884 2187 Videmus
948 2149 1074 2203 ergo
1124 2133 1265 2201 quod
1318 2131 1702 2186 obstetricibus

127 2225 338 2294 quidem
381 2219 748 2279 faciendorum
783 2225 1066 2280 domorum
1122 2239 1282 2280 causa
1320 2224 1483 2280 fuerit
1531 2225 1698 2279 timor

130 2317 216 2372 Dei
247 2337 258 2372 :
295 2315 462 2371 Jacob
506 2331 633 2372 vero
672 2318 987 2388 simplicitas
1016 2325 1071 2372 et
1120 2319 1434 2372 innocentia
1479 2334 1703 2373 causam

135 2407 353 2470 dederit,
388 2415 449 2463 ut
475 2402 746 2463 habitaret
799 2409 1019 2464 domum
1047 2427 1060 2474 ;
1093 2410 1327 2479 denique
1376 2409 1540 2474 Esau,
1573 2411 1702 2480 quia

132 2499 292 2556 malus
319 2501 442 2567 fuit,
476 2513 583 2556 non
635 2511 719 2558 est
751 2503 1014 2572 scriptum
1057 2489 1140 2557 de
1164 2517 1228 2558 eo
1264 2501 1390 2572 quia
1420 2501 1704 2557 habitave-

136 2595 196 2647 rit
222 2591 457 2660 domum,
500 2609 600 2649 nec
651 2595 716 2650 de
751 2595 856 2650 alio
901 2595 1084 2665 aliquo
1131 2593 1393 2664 scriptum
1419 2601 1522 2659 est,
1577 2595 1704 2665 quia

133 2683 469 2740 :edlilcavcrit
497 2677 599 2740 sibi
631 2683 872 2752 domum,
909 2685 1002 2755 qui
1035 2699 1144 2741 non
1173 2677 1426 2740 habuerit
1450 2685 1706 2740 timorem

135 2775 216 2830 Dei
242 2795 254 2842 ;
280 2787 399 2846 qum
425 2785 512 2833 est
541 2785 670 2848 ergo
699 2777 804 2832 ista
847 2773 1082 2832 domus?
1111 2782 1166 2830 et
1210 2775 1368 2846 quale
1417 2775 1708 2831 :ediiicium

132 2876 204 2928 est
223 2863 473 2925 ?.i’aul'us
505 2870 785 2939 apostolus
815 2870 1040 2940 exponit
1086 2869 1328 2940 apertius
1381 2883 1505 2923 cum
1537 2868 1707 2922 dicit:

139 2949 346 3014 Domum
369 2961 628 3016 habemus
677 2977 780 3015 non
809 2961 1167 3031 manufactam
1201 2963 1452 3014 (eternam
1482 2961 1539 3013 in
1570 2957 1710 3014 cretis

131 3041 203 3122 (Il
220 3051 335 3108 Cor.
355 3051 433 3124 v).
472 3051 607 3108 Haec
626 3061 711 3108 est
729 3065 860 3123 ergo
877 3055 1069 3108 domus
1083 3068 1246 3124 quam
1269 3049 1539 3107 mdiiicare
1554 3067 1710 3108 nemo

128 3145 306 3211 putest,
334 3145 437 3200 nisi
461 3145 658 3199 timeat
683 3141 887 3208 Demn;
927 3147 1042 3200 hcec
1068 3143 1367 3199 estdomus
1408 3149 1570 3215 quam
1605 3159 1703 3199 cx-

127 3239 320 3292 struere
344 3280 358 3306 ,
387 3238 474 3291 vel
497 3236 920 3293 habitarcnemo
934 3241 1133 3308 potest,
1152 3237 1256 3291 nisi
1292 3235 1344 3291 in
1368 3236 1712 3308 simplicitate

128 3330 306 3384 mentis
319 3339 370 3384 et
389 3332 634 3402 puritate
650 3330 847 3385 cordis.
881 3329 986 3385 Sed
1005 3328 1275 3399 quomodo
1289 3328 1535 3384 accidere
1550 3327 1708 3395 solet,

127 3425 348 3479 utetiam
375 3425 471 3494 qui
495 3425 638 3479 bene
679 3423 1048 3489 aedificaverit,
1078 3430 1131 3478 et
1164 3424 1380 3478 domum
1411 3423 1514 3478 cibi
1544 3420 1711 3478 caele-

124 3519 398 3574 stembene
421 3519 657 3588 agendo,
677 3521 724 3572 el
751 3517 888 3572 bene
911 3513 1142 3571 vivendo
1173 3533 1235 3571 ac
1259 3519 1406 3572 recte
1443 3517 1713 3573 credendo

126 3610 512 3673 construxerit,
533 3597 777 3663 incurrat
792 3596 1017 3674 alicujus
1029 3606 1236 3676 peccati
1253 3596 1490 3661 debitum
1505 3606 1715 3660 etimne

126 3715 153 3755 a
176 3703 558 3759 crudelissimo
585 3691 877 3756 feneratori
896 3689 1190 3755 renuntiari
1211 3709 1456 3769 cogatur,
1487 3709 1548 3752 ac
1568 3693 1718 3752 labo-

124 3805 198 3846 res
231 3809 363 3848 suos
399 3791 789 3848 transfundere
821 3796 871 3847 in
905 3791 1097 3856 alium,
1131 3794 1308 3862 pictas
1340 3799 1394 3846 et
1431 3789 1716 3846 clementia

122 3883 446 3956 legislatoris
477 3886 738 3949 occurrit,
772 3891 833 3938 ut
867 3887 1010 3939 intra
1041 3893 1251 3941 certum
1279 3893 1492 3956 tempus
1520 3884 1716 3940 redimi

123 3977 278 4044 possit
306 3994 320 4030 :
347 3973 413 4029 Si
471 3983 648 4029 tamen
702 3977 975 4039 invenerit,
1015 3977 1213 4045 inquit,
1242 3994 1428 4031 manus
1479 3985 1568 4029 tua
1598 3993 1718 4046 pre-

124 4073 233 4125 tium
296 4071 453 4143 quod
500 4071 783 4140 restituas.
846 4069 1012 4137 Quale
1063 4071 1334 4141 pretium?
1378 4063 1719 4124 Pmnitentim

123 4160 222 4218 sine
254 4151 430 4219 dubio
474 4159 737 4234 lacrymis
778 4171 1201 4234 congregatum,
1253 4170 1308 4219 et
1342 4162 1622 4226 manibus,
1665 4159 1718 4214 id

123 4263 212 4321 est,
251 4256 450 4312 labore
475 4253 609 4310 boni
641 4257 820 4325 operis
857 4255 1156 4310 inventum.
1185 4255 1372 4311 Annus
1404 4264 1584 4310 autem
1610 4255 1714 4309 iste

127 4346 330 4421 intelligi
364 4355 580 4420 potest,
611 4364 771 4418 quem
800 4350 948 4403 venit
977 4365 1170 4404 vocare
1210 4351 1471 4404 Dominus
1510 4364 1715 4403 annum

127 4451 416 4515 acceptum,
444 4459 563 4514 quo
585 4443 824 4498 dimittat
863 4439 1170 4500 contractos
1209 4459 1265 4497 in
1308 4441 1709 4505 remissionem,

1802 1951 1906 2006 Ista
1965 1967 2094 2007 vero
2144 1953 2449 2007 communia
2502 1967 2621 2022 quae
2677 1952 2992 2021 frequenter
3040 1949 3392 2013 incurrimus,

1803 2053 2017 2116 semper
2043 2047 2418 2115 pmoitcntiam
2448 2047 2736 2116 rccipiunt,
2766 2054 2819 2100 et
2844 2046 2958 2099 sine
2993 2041 3393 2098 intermissione

1804 2137 2165 2192 redimuntur.
2228 2135 2380 2201 Quod
2411 2136 2454 2190 si
2483 2133 2827 2190 sacerdotalis
2858 2135 3042 2204 fuerit,
3065 2134 3261 2202 inquit,
3291 2132 3394 2186 ista

1805 2228 1989 2284 domus
2033 2230 2110 2285 vel
2144 2229 2352 2283 (critica
2395 2229 2686 2298 ubicunque
2723 2227 2904 2297 fuerit,
2943 2227 3046 2280 sire
3083 2227 3136 2278 in
3195 2225 3401 2277 civitate

1805 2323 1910 2376 sire
1939 2322 1992 2376 in
2026 2338 2153 2391 agro
2181 2335 2382 2391 semper
2417 2319 2568 2373 habet
2613 2318 3009 2388 redemptorem.
3052 2313 3108 2370 lu
3141 2315 3243 2370 hoc
3282 2313 3400 2368 loco

1808 2411 2199 2470 sacerdotalem
2260 2426 2477 2467 sensum
2546 2407 2600 2464 et
2655 2407 2927 2464 leviticam
2988 2401 3394 2476 intelligentiam

1808 2509 2024 2578 qtimro;
2058 2523 2166 2561 non
2195 2506 2340 2561 enim
2368 2495 2596 2560 inferior
2622 2511 2742 2558 esse
2769 2493 2927 2555 debet
2963 2499 3178 2554 auditor
3204 2498 3395 2552 horum

1809 2599 1852 2655 si
1893 2593 2007 2655 ﬁeri
2046 2605 2256 2669 potest,
2299 2597 2392 2651 illo
2433 2595 2550 2666 ipso
2577 2596 2666 2666 qui
2707 2587 2822 2648 hmc
2857 2591 3075 2662 scripsit
3106 2598 3159 2645 et
3197 2589 3396 2644 sanxit.

1811 2690 1946 2758 Quid
1986 2698 2070 2745 est
2105 2705 2234 2760 ergo
2271 2689 2414 2759 quod
2449 2685 2704 2740 sacerdos
2741 2692 2795 2739 et
2829 2681 3014 2748 levita,
3053 2679 3244 2735 domus
3289 2692 3401 2733 suae

1812 2798 2025 2852 semper
2062 2782 2265 2836 habent
2305 2778 2770 2849 redemptionem?
2813 2786 2867 2832 ct
2895 2776 3203 2843 ubicunque
3241 2771 3405 2825 fuerit

1811 2876 1975 2930 habet
2007 2873 2455 2944 redemptionem,
2495 2871 2796 2940 spiritalem
2837 2861 3268 2944 intelligentiam.
3303 2859 3406 2917 Sa-

1814 2955 2008 3023 cerdos
2036 2943 2203 3020 mens
2235 2963 2347 3019 Deo
2389 2967 2709 3019 conseCrata
2746 2959 2974 3023 dicitur;
3019 2963 3073 3010 et
3108 2943 3268 3009 lerita
3313 2967 3410 3023 ap-

1812 3049 2046 3132 pellatur
2081 3059 2125 3112 is
2161 3058 2252 3127 qui
2299 3055 2668 3110 indesihenter
2709 3047 2918 3106 assistit
2952 3045 3094 3113 Deo,
3132 3043 3186 3100 et
3225 3037 3408 3098 volun-

1814 3151 1913 3208 tati
1968 3151 2084 3221 cjus
2119 3150 2409 3205 ministrat.
2454 3143 2726 3200 Pcrfeclio
2755 3149 2884 3213 ergo
2917 3139 2970 3196 in
3004 3137 3280 3221 intellecut
3302 3178 3316 3202 ,
3356 3141 3411 3190 et

1794 3231 1978 3321 iopcre
1999 3219 2062 3300 in
2099 3245 2206 3299 fide
2233 3251 2287 3298 et
2316 3241 2525 3297 actibus
2548 3237 2801 3293 sacerdos
2823 3243 2875 3289 ct
2896 3219 3111 3289 Levites
3144 3227 3409 3300 accipien-

1814 3335 1912 3394 dus
1941 3341 2042 3401 cst,
2075 3333 2201 3390 huic
2235 3334 2417 3404 itaque
2444 3331 2701 3404 perfecta:
2739 3327 2908 3385 menti
2945 3327 2990 3382 si
3027 3323 3286 3382 acciderit
3312 3321 3410 3378 aii-

1813 3429 2028 3502 quando
2065 3429 2282 3484 domum
2313 3433 2477 3497 quam
2505 3421 2669 3480 habet
2697 3427 2806 3477 noli
2841 3408 3210 3475 manul‘actat’d
3247 3419 3406 3472 mter-

1814 3537 1941 3576 nam
1995 3521 2050 3574 in
2108 3519 2260 3574 cretis
2316 3516 2585 3582 vendere,
2638 3521 2692 3569 et
2737 3517 2931 3567 manus
2989 3509 3212 3563 alternis
3256 3503 3409 3570 dare,

1818 3603 1959 3667 sicut
2006 3612 2232 3680 contigit
2277 3605 2567 3677 aliquando
2625 3611 2823 3675 magno
2872 3599 3196 3673 patriarcha;I
3243 3591 3412 3652 David

1819 3709 1941 3758 cum
2002 3701 2065 3754 de
2125 3707 2271 3753 tecto
2337 3711 2436 3751 suo
2494 3687 2640 3752 Urbe
2700 3685 2857 3747 Etbci
2906 3690 3116 3759 aspexit
3164 3693 3410 3750 uxorem,

1819 3778 2000 3849 statim
2055 3803 2175 3846 eam
2232 3787 2498 3852 redimit,
2575 3782 2755 3839 statim
2815 3787 3103 3852 reparatur
3145 3821 3159 3844 ,
3231 3777 3413 3831 Statim

1817 3884 1963 3939 enim
1995 3882 2126 3937 dicit
2153 3897 2167 3935 :
2204 3876 2424 3934 Peccavi
2443 3896 2461 3944 ;
2497 3879 2604 3932 imo
2635 3889 2766 3930 vero
2799 3867 3002 3943 aliquid
3033 3873 3206 3927 adhuc
3251 3867 3416 3923 subli-

1819 3976 1961 4030 mius
2006 3975 2059 4028 in
2111 3974 2216 4027 hoc
2270 3976 2432 4025 sensu
2492 3963 2752 4023 debemus
2798 3965 3083 4036 inspicere.
3136 3959 3414 4028 Quomodo

1828 4067 2019 4123 domus
2065 4063 2403 4119 sacerdotum
2447 4063 2500 4116 et
2537 4059 2843 4123 levitarum,
2896 4055 2948 4111 id
2993 4057 3092 4120 est,
3145 4051 3414 4124 perfecta-

1819 4175 1939 4216 rum
1963 4159 2221 4214 mentium"
2247 4171 2459 4227 semper
2482 4153 2675 4211 delicta
2706 4155 3062 4216 redimantur,
3091 4151 3410 4219 semperque

1817 4257 2133 4326 purgentur,
2179 4251 2224 4306 si
2270 4249 2484 4320 quando
2536 4235 2850 4317 Scripturas
2901 4243 3110 4299 divinas
3159 4241 3410 4318 legimus,

1817 4351 1870 4400 et
1902 4349 2209 4398 sanctorum
2231 4339 2452 4396 Patrum
2497 4339 2550 4394 in
2585 4339 2672 4393 his
2711 4337 2902 4392 delicta
2943 4335 3122 4403 aliqua
3160 4337 3408 4386 redense-

1818 4458 1958 4506 mus,
1982 4439 2025 4494 si
2050 4433 2348 4494 scentulum
2376 4433 2607 4507 apostoli
2626 4423 2779 4488 Pauli
2802 4425 3129 4484 sententiam
3156 4417 3406 4486 dicimus,

131 4540 176 4588 et
201 4513 428 4598 salutem
476 4513 684 4588 delicta
743 4548 839 4587 sua
866 4534 1247 4588 confitentibus
1300 4533 1540 4602 prmbeat
1575 4518 1707 4602 (Isa.
1739 4533 1958 4628 ΒΩιεὶιι
1985 4531 2094 4585 lucc
2132 4529 2308 4583 omnia
2348 4529 2402 4581 in
2448 4527 2621 4597 figura
2654 4515 3020 4614 contingebant
3050 4513 3413 4628 illis,lscript‘a

131 4629 244 4698 ut).
277 4628 436 4696 Quod
471 4635 669 4683 autem
693 4625 823 4682 dicit
845 4626 1061 4684 domum
1083 4625 1138 4680 in
1170 4625 1390 4680 civitate
1419 4631 1712 4689 moratam,

131 4730 260 4777 recte
285 4731 345 4777 ut
380 4738 488 4794 ego
517 4719 785 4784 arbitror,
829 4718 1021 4773 domus
1061 4733 1179 4788 quae
1209 4717 1264 4771 in
1293 4716 1444 4772 caelis
1472 4723 1554 4770 est
1583 4713 1717 4770 dici-

130 4818 226 4879 tur,
266 4815 318 4869 in
350 4815 586 4869 civitate
620 4817 835 4865 murata
862 4809 1214 4880 intelligitur,
1250 4822 1438 4862 murus
1464 4815 1546 4860 est
1571 4807 1717 4861 enim

132 4903 490 4974 hujuscemodi
545 4905 826 4969 domibus,
879 4905 1051 4974 ipsum
1102 4902 1224 4958 casti
1279 4902 1714 4967 ﬁrmamentum;

131 5001 209 5056 Sed
252 5004 414 5057 talem
449 5003 686 5057 domum
717 4999 826 5052 rari
872 4998 1072 5068 quique
1111 4997 1312 5052 habere
1347 5005 1594 5066 possunt,
1639 4995 1717 5050 illi

133 5087 358 5150 fortassis
384 5095 484 5166 qui
515 5107 690 5163 super
715 5099 915 5147 terram
946 5090 1310 5154 ambulantes,
1345 5087 1716 5143 conversatio—

133 5199 237 5241 nem
265 5189 474 5243 habent
509 5189 567 5242 in
605 5185 799 5249 caelis;
836 5192 890 5236 et
920 5183 983 5236 de
1014 5181 1212 5251 quibus
1242 5180 1372 5233 dicit
1404 5179 1716 5250 Apostolus,

133 5273 214 5330 Dei
235 5280 523 5349 aediﬁcatio
551 5277 684 5331 estis
710 5275 757 5346 (Ι
787 5270 909 5327 Cor.
946 5270 1051 5346 ιιι).
1082 5267 1278 5325 (Σωῑρνί
1303 5277 1481 5323 autem
1506 5268 1560 5321 in
1585 5269 1717 5323 vicis

133 5366 312 5425 habent
343 5373 566 5432 domos,
605 5368 805 5438 quibus
829 5381 935 5420 non
958 5373 1041 5420 est
1064 5378 1251 5418 murus
1279 5380 1291 5416 :
1319 5368 1400 5416 est
1432 5369 1610 5415 tamen
1641 5361 1719 5416 eis

132 5460 368 5527 adjaccns
397 5480 534 5535 ager
564 5461 864 5523 fecundus,
899 5458 1004 5514 illis
1033 5456 1280 5516 fortassis
1312 5454 1402 5524 qui
1436 5455 1537 5509 sibi
1568 5454 1721 5507 habi-

134 5558 352 5616 taculum
395 5562 720 5629 praeparant
773 5551 827 5608 in
876 5562 1021 5608 terra
1062 5551 1383 5614 viventium,
1433 5557 1486 5604 et
1531 5549 1582 5602 in
1631 5547 1719 5602 illa

135 5652 269 5702 terra
318 5668 490 5722 quam
532 5647 839 5702 niansuetis
883 5643 1140 5700 Dominus
1183 5642 1451 5713 promittit
1490 5641 1717 5696 dicens:

129 5733 267 5793 Beati
310 5743 468 5796 mites
500 5779 516 5808 ,
561 5739 814 5811 quoniam
854 5738 951 5810 ipsi
991 5736 1345 5792 hwreditatem
1386 5733 1720 5806 possidebunt

133 5838 316 5891 terram
340 5835 575 5910 (Matth.
601 5831 681 5906 v).
712 5833 851 5890 Istas
874 5847 1007 5903 ergo
1030 5833 1242 5899 domos,
1271 5831 1320 5888 si
1347 5827 1489 5887 forte
1518 5827 1718 5900 aliquis
1765 5901 1769 5904 _

1821 4633 1941 4678 sum
1964 4633 2134 4676 autem
2152 4627 2363 4690 propter
2379 4611 2835 4670 commonitionem
2855 4609 3086 4690 nostram
3110 4604 3163 4678 (Ι
3186 4603 3308 4658 Cor‘.
3331 4602 3408 4676 κ).

1822 4709 1936 4768 Hoc
1987 4689 2158 4766 modo
2191 4689 2404 4778 semper
2453 4707 2646 4760 domus
2691 4715 2878 4756 eorum
2926 4689 3230 4762 redimitur,
3285 4695 3411 4766 quia

1787 4792 2038 4875 ’δριιψρισ
2086 4819 2183 4872 pro
2229 4797 2400 4870 culpis
2437 4813 2626 4853 eorum
2668 4790 2918 4866 purgatio
2961 4793 3016 4848 et
3056 4789 3350 4847 satisfactio
3379 4805 3409 4844 a

1823 4895 2136 4955 doctoribus
2175 4889 2463 4947 adhibetur
2496 4885 2904 4944 ostendentibus
2934 4901 2998 4940 cx
3033 4881 3226 4940 divinis
3265 4881 3412 4936 Scri-

1822 4989 2017 5062 pturis,
2066 4983 2268 5042 formas
2299 4978 2464 5038 fuisse
2507 4982 2622 5036 haec
2663 4981 2717 5035 ct
2761 4978 3021 5049 imagines
3052 4985 3232 5031 rerum
3264 4967 3408 5027 futu-

1821 5099 2038 5149 rarum;
2073 5097 2177 5136 non
2212 5075 2406 5150 quibus
2446 5081 2808 5146 arguerentur
2835 5069 3027 5126 delicta
3070 5077 3407 5133 sanctorum,

1821 5176 1914 5230 sed
1939 5171 2134 5245 quibus
2161 5169 2540 5226 ostenderetur
2563 5174 2876 5235 peccatores
2899 5165 3094 5234 impios
3121 5164 3171 5216 in
3201 5167 3408 5231 partem

1821 5276 2156 5332 sanctorum,
2199 5259 2620 5332 societatemque
2647 5261 2932 5318 conscisci.
2967 5259 3252 5327 Nunquam
3280 5267 3410 5323 ergo

1823 5356 2179 5415 sacerdotalis
2224 5354 2495 5426 possessio
2531 5371 2561 5408 a
2599 5347 2879 5410 sacerdote
2916 5357 3217 5420 separatur,
3247 5341 3411 5406 etiam

1825 5457 1872 5514 si
1898 5455 1964 5511 ad
1991 5463 2200 5527 tempus
2227 5447 2388 5508 fuerit
2412 5451 2589 5506 ablata
2609 5492 2624 5518 ,
2656 5451 2818 5505 etiam
2849 5447 2893 5502 si
2928 5443 3086 5500 luerit
3107 5441 3408 5527 distracta;

1826 5562 2038 5616 semper
2079 5525 2387 5611 redimitur,
2425 5558 2640 5614 semper
2676 5543 2990 5609 reparatur;
3031 5525 3173 5585 velut
3196 5531 3238 5584 si
3266 5525 3412 5616 dice--

1827 5649 1910 5697 ret
1937 5656 1950 5695 :
1973 5619 2223 5695 Charitas
2246 5655 2364 5712 quze
2391 5636 2628 5709 perfecta
2659 5639 2742 5686 est
2770 5631 2943 5684 omnia
2981 5625 3200 5697 patitur,
3234 5623 3409 5712 omnia

1825 5741 2032 5806 sperat,
2083 5709 2488 5787 omniatolerat
2535 5741 2550 5778 :
2606 5721 2836 5776 Charitas
2897 5733 3163 5789 nunquam
3215 5709 3408 5774 excidit

1827 5802 1904 5899 (Ἰ
1927 5823 2030 5882 Cor
2055 5823 2312 5899 xm)..Sic
2334 5835 2466 5894 ergo
2485 5826 2541 5875 et
2569 5810 2842 5888 possessio
2859 5827 2924 5870 ac
2957 5802 3151 5870 domus
3176 5807 3406 5872 concio-
