3892 6346
152 379 260 438 με

961 383 968 398 ε
1049 363 1552 433 EXPOSITIONES
1585 373 1654 432 lN
1690 352 2082 433 nummum.
2118 403 2188 416 -
2227 361 2364 431 tua;
2394 373 2501 431 vu.

3282 355 3386 435 ue

152 494 316 562 {uter
346 497 510 554 tuus,
535 501 776 542 non-eum
803 488 1064 558 opprimes
1092 490 1338 543 servitute
1371 488 1713 557 famulorum,
1741 491 1795 551 Α
1818 489 1909 544 bet
1929 497 1986 544 et
2007 488 2248 560 operari,
2275 487 2330 542 id
2360 487 2482 553 est,
2523 487 2591 542 ad
2611 494 2828 543 nostras
2858 487 3266 548 exhortationes
3298 493 3398 550 re;

149 581 239 635 sed
257 579 406 650 quasi
417 578 778 632 mercenarius
792 585 840 632 et
862 578 1074 633 colonus
1095 581 1226 644 erit;
1249 593 1413 648 usque
1425 579 1494 632 ad
1518 595 1715 632 annum

148 671 415 739 )ubilteum
457 670 755 739 operabitur
802 670 944 742 apud
985 679 1034 725 te
1058 714 1072 738 ,
1119 682 1172 726 et
1205 682 1383 742 postea
1426 673 1720 742 egredietur

147 778 262 817 cum
297 760 474 814 liberis
501 761 632 825 suis,
659 769 708 814 et
746 771 1026 816 revertetur
1049 763 1116 816 ad
1141 763 1499 833 cognationem
1531 779 1680 815 suam
1699 803 1714 827 ,

147 861 194 906 et
230 852 298 906 ad
341 853 714 921 possessionem
752 863 961 922 patrum
995 869 1241 918 suorum,
1283 855 1385 908 mei
1421 854 1557 908 enim
1583 854 1717 908 servi

148 951 284 1003 sunt,
327 951 377 995 et
408 959 500 1013 ego
529 943 687 997 eduxi
714 960 800 998 eos
825 945 890 998 de
915 953 1057 998 terra
1085 943 1326 1015 Egypti.
1366 944 1489 999 Non
1511 947 1716 1000 veniant

147 1032 440 1103 conditione
477 1050 781 1101 servorum;
809 1052 871 1090 ne
904 1037 1103 1108 aﬂiigas
1129 1053 1246 1090 eum
1280 1053 1371 1107 per
1407 1038 1712 1107 potentiam,

145 1128 234 1178 sed
281 1125 496 1178 metuito
528 1124 695 1180 Deum
740 1138 904 1181 tuum.
953 1127 1118 1181 Multa
1159 1128 1340 1182 littera
1371 1129 1485 1197 ipsa
1516 1129 1716 1198 pietate

145 1215 297 1283 plena
353 1224 464 1281 est;
517 1217 612 1272 sed
660 1218 828 1273 multo
878 1233 1049 1289 magis
1088 1219 1344 1290 spiritalis
1391 1219 1712 1274 intellectus.

143 1310 414 1376 Quantum
436 1311 585 1366 enim
613 1312 836 1367 libertas
857 1313 1052 1368 animae
1076 1314 1269 1368 melior
1289 1321 1373 1368 est
1397 1328 1426 1366 a
1466 1313 1720 1367 libertate

141 1402 407 1472 corporis,
441 1409 650 1458 tantum
673 1404 932 1473 spiritalis
962 1405 1349 1473 contemplatio
1372 1405 1458 1457 bis
1487 1403 1576 1472 qui
1603 1403 1722 1472 ejus

139 1501 370 1560 possunt
395 1491 602 1549 fructus
635 1496 915 1566 percipere
958 1495 1188 1550 clariora
1227 1496 1394 1550 donat
1435 1509 1596 1564 quam
1627 1494 1722 1547 lit-

139 1591 282 1647 tera,
325 1584 450 1654 quia
487 1584 669 1640 littera
716 1587 934 1656 quidem
977 1586 1285 1641 nullatenus
1333 1601 1432 1640 nos
1475 1586 1561 1640 his
1604 1600 1724 1654 quae

137 1670 402 1729 fratribus
438 1677 697 1731 eveniunt
721 1677 872 1732 abuti
909 1678 1042 1742 vult,
1086 1678 1139 1731 id
1177 1684 1292 1742 est,
1329 1676 1717 1742 confidelibus;

134 1764 231 1817 sed
270 1765 352 1818 vel
385 1765 430 1818 si
459 1767 582 1835 quis
611 1782 800 1821 eorum
843 1767 1000 1822 nobis
1035 1766 1284 1821 venditus
1321 1767 1498 1830 fuerit,
1533 1783 1563 1820 a
1591 1781 1722 1836 qua-

1821 578 2080 649 guiasque
2118 579 2261 643 vitae,
2285 583 2338 633 et
2365 575 2633 647 eXempla,
2667 593 2788 648 quae
2816 593 2847 631 a
2877 579 3031 634 nobis
3060 584 3390 653 susceperit;

1820 687 1942 742 spes
1965 681 2144 727 tamen
2191 680 2274 727 est
2295 683 2419 726 eum
2451 673 2516 727 ad
2561 686 2716 725 suam
2741 687 3022 728 recurrere
3053 673 3394 743 dignitatem,

1819 766 2032 834 quando
2078 767 2343 836 integram
2379 774 2434 820 et
2461 763 2752 835 perfectam
2795 765 2966 836 egerit
2993 768 3393 836 pmnitentiam.

1820 854 1934 912 Hoc
1957 858 2100 911 enim
2131 855 2482 911 manifestans
2505 856 2780 927 legislator
2799 857 3038 913 subdidit
3074 877 3087 913 :
3126 857 3299 930 Usque
3323 859 3392 914 ad

1820 964 2016 1002 annum
2043 947 2320 1018 jubilreum
2353 947 2652 1018 operabitur
2688 949 2829 1020 apud
2866 959 2934 1003 te.
2964 949 3102 1016 Quia
3127 961 3250 1022 post
3275 966 3398 1023 per-

1819 1038 2019 1094 fectam
2067 1037 2475 1111 paenitentiam,
2535 1041 2675 1096 sicut
2729 1042 2936 1113 integre
2999 1044 3290 1099 mundatus
3347 1052 3404 1098 et

1817 1141 2103 1202 propterea
2151 1133 2424 1203 perfectus
2461 1133 2676 1202 operari
2726 1141 2782 1188 et
2823 1135 2964 1204 apud
3001 1151 3059 1190 se
3103 1145 3301 1206 potest,
3346 1141 3402 1191 et

1819 1231 2006 1292 postea
2032 1224 2358 1294 egredietur,
2389 1225 2527 1278 sicut
2556 1223 2709 1277 aiunt
2738 1222 3107 1295 Septuaginta,
3137 1226 3192 1278 in
3219 1228 3401 1280 remis-

1821 1313 1985 1379 sione,
2010 1332 2127 1368 cum
2148 1314 2322 1368 liberis
2347 1314 2490 1380 suis;
2519 1329 2625 1369 non
2654 1313 2799 1369 solus
2824 1314 2967 1368 enim
2992 1316 3106 1383 ipse
3131 1315 3267 1371 liber
3290 1317 3401 1373 elli-

1824 1403 1980 1465 citur,
2013 1404 2106 1458 sed
2132 1415 2183 1458 et
2205 1421 2322 1475 qua:
2347 1405 2414 1459 ab
2440 1419 2505 1460 eo
2530 1405 2725 1475 genita:
2755 1404 2969 1459 fuerant
2998 1405 3226 1459 virtutes
3254 1413 3402 1462 ante—
3437 1454 3447 1461 .

1827 1505 1989 1560 quam
2011 1494 2110 1548 sub
2123 1495 2483 1550 venditionem
2499 1497 2708 1565 peccati
2733 1495 3090 1567 redigeretur.
3116 1495 3406 1565 PrOpterea

1827 1592 1876 1636 et
1911 1593 2194 1638 revertetur
2220 1585 2290 1638 ad
2319 1587 2677 1656 cognationem
2707 1602 2894 1651 suam,
2936 1597 2984 1641 et
3020 1587 3088 1640 ad
3127 1590 3411 1655 possessio-

1828 1688 1944 1726 nem
1993 1684 2204 1743 patrum
2242 1692 2490 1741 suorum,
2538 1675 2803 1746 recipiens
2843 1677 3275 1733 conversationis
3302 1681 3418 1733 sor-'

1831 1770 1964 1828 tem,
1988 1773 2044 1817 et
2059 1774 2271 1833 partem
2291 1769 2496 1836 gratiae,
2524 1784 2643 1837 qua:
2664 1770 2732 1822 ab
2749 1769 2904 1824 initio
2925 1777 3069 1824 sorte
3093 1777 3412 1840 perceperat

133 1850 275 1906 libet
309 1853 638 1909 humilitatis
669 1857 1014 1921 necessitate,
1043 1857 1341 1910 nullatenus
1365 1857 1432 1910 ab
1457 1870 1522 1910 eo
1551 1857 1724 1910 servi-
1752 1847 1804 1912 Β
1827 1868 1857 1908 a
1883 1853 2014 1918 Deo,
2043 1855 2134 1923 qui
2165 1857 2381 1926 proprie
2410 1867 2596 1912 noster
2623 1868 2778 1928 pater
2807 1870 2911 1924 est,
2941 1861 3005 1915 de
3031 1875 3137 1930 quo
3168 1863 3245 1916 ait
3265 1861 3409 1916 Pau-

134 1942 281 1997 tium
304 1946 450 2000 servi
473 1947 774 2015 exigamus.
809 1947 978 2013 Quem
1008 1947 1150 2018 enim
1179 1947 1341 2001 semel
1372 1946 1594 2000 fratrem
1624 1962 1722 2017 per

125 2033 493 2102 adoptionem
538 2035 741 2092 Christi
793 2038 1106 2103 habuimus,
1151 2039 1420 2107 quomodo
1470 2039 1724 2111 deinceps

125 2136 366 2177 servum
397 2141 552 2179 suum
587 2127 939 2181 habebimus?
972 2127 1122 2182 Unde
1157 2136 1211 2182 et
1247 2127 1443 2183 Paulus
1479 2131 1722 2186 scribens

124 2209 202 2266 de
262 2213 515 2270 Onesimo
565 2217 634 2269 ad
679 2215 1048 2272 Philemonem
1098 2219 1312 2272 dicebat
1365 2237 1377 2272 :
1437 2219 1721 2290 Propterea

128 2305 352 2360 recessit
376 2305 447 2358 ad
479 2307 685 2371 horam,
715 2317 768 2360 ut
798 2316 1052 2362 wternum
1084 2311 1357 2379 reciperes,
1395 2328 1499 2366 non
1517 2313 1635 2382 jam
1666 2321 1723 2366 ut

125 2411 367 2460 servum,
395 2395 486 2449 sed
519 2413 614 2466 pro
647 2412 792 2452 servo
824 2398 1044 2467 fratrem
1077 2401 1469 2467 charissimam,
1494 2403 1725 2457 maxime

128 2491 299 2557 mihi,
335 2502 530 2562 quanto
560 2494 729 2563 magis
763 2503 938 2548 autem
979 2496 1072 2548 tibi
1098 2504 1145 2549 et
1176 2497 1231 2551 in
1266 2513 1423 2550 carne
1455 2504 1504 2550 et
1531 2498 1585 2552 in
1616 2497 1727 2551 Do-

128 2581 301 2634 mino.
333 2581 401 2635 Et
433 2588 621 2638 rursus
647 2601 659 2636 :
694 2583 797 2648 Qui
823 2594 998 2638 autem
1029 2585 1209 2652 ﬁdeles
1241 2587 1435 2640 habent
1462 2587 1721 2654 dominos,

127 2689 232 2726 non
270 2673 564 2744 despiciant
589 2677 715 2746 quia
747 2676 938 2746 fratres
967 2687 1089 2731 sunt
1122 2678 1178 2750 (Ι
1211 2677 1346 2733 Tim.
1374 2679 1480 2749 tu).~
1504 2679 1728 2750 Insuper

130 2769 324 2816 autem
353 2771 411 2816 et
449 2762 686 2833 Spiritus
731 2768 991 2835 praecepit
1017 2768 1182 2822 etiam
1207 2769 1349 2823 aliud
1381 2771 1594 2839 quando
1630 2769 1728 2822 ali-

127 2869 302 2924 quem
333 2855 566 2911 fratrum
615 2867 670 2913 et
704 2859 966 2929 aequalem
1009 2861 1166 2916 nobis
1193 2863 1477 2916 vocatione
1507 2870 1562 2915 et
1592 2876 1728 2916 con-

129 2947 447 3003 versatione
483 2948 761 3003 venditum
789 2991 805 3016 ,
850 2951 1194 3005 humiliatum
1237 2961 1424 3007 tamen
1462 2953 1518 3006 in
1559 2951 1732 3004 virtu-

136 3035 316 3100 tibus,
345 3037 404 3090 id
443 3046 546 3104 est,
579 3038 913 3095 inﬁrmatum
942 3042 1484 3110 deprehenderimus,
1507 3050 1562 3097 et
1587 3043 1732 3096 hunc

135 3131 575 3186 converterimus
609 3134 1044 3202 correptionibus
1078 3136 1432 3191 exhortantes
1453 3176 1468 3202 ,
1499 3135 1730 3190 nullate-

1825 1942 1909 1998 lus
1945 1960 1958 1996 :
2000 1941 2139 2008 Quia
2164 1955 2340 1999 autem
2370 1947 2492 2001 estis
2518 1947 2638 2016 ﬁlii,
2677 1950 2821 2002 misit
2859 1950 3117 2004 Dominus
3152 1948 3409 2022 Spiritum

1827 2031 1960 2086 Filii
2002 2035 2086 2087 sui
2113 2035 2171 2088 in
2196 2036 2438 2090 cordibus
2477 2039 2660 2092 vestris
2689 2040 3036 2106 clamantem,
3067 2042 3212 2095 Abba
3246 2039 3412 2096 Pater

1829 2123 2030 2194 (Galat.
2055 2125 2150 2196 IV).
2180 2125 2291 2180 Cur
2325 2135 2504 2182 autem
2531 2129 2647 2181 haec
2669 2130 2919 2184 sanciens
2955 2130 3096 2185 Deus
3120 2140 3263 2186 tanta
3294 2134 3407 2202 pie—

1829 2222 1938 2269 tate
1960 2223 2165 2282 utatur,
2194 2216 2307 2286 ipse
2331 2217 2467 2286 legis
2489 2218 2880 2273 demonstravit
2901 2221 3080 2275 verbis
3103 2238 3116 2273 ε
3139 2219 3247 2274 Mei
3275 2221 3413 2274 enim

1827 2305 1961 2358 servi
2003 2315 2147 2372 sunt,
2195 2315 2244 2360 et
2285 2323 2378 2377 ego
2411 2307 2574 2361 eduxi
2611 2323 2697 2362 eos
2745 2309 2810 2363 de
2845 2319 2986 2364 terra
3037 2309 3275 2380 Egypti.
3341 2309 3417 2366 Ut

1827 2409 1958 2466 ergo
1989 2396 2080 2466 qui
2110 2396 2279 2452 semel
2311 2397 2428 2467 ejus
2450 2398 2579 2454 facti
2617 2407 2743 2454 sunt
2769 2402 2935 2466 servi,
2961 2408 3017 2454 et
3055 2415 3153 2470 per
3180 2415 3302 2455 eum
3324 2401 3411 2455 in-

1828 2483 2091 2555 telligibili
2114 2487 2376 2542 servitute
2398 2487 2617 2560 Egypti
2646 2499 2964 2556 caruerunt,
2991 2493 3131 2546 hanc
3165 2506 3259 2548 eos
3292 2506 3418 2562 per—

1830 2573 1959 2629 dere
1981 2576 2300 2646 dignitatem
2329 2593 2438 2632 non
2457 2580 2594 2645 vult,
2627 2593 2727 2634 nec
2753 2583 2878 2650 quia
2901 2582 2968 2636 ad
2998 2583 3270 2637 modicum
3293 2584 3415 2652 quis

1829 2663 2011 2735 lapsus
2031 2676 2136 2733 est,
2164 2678 2450 2738 propterea
2480 2686 2604 2726 eum
2635 2672 2688 2725 in
2708 2681 3028 2742 perpetuum
3058 2675 3284 2742 perdere
3314 2687 3409 2727 an-

1831 2757 2036 2826 tiquam
2074 2759 2393 2830 dignitatem
2430 2763 2721 2828 desiderat,
2766 2763 2996 2832 ideoque
3031 2762 3108 2816 ait
3139 2777 3153 2816 :
3188 2763 3313 2817 Non
3346 2779 3422 2818 ve-

1832 2857 1990 2899 neant
2033 2850 2332 2904 conditione
2384 2867 2673 2905 servorum.
2730 2850 2941 2905 Similia
2990 2851 3176 2905 dicens
3205 2851 3417 2906 Paulo:

1833 2935 2014 2992 Pretio
2038 2941 2192 3009 empti
2222 2943 2344 2995 estis
2381 2955 2400 2993 .'
2424 2943 2584 2997 nolite
2615 2943 2734 3011 ﬁeri
2760 2945 2894 2996 servi
2919 2943 3188 2994 hominum
3216 2941 3270 3014 (Ι
3291 2941 3418 2996 Cor.

1832 3029 1932 3099 ιχ).
1962 3029 2070 3085 Sed
2089 3041 2145 3086 et
2176 3032 2280 3086 hoc
2317 3032 2522 3087 addidit
2552 3051 2566 3087 :
2601 3033 2682 3088 Ne
2722 3033 2926 3103 alliigas
2955 3048 3079 3088 eum
3101 3048 3198 3103 per
3231 3040 3423 3105 poten-‘

1833 3121 1988 3188 tiam,
2006 3122 2103 3178 sed
2124 3125 2352 3178 metuito
2367 3126 2536 3180 Deum
2555 3134 2730 3182 tuum.
2747 3126 2972 3196 Oportet
2987 3127 3132 3182 enim
3147 3127 3420 3182 moderari

133 3233 234 3275 nus
268 3235 344 3276 eo
385 3221 566 3288 abuti;
605 3224 700 3278 sed
728 3231 790 3277 ut
817 3225 1059 3280 modeste
1085 3234 1142 3281 et
1183 3226 1465 3282 humiliter
1505 3229 1573 3284 ad
1605 3241 1730 3283 eum
1758 3215 1816 3279 C’
1834 3229 1934 3269 n0s
1963 3213 2157 3286 iugum
2181 3217 2634 3286 convertamini”,
2660 3228 2716 3274 θῑ
2739 3219 2930 3275 limere
2956 3219 3124 3275 Deum
3151 3229 3418 3287 ηοεῑιυων

133 3311 500 3381 δεεεὼωαεη
525 3312 756 3384 Propter
778 3315 921 3382 quod
945 3323 1002 3370 et
1018 3316 1074 3370 in
1099 3318 1282 3372 verbis
1310 3319 1440 3387 ipsis
1465 3319 1685 3374 intende
1711 3336 1723 3372 :

133 3397 192 3455 Si
210 3412 532 3472 paupertate
550 3403 850 3474 compulsus
873 3407 1166 3460 vendiderit
1190 3425 1244 3462 se
1272 3407 1368 3461 tibi
1394 3409 1561 3478 frater
1579 3419 1728 3477 tuus,

133 3509 238 3547 non
269 3507 407 3548 eum
447 3496 704 3564 opprimes
751 3497 995 3550 servitute
1042 3497 1385 3566 famulorum,
1435 3501 1526 3554 sed
1578 3501 1733 3571 quasi

131 3585 497 3638 mercenarius
541 3593 590 3639 et
639 3585 853 3640 colonus
889 3588 1007 3640 erit.
1051 3587 1189 3652 Quia
1212 3602 1504 3658 paupertas
1539 3591 1733 3644 animae

133 3683 214 3728 est
258 3673 561 3730 inﬁrmitas
615 3677 1120 3746 consequendarum
1166 3678 1452 3732 virtutum.
1505 3678 1562 3732 Si
1597 3693 1738 3748 ergo

135 3763 225 3820 tibi
271 3764 432 3820 ﬁdeli
459 3774 516 3821 et
552 3766 752 3822 colenti
785 3769 980 3836 Deum,
1039 3770 1356 3825 humiliatus
1394 3769 1566 3825 frater
1605 3784 1730 3824 νειμ

137 3856 282 3912 ditus
321 3857 509 3920 fuerit,
548 3860 979 3928 redemptionem
1015 3870 1071 3916 et
1114 3863 1352 3931 pretium
1381 3863 1574 3917 animae
1598 3861 1734 3931 ejus,

138 3955 289 4002 tuam
351 3944 656 4000 doctrinam
712 3955 768 4002 et
821 3950 1257 4005 exhortationem
1307 3953 1630 4021 suscipiens,
1686 3959 1742 4007 et

140 4037 607 4108 quemadmodum
630 4053 789 4093 suum
819 4040 1097 4095 dominum
1123 4043 1463 4108 existimans,
1491 4058 1602 4096 non
1628 4055 1744 4097 ser-

140 4129 246 4183 viat
293 4127 399 4182 tibi
426 4127 687 4182 servitute
721 4130 897 4195 servi,
948 4132 1045 4186 sed
1081 4132 1344 4187 subdetur
1369 4133 1610 4201 quidem,
1649 4147 1743 4187 ve-

144 4229 454 4274 rumtamen
479 4218 731 4276 libertate
757 4221 846 4274 illa
874 4222 941 4276 de
965 4238 1071 4292 qua
1097 4224 1179 4277 ait
1201 4223 1399 4279 Paulus
1434 4243 1446 4277 :
1476 4225 1744 4279 Libertate

143 4326 245 4379 qua
264 4308 512 4364 liberavit
548 4327 642 4365 nos
667 4309 909 4366 Christus
939 4310 1138 4383 (Galat.
1171 4315 1248 4386 v).
1283 4315 1532 4371 invenies
1559 4327 1738 4371 autem

148 4399 268 4454 alibi
299 4400 555 4454 eumdem
578 4415 794 4456 rursum
810 4403 1137 4459 scribentem
1167 4419 1184 4457 :
1208 4402 1389 4460 Pretio
1408 4408 1567 4477 empti
1593 4409 1736 4473 estis,

152 4491 310 4544 nolite
339 4490 456 4558 ﬁeri
498 4492 628 4545 servi
666 4493 935 4546 hominum
964 4493 1014 4563 (I
1041 4493 1163 4550 Cor.
1199 4497 1302 4566 ιιι).
1341 4497 1568 4567 Propter
1594 4498 1737 4568 quod

1835 3307 1926 3376 qui
1953 3307 2091 3362 dixit
2119 3327 2132 3362 :
2166 3308 2234 3363 In
2257 3325 2359 3380 quo
2385 3311 2592 3380 judicio
2614 3311 2983 3381 judicaveritis
3005 3311 3383 3381 judicabimini
3401 3353 3416 3376 ,

1833 3407 1879 3453 et
1925 3400 1983 3452 in
2021 3417 2127 3470 qua
2162 3417 2408 3456 mensura
2446 3403 2612 3458 mensi
2651 3402 2859 3472 fueritis
2884 3441 2900 3470 ,
2943 3403 3244 3458 remetietur
3279 3401 3422 3457 vobis

1836 3488 2030 3560 (Marc.
2055 3493 2151 3565 tv).
2463 3505 2470 3511 ε

2443 3583 2672 3640 CAPUT
2727 3584 2819 3639 lx.

1843 3690 1993 3746 Servi
2021 3702 2069 3746 et
2105 3692 2313 3747 ancillte
2344 3695 2410 3748 de
2436 3693 2881 3816 aliislnatignibus
2916 3694 3038 3758 sint,
3077 3710 3185 3746 non
3209 3710 3273 3748 ea:
3301 3693 3426 3760 ﬁliis

2577 3778 2695 3816 srae
2721 3800 2737 3815 .

2577 3778 2714 3816 sraet
2721 3800 2737 3815 ο

1913 3855 2093 3928 (imm)
2133 3854 2324 3911 Servus
2371 3866 2423 3911 et
2461 3855 2656 3910 ancilla
2691 3856 2795 3910 sint
2840 3857 2983 3910 vobis
3027 3858 3094 3910 de
3135 3856 3432 3911 nationibus

1845 3963 1962 4020 quin
1989 3951 2048 4002 in
2076 3949 2300 4003 circuitu
2323 3957 2494 4003 vestro
2525 3955 2670 4012 sunt,
2694 3956 2743 4002 et
2767 3947 2832 4002 de
2862 3947 3075 4002 advenis
3095 3949 3184 4018 qui
3205 3947 3432 4017 peregri-o

1845 4048 2039 4094 nuntur
2073 4039 2213 4110 apud
2251 4056 2356 4104 vos,
2395 4039 2471 4093 vel
2510 4040 2598 4111 qui
2625 4055 2691 4093 ea:
2716 4039 2797 4092 his
2824 4040 2931 4092 nati
2956 4038 3172 4108 fuerint,
3211 4037 3267 4092 in
3292 4048 3433 4091 terra

1844 4138 2036 4192 vestra,
2079 4127 2329 4182 habebitis
2368 4127 2616 4197 famulos,
2657 4138 2706 4182 et
2749 4128 3084 4183 hwreditario
3104 4127 3232 4196 jure
3257 4137 3432 4180 trans-

1844 4219 2058 4274 mittetis
2072 4221 2141 4272 ad
2159 4228 2394 4290 posteros
2418 4237 2482 4273 ac
2504 4221 2836 4290 possidebitis
2851 4222 2908 4275 in
2938 4230 3190 4276 teternttm
3204 4240 3224 4286 ;
3239 4220 3431 4288 fratres

1845 4319 2020 4364 autem
2057 4319 2253 4365 vestros
2296 4311 2437 4379 ﬁlios
2473 4310 2644 4366 Israel
2682 4329 2745 4366 ne
2782 4313 3092 4382 opprimatis
3123 4329 3218 4382 per
3250 4321 3432 4382 poten-

1843 4403 1990 4456 tiam.
2015 4402 2215 4458 Gentes
2236 4418 2356 4472 quae
2375 4403 2432 4458 in
2453 4404 2685 4458 circuitu
2705 4413 2894 4458 nostro
2915 4411 3044 4457 sunt
3065 4415 3186 4469 quae
3203 4402 3433 4455 necdum

1845 4495 2214 4560 crediderunt,
2253 4511 2403 4566 spem
2462 4505 2641 4550 tamen
2693 4494 2816 4548 ﬁdei
2871 4501 2928 4547 et
2977 4491 3166 4545 salutis
3210 4491 3433 4557 habent,

152 4583 222 4637 ait
254 4583 539 4653 legislator
580 4604 592 4638 :
634 4583 802 4650 Quasi
850 4589 1203 4642 mercenarius
1255 4600 1312 4643 et-
1358 4591 1574 4645 colonus
1619 4594 1737 4657 erit,
1767 4575 1820 4635 Β
1846 4587 1973 4655 quia
2021 4588 2154 4654 ipsis
2198 4586 2423 4640 missum
2471 4584 2829 4654 Evangelium
2875 4590 2960 4638 est
2997 4599 3010 4635 :
3043 4581 3183 4635 sicut
3234 4581 3434 4637 Paulus

155 4673 234 4727 vel
263 4675 414 4728 sicut
434 4674 599 4741 LXX,
633 4677 944 4747 inquilinus,
973 4681 1098 4747 quia
1129 4681 1322 4735 horum
1348 4691 1578 4752 uterque
1616 4685 1742 4739 sub-

149 4763 328 4834 jectus
363 4775 448 4821 est
491 4769 710 4837 quidem
741 4769 866 4824 huic
913 4768 1068 4838 cujus
1110 4771 1332 4826 domum
1399 4773 1626 4840 habitat,
1688 4781 1744 4829 et

159 4854 210 4908 in
238 4871 376 4927 agro
401 4867 673 4927 operatur,
705 4868 925 4930 propter
951 4869 1346 4930 paupertatem,
1387 4878 1488 4918 nec
1523 4864 1744 4918 domum

158 4953 454 5023 propriam,
504 4969 604 5009 nec
633 4969 824 5023 agrum
870 4953 1098 5021 habens,
1147 4971 1254 5011 non
1300 4963 1481 5010 tamen
1521 4964 1748 5026 propter

162 5041 259 5098 hoc
287 5044 536 5099 aufertur
577 5045 848 5101 libertatis
883 5047 1119 5116 dignitas
1151 5066 1163 5101 ε
1194 5050 1646 5116 quemadmodum
1688 5056 1746 5104 et

165 5149 303 5202 eum,
335 5137 430 5206 qui
465 5151 563 5206 per
606 5153 706 5194 nos
733 5154 762 5192 a
793 5145 1016 5209 peccato
1053 5151 1346 5195 conversus
1372 5149 1478 5207 est,
1508 5148 1741 5210 oportet,

167 5225 222 5279 si‘
239 5235 370 5283 ante
407 5235 694 5297 peccatum
723 5228 895 5284 frater
923 5235 1111 5284 noster
1139 5229 1437 5283 secundum
1464 5231 1748 5299 aequalita-

169 5324 272 5372 tem
301 5319 492 5389 gratia:
523 5321 891 5391 honoremque
918 5321 1346 5376 conversationis
1378 5320 1502 5386 fuit,
1538 5335 1665 5376 nam
1692 5330 1749 5378 et

169 5412 213 5465 si
243 5413 526 5484 propriam
557 5427 703 5468 nunc
730 5403 950 5468 domum
983 5413 1226 5483 justiﬁes,
1266 5421 1359 5467 aut
1399 5424 1588 5482 agrum
1615 5425 1746 5481 pro-

171 5503 344 5572 prium
371 5507 594 5564 virtutis
627 5524 733 5564 non
760 5509 942 5574 habet,
984 5522 1108 5562 cum
1131 5505 1419 5576 aliquando
1452 5503 1752 5570 habuisset,

175 5595 314 5651 unde
336 5612 450 5654 non
486 5599 625 5654 dixit
650 5597 1018 5655 mercenarius
1057 5607 1152 5654 aut
1177 5596 1425 5663 colonus,
1468 5592 1556 5652 vel
1583 5593 1758 5664 inqui-

178 5684 319 5744 linus
357 5691 485 5756 erit,
517 5690 612 5746 sed
642 5691 794 5762 quasi
836 5691 1190 5744 mercenarius
1227 5692 1292 5743 et'
1313 5687 1530 5742 colonus
1570 5684 1648 5741 vel
1673 5684 1757 5739 in-

180 5777 409 5849 quitiam
445 5783 546 5840 erit
573 5781 681 5840 nu.
722 5781 782 5840 in
807 5782 1024 5860 nostris,
1047 5782 1193 5840 enim
1215 5781 1467 5840 habitare
1493 5791 1631 5850 opus
1647 5777 1782 5880 ha;

1844 4677 1900 4731 in
1935 4677 2225 4731 Antiochia
2262 4677 2332 4731 ad
2357 4675 2574 4732 Iudaeos
2603 4676 2820 4731 dicebat.
2853 4693 2865 4728 :
2904 4674 3040 4728 Ecce
3083 4676 3434 4729 convertimur

1846 4767 1914 4820 ad
1938 4778 2131 4837 gentes,
2156 4769 2235 4820 sic
2259 4767 2396 4820 enim
2414 4769 2659 4837 ρτωσερίε
2681 4766 2827 4819 nobis
2841 4764 3100 4820 Dominus
3122 4766 3259 4836 (Act.
3287 4767 3433 4838 xui),

1846 4858 2036 4913 dehis
2079 4859 2234 4913 nobis
2290 4859 2430 4913 servi
2465 4867 2520 4912 et
2549 4855 2755 4911 ancilia:
2791 4858 3217 4928 conquirantur,
3260 4859 3312 4913 id
3342 4864 3426 4912 est

1849 4952 1938 5020 qui
1964 4965 2064 5020 per
2086 4951 2310 5005 verbum
2337 4951 2632 5014 docentur;
2661 4948 2805 5003 unde
2828 4958 2882 5005 et
2903 4963 2997 5004 eos
3019 4950 3111 5020 qui
3129 4949 3437 5005 docuerunt

1854 5044 2101 5100 dominos
2145 5041 2450 5113 appellant,
2503 5040 2646 5111 quod
2683 5041 3021 5096 demonstrat
3063 5041 3120 5094 in
3151 5039 3436 5110 Philippis,

1852 5144 2036 5191 custos
2063 5135 2322 5198 carceris,
2359 5133 2450 5203 qui
2485 5133 2552 5186 ad
2586 5131 2808 5186 Paulum
2834 5139 2890 5187 et
2922 5129 3125 5202 Syllum
3174 5131 3390 5185 dicebat
3417 5143 3433 5179 :

1854 5225 2091 5291 Domini,
2114 5225 2238 5296 quid
2267 5239 2350 5278 me
2371 5231 2573 5294 oportet
2604 5228 2780 5296 facere
2807 5233 2864 5277 ut
2891 5222 3066 5278 salvus
3083 5221 3257 5288 ﬁam?
3293 5219 3434 5288 (Act.

1854 5318 1993 5389 xvr.)
2020 5315 2129 5370 Sed
2169 5323 2227 5369 et
2258 5314 2326 5369 de
2359 5315 2613 5382 advenis,
2647 5315 2765 5370 sive
2795 5324 2858 5368 ut
2901 5309 3274 5381 Septuaginta,
3307 5306 3436 5376 ﬁliis

1855 5405 2236 5478 inquilinorum
2262 5407 2351 5477 qui
2385 5407 2799 5477 peregrinantur
2824 5403 2964 5473 apud
2999 5417 3114 5467 nos,
3151 5397 3439 5468 conquiras

1854 5513 1994 5555 mus.
2021 5496 2161 5552 Dicit
2191 5505 2369 5552 autem
2401 5497 2694 5566 inquilinos
2715 5497 2804 5550 hic
2827 5492 3044 5548 Judaos
3064 5491 3157 5560 qui
3187 5489 3438 5545 habitant

1856 5590 2074 5662 quidem
2102 5591 2158 5644 in
2193 5589 2395 5645 lumine
2420 5599 2629 5656 nostro,
2659 5603 2768 5643 non
2795 5593 2981 5638 tamen
3002 5583 3053 5636 ei
3083 5581 3272 5637 volunt
3289 5595 3434 5638 ocu-

1857 5683 1941 5740 los
1961 5681 2162 5740 mentis
2184 5671 3434 5745 accommodare,abscondentesejuslucernam

1857 5776 1964 5836 IIII)
1980 5775 2182 5835 modio.
2209 5774 2442 5848 Propter
2473 5771 2766 5866 quodnon
2787 5765 3109 5862 simpliciter
3143 5767 3431 5858 inquilinos
