3892 6346
188 388 274 471 sti

1012 378 1548 466 'mrosmomzs
1583 392 1658 466 tu
1692 372 2088 468 Lam-icon.
2126 384 2199 451 4-
2235 382 2364 467 ιιιι.
2403 402 2519 467 vn.
2590 384 2595 401 '

3303 412 3408 471 530

186 543 300 599 sunt,
325 528 447 603 quia
485 526 551 584 de
584 538 748 584 carne
779 520 896 599 eius
925 528 979 582 et
1009 522 1075 581 de
1102 524 1314 582 ossibus
1365 525 1483 623 eius
1519 542 1723 583 sumus.
1754 502 1805 590 Ᾰ
1832 527 2007 581 reddet
2064 527 2282 598 emptori
2322 527 2461 607 quod
2509 523 2765 601 reliquum
2805 534 2880 581 est
2928 542 3190 584 annorum
3231 533 3414 611 quibus

185 626 407 683 Sequitur
430 637 444 676 ε

238 644 444 681 κυιιιιτς

238 644 286 773 gi
310 728 476 771 autem
507 723 553 769 et
585 714 693 785 ipse
739 712 1004 797 potuerit,
1048 710 1262 787 redirnet
1304 727 1389 777 se,
1434 709 1725 780 supputalis

178 816 404 869 duntaxat
427 811 579 869 annis
616 828 648 864 a
674 819 898 880 tempore
942 805 1251 862 venditionis
1299 822 1410 867 sua:
1458 819 1618 875 usque
1656 801 1728 856 ad

178 921 341 965 annum
388 901 706 972 jubila'um;
749 909 797 954 et
852 899 1073 970 pecunia
1119 915 1223 970 qua
1274 897 1508 951 venditus
1552 896 1725 966 fuerat

167 996 297 1065 juxta
325 1008 582 1073 annorum
607 1007 878 1045 numerum
915 998 961 1043 et
987 989 1242 1061 rationem
1275 988 1579 1042 mercenarii
1602 1004 1725 1057 sup-

172 1094 341 1154 putata.
394 1081 457 1137 Si
489 1080 604 1152 plus
637 1081 829 1152 fuerint
861 1081 985 1137 anni
1011 1080 1101 1153 qui
1141 1089 1406 1134 remanent
1450 1097 1608 1151 usque
1652 1078 1723 1133 ad

164 1174 433 1246 jubila’um,
459 1166 741 1227 secundum
772 1173 864 1225 hos
894 1171 1073 1224 reddet
1108 1182 1154 1223 et
1191 1170 1445 1241 pretium;
1472 1171 1519 1223 si
1542 1169 1719 1239 pauci,

167 1276 329 1339 ponent
356 1267 610 1331 rationem
632 1281 750 1320 cum
785 1281 843 1319 eo
862 1265 1023 1335 juxta
1053 1280 1309 1318 annorum
1344 1279 1637 1327 numerum,
1676 1271 1724 1317 et

167 1361 317 1415 reddet
343 1361 580 1431 emptori,
618 1359 756 1431 quod
796 1357 1052 1430 reliquum
1107 1366 1201 1423 est,
1230 1373 1489 1410 annorum
1537 1355 1723 1423 quibus

164 1462 265 1507 ante
294 1451 513 1519 servivit,
545 1438 862 1507 mercedibus
912 1449 1215 1518 imputatis;
1257 1462 1363 1500 non
1392 1446 1577 1517 aﬂiiget
1608 1460 1726 1498 eum

162 1544 452 1599 violenterin
477 1554 753 1614 conspectu
782 1554 891 1596 tuo.
921 1541 1077 1607 Quod
1104 1542 1149 1595 si
1179 1556 1272 1617 per
1292 1540 1402 1594 lure
1419 1538 1601 1597 redimi
1625 1552 1727 1592 non

158 1640 538 1708 potuerit,anno
556 1637 775 1709 jubilwo
804 1636 1099 1706 egredietur
1126 1651 1245 1687 cum
1258 1632 1434 1686 liberis
1459 1632 1602 1696 suis;
1628 1628 1729 1685 mei

150 1731 270 1789 enim
282 1739 400 1791 sunt
418 1732 548 1786 servi
568 1730 666 1798 ﬁlii
693 1727 884 1791 Israel,
900 1741 1028 1797 quos
1053 1724 1211 1778 eduxi
1234 1722 1296 1777 de
1319 1731 1459 1777 terra
1474 1720 1692 1791 τερθριὶ
1705 1736 1724 1773 :

1830 618 2055 683 servivit,
2090 618 2408 683 mercedibus
2440 618 2733 695 imputatis.
2770 616 3013 683 Primum
3042 636 3172 692 ergo
3226 638 3417 681 secun-

1831 708 1957 764 dum
1988 711 2099 765 bene
2125 710 2297 769 reddit
2326 708 2577 780 pretium,
2607 708 2659 764 id
2710 715 2795 765 est
2818 712 3133 787 'seeundum
3183 727 3247 768 ea
3298 730 3418 787 qua:

1828 803 2071 879 peccavit
2121 803 2211 873 qui
2237 803 2586 881 semetipsum
2616 802 2882 881 redimere
2909 803 3046 871 vult,
3089 812 3151 860 ut
3180 804 3411 862 forsitan

1828 890 1893 948 ex
1917 895 2038 965 gula
2064 896 2325 975 peccavit,
2365 910 2463 979 per
2498 893 2762 967 jejunium
2796 897 3068 1001 corrigat'2
3108 900 3191 975 sin
3231 908 3414 961 autem

1828 1001 1895 1041 ex
1928 986 2278 1057 verbositate,
2309 986 2519 1041 studeat
2543 987 2991 1065 taciturnitatem,
3025 980 3072 1045 si
3106 1005 3174 1069 ex
3220 980 3413 1067 incau-

1825 1079 1932 1137 tela
1963 1080 2242 1137 oculorum
2272 1081 2325 1134 in
2364 1076 2604 1135 mulieris
2638 1082 3134 1159 concupiscentiam
3180 1085 3411 1153 cecidit,

1826 1179 1951 1241 agat
1983 1188 2091 1239 non
2139 1171 2320 1227 videre
2346 1169 2619 1237 mulieres,
2648 1187 2821 1251 neque
2849 1174 3069 1253 gemino
3090 1174 3170 1265 eis
3195 1176 3416 1249 obvium

1825 1261 1963 1319 ﬁeri.
1998 1263 2198 1325 Deinde
2224 1265 2270 1323 si
2294 1263 2405 1319 vult
2456 1263 2686 1321 celerem
2718 1264 2821 1319 sibi
2852 1261 3274 1341 redemptionem
3320 1285 3414 1342 pa-

1827 1370 1968 1419 rare,
1997 1356 2244 1413 intendat
2268 1357 2511 1428 pecuniis
2540 1357 2956 1441 conquisitionis
2983 1375 3111 1425 suae,
3136 1362 3299 1439 verbo
3326 1360 3409 1417 vi-

1830 1444 2025 1501 delicet
2067 1455 2122 1501 et
2147 1447 2426 1512 doctrinae,
2457 1446 2601 1520 quod
2638 1466 2760 1511 eum
2797 1448 3096 1533 intelligere
3134 1454 3413 1523 proprium

1828 1546 2143 1607 peccatum,
2180 1546 2235 1593 et
2291 1538 2445 1594 subdi
2490 1539 2804 1607 admonent't
2832 1536 2995 1619 fecit,
3039 1549 3095 1617 et
3145 1540 3189 1615 si
3224 1540 3420 1596 viderit

1829 1627 2056 1683 multum
2089 1631 2268 1685 minus
2313 1646 2433 1715 esse
2464 1628 2530 1686 ad
2584 1649 2784 1701 annum
2834 1632 3209 1715 remissionis,
3254 1642 3307 1689 et
3351 1634 3419 1688 ad
3510 1644 3513 1647 ’

1828 1720 2219 1776 correctionem
2244 1708 2494 1778 videlicet
2521 1723 2753 1779 delinitze
2772 1724 2821 1779 ei
2858 1708 3213 1797 paenitentia},
3242 1725 3414 1801 magis

137 1841 218 1894 ego
258 1824 530 1887 Dominus
575 1822 712 1879 Deus
765 1828 950 1899 vester.
978 1817 1208 1872 Tantum
1247 1817 1312 1873 de
1352 1816 1596 1871 libertate
1626 1829 1784 1899 ιιο--ἐ
1824 1821 2077 1882 operetur
2111 1813 2358 1881 virtutes,
2392 1822 2445 1871 et
2486 1815 2535 1869 la
2558 1816 2831 1871 boriosam
2863 1814 3106 1895 literatur
3130 1817 3408 1887 poeniten-

127 1884 231 1979 sira
256 1956 271 1982 ,
313 1924 370 1989 et
428 1913 734 1977 honestate,
764 1884 820 1962 et
860 1907 1177 1980 gloriatione
1208 1905 1260 1959 in
1291 1904 1465 1968 bonis,
1490 1911 1543 1957 et
1579 1918 1711 1959 con-
1742 1884 1789 1951 Β
1817 1903 1967 1959 tiam.
2003 1903 2060 1959 Si
2088 1914 2265 1959 autem
2294 1906 2396 1961 hoc
2434 1921 2624 1962 rursus
2650 1923 2842 1985 parum
2874 1884 3339 1999 [Operatusv'fucrig
3364 1907 3409 1963 si

134 2002 351 2059 ﬁdentia
400 2002 577 2059 sancti
628 1999 860 2072 Spiritus
895 1999 1021 2069 agit,
1059 2004 1118 2051 ut
1168 2009 1569 2066 uumquemque
1619 2010 1715 2050 n0-

138 2103 311 2151 strum
346 2092 445 2149 sub
484 2093 740 2148 servitute
793 2089 1001 2161 peccati
1026 2087 1375 2143 constitutum
1422 2084 1715 2142 virtutibus

134 2182 412 2253 pnecipiat
444 2182 646 2245 redimi,
672 2191 727 2237 et
751 2179 1194 2244 correctionibus,
1226 2178 1296 2245 si,
1334 2177 1483 2233 verbi
1512 2177 1710 2249 gratia,

138 2275 362 2332 cilicium
396 2282 451 2329 et
492 2274 747 2338 cinerem,
771 2282 827 2331 et
854 2272 1141 2343 lacrymas,
1168 2278 1222 2327 et
1244 2287 1366 2327 eam
1394 2285 1513 2341 qua:
1542 2270 1597 2339 in
1628 2270 1713 2326 bis

137 2377 212 2425 est
262 2365 652 2427 confessionem
707 2364 908 2423 lucrari
954 2364 1238 2430 volumus;
1278 2370 1335 2417 et
1374 2376 1711 2433 quascunque

139 2482 247 2523 cum
275 2466 360 2523 his
387 2479 587 2525 annum
621 2462 900 2518 continent
941 2459 1143 2529 ,ιιιδίιωί
1188 2459 1300 2515 sive
1353 2457 1709 2522 remissionis,

141 2557 201 2613 ad
214 2555 517 2626 hujusmodi
544 2554 691 2610 enim
716 2551 1091 2622 probationem
1119 2549 1406 2623 prmseutia
1437 2547 1707 2619 exposuit.

142 2646 225 2704 Sin
254 2656 434 2719 autem
464 2655 521 2702 et
566 2648 681 2719 ipse
718 2646 957 2717 potuerit
986 2643 1256 2701 redimere
1300 2658 1378 2708 se,
1404 2642 1709 2715 supputatis

140 2740 382 2805 duntaxat
409 2740 574 2813 annis
619 2755 651 2795 a
680 2747 923 2810 tempore
950 2737 1279 2794 venditionis
1305 2752 1416 2792 suae
1443 2751 1617 2807 usque
1640 2736 1709 2791 ad

139 2847 316 2899 annum
338 2832 571 2903 jubilmi.
603 2828 664 2885 Si
693 2831 838 2886 enim
858 2846 1064 2902 pauper
1092 2829 1265 2885 factus
1292 2838 1373 2885 est
1398 2844 1494 2901 per
1516 2843 1709 2899 pecca-

138 2931 235 2977 tum
261 2924 349 2993 qui
376 2922 534 2994 prius
560 2923 712 2979 dives
743 2922 845 2977 fuit
877 2922 933 2987 in
962 2922 1255 2979 virtutibus
1282 2930 1337 2977 et
1359 2921 1709 2977 correctioni-

137 3014 242 3081 bns,
270 3025 414 3077 recte
444 3032 508 3073 se
541 3016 889 3086 semetipsum
931 3015 1203 3081 liberavit,
1235 3015 1362 3071 dum
1386 3013 1616 3071 sntiiciat
1639 3013 1711 3071 ad

137 3107 555 3167 exhortationem
582 3105 876 3179 propriam,
904 3115 1278 3169 verumtamen
1308 3120 1407 3163 nec
1440 3103 1531 3159 hic
1561 3103 1702 3159 inte-

136 3217 270 3272 grum
300 3202 365 3258 de
395 3202 734 3267 seconﬁdat,
751 3209 809 3259 ut
833 3200 925 3271 qui
950 3200 1119 3258 semel
1140 3208 1235 3265 aut
1258 3200 1561 3261 infirmatus
1588 3207 1699 3264 est,

135 3259 489 3353 exhortatione
553 3304 610 3351 et
651 3259 878 3353 consilio
911 3309 1097 3365 egens,
1126 3300 1401 3362 computat
1447 3291 1591 3361 apud
1617 3306 1703 3346 se-
1730 3259 1774 3322 Ο

134 3387 422 3459 metipsum,
459 3389 527 3446 id
576 3397 694 3454 est,
754 3404 937 3446 mum
996 3396 1195 3457 tractat
1246 3396 1303 3444 et
1349 3388 1703 3456 disceptatur.

131 3477 455 3550 Comqu
505 3488 693 3539 autem
721 3481 789 3537 ab
834 3496 979 3539 anno
1008 3496 1115 3549 quo
1142 3481 1494 3551 semetipsum
1518 3479 1710 3535 vendi-

131 3568 203 3623 dit
224 3570 295 3635 ei,
310 3587 484 3644 Isaiae
509 3573 581 3627 ad
616 3586 819 3627 annum
861 3569 1063 3639 jubikei
1099 3571 1214 3626 sive
1259 3572 1599 3627 remissionis
1623 3610 1640 3636 ,
1675 3586 1708 3626 a

130 3676 223 3731 quo
246 3663 501 3722 videlicet
541 3677 774 3735 peccans
812 3663 962 3734 eguit
987 3662 1217 3720 consilio
1243 3670 1301 3716 et
1323 3663 1591 3725 doctrina,
1620 3676 1712 3715 us-

132 3770 218 3825 que
247 3759 371 3814 dum
398 3760 672 3829 integram
701 3766 758 3812 et
787 3757 1150 3813 omnimodam
1196 3754 1408 3827 peragit
1449 3754 1713 3823 poeniten-

131 3848 262 3915 tiam,
301 3852 355 3904 in
382 3866 503 3918 qua
526 3851 896 3904 remissionem
925 3850 1214 3918 accipiens,
1246 3848 1468 3918 aqualis
1508 3849 1556 3901 ei
1590 3846 1707 3911 ﬁat,

130 3940 199 4007 qui
220 3941 451 4009 penitus
474 3952 582 3992 non
606 3940 867 4008 peccavit.
893 3939 1035 4005 Quid
1054 3949 1232 3993 autem
1257 3940 1544 3992 tractabit?
1580 3938 1710 4002 Qui-

130 4030 211 4087 bus
236 4032 547 4087 virtutibus
591 4039 651 4086 et
693 4032 1119 4086 eorrectionibus
1145 4046 1265 4085 eam
1320 4045 1436 4099 quae
1464 4045 1562 4099 per
1602 4038 1714 4086 stu-

132 4122 316 4180 diosam
378 4122 767 4195 pmnitentiam
846 4130 930 4177 est
974 4122 1352 4177 remissionem
1411 4123 1710 4191 apprehen-

132 4215 239 4271 dere
284 4227 340 4273 et
379 4216 699 4288 praecedere
725 4216 913 4286 possit.
958 4216 1112 4271 Sicut
1131 4213 1273 4269 enim
1312 4213 1401 4283 qui
1424 4214 1705 4283 pecuniam

133 4308 287 4363 reddit
340 4309 684 4379 redemptori
730 4323 927 4363 annum
997 4307 1335 4363 remissionis
1393 4314 1707 4377 exspectare

135 4412 247 4467 opus
271 4417 374 4456 non
414 4400 680 4465 habebat,
714 4408 835 4455 erat
878 4408 1057 4454 autem
1084 4397 1583 4469 quinquagesimae,
1613 4396 1703 4466 qui

135 4486 355 4555 iubiiasus
382 4492 711 4546 dicebatur:
738 4489 819 4544 sic
864 4490 953 4559 qui
987 4499 1269 4558 peceatum
1300 4488 1369 4543 ad
1419 4487 1704 4542 delendum

138 4579 264 4648 illud,
284 4583 525 4653 aequales
571 4582 688 4637 sive
716 4594 873 4651 pares
902 4580 1131 4633 virtutes
1159 4578 1414 4648 exquirit,
1453 4576 1706 4647 praecedit

137 4676 484 4740 penitentiam
549 4672 855 4728 actionibus
898 4671 1053 4724 bonis
1114 4685 1173 4724 se
1223 4670 1530 4724 redimens:
1564 4670 1707 4737 quod

138 4761 453 4820 demonstrat
480 4764 771 4827 Zachmus,
813 4760 905 4830 qui
936 4774 1059 4813 cum
1088 4759 1444 4829 plurimorum
1474 4758 1706 4827 plurima

139 4858 433 4922 sustulisset,
466 4874 582 4912 non
618 4855 766 4926 eguit
793 4869 952 4908 sacco
980 4862 1033 4907 et
1057 4852 1258 4917 cinere,
1283 4859 1340 4905 et
1369 4850 1623 4920 lacrymis
1651 4857 1707 4905 et

138 4950 373 5005 oratione.
402 4950 507 5005 Hic
539 4948 692 5004 enim
729 4946 885 5000 nobis
913 4954 996 4999 est
1043 4958 1213 4997 anuus
1243 4941 1599 5006 remissionis,
1625 4939 1705 5001 sic

138 5044 288 5097 omnia
329 5046 541 5100 habens
568 5056 695 5112 qum
725 5040 880 5094 nobis
924 5036 1250 5091 fruetiiicent
1302 5034 1697 5090 remissionem.

139 5127 232 5187 Non
253 5135 481 5207 indiguit
520 5142 710 5189 autem
728 5172 742 5197 ,
770 5130 895 5199 quia
922 5134 1146 5197 peccata
1186 5127 1400 5194 quidem
1431 5134 1589 5179 erant
1612 5138 1701 5193 pe-

140 5229 381 5296 cuniaria;
415 5232 545 5301 ipse
564 5237 749 5283 autem
773 5240 836 5280 ea
864 5236 984 5294 qum
1006 5225 1226 5292 abrepta
1264 5220 1482 5275 fuerant
1502 5220 1706 5290 promi.

139 5316 199 5371 sit
225 5321 437 5379 reddere
472 5323 529 5377 in
563 5317 942 5392 quadruplum,
974 5314 1254 5370 dimidium
1282 5322 1461 5367 autem
1486 5326 1705 5368 suorum

140 5406 435 5468 distribuere
486 5409 842 5483 pauperibus.
893 5406 1122 5476 Propter
1159 5406 1302 5475 quod
1351 5402 1597 5458 Christus
1639 5404 1707 5458 ad

140 5510 279 5559 eum:
310 5505 485 5561 Hodie
521 5505 674 5560 salus
714 5501 893 5557 domui
921 5500 1041 5554 huic
1074 5500 1215 5570 facta
1250 5507 1323 5553 est
1361 5496 1513 5570 (Luc.
1562 5495 1697 5569 χιι),

141 5596 414 5669 suscipiens
452 5596 719 5673 pecunias
758 5592 1141 5663 redemptionis
1162 5591 1281 5662 ejus
1322 5590 1479 5646 dixit.
1512 5587 1574 5645 Si
1607 5598 1703 5642 ακο

141 5691 227 5741 tem
253 5690 365 5759 plus
406 5692 608 5762 ruerint
652 5688 780 5743 anni
805 5688 895 5758 qui
942 5694 1213 5742 remanent
1253 5700 1416 5757 usque
1457 5682 1537 5738 ad.
1556 5681 1704 5753 iubi-

143 5775 747 5846 lieum,secundum~hos
794 5778 1050 5834 redderet
1103 5779 1364 5849 pretium;
1417 5776 1467 5829 si
1512 5772 1702 5845 βαιοὶ,

145 5882 276 5929 Donet
316 5876 576 5933 rationem
614 5890 733 5931 cum
766 5890 827 5932 eo
845 5872 1005 5946 juxta
1026 5860 1286 5930 annorum
1328 5881 1628 5939 numerum,
1654 5873 1705 5923 et
1748 5916 1755 5925 ,

1732 4626 1785 4687 Β

1815 2012 1921 2053 non
1948 2012 2044 2068 per
2080 1999 2330 2065 virtutes,
2370 2014 2467 2071 per
2509 1999 2780 2072 lacrymas
2837 2010 3017 2067 autem
3064 2008 3118 2071 et
3173 1999 3407 2075 suspiria

1813 2094 1869 2141 et
1938 2088 2135 2147 similia
2205 2089 2313 2147 alia
2379 2090 2614 2147 remedia
2664 2100 2885 2173 peccato
2941 2105 3165 2147 necesse
3217 2090 3402 2157 habet.

1812 2175 1885 2230 Et
1946 2194 2049 2232 non
2093 2180 2284 2249 aﬂiiges
2340 2196 2458 2253 eum
2513 2180 2567 2235 in
2620 2179 2799 2235 labore
2844 2181 2900 2235 in
2951 2188 3229 2251 conspectu
3286 2189 3397 2235 tuo.

1811 2268 1949 2336 Quid
1978 2277 2159 2325 autem
2187 2270 2289 2327 hoc
2318 2271 2441 2331 est?
2486 2271 2556 2329 Ut
2578 2286 2704 2329 eum
2732 2270 2823 2343 qui
2872 2285 2969 2349 per
2994 2272 3251 2349 virtutem
3273 2287 3401 2344 pec-

1810 2367 1991 2417 catum
2028 2362 2256 2431 respuit,
2287 2377 2391 2419 non
2414 2360 2464 2417 ei
2489 2363 2899 2443 superimponas
2943 2362 3209 2423 districta:
3229 2360 3404 2435 pugni-

1812 2452 1993 2507 tentia:
2012 2453 2256 2522 pondus;
2288 2453 2454 2511 semel
2490 2454 2634 2511 enim
2674 2454 3025 2531 semetipsum
3049 2455 3204 2529 bonis
3226 2454 3408 2527 operi-

1808 2543 1910 2599 bus
1940 2545 2189 2601 redemit.
2222 2545 2364 2617 Ergo
2403 2546 2566 2611 nimis
2599 2556 2747 2613 recte
2776 2548 3012 2605 subdidit
3032 2564 3152 2631 quae
3175 2563 3411 2625 sequun-

1808 2647 1898 2697 tur
1928 2656 1941 2694 :
1976 2639 2129 2706 Quod
2150 2641 2195 2695 si
2225 2657 2317 2710 per
2336 2641 2447 2695 lucc
2472 2641 2658 2713 redimi
2681 2659 2785 2697 non
2810 2644 3037 2712 potuerit
3060 2683 3076 2708 ,
3127 2660 3265 2709 anno
3310 2644 3407 2713 ju-

1808 2730 1959 2787 bila-a
1990 2732 2280 2802 egredietur
2304 2749 2424 2788 cum
2452 2734 2628 2795 liberis
2660 2732 2793 2805 suis.
2827 2733 2929 2801 Qui
2956 2742 3141 2789 autem
3176 2732 3399 2811 turmali-

1806 2819 1909 2883 bus
1934 2833 2155 2891 peccato
2214 2823 2506 2895 virtutibus
2540 2824 2891 2897 semetipsum
2940 2840 3047 2881 non
3075 2824 3322 2891 redemit,
3352 2823 3405 2879 in

1808 2926 1949 2967 anno
1971 2912 2175 2981 jubilmi
2222 2913 2334 2981 sive
2380 2913 2717 2973 remissionis
2748 2915 2802 2968 id
2848 2923 2952 2980 est,
2996 2916 3055 2983 in
3080 2913 3321 2987 perfecta
3350 2922 3406 2969 et

1808 3003 2051 3063 districta
2076 3002 2389 3073 pmniteutia
2409 3044 2423 3069 ,
2447 3004 2903 3074 quemadmodum
2930 3004 3245 3077 irequenter
3271 3003 3408 3071 dixi-

1807 3109 1944 3159 mus,
1978 3102 2034 3149 et
2053 3095 2228 3165 ipsum
2252 3096 2449 3151 redimi
2490 3094 2764 3167 prmccpit.
2818 3094 2923 3152 Sed
2964 3103 3019 3167 et
3046 3096 3184 3153 bona
3216 3111 3403 3169 opera,

1806 3201 1927 3257 quae
1978 3186 2128 3258 prius
2172 3203 2335 3259 quam
2390 3196 2668 3263 peccasset
2719 3187 2849 3260 egit,
2911 3186 3007 3243 (itii
3063 3185 3405 3259 uniuscuius¢

1807 3295 1913 3351 quc
1941 3288 2189 3336 nostrum
2217 3289 2361 3339 sunt.
2396 3280 2454 3341 Si
2484 3290 2665 3337 autem
2689 3281 2771 3336 vis
2794 3295 3120 3353 cognoscere
3163 3296 3282 3351 qum
3332 3282 3405 3336 sit

1808 3372 2044 3442 perfecta
2071 3373 2407 3443 poenitentia,
2438 3372 2703 3429 Ninivitas
2755 3374 2992 3451 intende,
3023 3373 3114 3443 qui
3136 3372 3398 3445 praedica-

1809 3475 1987 3521 verunt
2030 3467 2319 3536 jejunium,
2351 3475 2399 3521 et
2425 3466 2596 3521 induti
2624 3474 2747 3520 sunt
2777 3482 2929 3520 sacco
2952 3483 2982 3518 (ι
3009 3464 3211 3535 majore
3236 3481 3400 3535 usque

1809 3556 1877 3611 ad
1904 3557 2177 3621 minorem,
2201 3567 2249 3611 et
2297 3557 2719 3613 exclamaverunt
2747 3557 2816 3612 ad
2860 3555 3029 3621 Deum
3057 3557 3253 3610 intente
3283 3594 3299 3622 ,
3347 3564 3397 3610 et

1809 3663 1928 3701 cum
1958 3657 2063 3702 toto
2091 3650 2301 3714 animo;
2329 3659 2378 3703 et
2407 3658 2706 3703 averterunt
2750 3666 2805 3705 se
2839 3649 3194 3717 unusquisque
3236 3666 3271 3703 α
3310 3649 3394 3701 via

1811 3757 1910 3795 sua
1930 3739 2106 3803 mala,
2142 3750 2191 3793 et
2224 3739 2288 3793 ab
2342 3739 2605 3809 injustitia
2646 3756 2763 3808 qua:
2813 3741 2871 3793 in
2940 3739 3186 3792 manibus
3225 3754 3405 3792 eorum

1808 3840 1925 3886 erat
1955 3830 2102 3901 (Ion.
2132 3829 2240 3902 ιιι).
2282 3830 2371 3886 Sic
2421 3831 2567 3886 enim
2606 3830 2750 3885 Deus
2796 3844 2986 3891 eorum
3026 3829 3403 3897 pmnitentiam

1809 3922 2066 3991 suscepit,
2100 3930 2161 3975 ut
2209 3922 2473 3992 propheta
2521 3922 2808 3988 subderet,
2857 3920 3103 3975 misertus
3145 3930 3221 3974 est
3264 3919 3407 3975 Deus

1808 4028 1964 4080 super
1998 4011 2205 4067 malitia
2242 4028 2400 4081 quam.
2443 4012 2649 4066 locutus
2678 4013 2857 4081 fuerat
2894 4020 2953 4069 ut.
2998 4011 3194 4079 faceret
3228 4011 3303 4065 eis
3357 4018 3408 4064 et

1810 4119 1915 4157 non
1948 4102 2086 4171 fecit.
2121 4103 2188 4159 Et
2214 4118 2337 4171 qua:
2365 4113 2448 4161 est
2480 4118 2643 4163 causa
2676 4119 2795 4173 qua:
2826 4103 3199 4173 paenitentiam
3226 4101 3405 4158 delere

1809 4204 2029 4264 peccata
2062 4194 2246 4261 iaciat,
2270 4202 2326 4261 et
2354 4195 2485 4255 facit
2513 4194 2768 4251 mundam
2797 4193 3079 4263 pteniteuti
3128 4192 3405 4264 proﬂigari

1807 4289 2263 4359 redemptionem,
2307 4292 2383 4346 ita
2428 4299 2488 4349 ut
2533 4307 2634 4348 nec
2666 4307 2803 4361 opus
2831 4291 3029 4347 habeat
3073 4290 3239 4345 alium
3282 4288 3398 4357 jam

1806 4382 2185 4439 admonentem
2213 4424 2229 4448 ,
2280 4398 2456 4453 neque
2498 4385 2603 4440 sub
2643 4383 2773 4454 iugo
2818 4383 3040 4438 alterius
3090 4397 3251 4449 agere
3301 4368 3417 4434 do—'

1805 4473 2030 4535 (ιιάιωῖ
2056 4473 2164 4529 Mei
2190 4485 2307 4537 sunt
2332 4476 2471 4531 enim
2503 4475 2639 4530 servi
2674 4474 2773 4541 filii
2804 4471 2975 4526 Israel
3002 4510 3019 4535 ,
3069 4485 3199 4540 quos
3238 4469 3399 4523 educi

1808 4565 1873 4621 de
1902 4574 2045 4619 terra
2094 4565 2333 4635 Egypti.
2368 4564 2648 4631 Quomodo
2695 4572 2875 4617 autem
2907 4575 3001 4617 eos
3026 4559 3253 4615 eduxit?
3298 4556 3402 4615 Su-

1812 4658 2082 4727 Spirantes
2100 4656 2371 4719 videlicet,
2397 4656 2541 4710 sicut
2586 4652 2905 4711 libernobis
2955 4650 3129 4706 Exodi
3174 4650 3398 4707 demon-
3440 4700 3453 4713 .

1811 4750 2038 4813 stravit,
2090 4748 2205 4816 ipse
2233 4754 2289 4801 et
2330 4763 2475 4802 nunc
2504 4759 2941 4813 unumquemque
2990 4743 3045 4797 in
3084 4743 3403 4813 poenitentia

1811 4840 2172 4907 suspirantem
2186 4837 2396 4903 liberat,
2412 4845 2467 4891 et
2491 4836 2559 4890 ab
2573 4833 3139 4906 intelligibiliJEgypto
3163 4835 3397 4891 redimit.

2413 4929 2643 4987 CAPUT
2700 4929 2792 4984 XI.

1811 5023 1919 5085 Ubi
1962 5025 2202 5097 prohibet
2246 5020 2385 5083 Deus
2419 5023 2563 5079 idola
2609 5023 2781 5094 facere
2804 5062 2820 5089 ,
2869 5021 2949 5078 vel
2972 5021 3152 5077 titulos
3180 5021 3395 5091 erigere.

1882 5118 2032 5181 (Cap.
2065 5117 2234 5189 xxvr.)
2265 5116 2378 5186 Ego
2401 5115 2661 5170 Dominus
2695 5114 2837 5169 Deus
2872 5123 3058 5177 vester,
3086 5110 3176 5184 qui
3204 5110 3298 5165 illa
3319 5109 3400 5179 egi

1810 5220 1859 5265 et
1887 5211 1998 5264 lucc
2023 5209 2266 5280 prlecepi,
2296 5225 2401 5261 non
2427 5207 2632 5276 facietis
2662 5208 2802 5267 vobis
2824 5205 3105 5270 idolum,et
3126 5199 3395 5267 sculptile;

1813 5319 1903 5377 nec
1943 5301 2123 5379 titulos
2150 5301 2390 5370 erigetis,
2423 5317 2514 5355 nec
2542 5302 2796 5372 insignem
2824 5298 3057 5371 lapidem.
3101 5291 3305 5363 ponetis
3341 5289 3396 5343 in

1812 5378 1952 5449 terra
1973 5402 2140 5448 vestra
2164 5406 2184 5446 :
2213 5401 2270 5446 ut
2298 5393 2527 5449 adoretis
2555 5410 2693 5450 emt.
2727 5392 2842 5463 Ego
2883 5388 3020 5443 enim
3069 5399 3185 5439 sum
3214 5379 3396 5434 Domi-

1812 5508 1911 5546 nus
1931 5489 2074 5545 Deus
2100 5496 2282 5554 uester,
2315 5489 2570 5544 custodite
2589 5486 2811 5551 sabbata
2839 5497 2977 5545 mea,
2998 5485 3049 5533 et
3073 5482 3253 5547 pavete
3273 5487 3397 5526 san-

1807 5584 2069 5638 atamrium
2111 5598 2285 5637 meum
2309 5595 2328 5633 :
2376 5597 2470 5652 ego
2512 5579 2792 5645 Dominus.
2844 5570 2967 5627 Non
3019 5566 3201 5623 solum
3238 5562 3396 5619 nobis

1808 5677 2077 5747 quomodo
2086 5684 2375 5748 peccantes
2388 5675 2694 5732 libertatem
2710 5668 3029 5729 habeamus,
3042 5662 3137 5719 sed
3151 5674 3253 5717 nec
3264 5656 3393 5715 allo-

1809 5766 2201 5824 ιιιιιινόυοκὶιιιι
2226 5776 2324 5823 aut
2344 5764 2731 5825 exhortatione»
2739 5770 3013 5831 egeamus,
3038 5754 3126 5811 lex
3148 5755 3391 5820 mandat,

1810 5871 1872 5924 ut
1892 5862 2271 5937 prophetiam
2299 5860 2433 5919 illud
2476 5858 2535 5919 in
2566 5854 2724 5916 nobis
2769 5850 3085 5927 impleretur
3130 5850 3393 5915 verbum;
