3892 6346
468 348 570 438 .5“

1150 375 1211 433 Β.
1247 374 1503 433 RABANI
1538 373 1760 446 MAURI
1793 372 2113 461 ARCHIEP,
2148 371 2460 432 MOGUNT.
2500 371 2787 431 OPERUM
2820 369 3003 429 PARS
3034 369 3083 431 1.

3608 375 3735 434 553

464 444 538 553 1Et
581 508 683 547 non
741 489 941 547 docebit
991 490 1343 566 unusquisque
1404 444 1700 560 proximum
1742 503 1934 554 suum,
1986 495 2037 543 et
2138 487 2331 542 tritura
2357 486 2703 552 vindemiam;
2733 495 2782 541 et
2813 484 3073 541 vindemia
3103 482 3375 561 qccupabit
3408 497 3728 556 mensas,

464 583 816 656 pnusquisque
873 580 1088 649 fratrem
1114 598 1271 636 suum
1294 580 1468 635 dicens
1497 594 1515 631 .'
1555 578 1814 649 Cognosce
1856 578 2039 633 Denti-

465 692 612 745 num,
641 672 765 746 quia
797 688 974 727 onmes
999 672 1159 729 scient
1188 687 1290 737 me,
1313 689 1348 725 a
1383 670 1582 724 minore
1601 686 1762 741 usque
1782 668 1854 725 ad
1873 669 2041 738 majo-

465 781 575 837 rem
598 762 967 834 eorum;un
1001 763 1258 832 propitius
1303 776 1392 816 ero
1414 749 1774 831 iniquitatibus
1822 774 2035 824 eorum,

465 864 516 913 et
556 863 887 924 peccatorum
932 849 1145 907 illorum
1161 850 1283 921 jam
1316 866 1423 905 non
1460 849 1772 904 recordabar
1813 845 2041 918 amplius

467 944 684 1018 (Jerem.
707 942 882 1014 nn).
897 941 1177 1009 Quomodo
1193 940 1372 997 enim?
1394 939 1511 995 Hoc
1532 938 1639 994 erit
1664 938 1711 993 si
1736 953 1846 994 non
1864 936 2043 993 solum

460 1035 532 1111 ab
557 1041 743 1105 aperto
765 1031 1029 1089 idolorum
1049 1029 1197 1086 cultu
1217 1044 1375 1100 quem
1415 1028 1667 1099 prohibet
1684 1027 1818 1098 legis
1838 1027 2035 1092 littera,

465 1125 564 1183 sed
580 1132 637 1181 et
662 1123 732 1179 ab
752 1122 963 1179 occulto
990 1122 1354 1178 abstineamus
1382 1134 1396 1173 :
1432 1120 1499 1174 de
1528 1134 1635 1190 qua
1671 1117 1868 1175 Paulus
1896 1116 2041 1173 dice-

463 1215 593 1272 bat:
620 1214 797 1270 Radix
824 1213 1054 1268 omnium
1080 1211 1339 1267 malorum
1382 1211 1638 1278 auaritia,
1668 1225 1783 1280 qua:
1812 1217 1890 1263 est
1924 1207 2039 1261 ido-

462 1304 632 1363 lorum
680 1305 898 1360 seruitus
950 1301 1163 1376 (Ephcs.
1207 1301 1296 1375 v);
1363 1300 1819 1372 quemadmodum
1881 1299 2040 1355 nobis

461 1400 626 1477 etiam
650 1413 792 1453 nunc
814 1396 948 1466 legis
986 1397 1212 1468 spiritus
1242 1396 1644 1456 abstinentiam
1685 1396 1928 1452 mandat.
1972 1394 2039 1449 Et

461 1506 568 1563 non
590 1489 850 1545 faciemus
871 1488 1028 1549 nobis
1068 1488 1270 1545 idolum
1302 1496 1358 1543 et
1383 1488 1658 1558 sculptile;
1688 1489 1826 1555 sive,
1854 1495 1915 1543 ut
1941 1487 2040 1543 Se-

456 1583 738 1657 ptuaginta
765 1582 1126 1638 manufictiles
1173 1581 1361 1639 domos
1407 1580 1737 1637 aediﬁcantes
1781 1587 1838 1635 et
1882 1593 2043 1651 agros

2134 586 2183 631 et
2208 576 2485 633 comedetis
2511 594 2699 648 panem
2725 586 2949 633 uestrum
2973 577 3031 631 in
3069 575 3348 647 saturitate
3371 614 3389 643 ,
3442 587 3492 631 et
3519 579 3730 649 absque

2133 684 2321 737 pavore
2348 668 2646 725 habitabilis
2665 669 2723 722 in
2751 677 2891 722 terra
2936 676 3138 732 uestra;
3188 665 3327 721 dabo
3353 683 3535 736 pacem
3568 670 3635 724 iss
3654 670 3731 739 ﬁ—

2136 758 2287 815 nibus
2316 759 2514 825 uestris,
2544 759 2813 815 dormietis
2835 767 2886 814 et
2914 775 3016 813 non
3042 757 3141 812 erit
3171 758 3260 828 qui
3280 768 3572 824 exterreat;
3618 777 3729 831 an.

2135 846 2305 916 feram
2324 848 2493 905 malas
2532 848 2735 915 bestias,
2761 858 2812 904 et
2836 849 3045 919 gladius
3069 865 3172 905 non
3196 848 3440 904 transibit
3460 851 3737 909 terminos,

2134 948 2350 995 uestros.
2388 936 2766 1010 Persequimini
2816 941 3056 994 inimicos
3083 949 3275 995 uestros
3306 979 3323 1006 ,
3376 950 3425 995 et
3470 952 3723 996 corruens

2136 1010 2312 1083 coram
2340 1029 2502 1094 uobis,
2524 1038 2895 1101 persequentur
2925 1031 3151 1101 quinque
3195 1030 3261 1084 de
3292 1014 3472 1084 {astris
3505 1040 3727 1093 centum,

2136 1116 2361 1183 alienos;
2387 1127 2434 1172 et
2462 1130 2667 1173 centum
2691 1135 2755 1174 ea:
2780 1119 2922 1174 vobis
2948 1119 3123 1174 decem
3147 1118 3313 1173 millia
3322 1160 3349 1193 ρ
3393 1121 3585 1175 cadent
3613 1119 3695 1173 ini

2136 1210 2256 1263 mici
2285 1211 2437 1264 vestri
2460 1211 2514 1264 in
2547 1221 2821 1281 conspectu
2848 1221 3016 1266 uestro
3046 1212 3267 1282 gladio;
3316 1213 3595 1283 respiciam
3629 1229 3718 1266 eos
3749 1203 3761 1214 ’

2135 1308 2183 1352 et
2219 1316 2442 1355 crescere
2488 1301 2713 1370 faciam;
2750 1302 3226 1372 multiplicabimini
3264 1314 3311 1358 et
3346 1304 3576 1373 ﬁrmabo
3624 1322 3717 1374 pa-

2136 1397 2274 1444 ctum
2326 1407 2496 1447 meum
2529 1394 2807 1449 vobiscum.
2862 1392 3152 1457 Comedetis
3194 1398 3544 1453 uetustissima
3584 1384 3735 1455 uete--

2137 1499 2253 1555 rum
2274 1524 2290 1552 ,
2324 1494 2373 1540 et
2398 1496 2567 1541 cetera
2588 1488 2739 1547 nouis
2768 1491 3246 1560 superuenientibus
3271 1493 3584 1561 proficiatis.
3609 1493 3714 1552 Po-

2137 1589 2259 1653 nam
2294 1576 2689 1653 tabernaculum
2712 1596 2885 1635 meum
2926 1581 2983 1645 in
3018 1582 3184 1635 medio
3206 1583 3387 1648 vestri,
3404 1592 3457 1637 et
3488 1602 3595 1639 non
3622 1586 3714 1640 ab-

456 1676 668 1747 aliquos
700 1676 1058 1748 possidentes,
1090 1689 1190 1731 nec
1247 1673 1496 1743 sculptile
1521 1673 1575 1731 in
1620 1673 1698 1729 eis
1723 1671 2037 1742 ﬁgurantes,

2142 1664 2273 1730 iiciet
2302 1681 2386 1720 vos
2415 1668 2593 1722 anima
2622 1685 2761 1736 mea,
2785 1670 3063 1725 ambulabo
3085 1672 3220 1727 inter
3238 1683 3410 1738 uos,et
3439 1691 3527 1728 ero
3550 1686 3711 1737 uester

458 1777 703 1837 ηοειηω
764 1767 1162 1837 quodammodo
1224 1773 1522 1822 atterentes
1590 1780 1774 1821 amore
1848 1778 2037 1821 eorum
2063 1772 2111 1837 λ
2136 1755 2299 1825 Deus,
2321 1774 2506 1829 vosque
2527 1760 2671 1819 eritis
2699 1760 2922 1830 populus
2950 1777 3116 1818 meus.
3164 1761 3276 1832 Ego
3297 1763 3558 1831 Dominus
3576 1764 3709 1827 Deus

457 1834 717 1917 mentem.
754 1828 867 1911 l‘iec
888 1854 1071 1910 titulos
1094 1854 1250 1915 nobis
1270 1854 1384 1911 sive
1409 1862 1645 1911 statuam
1667 1853 1724 1909 in
1752 1852 1838 1909 his
1859 1854 2035 1924 eriga-
2061 1828 2111 1887 Β
2139 1858 2320 1915 vester,
2348 1828 2437 1921 qui
2458 1850 2617 1906 eduxi
2644 1828 2730 1905 vos
2755 1828 2818 1905 de
2838 1862 2980 1907 terra
2996 1828 3371 1924 Egyptiorum
3401 1872 3468 1910 ne
3499 1828 3707 1913 gem-rs.

459 1963 600 2015 mus,
622 1945 864 2001 volentes
898 1961 997 2017 per
1043 1960 1163 2001 eam
1197 1945 1513 2001 memoriam
1556 1952 1799 1999 nostram
1847 1952 2036 1999 exten-

459 2037 588 2093 dere
608 2035 664 2090 in
689 2034 898 2091 futuras
919 2035 1328 2105 generationes;
1377 2035 1472 2091 sed
1507 2049 1608 2091 nec
1632 2032 1866 2105 lapidem
1907 2035 2037 2091 insi-

452 2145 619 2202 gnem
656 2128 928 2200 erigamus
957 2147 970 2183 :
1002 2128 1142 2195 auri,
1174 2128 1322 2184 verbi
1349 2128 1545 2198 gratia,
1568 2135 1662 2185 aut
1706 2127 1916 2198 argenti
1948 2143 2038 2184 cu-

459 2219 687 2285 mulum,
715 2226 809 2274 aut
828 2218 1066 2289 lapidum
1095 2219 1187 2290 qui
1227 2219 1477 2275 videntur
1515 2233 1637 2279 esse
1668 2216 1929 2286 pretiosi:
1960 2216 2038 2271 la-

456 2308 610 2381 pides
642 2309 785 2365 enim
823 2317 881 2367 et
919 2309 1001 2385 hi_
1027 2310 1092 2364 de
1140 2318 1297 2363 terra
1332 2307 1566 2379 atquales
1614 2306 1736 2365 aliis
1771 2306 2038 2378 lapidibus

459 2412 609 2465 sunt;
657 2408 711 2457 et
768 2400 849 2456 sic
881 2415 1171 2455 avarorum
1197 2399 1345 2454 visus
1384 2400 1443 2454 in
1469 2399 1557 2455 his
1582 2399 2039 2468 quemadmodum

458 2506 792 2562 paganorum
820 2491 875 2545 in
906 2488 1065 2545 idolis
1113 2489 1480 2555 seducuntur,
1529 2497 1749 2559 propter
1793 2488 1940 2558 quod
1982 2497 2039 2545 et

457 2579 687 2650 insignis
706 2579 842 2649 lapis
872 2578 1048 2634 dictus
1080 2586 1182 2636 est.
1206 2564 1316 2635 Nos
1341 2586 1521 2635 autem
1549 2579 1686 2633 nihil
1723 2578 1829 2633 tale
1864 2579 2040 2648 patia-

458 2684 598 2735 mur,
645 2684 746 2723 nec
792 2667 1032 2739 insignes
1071 2668 1227 2725 nobis
1255 2668 1461 2739 lapides
1496 2650 1802 2725 efﬁciantur
1839 2668 2038 2724 divitite

456 2768 516 2817 ut
547 2760 843 2817 secundum
865 2760 1217 2816 intentionem
1251 2776 1439 2817 earum
1467 2761 1728 2825 vivamus,
1743 2760 2039 2815 secundum

456 2838 786 2906 intellectum
824 2848 1175 2921 Septuaginta
1225 2849 1622 2921 interpretum;
1657 2857 1713 2905 et
1747 2865 1853 2905 non
1888 2861 2038 2920 quae—

456 2957 665 3013 cunque
691 2941 1048 3011 praeceperint
1074 2940 1373 3006 faciamus,
1417 2949 1472 2995 et
1519 2939 1803 2996 desideriis
1850 2953 2039 2995 earum

462 3032 784 3099 serviamus,
812 3032 1206 3102 adoremusque
1246 3048 1339 3087 eas
1385 3040 1443 3087 et
1484 3031 1726 3089 colamus
1749 3073 1765 3099 ,
1812 3032 1869 3086 in
1912 3046 2041 3086 con«

364 3174 367 3181 ,
452 3125 722 3180 servando
759 3139 871 3190 eas.
929 3120 1309 3179 Custodiamus
1364 3132 1545 3180 autem
1608 3132 1663 3179 et
1710 3123 1936 3179 sabbata
1970 3123 2039 3178 ab

454 3215 606 3285 omni
627 3214 732 3269 alio
756 3213 920 3279 malo,
948 3222 1002 3269 et
1029 3215 1371 3271 abstinentiae
1397 3216 1774 3286 vocationique
1814 3216 2038 3271 studen-

460 3312 561 3371 tes,
598 3313 654 3360 et
684 3314 907 3376 agentes
938 3313 997 3359 ut
1022 3307 1275 3376 operibus
1318 3309 1604 3377 praesentis
1628 3309 1814 3364 mundi
1848 3323 2036 3365 carea-

458 3382 602 3459 mus,
632 3402 796 3464 atque
825 3396 894 3451 ab
933 3395 1010 3451 eis
1039 3396 1413 3473 quiescamus;
1465 3399 1570 3453 hoc
1612 3398 1759 3454 enim
1790 3398 2041 3468 intelligi-

459 3484 567 3543 bile
596 3493 651 3540 et
677 3500 867 3561 verum
908 3487 1191 3543 sabbatum
1235 3496 1351 3555 est,
1399 3491 1545 3560 quod
1596 3505 1706 3546 non
1735 3490 1916 3561 populi
1959 3496 2042 3546 est

459 3570 686 3649 ingrati,
723 3576 819 3632 sed
866 3576 1038 3649 ipsius
1070 3577 1186 3645 Dei,
1211 3579 1664 3651 quemadmodum
1712 3581 1768 3636 in
1792 3581 1931 3637 lsaia
1955 3582 2041 3636 di-

461 3662 653 3720 cebat:
690 3664 888 3722 Beatus
910 3669 989 3722 vir
1016 3670 1106 3740 qui
1138 3669 1260 3738 fecit
1285 3671 1382 3725 hoc
1403 3687 1423 3726 :
1445 3679 1494 3727 et
1523 3671 1669 3741 ﬁlius
1696 3672 1923 3729 hominis
1951 3672 2042 3744 qui

460 3756 797 3826 apprehendit
846 3757 1025 3827 istud,
1076 3761 1372 3816 custodiens
1434 3763 1710 3818 sabbatum
1743 3781 1806 3819 ne
1840 3764 2043 3835 polluat

459 3843 593 3901 illud
612 3844 745 3917 (Isa.
764 3848 895 3918 va).
915 3847 974 3903 Si
1001 3865 1109 3905 non
1133 3852 1468 3922 distinguere
1497 3854 1564 3907 ab
1595 3853 2044 3919 illis'volebat,de

458 3936 665 4011 quibus
719 3939 775 3993 in
828 3938 982 3994 initio
1027 3942 1325 4013 prophetia:
1354 3942 1569 3998 dicebat
1603 3959 1616 3995 :
1648 3942 1966 3998 Neomenias
1996 3950 2044 3996 et

461 4029 736 4083 sabbatum
755 4039 802 4085 et
830 4032 1131 4101 festivitates
1158 4033 1295 4089 altas
1323 4051 1428 4089 non
1445 4036 1612 4105 [eram
1639 4033 1774 4106 (Isa.
1801 4034 1864 4105 ι).
1892 4034 2045 4102 Quod

466 4126 649 4171 autem
673 4119 770 4172 Dei
813 4129 899 4175 est
936 4123 1216 4177 sabbatum
1235 4164 1250 4189 ,
1301 4134 1394 4179 aut
1442 4125 1714 4195 quomodo
1766 4124 1897 4180 illud
1937 4140 2046 4183 non

462 4209 753 4285 profanare
810 4211 933 4280 quis
978 4221 1192 4280 potest,
1243 4215 1509 4270 subinfert
1543 4234 1557 4271 :
1592 4216 1853 4284 Quiescite
1895 4231 2047 4287 agere

465 4313 717 4371 perverse,
742 4304 848 4352 etc.
874 4294 1014 4370 Ergo
1044 4315 1075 4353 a
1104 4300 1263 4355 malis
1293 4302 1563 4359 abstinere
1607 4305 1817 4360 sabbati
1845 4314 1927 4360 est
1949 4305 2048 4361 im-

460 4382 658 4454 pletio;
690 4385 785 4442 sed
811 4393 865 4442 et
885 4389 1252 4443 sanctuarium
1293 4400 1397 4457 est,
1421 4407 1732 4462 paveamus,
1761 4395 2048 4449 sanctimo-

2138 1940 2203 2007 tis
2230 1941 2324 2001 eis,
2353 1950 2401 1994 et
2435 1942 2523 2011 qui
2554 1942 2790 2012 confregi
2817 1953 3025 2000 catenas
3053 1946 3307 2000 cervicum
3337 1957 3626 2003 uestrarum
3646 1957 3706 2006 ut

2138 2033 2441 2089 incederetis
2479 2037 2653 2091 erecti.
2702 2036 2838 2104 Quia
2870 2048 3052 2095 autem
3079 2055 3110 2093 a
3165 2039 3366 2097 ludatis
3412 2044 3707 2100 invenimus

2139 2124 2446 2181 omnimodo
2490 2126 2609 2181 haec
2652 2127 2948 2183 secundum
2995 2128 3231 2185 litteram
3282 2132 3529 2201 impleta.
3567 2132 3707 2187 Multi

2139 2214 2280 2269 enim
2309 2215 2404 2270 Dei
2436 2217 2714 2287 prophetae
2737 2220 3098 2277 custodientes
3137 2219 3253 2288 ejus
3282 2223 3549 2286 mandata,
3573 2232 3629 2277 et
3652 2224 3708 2277 in

2137 2308 2422 2378 praeceptis
2461 2308 2579 2379 ejus
2608 2311 2946 2367 ambulantes
2973 2350 2989 2379 ,
3027 2312 3083 2367 in
3108 2313 3280 2369 multa
3315 2312 3531 2367 fuerunt
3575 2311 3707 2367 afﬂi-

2139 2399 2317 2455 ctione
2334 2401 2629 2467 constituti,
2658 2417 2758 2456 nec
2778 2417 2973 2475 panem
2999 2418 3157 2458 suum
3181 2418 3308 2458 cum
3332 2404 3606 2467 satietate,
3625 2402 3708 2461 sed

2139 2501 2260 2541 cum
2286 2496 2527 2558 egestate
2570 2490 2921 2546 comederunt
2944 2508 2958 2546 :
2985 2492 3447 2561 quemadmodum
3470 2491 3709 2547 Ezechiel

2125 2574 2227 2631 ’cui
2265 2576 2333 2632 ab
2361 2576 2477 2646 ipso
2504 2577 2607 2633 hoc
2635 2577 2743 2633 Deo
2776 2588 3106 2650 praeceptum
3134 2589 3237 2636 est.
3268 2580 3380 2635 Sed
3424 2590 3486 2635 et
3528 2580 3709 2635 Paulus

2138 2686 2234 2728 eos
2282 2673 2375 2741 qui
2400 2671 2455 2727 in
2484 2672 2602 2743 lege
2639 2681 2694 2729 et
2722 2674 3001 2743 prophetis
3056 2674 3344 2744 iustiﬁcati
3376 2682 3534 2740 sunt,
3558 2688 3706 2743 expo-

2138 2777 2273 2818 nens
2294 2762 2539 2818 dicebat:
2570 2761 2951 2819 Circumierunt
2988 2766 3044 2819 in
3076 2764 3304 2831 melotis,
3327 2775 3376 2818 et
3407 2766 3468 2820 in
3508 2764 3708 2836 pellibus

2140 2855 2389 2925 caprinis,
2422 2854 2720 2922 Itumiliati,
2764 2856 2961 2926 amicti,
3004 2856 3191 2926 quibus
3232 2857 3426 2926 dignus
3466 2873 3574 2910 non
3611 2863 3705 2910 erat

2139 2945 2366 2999 mundus
2381 2943 2547 3016 (Hebr
2568 2945 2689 3017 αι).
2712 2944 2843 3000 Illud
2871 2954 3050 3001 autem
3068 2948 3545 3017 magisintendere
3565 2948 3617 3001 in
3636 2946 3710 3001 his

2140 3049 2260 3105 qua:
2282 3035 2426 3090 dicta
2452 3043 2579 3090 sunt
2602 3043 2837 3106 oportet,
2858 3036 2984 3104 quia
2998 3036 3432 3092 custodientibus
3454 3036 3555 3091 Dei
3580 3050 3710 3091 man.

2142 3124 2267 3179 data
2303 3125 2521 3196 triginta
2550 3124 2954 3181 benedictiones
2999 3126 3057 3180 in
3088 3126 3348 3196 praesenti
3392 3124 3482 3180 lex
3526 3124 3705 3196 posuit.

2143 3214 2234 3271 Sic
2263 3216 2408 3270 enim
2434 3229 2527 3271 eas
2551 3231 2779 3272 numero
2805 3217 3048 3272 invenies
3082 3231 3529 3289 unamquamque
3559 3218 3682 3272 bene

2141 3308 2431 3365 dictionem
2463 3307 2531 3363 ab
2575 3308 2682 3363 alia
2728 3321 2826 3380 per
2867 3308 3300 3378 coniunctionem
3349 3311 3409 3364 in
3435 3309 3579 3364 LXX
3616 3306 3717 3363 edi-

2140 3398 2287 3454 tione
2307 3399 2659 3466 discernens;
2696 3400 2822 3471 quia
2852 3409 2931 3456 tot
2977 3415 3245 3456 annorum
3273 3400 3519 3456 existens
3548 3397 3714 3455 Domi-

2141 3507 2262 3558 nus,
2294 3491 2361 3547 de
2401 3507 2508 3562 quo
2536 3492 2616 3547 ait
2637 3491 2837 3549 Paulus
2866 3511 2881 3547 :
2913 3489 2979 3546 Ut
3013 3509 3355 3548 occurramus
3376 3509 3557 3547 omnes
3582 3492 3635 3546 in
3654 3490 3720 3545 oi-

2143 3599 2258 3636 rum
2327 3582 2612 3653 perfectum
2670 3584 2725 3637 in
2795 3600 3095 3638 mensuram
3161 3584 3333 3638 aetatis
3382 3580 3721 3653 plenitudinis

2142 3672 2338 3727 Christi
2365 3672 2583 3745 (Ephes.
2626 3674 2723 3746 Iv).
2765 3672 2927 3729 Venit
2970 3675 3039 3729 ad
3083 3674 3426 3745 baptismum,
3450 3680 3725 3739 quatenus

2142 3762 2448 3818 donationis
2482 3760 2877 3832 perfectionem
2931 3778 3029 3833 per
3067 3771 3274 3819 (etatem
3306 3775 3502 3831 quam
3553 3773 3727 3829 agens

2143 3851 2448 3920 baptizatus
2482 3860 2585 3918 est,
2606 3852 2884 3907 nuntiaret
2909 3859 2965 3906 et
2984 3853 3309 3916 ostenderet,
3337 3857 3396 3905 et
3434 3849 3519 3904 sic
3546 3848 3723 3920 perfe-

2145 3952 2267 3999 ctus
2291 3944 2588 4000 secundum
2617 3954 2829 4016 tempus
2861 3943 3058 4011 factus,
3073 3945 3370 4016 praedicare
3391 3942 3723 4014 evangelium

2145 4040 2313 4110 coepit
2333 4040 2392 4095 in
2416 4055 2526 4111 quo
2548 4040 2725 4095 omnis
2752 4047 2838 4094 est
2858 4040 2984 4095 vitae
3006 4046 3063 4094 et
3085 4038 3395 4095 donationis
3434 4035 3721 4108 plenitudo,

2145 4137 2201 4185 et
2224 4130 2651 4186 conversationis
2677 4129 3156 4198 retributionisque
3177 4145 3301 4200 quae
3337 4128 3430 4184 hic
3457 4126 3720 4197 signiﬁca-

2144 4219 2242 4274 vit.
2272 4219 2363 4273 Ait
2386 4220 2569 4275 enim:
2604 4219 2673 4274 Et
2695 4220 2829 4274 dabo
2869 4220 3012 4274 vobis
3058 4218 3285 4274 pluviam
3319 4219 3375 4272 in
3418 4216 3721 4287 temporibus

2146 4310 2275 4363 suis.
2299 4309 2442 4366 Dicit
2466 4319 2647 4366 autem
2672 4311 2898 4366 verbum
2926 4311 3042 4375 Dei,
3070 4318 3279 4380 utpote
3312 4308 3724 4364 descendentem

2149 4401 2215 4455 de
2237 4401 2374 4456 coelo
2405 4402 2626 4472 gratiae,
2670 4403 2738 4457 de
2788 4417 2895 4472 quo
2936 4401 3145 4472 Moyses
3195 4401 3273 4455 sic
3303 4399 3443 4453 dixit
3473 4417 3487 4452 :
3519 4396 3724 4453 Attende

465 4476 609 4571 niam
639 4478 937 4545 stbdentes,
957 4477 1010 4533 id
1032 4488 1115 4535 est
1146 4482 1451 4537 castitatem
1474 4492 1531 4539 et
1552 4484 1903 4554 pudicitiam;
1931 4485 2047 4541 haec
2074 4520 2129 4582 Β
2154 4489 2337 4543 coelum
2366 4500 2412 4543 et
2440 4491 2643 4561 loquar,
2667 4500 2716 4545 et
2740 4491 2928 4545 audias
2948 4501 3091 4544 terra
3110 4489 3265 4543 verba
3287 4505 3353 4542 ex
3377 4504 3469 4545 ore
3490 4503 3621 4550 meo,
3646 4500 3729 4539 ea-

462 4562 546 4621 est
575 4583 806 4640 namque
835 4572 961 4627 vita:
980 4572 1236 4644 perfecta:
1257 4583 1312 4629 et
1332 4587 1718 4635 consummatae
1747 4580 2041 4651 capitulum

394 4701 410 4717 ,
466 4652 580 4709 sive
613 4672 858 4713 summa:
890 4672 1108 4733 pr0pter
1149 4664 1292 4734 quod
1344 4665 1505 4721 etiam
1560 4669 1662 4724 hoc
1693 4670 2047 4725 novissimum

466 4745 665 4814 posuit,
690 4756 817 4804 tunc
844 4749 972 4806 dicit
1015 4754 1080 4808 ad
1119 4770 1218 4811 nos
1262 4754 1407 4812 Deus
1435 4776 1447 4811 :
1478 4757 1591 4830 Ego
1614 4756 1871 4815 Dominus
1904 4759 2048 4816 Deus

467 4845 655 4902 uester,
677 4838 768 4908 qui
790 4854 906 4895 sum
930 4845 1145 4912 quidem
1171 4856 1411 4914 sanctus,
1442 4850 1536 4906 sed
1560 4860 1616 4906 et
1636 4851 1694 4905 in
1716 4852 1922 4907 sanctis
1963 4866 2048 4906 re-

466 4926 708 5001 quiesco,
736 4933 1051 4994 interimens
1079 4949 1134 4995 et
1162 4941 1480 5013 disperdens
1508 4961 1698 5003 omnes
1743 4949 1833 5016 qui
1863 4947 2045 5001 taber-

470 5023 727 5080 naculum
756 5042 935 5081 meum
976 5030 1267 5099 polluerint
1288 5043 1343 5090 et
1380 5037 1637 5108 templum
1663 5054 1845 5095 meum
1869 5040 2047 5112 pollu-

468 5112 708 5172 tionibus
728 5117 1061 5189 voluptatum
1091 5122 1428 5183 violaverint.

1081 5234 1306 5296 CAPUT
1344 5241 1454 5297 XII.

474 5312 848 5376 Prwdicuntur
893 5336 1029 5407 bona
1073 5329 1480 5407 custodientibus
1516 5344 1776 5407 praecepta
1802 5335 2049 5407 Domini,

973 5404 1020 5450 et
1047 5396 1189 5451 mala
1213 5396 1544 5458 violantibus.

546 5478 722 5557 (Imm)
755 5481 816 5540 Si
839 5485 897 5540 in
916 5489 1187 5559 praeceptis
1216 5490 1343 5544 meis
1380 5492 1792 5563 ambulaveritis,
1831 5505 1880 5551 et
1901 5515 2054 5553 man-

476 5566 602 5659 data
624 5589 739 5627 mea
760 5576 1112 5633 custodieritis
1143 5588 1192 5633 et
1241 5579 1468 5649 feceritis
1515 5599 1596 5649 ea,
1619 5583 1755 5639 dabo
1781 5585 1920 5641 vobis
1941 5585 2060 5659 plu—

478 5658 615 5714 uiam
634 5662 690 5718 in
722 5669 1034 5740 temporibus
1065 5671 1256 5739 suis,et
1267 5678 1406 5727 terra
1429 5673 1603 5744 gignet
1623 5676 1854 5745 fructum
1881 5696 2057 5748 suum,

412 5836 413 5839 η
476 5750 708 5819 “pomis
729 5757 940 5817 arbores
968 5760 1325 5833 replebantur.
1336 5762 1411 5823 Et
1436 5766 1785 5837 apprehendet
1809 5773 2061 5832 messium

1600 5924 1669 5962 πὶ
1714 5918 1849 5961 δι”-,⁸
1890 5924 1948 5959 ⁸
1979 5902 2080 5951 2".”

2153 4590 2408 4652 spectetur
2428 4581 2564 4637 sicut
2610 4579 2787 4651 pluuia
2810 4579 3071 4649 eloquium
3103 4594 3273 4631 meum
3308 4576 3493 4647 (Deut.
3538 4573 3723 4644 xxxn).

2151 4671 2266 4729 Hoc
2306 4688 2411 4728 non
2458 4671 2829 4742 qualecunque
2863 4670 3063 4725 bonum
3103 4677 3185 4723 est
3229 4669 3284 4722 in
3340 4676 3583 4736 tempore
3639 4678 3729 4718 suo

2150 4762 2463 4832 percipere,
2493 4761 2587 4815 sed
2626 4759 2910 4815 manifesta
2941 4768 3025 4813 est
3046 4758 3141 4812 Dei
3169 4756 3429 4812 bonitatis
3476 4752 3729 4842 ostensio,

2150 4857 2602 4927 quemadmodum
2630 4871 2735 4911 non
2772 4855 3017 4924 accipere
3055 4851 3416 4908 aversationis
3450 4858 3569 4914 est;
3613 4862 3730 4918 pro-

2150 4956 2272 5016 pter
2290 4946 2430 5016 quod
2445 4946 2586 5001 Deus
2612 4946 2856 5000 irascens
2877 4943 3074 5015 populo
3085 4940 3420 5006 Judaeorum,
3433 4954 3535 5011 per
3550 4938 3737 4994 Isaiam

2148 5037 2466 5107 prophetam
2488 5036 2724 5092 minatus
2739 5044 2842 5100 est,
2866 5034 3054 5089 dicens
3082 5053 3094 5087 :
3127 5033 3195 5088 Et
3221 5032 3518 5103 relinquam
3540 5031 3739 5083 vineam

2150 5143 2340 5195 meam,
2367 5137 2415 5182 et
2437 5144 2542 5181 non
2571 5128 2863 5198 putabitur,
2891 5143 2981 5181 nec
3029 5125 3279 5195 fodietur,
3303 5133 3353 5178 et
3375 5121 3657 5177 ascendent
3690 5119 3743 5170 in

2150 5234 2265 5273 eam
2289 5217 2422 5273 sicut
2451 5220 2507 5272 in
2537 5235 2663 5289 agro
2701 5218 2899 5272 inculto
2928 5217 3115 5289 spinw,
3158 5226 3209 5272 et
3247 5216 3474 5271 nubibus
3515 5211 3747 5268 manda-

2153 5307 2216 5363 bo
2245 5326 2310 5364 ne
2326 5308 2509 5380 pluaat
2535 5325 2692 5381 super
2714 5326 2831 5364 eam
2872 5308 3105 5379 pluviam
3131 5306 3268 5381 (Isa.
3301 5306 3378 5379 v).
3406 5304 3548 5375 Quid
3597 5303 3747 5357 enim

2153 5400 2311 5456 nobis
2351 5417 2419 5457 ex
2464 5398 2772 5471 accipienda
2813 5399 2991 5469 pluvia
3018 5399 3076 5454 in
3102 5408 3345 5471 tempore
3384 5394 3601 5468 proﬁcit
3626 5435 3643 5459 ,
3700 5396 3755 5445 et

2156 5500 2307 5550 terra
2352 5493 2521 5564 gignit
2545 5492 2778 5548 fructum
2817 5508 3006 5559 suum,
3039 5492 3094 5547 id
3125 5499 3208 5548 est
3238 5505 3436 5562 corpus
3474 5493 3751 5549 nostrum,

2158 5589 2320 5659 hujus
2344 5590 2490 5643 enim
2513 5588 2640 5644 boni
2666 5587 2876 5643 fructus
2914 5596 3041 5644 sunt
3066 5585 3313 5650 castitas,
3336 5580 3629 5642 sobrietas,
3662 5576 3756 5630 ab-

2160 5682 2438 5739 stinentia.
2458 5679 2526 5734 Et
2540 5680 2706 5750 pomis
2726 5680 2937 5735 arbores
2958 5677 3324 5750 replebantur;
3345 5674 3482 5736 sive,
3504 5664 3755 5728 utLXX,

2137 5774 2308 5847 ligna
2329 5772 2499 5842 campi
2516 5771 2717 5835 dabunt
2745 5772 2976 5844 [motum
2995 5787 3172 5841 suum,
3191 5768 3547 5843 ligna_autem
3567 5753 3760 5827 catulii
