3892 6346
183 314 222 350 »ι
997 294 1498 354 EXPOSITIONES
1538 292 1602 348 IN
1639 290 2031 348 LEVITICUM.
2064 316 2140 333 τ-ο
2177 291 2305 348 LIB.
2349 293 2458 350 VII.

3271 298 3378 356 55b

150 426 246 480 sunt
272 415 458 471 animas
481 420 764 479 motus,ut
788 419 913 483 pote
937 414 1028 484 qui
1054 419 1178 469 sunt
1207 411 1444 468 motibus
1494 409 1688 466 intelli-
1716 410 1767 470 Α
1792 417 1982 461 terram
2026 417 2245 462 vestram
2269 421 2287 460 :
2311 407 2462 475 Quod
2507 416 2690 464 nostra
2736 408 3021 465 translatio
3054 409 3212 481 paulo
3259 426 3383 484 post

151 507 292 582 gibilis
314 512 513 582 nostrae
567 511 745 570 terrae,
773 504 1024 559 videlicet
1072 504 1273 569 carnis,
1309 503 1691 569 sublimiores;

150 581 305 656 IIOI'IIm
331 581 477 653 enim
503 597 714 652 fructus
748 597 953 652 veritas
977 636 992 660 ,
1044 595 1275 666 iustitia,
1303 595 1692 660 mansuetudo,

149 690 411 760 compassio
431 695 486 743 et
509 689 594 748 his
616 688 833 744 similia.
858 687 967 760 (Ea:
1013 686 1280 757 Origene.)
1310 686 1579 741 Habemus
1607 687 1704 740 in-.

150 795 210 837 tra
239 781 588 851 nosmetipsos
616 788 671 836 et
709 780 856 850 ligna
887 793 1200 849 camporum
1229 821 1243 846 ,
1292 794 1411 848 qua:
1457 778 1692 834 fructum

146 889 270 928 suum
293 873 613 944 producunt.
640 872 769 941 Quze
793 882 919 928 sunt
945 873 1047 928 ista
1070 872 1215 942 ligna
1247 886 1582 941 camporum,
1607 871 1692 927 di-

143 971 210 1018 cet
235 962 469 1019 fortassis
488 964 740 1026 auditor:
769 965 900 1034 quid
926 964 1124 1020 iterum
1163 963 1254 1020 hic
1280 963 1694 1019 seminiverbius

143 1054 231 1108 ait?
262 1053 389 1120 Quid
421 1055 658 1124 undique
700 1055 865 1111 verba
899 1055 1194 1125 conquirit,
1221 1062 1284 1110 ut
1314 1055 1692 1125 explanatione

131 1144 348 1210 lectionis
398 1143 656 1216 eﬂ‘ugiat?
701 1144 980 1213 Quomodo
1028 1148 1171 1202 intra
1224 1161 1324 1203 nos
1371 1147 1514 1218 ligna
1572 1161 1691 1202 esse

143 1235 354 1302 docebit,
420 1243 477 1292 et
526 1237 784 1292 arbores?
839 1235 898 1292 Si
943 1252 1050 1291 non
1122 1246 1328 1294 temere
1373 1238 1650 1292 obtrectes
1674 1276 1689 1303 ,

137 1326 226 1396 jam
269 1342 406 1384 nunc
455 1327 691 1384 audies:
744 1328 883 1396 Quia
947 1346 1053 1384 non
1111 1338 1278 1401 potest
1339 1329 1498 1382 arbor
1557 1329 1693 1382 bona

138 1417 306 1472 malm
342 1419 573 1489 fructum
619 1421 832 1491 facere,
886 1438 1050 1494 neque
1108 1422 1266 1476 arbor
1315 1420 1458 1474 mala
1504 1422 1697 1474 bonum

137 1511 338 1579 fructum
373 1512 548 1582 facere
589 1512 807 1586 (Matth.
837 1512 956 1586 vn).
995 1511 1270 1568 Habemus
1303 1527 1432 1582 ergo
1475 1512 1700 1566 arbores

135 1603 258 1657 intra
300 1618 397 1659 nos
449 1605 563 1661 sive
625 1605 796 1662 bonas
842 1605 955 1660 sive
1003 1603 1176 1658 malas
1202 1643 1217 1669 ,
1265 1611 1321 1658 et
1366 1617 1487 1672 quae
1544 1603 1698 1657 bona:

135 1700 241 1746 sunt
292 1691 497 1749 fructus
548 1693 719 1750 malos
783 1693 977 1748 afferre
1041 1708 1149 1747 non
1212 1699 1485 1761 possunt,
1559 1692 1697 1745 sicut

1797 499 1959 554 dicit:
1986 498 2209 554 Gladius
2233 516 2337 554 non
2359 502 2605 555 transibit
2642 502 2890 555 terminos
2932 512 3148 588 vestros,
3175 512 3220 559 et
3243 507 3378 561 dabo

1794 606 1974 662 pacem
2000 593 2218 646 interra
2246 603 2433 647 vestra.
2463 592 2520 647 Si
2546 593 2692 647 enim
2735 607 2933 664 corpus
2979 596 3174 652 stabile
3219 596 3384 654 fuerit

1797 690 1852 738 et
1888 683 2067 738 anima
2109 683 2414 748 fructificet,
2456 685 2635 738 securi
2685 684 2740 738 in
2761 692 2904 740 terra
2947 695 3134 742 nostra
3174 689 3389 744 habita-

1795 772 1973 829 bimus
2002 791 2017 827 :
2051 773 2187 839 Quia
2208 789 2332 827 caro
2356 790 2460 827 non
2494 777 2817 844 concupiscet
2849 776 3098 832 adversus
3136 781 3381 850 spiritum

1794 863 1953 937 (Gal.
1980 882 2012 919 v
2031 866 2072 939 ).
2107 866 2260 923 Unde
2300 882 2398 922 nec
2422 865 2618 922 bellum
2650 883 2748 938 per
2774 875 2974 924 terram
3005 872 3276 937 transibit,
3297 889 3388 928 ue-

1797 966 1906 1023 que
1938 955 2084 1008 enim
2128 955 2350 1010 habebit
2397 961 2608 1026 tempus
2634 957 2688 1011 in
2736 961 3136 1016 resurrectione
3183 976 3386 1017 concu-

1792 1045 2208 1115 piscentiarum,
2233 1046 2299 1101 de
2322 1047 2515 1116 quibus
2545 1049 2619 1103 ait
2650 1048 2881 1106 Iacobus
2913 1070 2924 1106 :
2960 1050 3111 1108 Unde
3152 1053 3286 1109 bella
3335 1065 3388 1110 et

1793 1134 1906 1190 lites
1928 1137 1984 1190 in
2012 1137 2198 1190 vobis?
2229 1135 2421 1192 Nonne
2457 1138 2578 1197 hinc.
2609 1156 2673 1194 ea;
2711 1145 3141 1214 concupiscentiis
3180 1148 3385 1216 vestris,

1791 1244 1910 1299 qua:
1928 1228 2158 1283 militant
2203 1230 2261 1282 in
2299 1229 2544 1284 membris
2571 1231 2788 1298 vestris;
2837 1234 3032 1304 quibus
3072 1237 3386 1306 destructis,

1793 1335 1897 1390 pax
1927 1321 1982 1375 in
2015 1330 2160 1378 terra
2189 1331 2396 1388 nostra,
2445 1323 2562 1393 lege
2588 1324 2683 1379 Dei
2710 1323 3004 1393 refrenata,
3048 1329 3382 1402 proﬂigatur.

1797 1409 1867 1464 Et
1902 1413 2192 1477 dormietis,
2223 1416 2420 1484 inquit.
2465 1413 2524 1469 In
2563 1416 2939 1473 retributionis
2987 1428 3167 1474 autem
3211 1422 3392 1491 specie

1799 1499 1966 1554 etiam
1997 1501 2101 1556 hoc
2124 1501 2404 1573 Scriptura
2431 1519 2586 1560 sacra
2621 1505 2837 1575 posuit;
2869 1506 3128 1562 dormitio
3152 1509 3296 1563 enim
3327 1517 3386 1565 ut

1798 1600 1928 1661 pote
1972 1594 2188 1663 requies
2256 1611 2406 1650 mors
2460 1605 2769 1653 sanctorum
2825 1599 3058 1654 dicitur:
3086 1599 3392 1672 iniquorum

1798 1690 1981 1738 autem
2008 1697 2118 1738 n'on
2144 1693 2228 1739 est
2253 1687 2348 1740 ita.
2374 1685 2474 1741 Cui
2499 1687 2654 1742 testis
2673 1695 2758 1743 est
2791 1688 3152 1746 Ecclesiastes
3181 1707 3194 1744 :
3229 1689 3393 1745 Salus

125 1796 228 1850 qua:
281 1784 441 1838 mala:
488 1791 649 1850 sunt,
702 1785 914 1839 fructus
960 1797 1068 1837 non
1126 1780 1317 1837 afferre
1365 1783 1552 1837 bonos.
1604 1780 1696 1837 Vis
1798 1777 1929 1830 ritas
1961 1786 2138 1831 autem
2171 1778 2345 1832 divitis
2371 1795 2474 1833 non
2504 1779 2628 1833 sinit
2657 1781 2888 1834 dormire
2931 1798 3050 1836 eum
3093 1781 3272 1853 (Eccl.
3299 1767 3388 1853 v).

113 1872 199 1928 tibi
234 1881 288 1929 et
328 1874 604 1930 arborum
644 1875 921 1944 ipsarum,
967 1885 1086 1942 quae
1124 1872 1265 1926 intra
1299 1886 1398 1926 nos
1429 1881 1572 1936 sunt,
1605 1885 1700 1925 vo-

109 1967 291 2021 cabula
341 1976 398 2022 et
463 1965 849 2036 appellationes
906 1963 1223 2033 expediam?
1267 1962 1384 2018 Non
1435 1973 1518 2019 est
1565 1963 1698 2020 ficus

114 2068 214 2108 nec
237 2054 438 2119 maius,
466 2069 564 2109 nec
590 2055 738 2121 vitis,
771 2055 864 2109 sed
887 2068 990 2107 una
1026 2053 1190 2107 arbor
1205 2051 1419 2121 iustitia
1447 2062 1696 2117 vocatur,

118 2142 225 2196 alia
255 2144 560 2212 prudentia,
585 2144 689 2198 alia
715 2142 996 2206 fortitudo,
1045 2142 1150 2196 alia
1200 2142 1553 2211 temperantia
1601 2157 1698 2196 no-

120 2230 371 2286 minatur.
402 2232 466 2285 Et
495 2233 540 2286 si
570 2234 651 2287 vis
677 2233 938 2301 majorem
960 2233 1137 2288 adhuc
1170 2231 1428 2288 arborum
1453 2232 1698 2286 multitu-

122 2319 312 2386 dinem,
337 2319 485 2375 disce
505 2318 701 2390 quibus
723 2319 977 2376 fortassis
1005 2321 1166 2392 digne
1185 2323 1488 2392 putabitur,
1511 2323 1698 2378 consi-

127 2418 202 2467 tus
227 2412 389 2466 etiam
421 2411 704 2482 paradisus
731 2411 825 2468 Dei
853 2420 961 2468 est.
1002 2413 1149 2485 Ergo
1184 2413 1288 2468 alia
1326 2414 1493 2470 arbor
1524 2416 1700 2485 pietas

127 2510 214 2567 est,
242 2508 296 2557 et
317 2501 422 2556 alia
449 2502 611 2558 arbor
635 2503 914 2574 sapientiae
935 2511 1043 2570 est,
1073 2513 1130 2559 et
1157 2503 1262 2559 alia
1277 2504 1577 2576 disciplinae
1593 2514 1697 2572 est,

128 2599 175 2646 et
199 2591 295 2647 alia
315 2593 556 2648 scientiae
581 2593 710 2649 boni
742 2601 798 2648 et
827 2593 955 2648 mali
979 2611 993 2648 :
1017 2609 1182 2664 super
1220 2596 1404 2650 omnia
1453 2611 1584 2652 vero
1619 2606 1702 2652 est

127 2689 174 2735 et
196 2683 350 2738 arbor
376 2683 526 2749 vitae,
557 2683 846 2740 adhibeam
875 2693 1068 2741 testem
1095 2687 1555 2758 sapientissimum
1601 2686 1702 2744 Sa-

127 2768 397 2838 lomonem,
425 2773 699 2829 dicentem
728 2775 797 2830 de
826 2776 1128 2846 sapientia:
1168 2777 1394 2850 Lignum
1435 2781 1556 2834 vita:
1604 2789 1701 2846 est,

128 2861 300 2932 inquit,
336 2867 582 2921 omnibus
624 2869 715 2938 qui
759 2868 1143 2940 amplectuntur
1193 2886 1309 2925 eam
1363 2867 1701 2942 ('ProvJu).

129 2953 175 3008 Si
198 2971 317 3028 ergo
342 2959 616 3030 sapientia
645 2960 850 3030 lignum
870 2961 999 3016 vitae
1024 2970 1128 3028 est,
1155 2961 1273 3017 sine
1299 2961 1462 3017 dubio
1480 2969 1538 3017 ot
1557 2959 1705 3017 aliud

127 3045 305 3117 lignum
329 3061 416 3106 est
444 3051 772 3123 prudentiae,
803 3059 860 3107 et
889 3052 1035 3109 aliud
1057 3051 1308 3122 iustitiae.
1338 3053 1524 3124 Neque
1553 3053 1700 3109 enim

127 3152 508 3215 consequenter
528 3143 806 3200 diceretur
833 3159 901 3201 ex
927 3146 1179 3202 omnibus
1200 3146 1511 3212 virtutibus,
1529 3145 1698 3200 solam

125 3235 424 3304 sapientiam
452 3237 726 3293 meruisse
763 3251 882 3308 quae
921 3237 1129 3311 lignum
1173 3239 1298 3295 vitae
1341 3239 1570 3302 dicatur,
1605 3253 1707 3294 ca!-

125 3332 252 3380 teras
280 3335 462 3382 autem
487 3327 726 3383 virtutes
768 3343 1111 3399 nequaquam
1149 3328 1343 3384 similis
1376 3328 1538 3384 sortis
1582 3342 1704 3384 sus-

125 3419 310 3489 cepisse
334 3421 628 3478 vocabula.
664 3421 832 3494 Ligna
857 3435 988 3492 ergo
1029 3423 1205 3493 campi
1237 3422 1442 3478 dabunt
1470 3420 1706 3478 fructum

123 3520 262 3563 suum
293 3528 306 3564 :
339 3512 707 3582 Apprehendet
755 3516 1003 3570 messium
1043 3515 1238 3568 tritura
1283 3515 1619 3582 vindemiam,
1656 3525 1705 3570 et

122 3598 361 3656 vindemia
394 3604 674 3675 occupabit
695 3617 992 3661 sementem.
1035 3606 1153 3678 (Ea;
1203 3606 1520 3680 Hesychia.)
1571 3608 1707 3676 Quia

123 3688 247 3742 enim
281 3692 482 3748 tritura
515 3701 678 3749 terrae
722 3694 925 3766 colligit
968 3693 1198 3762 fructus,
1241 3695 1509 3751 vindemia
1550 3698 1709 3752 arbo-

124 3790 223 3832 rum
254 3791 407 3838 recte
443 3783 657 3839 fruetus
685 3786 949 3858 corporis,
974 3794 1066 3843 aut
1091 3789 1303 3844 fructus
1336 3787 1530 3844 anima:
1561 3803 1708 3846 com-

124 3871 452 3936 prehendere
479 3873 595 3928 sive
620 3888 910 3944 occupare,
933 3879 1063 3947 quia
1090 3878 1194 3934 hoc
1218 3881 1439 3950 quidem
1470 3880 1708 3936 maxime

124 3961 513 4019 benedictionis
559 3974 664 4031 est,
718 3981 828 4022 uno
879 3968 1178 4039 eodemque
1220 3979 1463 4042 tempore
1515 3971 1709 4028 stabile

124 4061 164 4108 et
193 4055 496 4112 fecundum
521 4068 718 4127 corpus
745 4065 908 4128 atque
933 4059 1168 4123 animam
1199 4061 1254 4115 in
1281 4060 1576 4118 virtutibus
1590 4075 1711 4132 pos-

125 4144 300 4202 sidere.
321 4147 770 4218 Comprehendet
788 4159 971 4206 autem
1000 4153 1116 4208 sive
1137 4153 1707 4224 occupabitvindemia

126 4247 423 4294 sementem.
473 4237 832 4311 Congregans
870 4243 1015 4297 enim
1060 4243 1242 4298 anima
1281 4244 1512 4301 virtutes
1554 4259 1703 4313 suas,

127 4339 236 4381 mox
259 4329 393 4385 alias
424 4328 707 4386 desiderat
730 4346 902 4402 usque
947 4333 1079 4388 dum
1123 4333 1244 4389 illas
1278 4334 1519 4404 attigerit
1563 4334 1701 4391 divi-

130 4417 230 4481 tias,
260 4421 324 4475 ad
359 4436 501 4491 quas
546 4421 746 4477 Paulus
785 4423 1084 4491 festinavit,
1129 4433 1186 4481 et
1219 4433 1506 4497 propterea
1553 4425 1700 4483 dice-

130 4511 508 4586 batzFratres,
538 4537 634 4592 ego
675 4539 755 4576 me
795 4539 898 4576 non
939 4523 1168 4578 arbitror
1210 4525 1698 4595 comprehendisse:

131 4618 265 4660 unum
286 4619 458 4665 autem
480 4627 605 4682 quw
627 4611 838 4681 quidem
859 4620 996 4666 retro
1025 4621 1147 4667 sunt
1176 4612 1387 4681 oblitus,
1412 4614 1468 4668 in
1491 4615 1573 4668 his
1601 4631 1700 4668 au-

131 4701 210 4748 fem
245 4715 355 4768 quce
407 4702 463 4756 in
506 4703 697 4773 priora
730 4708 874 4768 sunt,
909 4709 1166 4768 extentus,
1210 4703 1494 4758 secundum
1529 4703 1700 4758 inten-

132 4783 288 4843 tionem
309 4809 499 4863 sequor
527 4791 603 4846 ad
645 4791 874 4862 palmam
914 4809 1154 4863 superna:
1190 4792 1470 4847 vocationis
1507 4789 1702 4847 Christi

133 4873 278 4944 (Phil.
309 4883 423 4956 In).
459 4884 702 4955 Propter
724 4883 865 4954 quod
888 4891 944 4940 et
977 4887 1180 4940 bonum
1219 4885 1466 4956 sequitur
1510 4897 1696 4940 semen

131 4966 312 5034 plenum
371 4977 715 5032 salutaribus
755 4976 1077 5042 actionibus,
1116 4985 1177 5032 ut
1219 4975 1356 5032 bene
1409 4975 1696 5032 conveniat

132 5063 247 5126 quod
270 5068 512 5137 sequitur
537 5085 551 5123 ε
580 5065 658 5122 Et
685 5065 962 5120 comedetis
986 5081 1173 5135 panem
1206 5077 1432 5121 vestrum
1461 5069 1517 5122 in
1549 5075 1697 5122 satu-

134 5152 276 5212 ritate.
306 5157 361 5214 Si
388 5162 538 5216 enim
561 5160 727 5232 panis
753 5165 939 5215 noster
959 5159 1134 5212 virtus
1157 5165 1260 5224 est,
1285 5159 1352 5214 de
1372 5175 1478 5228 qua
1505 5159 1693 5214 Domi-

134 5257 214 5300 nus
240 5251 444 5310 dicebat
473 5276 487 5310 :
517 5253 832 5326 Operamini
857 5270 960 5332 non
987 5253 1159 5308 cibum
1179 5254 1270 5323 qui
1303 5254 1458 5322 perit,
1495 5255 1583 5307 sed
1605 5255 1695 5325 qui

131 5354 364 5407 permanet
384 5347 441 5402 in
462 5349 634 5403 vitam
664 5355 912 5400 cateruam
937 5344 1132 5420 (Joan.
1163 5343 1272 5418 vr).
1313 5343 1413 5400 Hic
1457 5343 1588 5399 illud
1629 5346 1694 5399 ad

134 5435 406 5495 satietatem
439 5441 718 5506 comedet,
750 5440 803 5495 id
833 5447 939 5504 est,
968 5446 1246 5508 operatur,
1278 5437 1370 5508 qui
1410 5437 1464 5492 in
1504 5450 1695 5506 perpe-

137 5530 212 5581 ῐυο
229 5530 335 5600 ejus
360 5535 666 5606 appetitum
691 5534 873 5588 habet.
907 5532 974 5586 Et
1005 5533 1198 5603 absque
1223 5549 1414 5604 pavore
1437 5530 1695 5585 habitabi-

134 5618 253 5674 tisin
274 5634 406 5680 terra
436 5638 636 5686 vestra,
661 5625 796 5676 dabo
819 5640 1011 5694 ,pacem
1053 5624 1108 5676 in
1143 5621 1336 5692 ﬁnibus
1373 5624 1591 5686 vestris;
1617 5620 1698 5675 vel

135 5715 402 5771 secundum
444 5714 825 5785 Septuaginta,
870 5723 917 5767 et
949 5713 1138 5768 bellum
1185 5731 1286 5769 non
1328 5715 1569 5769 transibit
1606 5729 1697 5784 per

509 5805 790 5865 Pnnon.
827 5803 1018 5867 CVIII

1865 1866 2095 1939 Propter
2119 1870 2261 1939 quod
2296 1883 2440 1926 nunc
2467 1883 2865 1943 consequenter
2884 1874 3093 1930 addidit
3119 1895 3131 1929 :
3167 1874 3238 1929 Et
3281 1889 3387 1930 non

1795 1959 1915 2024 erit,
1937 1959 2027 2030 qui
2056 1969 2332 2016 exterreat.
2373 1961 2476 2029 Qui
2519 1962 2663 2018 enim
2710 1965 2790 2020 sic
2835 1965 2992 2031 vixit,
3033 1969 3387 2038 quemadmo-

1799 2050 1927 2104 dum
1961 2052 2016 2106 in
2066 2052 2437 2122 superioribus
2477 2053 2675 2109 dictum
2718 2063 2824 2122 est,
2871 2072 2980 2112 non
3027 2059 3251 2114 habebit
3298 2059 3391 2129 qui

1798 2155 1924 2196 eum
1953 2149 2173 2214 terreat
2209 2151 2456 2214 tempore
2504 2145 2718 2213 mortis,
2765 2163 2886 2218 quae
2933 2149 3093 2204 nobis
3140 2150 3395 2207 dormitio

1799 2243 1903 2300 est,
1936 2245 2160 2307 propter
2197 2251 2348 2307 spem
2395 2248 2735 2294 mortuorum
2785 2242 3220 2296 resurrectionis.
3275 2241 3394 2297 Non

1799 2327 2021 2382 habebit
2051 2336 2231 2383 autem
2259 2328 2351 2398 qui
2381 2337 2679 2395 exterreat,
2717 2331 2852 2386 nihil
2888 2331 2991 2386 sibi
3014 2331 3286 2398 conscius,
3326 2334 3394 2389 de

1799 2432 1906 2488 quo
1932 2426 2221 2474 terreatur.
2258 2419 2512 2492 Λαίδι-ατη
2539 2421 2707 2476 malas
2737 2422 2946 2491 bestias,
2985 2422 3240 2480 videlicet
3279 2424 3391 2480 dae-

1802 2528 2006 2570 mones.
2042 2513 2238 2570 Bestiae
2266 2515 2410 2570 enim
2435 2522 2649 2570 suntex
2684 2515 2849 2571 simili
2887 2516 3116 2583 malitia,
3150 2517 3388 2588 primum

1801 2605 1944 2660 sicut
1997 2605 2248 2668 latentes,
2299 2605 2492 2661 deinde
2532 2613 2593 2660 ut
2633 2620 2902 2663 venenum
2955 2609 3297 2679 importabile
3340 2617 3398 2666 et

1801 2695 2142 2752 mortiferum
2179 2697 2462 2752 habentes.
2494 2695 2879 2768 Persequimini
2898 2699 3139 2755 inimicos
3173 2710 3392 2757 vestros.

1803 2785 1921 2841 Non
1941 2795 2169 2856 possunt
2193 2788 2339 2843 enim
2363 2798 2490 2844 ante
2517 2788 2711 2844 faciem
2737 2805 2947 2856 eorum,
2971 2793 3063 2863 qui
3093 2791 3393 2848 secundum

1804 2879 1976 2949 legem
2001 2881 2191 2935 vivunt
2218 2889 2382 2936 stare.
2433 2881 2503 2934 Et
2550 2892 2793 2936 corruent
2843 2899 3023 2936 coram
3065 2882 3228 2938 vobis.
3278 2883 3394 2951 Qua
3479 2886 3483 2890 ”

1805 2970 2016 3026 morte?
2051 2981 2170 3039 quae
2199 2978 2286 3025 est
2319 2970 2504 3041 utique
2536 2984 2632 3041 per
2657 2969 2922 3040 jejunium
2977 2980 3032 3026 et
3073 2971 3394 3029 orationem.

1805 3056 1920 3115 Hoc
1942 3059 2087 3114 enim
2116 3059 2275 3115 modo
2290 3060 2471 3115 nostri
2501 3059 2865 3132 intelligibiles
2891 3061 3096 3117 inimici
3119 3060 3394 3119 daemones

1810 3148 2216 3215 interimuntur,
2251 3157 2311 3204 ut
2332 3165 2672 3221 nequaquam
2704 3149 2844 3206 ultra
2883 3159 3071 3206 contra
3126 3167 3225 3208 nos
3274 3169 3400 3225 pos-

1807 3241 1918 3296 sint
1951 3239 2293 3296 reviviscere.
2329 3239 2482 3296 Unde
2508 3247 2563 3295 et
2597 3240 2860 3296 Dominus
2906 3242 3165 3312 apostolis
3215 3243 3398 3314 inqui-

1805 3333 2074 3399 rentibus,
2104 3348 2204 3389 cur
2243 3341 2491 3389 mutuum
2535 3340 2591 3388 et
2633 3334 2854 3390 surdum
2908 3335 3255 3403 daemonium,
3299 3337 3398 3407 eji-

1805 3439 1932 3481 cere
1979 3425 2200 3480 minime
2225 3425 2550 3496 potuissent,
2576 3425 2856 3496 respondit
2886 3443 2898 3479 :
2925 3424 3042 3480 Hoc
3085 3444 3246 3498 genus
3294 3444 3398 3482 non

1805 3514 2016 3585 ejicitur
2045 3517 2148 3570 nisi
2174 3532 2266 3586 per
2280 3515 2546 3585 jejunium
2568 3524 2616 3570 et
2645 3516 2956 3570 orationem.
3008 3515 3399 3587 Persequentur

1805 3605 2031 3674 quinque
2053 3605 2116 3658 de
2143 3605 2285 3658 vobis
2307 3614 2511 3658 centum
2538 3603 2737 3659 alienos
2762 3604 2979 3676 (Matth.
3004 3605 3160 3676 xvu),
3182 3607 3315 3671 sive,
3335 3615 3398 3660 ut

1809 3693 2182 3764 Septuaginta,
2225 3694 2476 3764 expetient
2513 3695 2910 3764 quinquaginta.
2956 3694 3188 3749 Centum
3245 3696 3401 3767 quin-

1806 3785 2067 3858 quaginta
2096 3784 2330 3840 dicimus
2353 3783 2653 3854 spiritalem
2675 3784 2971 3850 hominem,
2999 3784 3125 3854 quia
3155 3783 3242 3840 die
3263 3785 3399 3840 Pen-

1805 3887 2041 3935 tecostes
2077 3877 2315 3948 Spiritus
2338 3878 2404 3933 de
2425 3875 2564 3932 coelo
2600 3875 2900 3932 descendit.
2947 3877 3089 3948 Ergo
3134 3877 3400 3948 spiritalis

1806 3969 1898 4028 ille
1921 3970 2137 4041 qualem
2161 3968 2362 4024 Paulus
2390 3969 2605 4024 dicebat
2634 3986 2647 4022 :
2677 3968 2948 4039 Spiritalis
2978 3978 3150 4024 autem
3181 3970 3396 4041 judicat

1807 4061 1985 4116 omnia
2006 4071 2052 4116 et
2075 4061 2182 4132 ipse
2212 4078 2244 4114 a
2271 4061 2474 4114 nemine
2488 4060 2766 4130 judicatur
2796 4059 2814 4131 (
2832 4059 2863 4113 I
2890 4058 3012 4117 Cor.
3055 4060 3151 4133 ιι),
3196 4062 3250 4117 id
3289 4069 3392 4129 est,

1783 4148 1901 4222 ‘qui
1955 4151 2236 4208 scientiam
2281 4149 2580 4222 perfectam
2631 4135 2792 4206 habet
2816 4153 2884 4206 ad
2916 4150 3169 4207 subtilem
3205 4168 3392 4208 eorum

1805 4259 1924 4318 quae
1951 4247 2157 4318 agenda
2185 4253 2313 4300 sunt
2336 4245 2738 4311 discretionem,
2766 4244 2854 4300 hic
2881 4247 3131 4318 quamvis
3154 4247 3390 4303 validum

1802 4341 2124 4407 daemonem,
2149 4340 2297 4395 verbi
2325 4340 2520 4413 gratia,
2543 4340 2634 4410 qui
2657 4347 2742 4394 est
2769 4355 2833 4394 ex
2860 4341 2940 4396 eis
2963 4357 3127 4412 supra
3150 4351 3392 4409 centum,

1721 4458 1778 4523 Β
1801 4441 1858 4489 et
1886 4433 1978 4506 qui
2014 4432 2176 4504 Legio
2212 4431 2773 4523 appelleturpropter
2822 4431 3222 4523 multitudinem
3265 4434 3394 4488 obe-

1803 4523 2068 4578 dientium
2091 4523 2140 4577 ei
2165 4522 2431 4577 malorum
2457 4521 2745 4592 spirituum
2773 4529 2828 4574 et
2845 4520 3270 4590 COOperantium,
3296 4538 3391 4578 va-

1801 4613 1876 4670 let
1901 4628 2158 4685 superare
2185 4622 2345 4683 atque
2374 4613 2613 4667 vincere.
2659 4607 2730 4664 Et
2755 4619 2960 4663 centum
2982 4627 3009 4665 e
3028 4611 3171 4665 vobis
3211 4612 3389 4668 decem

1803 4706 1991 4760 millia.
2028 4704 2132 4772 Qui
2161 4703 2306 4758 enim
2337 4718 2444 4757 non
2474 4703 2651 4758 solum
2688 4701 2970 4756 scientiam
3007 4701 3172 4758 habet
3216 4706 3389 4761 subti-

1801 4797 1929 4863 lem,
1960 4797 2055 4851 sed
2078 4803 2133 4851 et
2165 4785 2333 4850 vitam
2380 4792 2676 4865 perfectam
2723 4801 2885 4863 atque
2932 4808 3386 4866 consummatam,

1803 4888 1895 4945 hic
1927 4886 2120 4958 duplex
2169 4885 2565 4957 quodammodo
2594 4885 2852 4956 Spiritalis
2879 4895 2982 4954 est,
3014 4896 3070 4944 et
3097 4899 3386 4961 propterea

1803 4982 2115 5038 centenario
2145 4995 2373 5035 numero
2403 4978 2754 5036 honorandus
2777 4989 2879 5050 est,
2926 4981 3068 5038 sicut
3114 4983 3382 5054 duplicem

1801 5072 2035 5129 fructum
2069 5071 2250 5128 ferens
2283 5071 2337 5126 in
2373 5070 2563 5141 spiritu
2593 5079 2755 5142 atque
2783 5073 3082 5144 perfectum
3114 5092 3126 5129 :
3158 5074 3224 5130 de
3253 5091 3384 5148 quo,

1801 5168 2061 5237 majorem
2091 5165 2338 5221 Christus
2369 5178 2477 5218 non
2506 5163 2652 5229 dicit,
2687 5167 2781 5221 sed
2820 5165 3136 5239 frequenter
3182 5168 3378 5223 bonam

1803 5269 2005 5314 terram
2025 5257 2305 5310 insinuans
2325 5254 2537 5309 dicebat
2561 5271 2574 5308 :
2595 5253 2765 5325 Aﬁert
2775 5256 3005 5326 fructum
3032 5256 3379 5324 trigesimum,

1795 5361 1845 5408 et
1871 5350 2246 5420 sexagesimum
2267 5357 2314 5401 et
2339 5349 2673 5403 centesimum
2696 5347 2919 5421 (Matth.
2942 5345 3093 5418 xm).
3127 5345 3226 5400 Hic
3253 5359 3384 5416 ergo

1799 5443 1966 5499 millia
2021 5439 2256 5494 hostium
2311 5438 2599 5507 subjicere,
2642 5454 2830 5495 omnes
2868 5437 3119 5492 videlicet
3166 5443 3382 5488 contra-

1799 5537 1910 5590 rias
1930 5534 2176 5598 virtutes,
2200 5538 2259 5585 ut
2292 5541 2418 5602 pote
2466 5533 2557 5601 qui
2597 5532 2858 5585 virtutum
2899 5528 3062 5583 habet
3095 5525 3385 5596 perfectio-

1802 5641 1944 5688 nem,
1975 5629 2171 5692 potest.
2196 5621 2475 5689 Quomodo
2506 5630 2683 5674 autcm
2711 5615 2961 5686 sulijicit?
2987 5613 3045 5668 In
3076 5616 3241 5670 verbo
3275 5625 3378 5670 utt-

1804 5726 1906 5779 que
1929 5708 2042 5765 Dci.
2067 5707 2155 5762 Ait
2181 5709 2322 5763 enim
2355 5727 2364 5760 :
2401 5707 2466 5759 Et
2501 5707 2681 5758 cadent
2722 5701 2920 5753 inimici
2966 5701 3116 5753 rastri
3152 5701 3205 5756 in
3250 5721 3380 5764 con-

2858 5791 2932 5852 18
