3892 6346
477 301 584 362 555

1135 297 1198 353 B.
1238 292 1494 352 BABANI
1529 292 1750 351 MAURI
1786 290 2060 350 ARCHIEI

2166 286 2456 347 IOGUNT.
2494 287 2783 348 ορειιυΜ
2817 287 3001 347 PARS
3035 288 3079 345 Ι.

3632 294 3737 352 556

474 425 647 494 speclu
675 424 842 472 vestro
862 413 1061 486 gladio.
1096 408 1250 466 illum
1295 409 1483 465 dicens
1527 421 1686 478 quem
1732 406 1929 462 Paulus
1974 405 2058 461 sic
2082 409 2134 470 Α
2160 405 2278 475 ipso
2296 402 2489 475 spiritu
2508 406 2784 462 mutabilis
2806 414 2910 470 est,
2945 406 3085 465 sicut
3114 407 3321 474 anima,
3366 410 3465 466 sed
3505 413 3742 484 spiritu;

473 514 718 572 scribens
744 504 997 579 exposuit
1025 517 1043 557 :
1072 517 1197 558 cum
1224 502 1373 556 enim
1405 501 1554 571 prius
1599 498 1841 564 dixisset,
1877 498 2058 552 initnin

473 612 661 659 Comm
696 598 888 663 millia,
914 596 966 651 id
986 600 1089 659 est,
1114 606 1221 646 non
1248 599 1325 645 est
1352 591 1499 645 nobis
1534 588 1833 643 colluctatio
1875 588 2058 642 udumt~

472 712 563 751 sus
589 708 797 748 carnem
822 701 872 745 et
911 687 1242 760 sanguinem,
1283 684 1375 740 sed
1418 685 1668 739 adversus
1706 684 1966 755 principes
2006 689 2056 736 et

471 794 769 859 pblestates,
804 783 1077 838 adversum
1099 778 1285 834 mundi
1321 784 1545 832 rectores
1585 776 1915 831 tenebrarum
1961 774 2059 829 Ita-

475 899 614 950 rum,
639 881 887 936 adversus
920 876 1179 950 spiritalia
1206 872 1447 945 nequitia:
1469 873 1524 927 in
1547 870 1856 936 amicalibus,
1878 869 2061 926 subin-

473 974 578 1031 fcrt
612 992 624 1027 :
654 968 941 1043 Propterea
987 968 1205 1039 accipite
1238 973 1562 1020 armaturam
1614 963 1734 1029 Dei,
1777 976 1940 1033 quam
1978 961 2056 1015 sic

475 1065 700 1139 gillatim
729 1063 1079 1118 dinumerans
1099 1060 1175 1113 ait
1207 1076 1221 1112 :
1255 1058 1325 1111 Et
1358 1056 1589 1128 gladium
1636 1056 1874 1125 spiritus,
1918 1051 2057 1125 quod

475 1168 547 1213 cst
575 1156 781 1211 verbum
805 1154 917 1208 Dei.
953 1151 1245 1221 Respiciam
1276 1165 1363 1203 vos
1391 1163 1409 1202 ε
1433 1147 1570 1214 Quid
1593 1155 1675 1200 est
1696 1146 1841 1201 enim
1868 1145 2059 1201 melius

476 1256 635 1319 Quam
663 1244 858 1317 respici
884 1256 912 1297 a
937 1244 1062 1307 Deo,
1094 1240 1249 1308 cujus
1271 1245 1550 1310 reSpectus
1571 1237 1718 1291 salus
1740 1237 1854 1291 est?
1883 1234 2055 1290 Aver-

475 1342 611 1397 satio
638 1352 784 1394 mors
812 1343 916 1391 est.
944 1334 1015 1389 Et
1044 1348 1275 1389 crescere
1297 1332 1515 1402 faciam,
1546 1339 1595 1384 et
1617 1328 2059 1399 multiplicamini-

475 1434 529 1489 ni
561 1447 579 1483 .·
604 1430 779 1502 Auget
798 1443 897 1483 nos
926 1426 1167 1497 quidem:
1189 1436 1309 1479 cum
1332 1436 1499 1493 parva
1529 1422 1668 1477 bona
1695 1435 1816 1492 quae
1828 1420 2056 1492 agimus,

474 1525 709 1579 maxima
760 1520 890 1576 facit
933 1530 1195 1590 apparere
1223 1534 1237 1583 ;
1263 1515 1589 1586 multiplicat
1632 1520 1834 1580 autem,
1886 1524 2059 1583 pauca

472 1632 718 1674 crescere
747 1614 952 1670 faciens
980 1611 1037 1666 in
1063 1608 1268 1665 multis.
1312 1608 1392 1662 An
1443 1622 1551 1662 non
1594 1618 1797 1676 augens
1840 1610 2061 1659 nostras

472 1710 702 1764 virtutes
759 1712 813 1759 et
866 1700 1221 1772 magnificans
1280 1697 1491 1752 dicebat
1522 1712 1535 1750 :
1568 1694 1818 1761 Quandiu
1865 1692 2062 1761 fecistis

2159 506 2243 553 est
2270 498 2438 564 Deus,
2469 506 2526 553 et
2549 513 2762 568 semper
2788 500 2841 553 ei
2864 500 3007 555 idem
3029 513 3169 565 esse,
3194 503 3337 571 apud
3366 521 3517 574 qum
3540 523 3735 568 mea

2159 585 2731 685 commutatiollacob.
2755 592 2830 665 ι),
2855 593 2993 650 Hine
3026 604 3209 651 autem
3231 610 3557 668 acceperunt
3574 604 3742 675 Apol.

2157 682 2417 739 linaristse
2427 682 2893 755 occasionem,qui
2911 686 3101 741 dicunt
3115 689 3741 754 animammnbabnisss

2159 777 2515 832 medietatem
2554 777 2651 832 Dei
2698 787 2757 832 et
2795 778 3109 844 hominum,
3152 778 3428 841 hominem
3465 784 3737 847 Christum

2159 867 2362 933 losum,
2390 872 2485 924 sed
2517 876 2729 923 tantum
2775 871 3003 926 verbum
3032 879 3086 925 et
3110 884 3333 927 caenam
3377 872 3575 941 finisse,
3621 892 3735 934 eum

2160 960 2363 1016 ticeret
2389 982 2402 1015 :
2434 960 2625 1016 Tristis
2646 972 2719 1016 est
2747 963 2925 1016 enim
2946 978 3063 1016 mea
3087 976 3251 1034 usque
3271 966 3342 1018 ad
3376 976 3621 1033 mortem,
3650 970 3735 1025 sed

2161 1053 2278 1123 ipso
2303 1052 2423 1119 ejus
2448 1060 2573 1108 actu
2598 1052 2691 1122 qui
2726 1053 2883 1108 nobis
2916 1066 3018 1121 per
3041 1053 3407 1124 evangelicum
3430 1056 3736 1115 declaratur

2160 1144 2443 1199 historiam
2474 1144 2555 1199 sic
2594 1152 2856 1215 apparent
2901 1146 3153 1201 humanm
3198 1147 3395 1205 animae
3430 1146 3642 1216 ofﬁcis,
3684 1160 3733 1208 ut

2158 1235 2288 1291 hinc
2319 1236 2569 1290 dubitare
2595 1236 2862 1291 dementis
2890 1236 2981 1291 sit.
3004 1236 3299 1291 Ambulubo
3316 1240 3455 1293 inter
3474 1258 3566 1295 vos
3582 1252 3631 1295 et
3652 1259 3730 1297 ero

2160 1338 2325 1384 vester
2346 1329 2509 1396 Deus,
2542 1346 2731 1401 vosque
2754 1331 2901 1385 eritis
2919 1330 3142 1401 populus
3189 1346 3359 1386 meus.
3404 1333 3529 1404 (Ea:
3576 1334 3729 1405 Hesy—

2162 1421 2332 1491 chio.)
2355 1420 2556 1492 Aperte
2592 1428 2771 1476 autem
2797 1423 3106 1478 etiam-haec
3124 1439 3156 1477 a
3175 1425 3439 1494 propheta
3462 1428 3727 1497 puerilem,

2162 1511 2638 1569 sicutLXXeditio
2654 1514 2918 1580 continet,
2946 1515 3150 1583 scripta
3178 1524 3306 1573 sunt
3326 1534 3337 1569 ε
3355 1516 3461 1570 His
3481 1516 3627 1574 Dm
3654 1535 3733 1572 uo-

2160 1612 2286 1671 ster,
2314 1620 2419 1660 non
2440 1604 2773 1676 reputabitur
2794 1605 2932 1659 alius
2958 1606 3027 1659 ad
3055 1621 3173 1660 eum
3198 1621 3218 1657 :
3240 1616 3359 1677 post
3393 1608 3508 1661 lim
3527 1610 3582 1663 in
3606 1619 3735 1664 tem

2159 1697 2301 1752 risus
2327 1706 2421 1762 est,
2446 1706 2494 1751 et
2516 1714 2637 1751 cum
2661 1697 2957 1751 hominibus
2986 1705 3322 1753 conversatus
3360 1707 3437 1753 est
3482 1698 3728 1769 (Burni.

474 1799 564 1853 ιωιὶ
592 1797 655 1851 de
685 1795 911 1850 minimis
936 1794 1037 1857 his,
1081 1790 1210 1843 mihi
1253 1787 1494 1859 fecistis?
1526 1784 1753 1857 (Matth.
1802 1782 1964 1854 xxv.)
1999 1782 2063 1837 Et
2091 1780 2139 1854 Β
2166 1787 2262 1858 ιιι)
2295 1807 2308 1841 :
2337 1788 2482 1857 quod
2513 1802 2620 1843 non
2655 1790 2875 1858 egisset,
2897 1788 3060 1843 sinos
3091 1798 3457 1844 avet-seretur.
3483 1788 3730 1863 Nouem

474 1887 834 1958 multiplicans
862 1892 1072 1946 rursus,
1101 1880 1329 1935 Paulum
1360 1877 1599 1933 scribere
1634 1874 1904 1929 faciebat:
1938 1872 2061 1928 Non

471 1984 610 2039 enim
633 1977 855 2042 occides,
880 1990 983 2029 non
1006 1970 1348 2035 adulterabis,
1393 1983 1499 2023 non
1539 1967 1893 2043 concupisces,
1927 1974 1975 2018 et
2013 1964 2063 2018 si

470 2072 610 2144 quod
635 2079 711 2123 est
760 2066 909 2122 aliud
950 2063 1277 2125 mandatum,
1335 2059 1432 2113 hoc
1479 2059 1630 2113 verba
1676 2058 2005 2110 instauratur
2040 2068 2058 2105 :

471 2160 666 2233 Diliges
688 2158 981 2232 proximum
1025 2163 1171 2207 tuum
1220 2151 1355 2206 sicut
1398 2150 1618 2220 teipsum
1670 2145 1861 2218 (Rom.
1902 2145 2056 2214 xm),

469 2255 637 2310 multa
678 2253 929 2307 mandata
982 2244 1219 2303 efﬁciens
1270 2243 1373 2299 hoc
1412 2257 1579 2296 unum
1628 2240 1964 2303 mandatum,
2001 2245 2062 2291 ut

470 2358 569 2403 nos
599 2350 950 2415 assequentes
977 2339 1107 2396 illud
1135 2338 1330 2394 divites
1366 2334 1681 2391 efﬁciamur.
1717 2332 1886 2387 Nimis
1934 2345 2062 2399 ergo

470 2447 771 2508 opportuna
820 2440 947 2489 sunt
996 2447 1115 2503 qum
1172 2436 1517 2499 sequuntur:
1554 2423 1807 2478 Firmabo
1851 2432 2061 2493 pactum

470 2538 640 2581 meum
670 2525 949 2579 uobiscum.
982 2519 1111 2590 Ejus
1137 2521 1355 2591 quidem
1379 2523 1598 2589 pactum
1625 2524 1752 2570 sunt
1779 2513 2059 2585 praedicta,

468 2632 567 2690 per
594 2615 975 2672 retributiones
1010 2620 1187 2666 autem
1229 2610 1359 2665 illud
1395 2608 1595 2663 firmat.
1638 2606 1791 2672 Quod
1838 2603 2065 2658 nianife-

470 2715 617 2764 stant
667 2722 785 2778 quae
844 2713 1160 2775 sequuntur.
1220 2702 1511 2756 Comedetis
1552 2699 1900 2754 vetustissima
1934 2705 2065 2750 uete-

469 2812 586 2854 rum
600 2817 619 2866 ;
647 2801 781 2865 sive,
811 2804 869 2852 ut
898 2797 1269 2868 Septuaginta,
1294 2794 1349 2849 id
1368 2802 1468 2859 est,
1490 2808 1609 2863 qua:
1629 2791 1767 2846 vobis
1789 2806 1879 2861 per
1902 2789 2065 2859 legem

468 2902 516 2948 et
556 2892 831 2965 prapltctas
870 2891 1127 2962 promissa
1172 2896 1313 2953 sunt,
1347 2896 1395 2941 et
1431 2895 1604 2939 vetera
1649 2892 1905 2948 veterum,
1948 2895 2066 2950 qua!

466 3002 566 3060 per
593 2985 935 3041 Patriarchas
960 2983 1017 3037 in
1047 2996 1235 3038 eorum
1282 2977 1747 3035 benedictionibus
1790 2973 2061 3046 promisit.

468 3068 540 3132 Et
594 3086 767 3131 vetera
820 3076 963 3129 novis
1019 3068 1492 3144 supervenientibus
1556 3067 1862 3139 projicietis.
1935 3064 2065 3131 Qut‘e

2162 1892 2263 1936 nos
2287 1880 2632 1935 abominatus
2658 1889 2763 1945 est,
2791 1881 2887 1936 sed
2918 1889 2973 1935 et
3003 1881 3342 1936 inambulare
3370 1882 3425 1936 iu
3451 1882 3604 1938 nobis
3638 1896 3732 1952 per

2162 1988 2389 2029 carnem
2426 1971 2618 2037 voluit,
2660 1978 2717 2027 et
2743 1972 2860 2026 fieri
2901 1979 3091 2027 noster
3130 1972 3291 2037 Deus,
3343 1986 3470 2029 eum
3510 1977 3647 2028 essm
3681 1980 3730 2027 et

2160 2063 2331 2134 prius,
2357 2063 2451 2118 scd
2472 2064 2707 2134 ignotus,
2735 2063 2862 2133 quia
2881 2077 2981 2118 nos
3002 2064 3179 2118 errori
3204 2064 3483 2135 conjuncti
3507 2080 3724 2120 eramus.

2161 2155 2243 2209 Ex
2266 2169 2373 2225 quo
2403 2160 2582 2209 autem
2605 2169 2706 2209 nos
2734 2155 2955 2225 proprio
2984 2156 3116 2210 emit
3137 2156 3423 2226 sanguine,
3465 2157 3603 2212 Deus
3644 2171 3731 2212 no-

2164 2254 2279 2301 ster
2302 2245 2475 2301 factus
2504 2254 2608 2311 est,
2631 2254 2685 2299 et
2709 2260 2817 2299 nou
2839 2262 3013 2312 suam,
3040 2246 3251 2316 plebem
3292 2262 3443 2302 suam
3486 2247 3627 2303 fecit.
3667 2247 3731 2302 Et

2165 2340 2287 2408 quis
2310 2348 2390 2393 est
2415 2338 2509 2409 qui
2533 2340 2650 2394 haec
2680 2336 2844 2393 fecit?
2872 2337 2987 2409 Ego
3015 2338 3274 2392 Dominus
3295 2337 3437 2393 Deus
3466 2340 3735 2410 ναίω,ῃί

2164 2429 2327 2484 eduxi
2354 2446 2441 2485 cos
2473 2431 2535 2483 de
2572 2439 2713 2483 terra
2749 2428 2970 2500 .Eggpti
2998 2446 3061 2483 ne
3083 2430 3345 2483 seroiretis
3377 2430 3473 2483 eis.

2236 2521 2389 2589 Quod
2428 2522 2473 2576 si
2510 2521 2594 2575 vis
2625 2535 2953 2591 cognoscere
2977 2521 3125 2595 lucc,
3152 2520 3324 2575 Exodi
3353 2521 3543 2586 verba,
3567 2520 3650 2577 sei
3682 2526 3731 2576 et

2167 2613 2465 2683 Evangelii,
2512 2627 2610 2682 per
2650 2613 2893 2668 ordinem
2924 2613 3152 2667 discute.
3185 2612 3331 2668 Dixit
3360 2621 3545 2669 autem
3574 2613 3730 2668 Domi-

2168 2719 2271 2759 nus
2296 2704 2366 2759 ad
2395 2702 2612 2775 Moysen
2639 2722 2652 2757 :
2688 2700 2808 2755 Vidi
2831 2704 3161 2774 afflictionem
3191 2703 3372 2774 populi
3400 2706 3503 2758 mei
3523 2706 3573 2758 iu
3588 2702 3731 2773 £93-

2165 2804 2277 2867 pto,
2301 2806 2346 2849 et
2370 2795 2648 2848 clamorem
2676 2795 2791 2865 ejus
2818 2793 3016 2859 audiri,
3043 2804 3255 2865 propter
3283 2794 3542 2848 duritiam
3576 2809 3729 2850 eorum

2162 2889 2259 2958 qui
2295 2896 2526 2956 prterunt
2567 2885 2840 2957 operibus;
2864 2896 2911 2940 et
2940 2886 3107 2941 sciens
3134 2885 3371 2940 dolorem
3386 2888 3527 2957 ejus,
3549 2888 3731 2941 descen-

2170 2974 2225 3033 di
2260 2980 2479 3034 liberare
2500 2995 2588 3033 eos
2610 2978 2674 3031 de
2699 2979 2942 3033 manibus
2963 2976 3363 3050 Egyptiorum,
3387 2988 3439 3034 et
3455 2981 3656 3033 educere
3676 2978 3731 3031 de

2172 3080 2312 3125 terra
2335 3070 2428 3124 illa
2448 3072 2505 3125 in
2532 3080 2728 3125 terram
2751 3070 2940 3125 bonam
2971 3079 3019 3124 ct
3050 3072 3369 3141 spatiosum,
3395 3088 3516 3143 qua:
3531 3072 3635 3141 fiuit
3662 3070 3732 3123 lac

471 3178 597 3225 sunt
630 3167 804 3223 nova?
830 3165 1153 3236 Evangelica
1176 3162 1445 3217 videlicet.
1486 3160 1622 3215 Nam
1653 3174 1775 3214 cum
1831 3156 2067 3211 maxima
2096 3147 2141 3212 C
2172 3169 2219 3214 ct
2248 3160 2351 3215 mel
2380 3159 2589 3232 (Exod.
2618 3161 2731 3233 tu).
2758 3160 2826 3215 Et
2850 3162 2971 3230 quis
2999 3162 3071 3216 sit
3097 3162 3189 3231 qui
3234 3162 3534 3217 introducit.
3554 3162 3602 3216 in
3621 3175 3736 3229 pro-

472 3258 586 3315 sint
612 3272 675 3311 ea
698 3270 818 3326 quae
846 3271 945 3325 per
973 3253 1331 3323 patriarchas,
1357 3254 1528 3323 legem
1556 3259 1611 3305 et
1638 3248 1932 3320 prephetas
1951 3247 2067 3318 pol-

471 3348 623 3404 licita
661 3355 802 3410 sunt,
840 3353 1019 3399 tamen
1046 3359 1144 3415 per
1171 3341 1518 3411 Evangelium
1550 3340 1817 3411 promissa
1855 3338 2063 3408 majora

471 3446 599 3497 sunt
632 3458 644 3493 :
672 3445 893 3509 propter
913 3436 1057 3506 quod
1083 3435 1278 3489 horum
1312 3432 1715 3503 comparatione
1736 3429 1827 3484 illa
1854 3445 1884 3483 a
1912 3428 2067 3483 nobis

471 3529 740 3602 superﬂua
777 3527 1108 3598 iudicantur.
1180 3525 1320 3581 Ecce
1379 3524 1523 3580 enim
1564 3522 1878 3594 capitulum,
1922 3521 2065 3591 quod

472 3632 642 3680 totum
670 3622 1099 3679 benedictionem
1128 3620 1436 3683 conﬁrmat,
1484 3618 1670 3681 infert,
1705 3615 1759 3670 id
1790 3624 1893 3681 est,
1945 3628 2065 3683 quae

469 3732 569 3790 per
591 3713 957 3787 evangelicum
991 3720 1109 3768 acta
1138 3718 1263 3767 sunt
1299 3718 1353 3765 et
1381 3709 1599 3781 impleta
1646 3707 1875 3780 gratiam
1912 3723 1925 3759 :
1959 3703 2066 3760 Po-

470 3824 594 3865 nam
624 3805 1018 3863 tabernaculum
1058 3818 1229 3858 meum
1278 3805 1333 3856 in
1380 3801 1550 3856 medio
1580 3801 1752 3865 vestri,
1780 3799 1884 3865 vel,
1926 3798 2067 3852 sicut

472 3898 823 3973 Septuaginta
841 3915 853 3952 :
873 3896 1199 3952 Constituam
1213 3900 1577 3948 testamentum
1590 3904 1762 3943 meum
1775 3888 2062 3954 vobiscum,

471 3993 615 4067 quod
640 3993 869 4056 esthoc,
907 3988 963 4044 in
995 3980 1103 4058 quo
1132 3998 1270 4041 nova
1318 3984 1587 4056 promisit,
1627 3980 1779 4051 cujus
1820 3981 1897 4037 sic
1936 3992 2063 4050 pro-

472 4086 637 4157 pheta
663 4080 924 4137 Jeremias
950 4078 1266 4133 memoriam
1289 4075 1418 4131 facit
1443 4090 1456 4128 :
1483 4074 1553 4129 Et
1571 4074 1885 4128 constituam
1921 4071 2063 4127 vobis

476 4179 845 4228 testamentum
874 4182 1083 4232 novum,
1109 4182 1215 4220 non
1239 4166 1523 4220 secundum
1544 4172 1908 4218 testamentum
1923 4161 2063 4233 quod

475 4262 709 4334 disposui
755 4257 991 4331 patribus
1024 4256 1204 4311 vestris
1248 4255 1477 4328 (Jerem.
1529 4256 1716 4326 xxxx).
1766 4253 1863 4309 His
1918 4254 2062 4309 enim

478 4355 766 4427 conjuncta
809 4356 935 4407 sunt
971 4356 1027 4405 et
1064 4363 1182 4419 quae
1218 4356 1521 4418 sequuntur
1552 4346 1789 4401 maxime
1813 4363 1827 4401 :
1851 4347 1921 4401 Et
1959 4362 2063 4402 non

474 4446 861 4506 abominabitur
883 4444 1065 4498 anima
1090 4456 1207 4495 mea
1228 4457 1334 4496 vos.
1383 4437 1500 4511 (Ea:
1528 4438 1876 4511 Augustino.)
1924 4438 2057 4493 Ani-

475 4558 621 4600 mam
658 4556 813 4597 suam
850 4538 995 4595 Deus
1034 4535 1370 4601 voluntatem
1400 4548 1552 4589 suam
1581 4532 1742 4600 dicit;
1773 4548 1881 4587 non
1908 4534 2054 4587 enim

474 4640 558 4691 est
578 4631 776 4686 animal
796 4630 1006 4684 habens
1020 4640 1215 4698 corpus
1234 4631 1290 4681 et
1308 4625 1576 4692 animam;
1601 4638 1778 4695 neque
1813 4625 2056 4680 substan-

473 4727 552 4782 tia
577 4723 693 4796 ejus
712 4721 976 4793 ejusmodi
1011 4728 1115 4788 est,
1139 4718 1440 4792 cujusmodi
1461 4725 1711 4775 creatura
1753 4718 1894 4788 ejus,
1938 4732 2056 4788 qua:

475 4818 657 4876 anima
684 4817 901 4882 dicitur,
926 4828 1090 4885 quam
1114 4814 1231 4885 ipse
1257 4813 1403 4878 fecit,
1429 4812 1569 4867 sicut
1586 4826 1686 4882 per
1712 4824 1773 4867 se
1800 4810 1915 4882 jam
1942 4810 2058 4880 ipse

476 4906 937 4969 testaturdicens
969 4924 982 4959 :
1009 4905 1078 4960 Et
1121 4920 1323 4960 omnem
1366 4905 1553 4974 flatum
1599 4918 1692 4973 ego
1740 4902 1838 4972 feci
1867 4916 1887 4958 :
1915 4901 2060 4971 quod

476 5018 602 5058 eum
627 5001 692 5057 de
720 4999 901 5054 anima
926 4997 1161 5052 hominis
1198 4996 1395 5063 dicere,
1447 4993 1834 5064 consequentia
1881 4993 2058 5048 mani-

477 5092 699 5149 festant.
723 5088 879 5146 Sicut
897 5101 1027 5159 ergo
1046 5101 1173 5143 cum
1195 5086 1328 5143 dicit
1349 5085 1534 5141 oculos
1553 5100 1679 5140 suos
1698 5091 1753 5140 et
1778 5084 1920 5139 labia
1940 5100 2059 5151 sua,

481 5195 537 5242 et
561 5193 757 5242 caetera
804 5174 1067 5238 vocabula
1111 5181 1479 5237 membrorum
1529 5180 1914 5251 corporalium,
1952 5195 2063 5236 non

477 5279 669 5351 utique
682 5275 976 5349 accipimus
994 5288 1137 5341 eum,
1156 5272 1328 5328 forma
1343 5273 1586 5343 corporis
1606 5287 1728 5331 csse
1759 5271 2058 5340 definitum,

481 5370 577 5426 sed
605 5370 696 5425 illa
717 5368 896 5425 omnia
925 5365 1292 5420 membrorum
1313 5364 1531 5420 nomina
1556 5380 1663 5421 non
1713 5363 2062 5436 intelligimus

483 5463 587 5518 nisi
620 5461 869 5518 effectum
912 5457 1288 5529 operationum
1339 5465 1500 5529 atque
1548 5460 1825 5526 virtutum,
1884 5460 1958 5515 ita
2004 5468 2065 5515 ut

484 5571 608 5611 cum
641 5554 790 5620 dicit,
830 5550 1023 5609 Anima
1075 5544 1211 5617 mea,
1252 5550 1585 5606 voluntatem
1631 5552 1747 5621 ejus
1802 5551 2063 5610 debemus

488 5647 749 5715 accipere.
772 5641 1021 5701 Perfecte
1052 5643 1248 5715 quippe
1282 5642 1506 5710 simplex
1545 5642 1634 5697 illa
1680 5654 1894 5711 natura,
1943 5659 2062 5715 quae

492 5741 634 5796 Deus
660 5743 872 5811 dicitur,
902 5758 1012 5801 non
1039 5748 1253 5798 constat
1271 5756 1337 5795 ex
1365 5754 1589 5809 corpore
1617 5749 1671 5796 et
1696 5741 1908 5811 spiritu,
1962 5754 2062 5797 nec

2168 3250 2446 3307 missionis
2493 3253 2736 3307 terram?
2773 3252 2888 3322 ipse
2912 3252 3075 3317 Deus,
3127 3252 3219 3321 qui
3261 3252 3381 3307 haec
3421 3253 3581 3324 Moysi
3615 3251 3739 3305 dixit

2168 3342 2407 3397 ostendit
2431 3360 2442 3396 :
2477 3341 2612 3396 Ecce
2633 3356 2725 3413 ego
2744 3341 2893 3395 mitto
2915 3341 3157 3413 angelum
3178 3358 3375 3409 meum,
3392 3344 3483 3414 qui
3496 3340 3734 3396 παντελεῖ

2168 3443 2236 3501 te,
2262 3445 2310 3490 et
2332 3434 2593 3489 custodiat
2613 3445 2662 3489 te
2681 3435 2738 3488 in
2765 3434 2871 3500 via,
2898 3442 2947 3488 et
2972 3435 3273 3489 introducot
3302 3434 3373 3488 ad
3396 3434 3565 3489 locum
3601 3448 3734 3504 quem

2167 3527 2368 3597 parari.
2410 3526 2674 3597 Angelum
2707 3525 2877 3581 lilium
2906 3526 3205 3597 appellans,
3256 3528 3384 3597 quia
3422 3528 3739 3581 voluntatem

2162 3617 2341 3688 patris
2361 3618 2516 3674 nobis
2533 3618 2876 3673 annuntiavit
2900 3635 2913 3673 :
2942 3620 3018 3673 De
3044 3634 3153 3689 quo
3180 3620 3255 3673 ait
3276 3619 3443 3674 lsaias
3460 3638 3473 3671 :
3492 3616 3639 3671 Puer
3656 3633 3741 3669 uu-

2167 3717 2250 3764 tus
2281 3716 2356 3764 est
2385 3710 2550 3773 nobis,
2575 3708 2719 3777 ﬁlius
2741 3709 2898 3764 datus
2928 3718 3004 3765 est
3031 3710 3199 3778 nobis,
3223 3710 3368 3779 cujus
3414 3711 3745 3780 principatus

2165 3814 2323 3870 super
2348 3802 2592 3855 humeros
2614 3802 2748 3871 ejus,
2770 3810 2818 3857 et
2841 3801 3193 3873 appellabitur
3208 3802 3383 3872 magni
3406 3800 3617 3857 consilii
3648 3820 3740 3857 au-

2163 3891 2311 3962 gelus
2344 3934 2358 3960 ,
2412 3892 2759 3965 admirabilis,
2805 3896 3140 3952 consiliarius
3173 3939 3188 3965 ,
3230 3895 3372 3953 Deus
3422 3896 3592 3965 fortis,
3638 3903 3740 3951 etc.

2168 3984 2319 4059 (Isa.
2364 3987 2484 4061 ιι.)

2766 4079 2996 4140 CAPUT
3017 4082 3153 4140 Ill].

2162 4168 2231 4226 In
2263 4178 2365 4242 quo
2406 4171 2715 4246 multiplices
2757 4173 2926 4245 plaga:
2968 4175 3466 4246 transgredientium
3502 4175 3740 4231 mandata

2678 4243 2781 4301 Dei
2816 4243 3195 4315 pst-adicuntur.

2233 4357 2439 4430 (lum)
2483 4358 2637 4425 Quod
2665 4360 2710 4413 si
2756 4374 2859 4414 non
2908 4360 3178 4415 audieritis
3232 4375 3333 4428 me,
3390 4378 3485 4416 nec
3529 4358 3741 4432 feceritis

2084 4490 2138 4560 Β
2163 4448 2414 4502 mandata
2433 4463 2584 4513 mea;
2605 4450 2650 4503 si
2671 4450 2968 4519 spmeﬁtis
2993 4449 3129 4520 leges
3155 4466 3300 4506 meas
3327 4460 3380 4505 et
3398 4452 3605 4524 judicia
3632 4467 3737 4504 mea

2164 4542 2591 4612 contempseritis,
2614 4551 2670 4595 ut
2696 4557 2802 4596 non
2831 4542 3043 4611 faciatis
3075 4558 3138 4597 ea
3162 4559 3283 4614 quae
3304 4562 3337 4597 α
3356 4560 3443 4598 me
3480 4544 3739 4599 constituta

2161 4640 2305 4698 sunt,
2337 4640 2386 4687 et
2420 4631 2490 4685 ad
2518 4633 2728 4686 irritam
2752 4631 3049 4702 perducatis
3073 4644 3283 4703 pactum
3307 4650 3505 4701 meant,
3525 4649 3614 4705 ego
3628 4650 3744 4704 quo-

2162 4738 2261 4795 que
2281 4722 2393 4777 lucc
2419 4723 2613 4793 faciam
2641 4722 2801 4789 vobis,
2827 4724 3047 4779 visitabo
3067 4741 3155 4780 vos
3184 4723 3432 4780 velociter
3453 4728 3509 4780 in
3530 4733 3738 4797 egestate

2164 4826 2213 4872 et
2238 4816 2426 4872 ardore
2450 4817 2539 4887 qui
2559 4816 2802 4886 conﬁciat
2833 4815 3010 4871 oculos
3033 4824 3229 4875 vestros
3252 4822 3303 4871 e't
3332 4826 3609 4881 consumat
3640 4815 3747 4869 aui—

2166 4926 2314 4978 mas;
2336 4911 2536 4981 frustra
2555 4912 2736 4965 seretis
2754 4920 3051 4978 sementem,
3075 4927 3193 4983 quis
3209 4910 3273 4965 ab
3294 4909 3533 4967 hostibus
3548 4912 3748 4965 derare-

2167 5001 2323 5055 bitur.
2359 5000 2565 5055 Ponam
2603 5001 2793 5072 faciem
2825 5017 2996 5056 meum
3041 5012 3222 5057 contra
3266 5019 3359 5057 vos
3407 5010 3459 5056 et
3502 5000 3748 5057 correctis

2165 5108 2343 5147 coram
2372 5093 2604 5148 hostibus
2627 5094 2825 5161 vestris,
2857 5104 2905 5148 et
2924 5095 3276 5164 subjiciemini
3298 5097 3381 5150 Iris
3410 5097 3503 5167 qui
3538 5096 3751 5149 oderunt

2165 5200 2255 5240 vos
2277 5204 2299 5252 ;
2325 5185 2536 5256 fugietis
2565 5188 2769 5240 nemine
2790 5196 3142 5258 persequente.
3169 5186 3301 5253 Quae
3344 5190 3490 5243 bona
3522 5202 3617 5243 eos
3664 5186 3757 5255 qui

2166 5277 2424 5333 obediunt
2472 5277 2570 5332 Dei
2610 5277 2881 5333 mandatis
2909 5287 3249 5348 exspectant,
3291 5279 3633 5335 sufficienter
3670 5277 3757 5333 lex

2166 5370 2413 5442 superius
2436 5371 2601 5443 dixit;
2637 5384 2756 5440 qua:
2788 5378 2967 5426 autem
2990 5371 3207 5428 evenire
3228 5371 3761 5444 transgredientibus

2164 5461 2494 5517 comminata
2523 5468 2627 5527 est,
2655 5475 2718 5515 ea
2747 5477 2867 5532 quae
2900 5477 3046 5517 nunc
3072 5464 3399 5518 sanciuntur
3434 5462 3758 5518 ostendunt:

2164 5567 2393 5623 quorum
2430 5552 2648 5624 quando
2687 5553 2752 5609 ad
2789 5553 3023 5609 litteram
3054 5538 3265 5626 singula
3294 5553 3646 5620 discutimus,
3678 5551 3765 5605 iu-

2163 5648 2407 5702 venimus
2444 5648 2698 5717 populum
2729 5646 3035 5703 Judccorum
3082 5649 3277 5704 horum
3323 5662 3571 5718 passum,
3618 5660 3767 5716 qum-

2165 5739 2289 5795 dam
2342 5740 2638 5798 secundum
2682 5740 2943 5805 litteram,
2995 5739 3177 5798 omnia
3223 5750 3408 5796 autem
3453 5736 3770 5796 secundum
