3892 6346
168 338 254 402 m

1021 323 1525 385 EXPOSITIONES
1558 322 1627 380 IN
1666 319 2071 380 LEVITIGUH.
2105 349 2179 362 -—
2212 319 2342 377 LIB.
2384 318 2493 375 Vl].

3286 317 3391 379 558

162 446 396 521 spiritum.
422 440 579 507 Quod
594 440 645 495 si
670 455 779 495 non
796 438 1073 496 audieritis
1094 453 1178 492 nte
1198 453 1291 492 nec
1317 435 1544 506 feceritis
1557 451 1709 489 inan-
1735 460 1749 497 ,ι

1841 435 1942 489 lere
1968 440 2242 505 poterant,
2262 432 2359 489 sed
2386 431 2700 489 clamabant
2721 430 2904 502 palam
2942 436 3108 501 atque
3139 432 3400 502 prmities-

160 544 267 596 date
290 549 430 597 mea;
464 532 513 587 si
547 529 841 601 spreveritis
887 528 1023 599 teges
1072 543 1217 583 meas
1252 535 1301 582 et
1333 525 1545 595 judicia
1592 539 1711 581 mea

160 620 1006 698 Mummii-tis
1035 615 1711 689 ea,quazameconuitu~

159 728 348 782 trmtt,
376 710 761 770 audin-iatn
800 709 1109 781 pertinentis
1127 716 1339 779 pastum
1376 721 1571 761 meum
1606 702 1710 770 Qui

157 803 749 877 asa'asdiuntmndata
764 801 884 867 Dei,
908 800 1079 870 utqui
1102 798 1305 867 iudicia
1324 795 1711 854 contemnunt?

158 900 344 969 nlsiqai
364 897 714 953 tuitionem
742 893 1021 950 seniorum
1058 891 1423 955 intendeates,
1444 896 1505 945 et
1551 887 1711 957 legis

155 997 312 1051 latoris
334 992 690 1048 insontium
716 988 1201 1059 hanagredientes,
1227 984 1294 1040 ad
1316 985 1421 1041 hoc
1448 982 1591 1054 quod
1631 982 1712 1037 eis

154 1088 409 1145 videbatur
432 1086 606 1156 legem
633 1081 994 1152 exponebant,
1028 1078 1123 1150 qui
1146 1078 1421 1142 dicebant,
1453 1076 1596 1131 sicut
1634 1074 1713 1129 ait

152 1179 381 1237 Dominus
412 1196 426 1232 :
452 1176 761 1245 Quicunque
810 1172 1001 1233 dixerit
1057 1169 1198 1240 patri
1237 1177 1331 1223 aut
1372 1165 1530 1220 matri
1562 1164 1713 1219 ευου

156 1286 261 1325 nam
293 1270 637 1340 quodcunque
673 1281 741 1320 es;
763 1280 844 1319 nte
880 1262 974 1317 tibi
995 1261 1260 1333 proderit;
1292 1268 1345 1313 et
1368 1275 1473 1314 non
1495 1256 1710 1311 honoris-

148 1364 303 1433 ficablt
328 1371 528 1432 patrem
556 1375 711 1415 suum
738 1367 787 1412 et
808 1366 1028 1411 matrem
1057 1370 1215 1408 sm
1242 1350 1467 1423 (lauti.
1495 1350 1621 1418 xv),
1658 1346 1715 1401 id

148 1460 235 1518 est,
256 1453 561 1524 quicunque
589 1446 1126 1518 dlxeritparuntihus
1147 1459 1163 1497 :
1187 1442 1327 1497 Vota
1354 1448 1489 1499 sunt
1508 1442 1620 1494 Deo
1650 1451 1721 1492 ea

145 1562 252 1619 qua:
271 1548 477 1612 habeo;
506 1547 613 1617 ipsi
637 1546 786 1601 enim
814 1557 899 1610 ω,
928 1554 1128 1598 munus
1156 1546 1213 1593 et
1239 1537 1568 1592 (litationem
1616 1535 1719 1589 ob-

146 1640 247 1705 tuli,
275 1655 367 1695 eos
390 1640 483 1710 qui
529 1643 836 1709 genuerunt
876 1634 1153 1689 honorare
1187 1644 1296 1684 non
1340 1629 1572 1698 cogitur.
1616 1624 1719 1691 Qui

1812 527 1984 583 bant:
2012 527 2153 593 Quid
2182 526 2460 596 facimus,
2487 528 2612 598 quia
2634 526 2719 580 hic
2746 525 2902 583 hoste
2935 523 3106 581 multa
3133 525 3284 596 signa
3315 525 3400 594 {a—

1814 616 1922 674 oit?
1942 617 2003 674 Si
2021 618 2335 673 dimittimus
2363 633 2485 673 eum
2507 617 2608 683 sic,
2629 616 2831 673 venient
2859 614 3109 683 Romani,
3145 625 3196 670 et
3224 614 3403 673 tollent

1812 717 2051 765 nostram
2090 718 2140 764 et
2181 707 2351 765 locum
2398 718 2447 764 et
2477 717 2679 779 gentem
2721 705 2916 776 (Joan.
2944 705 3055 779 ιιι).
3105 706 3251 781 Ergo
3297 723 3407 764 non

1813 799 1944 869 quis
1974 799 2080 869 legi
2101 806 2195 857 aut
2218 798 2495 869 prophetis
2524 797 2801 855 contraria
2842 797 3096 862 decebat,
3144 813 3273 855 nam
3324 798 3409 857 ni-

1812 891 1923 949 mis
1941 891 2022 947 eis
2046 906 2287 949 conm
2307 890 2512 957 docuit,
2542 891 2637 948 sed
2668 890 2751 949 sui
2770 889 2977 961 actoris
2998 903 3189 955 causa,
3212 890 3406 960 suique

1814 996 1981 1038 musa
2011 982 2240 1053 negotii,
2263 983 2600 1039 sermonibus
2632 980 2747 1051 eius
2784 997 2893 1039 non
2921 981 3264 1039 ohedicbant.
3292 982 3409 1045 Hoc

1814 1090 1944 1145 ergo
1998 1074 2231 1144 perclusi
2278 1074 2492 1139 morbo,
2535 1073 2721 1130 oculos
2762 1088 2892 1131 suos
2936 1072 3298 1133 conﬁciebant
3326 1120 3329 1127 λ
3353 1080 3412 1133 et

1810 1166 2029 1221 animus
2080 1166 2474 1221 consumebant
2501 1204 2517 1229 ,
2576 1179 2683 1218 non
2738 1163 2912 1219 solum
2990 1165 3409 1222 exardescentes

1815 1257 2021 1325 lurore,
2056 1269 2115 1313 et
2142 1257 2347 1312 invidia
2381 1256 2646 1325 corrupti,
2695 1256 2791 1311 sed
2833 1264 2896 1309 ut
2942 1255 3109 1313 semel
3150 1255 3411 1313 infirmati

1812 1362 2019 1416 mente,
2045 1361 2102 1406 et
2124 1351 2479 1421 cogitationes
2510 1366 2619 1406 non
2650 1349 2815 1405 nimis
2853 1364 3016 1405 sanas
3044 1350 3115 1406 ad
3138 1351 3415 1409 discretio-

1809 1455 1949 1495 nem
1989 1441 2258 1496 factorum
2306 1442 2647 1499 dictonunve
2693 1441 2957 1497 habentes
3008 1442 3063 1496 in
3122 1440 3415 1499 Dominicis

1824 1531 2030 1598 verbis,
2061 1540 2119 1586 et
2153 1532 2454 1597 miraculis,
2478 1532 2769 1591 interiores
2793 1546 2927 1587 suos
2951 1531 3141 1587 oculos
3165 1532 3417 1588 conﬁcie-

1810 1621 1974 1687 bant,
2000 1629 2058 1676 et
2090 1622 2333 1677 animam
2370 1621 2785 1686 consumebant,
2826 1622 2903 1676 ita
2952 1628 3011 1677 ut
3043 1623 3113 1676 ad
3149 1637 3274 1679 eum
3309 1622 3420 1678 cla-

141 1742 257 1787 sunt
276 1732 369 1802 qui
398 1744 507 1785 non
536 1730 656 1801 ejus
675 1727 863 1783 munia
890 1724 1102 1778 faciunt
1148 1720 1444 1775 mandata?
1470 1717 1583 1772 Nisi
1626 1716 1718 1785 qui
1744 1790 1789 1802 _‘
1820 1712 2038 1767 merent
2064 1730 2076 1765 :
2113 1711 2393 1783 Usququo
2442 1713 2677 1765 animum
2720 1722 2959 1773 nostram
2983 1711 3164 1766 tollis?
3185 1712 3245 1767 Si
3275 1722 3334 1767 tu
3359 1729 3419 1800 ξε

127 1782 377 1880 ait};
400 1782 797 1892 ’ἆξιεξωιηωιι
828 1816 1103 1872 decirnant
1124 1819 1181 1869 et
1206 1812 1501 1875 mutilam,
1544 1782 1792 1864 unus
1816 1802 2080 1871 Christus,
2111 1806 2199 1860 die
2234 1782 2383 1861 nobis
2425 1806 2604 1875 palam
2647 1805 2841 1877 (1m.
2874 1805 2963 1878 κ).
3007 1806 3165 1874 Quod
3208 1782 3415 1882 ῃιίςμιέ,

118 1928 283 1989 quant
333 1922 532 1972 autem
569 1914 833 1984 judicium
887 1915 945 1965 et
985 1905 1412 1963 misericordiam
1456 1911 1509 1957 et
1553 1902 1717 1957 ﬁdem

126 2008 355 2083 (Matth.
380 2005 580 2078 xxm).
600 2004 738 2059 Cum
762 2003 905 2057 Dens
931 2001 1008 2056 eis
1037 2012 1136 2069 per
1168 1995 1490 2066 prophetam
1534 1994 1713 2049 dicat:

131 2101 392 2155 Indicabo
420 2098 529 2164 tibi,
555 2114 584 2151 ο
607 2097 781 2161 homo,
808 2094 935 2165 quid
962 2090 1217 2145 Dominus
1238 2097 1441 2159 qureret
1464 2104 1499 2140 a
1528 2096 1596 2153 te,
1620 2087 1722 2140 uti-

128 2210 228 2264 que
257 2194 435 2260 facere
458 2190 741 2261 judicium,
765 2198 811 2240 et
839 2186 1054 2255 diligere
1086 2181 1504 2235 misericordiam
1532 2185 1581 2233 et
1612 2177 1722 2233 sol-

128 2284 302 2339 licitas
327 2283 597 2337 ambulare
639 2294 755 2334 cum
792 2277 903 2331 Deo
948 2284 1037 2330 tuo
1079 2272 1278 2346 (Mich.
1324 2272 1437 2344 vr).
1489 2272 1722 2341 Propter

131 2377 269 2446 quod
293 2373 553 2429 Dominus
579 2370 645 2425 ad
674 2384 788 2435 eos,
814 2376 875 2421 ut
908 2376 1037 2438 pote
1066 2381 1173 2420 non
1196 2364 1379 2419 omnia
1434 2362 1723 2431 implentes

134 2466 258 2537 legis
278 2472 569 2537 praecepta,
595 2462 688 2517 sed
724 2475 842 2530 qua:
872 2458 989 2530 ejus
1017 2467 1144 2513 sunt
1182 2456 1368 2527 gravia
1416 2454 1726 2523 relinquen-

135 2570 231 2629 tes,
252 2569 307 2615 et
329 2575 453 2630 qua:
476 2558 701 2613 minima
732 2562 975 2626 agentes,
1009 2553 1254 2608 dicebat:
1282 2549 1414 2605 Ηανο
1458 2548 1725 2619 oportebat

136 2653 315 2723 facere,
342 2663 389 2706 et
420 2650 516 2706 illa
544 2667 648 2704 non
680 2648 936 2703 omittere.
987 2644 1097 2701 Sed
1122 2652 1177 2699 et
1207 2643 1461 2698 mandata
1510 2641 1608 2695 Dei
1648 2638 1728 2695 illi

136 2744 339 2814 proprie
365 2741 867 2813 transgrediuntur,
891 2746 947 2793 et
966 2737 1046 2793 eis
1074 2735 1315 2791 maxime
1353 2734 1729 2789 inobedientes

137 2846 270 2902 sunt,
301 2838 391 2907 qui
427 2834 766 2890 exteriorem
794 2831 989 2887 faciem
1023 2845 1232 2894 eorum,
1272 2843 1383 2883 non
1422 2835 1602 2882 autem
1642 2825 1728 2879 in-

138 2928 421 2983 tentionem
459 2926 562 2983 Dei
604 2932 952 2981 conservant.
997 2921 1218 2975 Planius
1259 2932 1391 2989 ergo
1438 2916 1635 2987 Aquila
1677 2922 1734 2971 et

137 3018 465 3075 Theodotion
484 3026 545 3075 et
567 3016 931 3089 Symmachus
945 3014 1183 3068 edidisse
1197 3009 1569 3065 inveniuntur.
1596 3007 1731 3061 Nam

135 3108 214 3166 ille
242 3114 462 3183 quidem
495 3111 575 3165 ait
606 3128 619 3163 :
655 3106 713 3163 Si
739 3107 1026 3162 constituta
1062 3119 1179 3157 mea
1213 3097 1732 3172 reprobavcritisﬁlli

137 3213 299 3260 autem
333 3224 346 3260 :
380 3204 444 3261 Si
463 3201 786 3259 subtilitates
807 3216 952 3254 meas
974 3195 1272 3252 renueritis.
1321 3193 1586 3264 Dogmata
1633 3191 1729 3246 Dei

135 3306 183 3353 et
208 3298 595 3361 subtilitatem,
646 3308 765 3365 qua:
796 3295 849 3347 in
879 3290 1178 3363 spiritalem
1232 3287 1613 3343 mandatorum
1648 3284 1733 3339 in-

135 3390 398 3447 tellectum
423 3397 569 3456 erat,
592 3386 1083 3460 transgrediuntur,
1110 3383 1235 3454 quia
1251 3382 1402 3436 Novo
1420 3380 1734 3435 Testamen-

136 3490 185 3537 to
212 3485 534 3547 concordat,
552 3480 830 3536 inﬁrmare
853 3475 1219 3548 evangelicum
1243 3475 1475 3544 gratiam
1502 3487 1607 3542 per
1630 3471 1734 3525 hoc

136 3576 367 3632 volentes
400 3594 414 3630 :
449 3575 597 3646 quod
624 3588 717 3629 eos
754 3586 985 3641 arguens
1013 3570 1090 3623 ait
1124 3587 1136 3621 :
1177 3566 1245 3620 Et
1273 3566 1342 3619 ad
1365 3564 1575 3618 irritum
1620 3576 1738 3632 per-

137 3668 334 3723 ducatis
368 3675 587 3739 pactum
612 3680 802 3719 meum.
837 3661 981 3728 Quid
1009 3666 1191 3714 autem
1223 3671 1323 3725 per
1348 3654 1456 3709 hoc
1500 3652 1740 3707 minatus

137 3758 241 3812 est?
278 3758 464 3812 Nimis
525 3755 670 3811 enim
716 3752 908 3809 similis
963 3764 1124 3823 poena
1172 3754 1257 3804 est
1306 3742 1741 3818 prtevarlcationi

136 3864 316 3904 eorum
352 3869 364 3902 :
398 3848 517 3917 Ego
561 3863 761 3917 quoque
803 3848 913 3898 lucc
959 3843 1152 3914 faciam
1206 3840 1369 3895 vobis.
1428 3834 1743 3905 Quomodo?

142 3937 385 3993 Visitabo
419 3953 515 3991 vos
546 3935 786 3989 velociter
811 3936 865 3987 in
891 3943 1135 4004 egestate.
1162 3930 1337 3985 Nimis
1354 3930 1501 3984 enim
1524 3934 1745 3997 agentes

137 4044 219 4086 eos
244 4028 535 4084 Dominus
581 4041 680 4097 per
722 4025 949 4079 verbum
988 4036 1141 4077 suum
1193 4019 1343 4084 fecit,
1383 4020 1650 4072 intentum
1688 4025 1750 4070 ut

140 4120 199 4174 ad
224 4118 473 4174 invicem
509 4114 753 4169 dicerent
783 4131 795 4166 :
828 4105 1009 4165 Durus
1032 4118 1106 4164 est
1132 4108 1216 4161 hic
1238 4106 1559 4177 sermo,quis
1583 4112 1749 4177 potest

142 4227 247 4266 cum
277 4209 478 4265 audire
510 4205 737 4279 ?(Joan.
756 4203 868 4275 vr.)
894 4203 1045 4258 Sicut
1073 4217 1204 4273 ergo
1236 4208 1427 4271 sponte
1446 4198 1578 4269 legis
1598 4196 1753 4252 intel-

148 4302 337 4358 lectum
366 4299 942 4371 transgrediebantur,
976 4304 1035 4351 ut
1058 4293 1429 4367 evangelicum
1455 4300 1751 4349 testamen-

151 4398 250 4446 tum
272 4393 500 4447 irritnm
531 4390 877 4451 deducerent,
896 4386 987 4455 qui
1012 4384 1160 4439 illinc
1186 4382 1420 4438 habebat
1440 4380 1747 4445 exordium,

154 4480 221 4536 sic
246 4485 322 4540 eis
343 4492 399 4539 et
431 4484 558 4555 ipse
592 4480 823 4534 obscura
848 4475 1014 4531 verba
1040 4474 1271 4539 dicebat,
1302 4483 1357 4529 et
1373 4472 1595 4529 difﬁcile
1626 4487 1752 4527 suo-

155 4591 262 4631 rum
302 4578 632 4649 dogmatum
686 4571 917 4627 faciebat
954 4567 1512 4639 comprehensionem.

219 4668 321 4726 Sed
352 4671 472 4742 jam
507 4682 637 4741 quae
666 4671 959 4735 sequantur
984 4676 1255 4734 agnosce:
1282 4661 1485 4714 Ardere
1509 4658 1599 4731 qui
1633 4675 1752 4713 con-

158 4763 287 4833 ﬁciat
300 4763 484 4819 oculos
501 4768 703 4817 vestros
720 4776 739 4826 ;
762 4758 895 4822 sive,
913 4755 1207 4812 secundum
1231 4751 1607 4824 Septuaginta,
1624 4751 1756 4806 Scao

162 4852 279 4909 biem
305 4864 485 4923 autem
511 4862 563 4909 et
586 4850 829 4906 morbum
860 4849 1057 4920 regium
1085 4846 1337 4901 calentem
1362 4844 1539 4899 oculos
1561 4850 1755 4897 vestras

161 4959 201 5003 et
226 4952 403 5004 anima
436 4957 621 5005 vestra
645 4943 1035 5003 distabescente.
1063 4940 1285 4997 Scabies
1309 4946 1491 4996 autem
1536 4937 1758 4994 morbus

164 5052 236 5095 est
269 5041 545 5113 corporis,
573 5037 674 5094 sed
704 5033 1027 5090 manifestus
1048 5034 1103 5087 in
1136 5032 1419 5103 superﬁcie
1457 5030 1657 5098 carnis,
1704 5035 1761 5085 et

166 5133 301 5189 corio
325 5131 446 5202 ejus
480 5133 809 5188 decurrens.
843 5125 1064 5180 Morbus
1092 5133 1272 5178 autem
1304 5125 1502 5196 regius.
1552 5122 1605 5177 id
1656 5128 1758 5189 est,

169 5224 417 5294 hectaria,
456 5222 769 5296 ﬁtquidcm
791 5237 857 5276 ex
899 5217 1251 5297 ascensione;
1306 5215 1627 5285 manifestus
1667 5232 1763 5270 au—

173 5323 266 5373 tem
288 5319 456 5375 etiam
486 5316 583 5371 hic
612 5322 697 5369 est
735 5313 789 5367 in
822 5308 1108 5385 superﬁcie
1139 5308 1339 5374 carnis,
1378 5315 1428 5362 et
1465 5307 1619 5378 pellis
1667 5306 1763 5377 de-

176 5422 410 5477 currens,
444 5416 501 5465 et
526 5404 707 5462 multo
752 5403 927 5476 magis
953 5398 1125 5463 oculis
1158 5396 1395 5455 insidens
1424 5417 1436 5453 :
1469 5398 1638 5459 latere
1674 5414 1768 5453 au-

148 5490 277 5554 vtem
303 5502 502 5558 borum
548 5496 868 5553 morborum
894 5503 1145 5549 neutrum
1186 5500 1382 5564 potest.
1418 5488 1578 5547 Tales
1614 5497 1772 5564 erant

146 5582 475 5671 animarum
504 5586 856 5659 Judaicarum
888 5585 1059 5653 morbi
1107 5581 1377 5637 manifesti
1427 5588 1481 5637 et
1531 5580 1677 5647 mali,
1712 5562 1774 5636 et

183 5669 519 5774 {relinquam
558 5680 702 5734 ultra
738 5680 985 5745 latentes.
1016 5675 1357 5745 xEmulantes
1399 5674 1541 5727 enim
1572 5669 1775 5745 Domi-

184 5760 237 5831 ἷιί
266 5760 449 5833 verbis
476 5784 536 5831 et
568 5773 870 5839 miraculis,
896 5786 1002 5826 non
1026 5760 1138 5840 jam
1164 5768 1381 5824 morbos
1405 5776 1529 5822 suos
1554 5765 1777 5821 abscon-

1812 1898 1948 1968 quia
1994 1899 2192 1967 animm
2236 1898 2575 1956 inﬁdelitatis
2615 1900 3017 1969 eonmmptionl
3076 1898 3421 1968 subjacentes

1806 1999 1998 2044 erant.

1896 2082 2003 2137 Sed
2033 2089 2090 2137 et
2141 2080 2380 2138 Joannes
2427 2083 2543 2137 haec
2583 2082 2649 2136 de
2675 2082 2755 2138 eis
2784 2081 2953 2138 dicit:
2978 2081 3271 2152 Propterea
3309 2095 3422 2139 non

1820 2182 2073 2246 poterant
2100 2174 2344 2239 credere,
2395 2174 2521 2243 quia
2569 2189 2759 2229 rursus
2798 2173 2936 2227 dixit
2964 2171 3130 2227 Isaias
3156 2190 3169 2226 :
3195 2171 3422 2227 Excwca

1823 2284 1917 2323 cor
1944 2267 2127 2339 populi
2167 2268 2353 2338 hujus,
2394 2276 2443 2322 et
2490 2282 2645 2321 aures
2688 2267 2805 2337 ejus
2848 2281 3096 2337 aggrasa,
3144 2263 3420 2335 nequando

1826 2360 1993 2415 oculis
2018 2360 2131 2415 suis
2160 2359 2390 2426 videant,
2424 2367 2472 2413 et
2499 2359 2715 2412 auribus
2748 2358 2992 2423 audiant,
3015 2366 3066 2410 et
3093 2356 3250 2409 corde
3273 2352 3428 2409 intel-

1802 2453 1993 2524 ‘ligant
2020 2452 2167 2524 (lsa.
2219 2451 2328 2525 γι).
2378 2452 2569 2507 Cernis
2608 2450 2735 2521 quia
2776 2448 3235 2520 quemadmodum
3276 2446 3425 2501 fece-

1826 2550 1955 2598 runt
1980 2543 2103 2612 ipsi,
2132 2542 2212 2597 sic
2238 2550 2293 2597 et
2319 2542 2571 2597 Christus
2608 2540 2737 2594 fecit
2783 2538 2893 2604 eis;
2943 2539 3069 2609 quia
3113 2539 3260 2593 enim
3300 2533 3420 2605 ejus

1830 2634 2048 2691 irritum
2072 2633 2255 2690 facere
2282 2643 2502 2704 pactum
2530 2633 2643 2687 sive
2672 2638 3054 2686 testamentum
3079 2629 3427 2693 studuerunt,

1835 2736 1984 2783 recte
2006 2742 2195 2782 eorum
2238 2725 2426 2781 oculos
2469 2733 2525 2779 et
2565 2739 2660 2779 cor
2710 2723 3023 2786 exemeavit,
3068 2729 3125 2775 et
3170 2719 3422 2775 ardorem

1834 2820 1951 2874 sive
1991 2820 2287 2874 becteriam
2325 2819 2702 2873 conﬁcientem
2739 2814 2924 2870 oculos
2974 2828 3164 2868 eorum
3211 2820 3269 2865 et
3316 2811 3434 2865 ani-

1835 2927 1956 2966 mas
1986 2917 2397 2965 consumentem
2422 2910 2502 2963 eis
2527 2909 2689 2962 dedit.
2725 2906 2833 2961 Sed
2880 2905 3007 2974 quid
3060 2903 3145 2957 his
3193 2902 3435 2957 addidit?

1837 2998 2073 3055 Frustra
2102 3000 2285 3054 seretis
2314 3007 2616 3064 sementem,
2637 3012 2755 3068 qua:
2778 2996 2843 3049 ab
2872 2992 3107 3048 hostibus
3156 2992 3431 3047 derorabi-

1837 3092 2181 3158 tur;frustra
2206 3090 2351 3144 enim
2401 3088 2507 3143 illis
2552 3087 2939 3165 prophetarum
2988 3093 3043 3139 et
3076 3083 3209 3153 legis
3251 3083 3435 3154 profc-

1837 3193 2033 3239 rnntur
2079 3183 2308 3249 semina,
2338 3190 2394 3237 et
2441 3180 2744 3236 doctorales
2801 3178 2946 3234 illinc
3005 3178 3273 3233 seminant
3320 3194 3436 3233 ser-

1832 3289 2023 3331 mones
2072 3288 2179 3329 non
2232 3274 2496 3328 habentes
2543 3280 2741 3326 terram
2795 3270 3026 3326 fertilem
3078 3270 3143 3324 ad
3183 3269 3437 3340 intelligi-

1831 3369 2020 3425 bilium
2057 3368 2366 3437 dogmatum
2412 3364 2670 3421 fructum.
2728 3363 2881 3421 Unde
2929 3379 3029 3418 nec
3080 3363 3203 3419 cibo
3245 3378 3435 3417 eorum

1834 3464 2108 3529 fruuntur,
2142 3462 2237 3517 sed
2275 3461 2535 3516 devorant
2568 3474 2632 3513 ea
2667 3457 2965 3514 adversarii
3007 3472 3217 3521 eorum,
3252 3454 3345 3524 qui
3378 3454 3434 3508 in

1837 3556 2055 3612 Christo
2086 3556 2337 3620 credunt,
2368 3569 2506 3624 quos
2542 3551 2643 3620 ipsi
2690 3551 2791 3605 sibi
2833 3565 2929 3618 per
2974 3547 3348 3602 infidelitatem
3376 3554 3433 3598 et

1842 3649 2097 3702 invidiam
2125 3645 2430 3700 contrarios
2451 3643 2710 3699 fecerunt.
2737 3641 2800 3694 Et
2829 3656 3017 3709 ponam
3041 3639 3229 3707 faciem
3253 3652 3424 3689 meam

1845 3744 2027 3790 contra
2084 3749 2189 3798 vos,
2235 3732 2531 3787 secundum
2580 3730 2955 3799 propheticum
3005 3726 3153 3780 illam
3205 3740 3429 3781 vocem:

1859 3828 2044 3883 Vultus
2089 3835 2263 3880 autem
2301 3823 2511 3877 Domini
2538 3836 2695 3891 super
2718 3820 2964 3889 facientes
2991 3815 3150 3881 mala,
3180 3826 3231 3869 ut
3261 3815 3443 3887 perdat

1846 3919 1910 3973 de
1946 3927 2089 3971 terra
2111 3914 2420 3968 memoriam
2450 3925 2653 3975 eorum,
2680 3917 2725 3961 c.’
2754 3910 3007 3960 corruetis
3057 3920 3234 3958 coram
3275 3904 3444 3957 hosti-

1852 4009 1945 4063 bus
1972 4007 2150 4062 vestris
2179 4002 2363 4077 (Psal.
2392 3999 2620 4071 xxmt).
2648 3997 2887 4053 Gentiles
2918 3996 3084 4062 enim,
3110 4010 3244 4065 quos
3266 3994 3444 4050 inimi-

1852 4114 1946 4154 cos
1973 4098 2075 4152 sibi
2094 4095 2361 4165 iudicant,
2389 4106 2572 4147 coram
2598 4089 2678 4145 eis
2701 4088 2919 4153 cadunt,
2953 4086 3005 4140 in
3032 4084 3203 4140 salute
3256 4100 3443 4140 eorum

1853 4192 2203 4249 ollendentes.
2236 4187 2389 4243 Unde
2415 4184 2773 4257 Symmachus
2794 4196 2893 4252 pro
2927 4179 3121 4234 radere
3144 4178 3441 4247 offenderis,

1854 4286 1950 4350 ait,
1981 4290 2100 4337 ante
2126 4280 2367 4335 inimicas
2392 4287 2611 4331 vestros.
2637 4271 2774 4341 Quid
2799 4280 2977 4326 autem
3012 4269 3152 4325 aliud
3198 4268 3442 4322 addidit?

1854 4375 2240 4446 Pcrsequentur
2272 4385 2359 4424 vos
2390 4368 2511 4421 odio
2549 4365 2793 4419 habentes
2823 4379 2933 4427 vos,
2972 4369 3020 4413 et
3059 4359 3266 4428 fugietis
3299 4356 3443 4410 nullo

1855 4473 2207 4542 persequente.
2241 4460 2343 4517 Hic
2364 4456 2759 4529 quodammodo
2782 4449 3119 4508 contrarium
3147 4462 3270 4502 esse
3292 4446 3444 4500 vide-

1775 4528 1833 4592 Β
1855 4528 1969 4624 tur,
2014 4528 2159 4628 quod
2189 4528 2408 4607 dicitur.
2467 4547 2527 4602 Si
2558 4546 2703 4600 enim
2734 4542 2804 4596 ab
2833 4537 3080 4594 hostibus
3105 4534 3443 4607 persecutio-

1861 4662 1988 4705 nem
2018 4625 2320 4717 patinntur,
2350 4637 2619 4710 quomodo
2648 4633 2797 4689 nullo
2819 4635 3179 4701 persequente
3203 4625 3449 4699 fugiunt?

1865 4740 1971 4794 Sed
1999 4741 2380 4807 persequuntur
2403 4742 2513 4795 vos,
2535 4740 2642 4781 non
2673 4722 2741 4778 ad
2768 4719 3144 4791 eXpellendnm
3174 4717 3450 4790 legislator

1864 4829 2104 4898 accepit,
2148 4824 2242 4880 sed
2272 4820 2417 4892 quod
2444 4816 2711 4875 currendo
2738 4811 3084 4867 imminerent
3115 4810 3183 4865 ad
3217 4809 3451 4864 salutem

1866 4934 2055 4977 eorum
2082 4915 2420 4972 festinantes.
2468 4908 2654 4973 Unde,
2687 4904 3081 4977 Persequentur
3104 4919 3214 4968 vos,
3254 4901 3308 4954 in
3339 4914 3441 4953 scr-

1866 5016 2081 5069 vitutem
2106 5008 2337 5079 redigent
2366 5019 2473 5070 vos,
2494 4999 2882 5075 Symmachus:
2915 4995 3184 5051 Erudiunt
3209 4991 3264 5045 in
3285 4990 3448 5056 vobis,

1868 5102 2209 5163 Theodotion
2256 5097 2442 5153 edidit.
2501 5093 2685 5148 Talem
2730 5098 2908 5146 autem
2954 5087 3108 5144 nobis
3154 5092 3207 5140 et
3251 5081 3452 5138 Paulus

1868 5198 2301 5274 persecutionem
2342 5191 2712 5246 demonstrat:
2760 5184 2963 5257 Sequor
3003 5190 3175 5236 autem
3216 5177 3261 5231 si
3305 5190 3449 5228 com-

1871 5262 2212 5367 prehendam,
2252 5287 2309 5339 in
2346 5300 2447 5358 quo
2488 5290 2535 5337 et
2576 5280 2975 5350 comprehensus
3004 5286 3119 5327 sum
3148 5264 3311 5367 (Phil.
3342 5262 3450 5334 ιιι).

1874 5356 2076 5442 Dentes
2120 5394 2249 5451 ergo
2298 5356 2442 5433 etsi
2486 5390 2608 5431 cum
2656 5371 2825 5427 David
2873 5368 2938 5422 de
2980 5359 3176 5418 Jndzcis
3220 5356 3448 5451 dicunt:

1880 5478 2069 5533 Nonne
2118 5445 2210 5549 qui
2259 5479 2306 5525 te
2360 5470 2597 5532 oderant,
2631 5465 2794 5526 Deus,
2826 5459 3037 5513 oderam
3078 5452 3196 5507 illos
3225 5445 3448 5519 ?(Psal.

1878 5565 2180 5637 cxxxvnt.)
2226 5565 2607 5619 Verumtamen
2643 5568 2827 5611 eorum
2866 5553 3023 5605 instat
3067 5541 3257 5607 saluti,
3300 5539 3452 5594 festi-

1880 5671 2078 5735 natque
2122 5635 2175 5712 et
2214 5660 2366 5711 orat:
2416 5653 2523 5707 Scit
2569 5650 2699 5721 enim
2744 5646 2864 5729 quia
2909 5635 3192 5729 qssz‘miplio
3232 5648 3451 5698 earum,

1882 5724 2023 5811 sicut
2053 5753 2126 5808 ait
2149 5748 2367 5816 Paulus,
2396 5747 2499 5802 vita
2528 5752 2599 5799 cst
2632 5755 2693 5793 ex
2722 5724 2963 5800 mortuis,
2988 5724 3044 5783 ’ἐι
3074 5724 3338 5803 plenitudo
3364 5730 3455 5783 tta-
