3892 6346
133 462 225 522 ﬁlii

998 449 1494 510 EXPOSITIONES
1529 449 1596 505 ΙΝ
1631 443 2027 506 ιενιτιεωί.
2063 477 2135 491 --
2173 444 2299 504 LIB.
2342 441 2452 503 VII.

3213 445 3218 450 ’
3251 443 3355 502 502

122 569 302 629 -ban‘us
329 567 467 636 agri,
508 579 621 636 qua
647 571 951 620 consument
980 581 1088 630 vos,
1125 572 1175 619 et
1210 577 1397 634 pecora
1433 571 1600 618 vestra
1637 570 1685 614 et
1713 563 1764 623 Α
1788 564 1996 619 cunctis
2031 561 2097 618 de
2124 561 2344 618 Christo
2371 559 2669 632 prophetiis
2704 560 2781 615 sic
2817 567 3003 631 aperte
3034 550 3354 634 repugnare.

125 662 200 717 ..Δ
231 657 540 728 paucitatem
576 664 764 710 cuncta
801 655 1060 725 redigant,
1095 653 1410 723 desertaeque
1433 650 1563 720 ﬁant
1590 650 1686 726 site

125 759 314 806 :ustre.
361 745 501 812 Quia
529 746 674 800 enim
703 745 1021 814 semetipsos
1049 758 1082 798 a
1105 742 1201 798 Del
1227 743 1314 797 via
1341 740 1686 812 repulerunt,

141 850 577 909 metesupereos
609 837 812 894 bestias
842 837 958 908 agri
992 836 1262 891 daemones
1300 836 1687 903 immittuntur,

142 931 380 991 dominari
407 930 488 985 eis
510 925 778 1000 permissi,
806 929 899 998 qui
924 943 1018 984 eos
1043 933 1098 983 et
1123 935 1465 982 consumunt.

157 1041 172 1060 κ
198 1019 456 1089 Quidquid
486 1019 630 1075 enim
655 1020 906 1075 videntur
927 1017 1153 1088 iustitia:
1182 1032 1373 1088 agere,
1413 1017 1555 1073 Deus
1584 1015 1689 1072 sibi

131 1128 229 1170 non
278 1113 508 1183 imputat
536 1150 552 1176 ,
615 1112 758 1181 quod
814 1111 1154 1167 demonstrat
1207 1109 1402 1166 Paulus
1457 1109 1685 1165 dicens:

140 1206 383 1261 Justitiam
421 1219 573 1258 suam
611 1211 896 1274 quarentes
945 1202 1292 1269 constituere,
1329 1201 1554 1273 justitite
1594 1184 1692 1254 Dei

141 1313 230 1353 non
252 1307 363 1353 sunt
390 1297 612 1368 subjecti
636 1295 812 1368 (Rom.
837 1295 919 1368 ι).
967 1297 1033 1352 Et
1061 1311 1248 1352 rursus
1274 1313 1287 1349 :
1319 1291 1491 1348 Israel
1521 1301 1691 1347 autem

129 1393 359 1446 .sectando
387 1391 551 1461 legent
569 1389 814 1460 justititc,
857 1390 912 1443 in
939 1387 1102 1458 legem
1131 1386 1358 1457 justitia:
1388 1401 1494 1439 non
1521 1399 1695 1454 perve-

142 1479 393 1551 nit-(Rom.
424 1479 524 1550 Ix).
581 1478 812 1536 Necesse
855 1486 941 1534 est
980 1490 1110 1548 ergo
1151 1485 1213 1532 ut
1250 1489 1374 1530 eum
1413 1473 1700 1530 comedam

127 1574 390 1630 idtemones
415 1615 454 1641 ,,
477 1573 570 1644 qui
599 1585 788 1629 eorum
819 1587 1039 1643 pecora,
1069 1569 1124 1625 id
1153 1578 1259 1635 est,
1300 1565 1591 1638 pecoribus
1628 1563 1700 1620 si-

131 1645 278 1723 miles
307 1668 569 1730 homines,
593 1673 820 1735 pravum
843 1662 1099 1718 videlicet
1117 1659 1379 1732 populum
1411 1667 1574 1729 atque
1602 1658 1699 1712 im-

125 1757 352 1825 :peritum
399 1759 760 1818 consumunt,
809 1751 1076 1821 siquidem
1127 1748 1308 1804 nullus
1355 1754 1440 1804 est
1486 1747 1540 1802 in
1592 1745 1696 1802 illis
1735 1799 1742 1828 ἓ

123 1845 446 1911 intellectus,
481 1844 619 1900 nihil
655 1843 754 1899 Dei
794 1842 1016 1898 servitio
1045 1842 1262 1912 dignum
1298 1839 1535 1910 cogitare
1565 1837 1742 1912 con-'_'

1777 651 1856 709 Et
1902 655 2177 710 trademini
2224 654 2451 707 hostium
2499 651 2768 716 manibus,
2808 651 3057 707 videlicet
3099 652 3357 728 intelligi-

1788 735 1990 804 bilium.
2038 745 2324 817 Postquam
2361 744 2662 814 confregero
2698 743 2943 799 baculum
2981 745 3134 814 panis
3176 745 3357 800 vestri.

1789 835 2038 893 harescit
2071 836 2217 892 enim
2259 833 2398 905 apud
2437 849 2530 889 eos
2571 833 2859 890 doctoralis
2898 833 3074 906 panis,
3119 835 3388 910 maxime.

1789 927 2061 984 salutaris.
2110 925 2387 994 Quomodo
2421 923 2640 980 autem?
2683 923 2822 981 Audi
2859 941 2981 996 quae
3013 933 3358 1000 sequuntur:

1789 1015 1879 1072 Ita
1907 1026 1964 1071 ut
1988 1017 2162 1072 decem
2188 1013 2428 1070 mulieres
2462 1015 2517 1070 in
2546 1031 2649 1074 uno
2677 1013 2882 1070 clibano
2911 1017 3136 1088 coquant
3175 1033 3359 1090 panes,

1789 1119 1838 1166 et
1865 1109 2086 1163 reddant
2112 1124 2198 1162 eos
2222 1107 2292 1162 ad
2318 1105 2542 1176 pondus,
2565 1113 2613 1159 et
2641 1105 2916 1162 comedetis
2943 1115 2990 1162 et
3019 1124 3124 1162 non
3151 1117 3364 1163 satura!

1791 1195 1972 1253 bimini
1993 1199 2020 1253 .9
2064 1195 2208 1252 Nihil
2251 1195 2454 1251 habent
2485 1192 2656 1250 Judaei
2697 1194 2841 1265 quod
2881 1193 3182 1252 doctrinam
3217 1196 3364 1253 vires
3403 1225 3408 1236 -

1790 1288 1992 1345 habere
2021 1287 2291 1343 nutriendi
2329 1285 2526 1352 faciat,
2575 1285 2819 1354 exceptis
2845 1285 3030 1342 decem
3052 1286 3362 1358 praeceptis,

1795 1381 1922 1448 quia
1944 1393 2128 1433 veram
2155 1379 2537 1448 prophetarum
2562 1375 2977 1448 expositionem,
3002 1383 3062 1431 ut
3089 1387 3216 1450 pote
3239 1394 3366 1452 oon-

1799 1467 2112 1522 cordantem
2141 1463 2437 1522 Salvatoris
2463 1467 2634 1544 nostri
2663 1460 3096 1538 dispensationi,
3116 1459 3327 1544 fugiunt
3350 1509 3366 1535 ,

1802 1555 2006 1626 reliqua
2048 1565 2225 1612 autem
2263 1557 2397 1630 legis
2434 1539 2623 1614 nolunt
2659 1557 3070 1631 intelligibiliter
3100 1539 3369 1633 accipere,

1799 1663 1900 1703 nec
1943 1648 2259 1718 spiritaliter
2296 1650 2604 1720 suscipere,
2657 1649 2749 1704 sed
2795 1651 3090 1706 secundum
3137 1649 3373 1726 litteram

1799 1739 2002 1804 solam,
2042 1739 2186 1808 quod
2224 1751 2369 1794 stare
2406 1756 2513 1794 non
2549 1729 2746 1810 potest.
2799 1741 3195 1824 Primumouia
3222 1735 3375 1822 locus

1799 1829 2102 1885 destructus
2131 1839 2214 1886 est
2245 1832 2298 1887 in
2329 1847 2436 1902 quo
2462 1841 2618 1888 erant
2643 1832 2930 1902 sacriﬁcia,
2969 1843 3024 1889 et
3059 1835 3373 1914 mundano;-

121 1909 444 2001 straverunt,
482 1937 574 1991 sed
599 1934 742 1990 sicut
764 1932 1005 2005 iumenta
1034 1932 1086 1986 in
1107 1909 1334 1984 modum
1364 1909 1524 1994 freni,
1557 1928 1692 1984 stul—
1723 1909 1768 1968 Β
1787 1921 1913 1984 "nes,
1941 1926 1996 1975 el
2021 1921 2342 1986 oblationes.
2382 1931 2437 1977 et
2475 1923 2681 1992 reliqua
2711 1940 2830 1994 qum
2855 1913 3126 1997 pertinent
3156 1909 3238 2000 ad

125 2025 206 2082 tis
244 2025 656 2096 praepositorum
707 2019 926 2078 suorum
979 2017 1352 2075 traditionibus
1402 2019 1691 2074 ducuntur.

129 2115 358 2186 Propter
385 2117 530 2186 quod
557 2123 678 2170 sunt
703 2115 1001 2169 daemonum
1031 2103 1138 2168 cibi
1178 2120 1233 2167 et
1273 2111 1340 2165 ad
1368 2111 1695 2181 paucitatem

129 2207 466 2278 rediguntur,
498 2213 605 2260 tam
634 2205 976 2260 multitudine
999 2217 1160 2273 quam
1186 2203 1476 2273 dignitate;
1512 2205 1693 2260 deser-

129 2305 300 2367 taeque
321 2311 507 2352 eorum
537 2296 671 2350 ﬁunt
693 2297 815 2359 viae,
842 2295 1040 2365 quippe
1073 2309 1193 2366 quae
1230 2311 1329 2351 nec
1363 2309 1556 2366 aquam
1596 2295 1696 2351 ha-

1798 2011 2025 2066 vitutem
2053 2009 2266 2068 litterae.
2311 2012 2515 2070 Deinde
2542 2013 2708 2070 multa
2735 2015 2790 2070 in
2817 2016 2898 2071 eis
2926 2025 3081 2074 erant
3114 2033 3222 2075 non
3257 2001 3374 2082 tam

1797 2101 1976 2157 studio
2005 2118 2165 2173 quam
2194 2102 2304 2159 risu
2335 2104 2494 2174 digna
2526 2105 2594 2160 ad
2621 2105 3033 2163 custodiendum
3059 2119 3221 2178 atque
3246 2123 3378 2180 ope-

1798 2195 2046 2249 randum.
2103 2192 2214 2250 Nec
2261 2196 2595 2251 contrarium
2641 2205 2726 2253 est
2768 2198 2978 2253 sabbati
3029 2199 3374 2276 mandatum,

1797 2289 1921 2362 quia
1961 2289 2062 2345 etsi
2099 2287 2286 2345 decem
2324 2290 2594 2347 mandatis
2618 2291 2878 2349 insertum
2906 2302 3020 2360 est,
3060 2308 3169 2350 non
3196 2301 3379 2352 tamen

130 2387 253 2443 bent
280 2388 433 2452 vitae,
462 2399 562 2441 nec
589 2385 987 2456 Susceptionem
1018 2385 1131 2441 sive
1161 2385 1587 2456 hospitalitatem
1613 2387 1699 2442 in-
1797 2396 1865 2437 ex
1904 2381 1982 2436 eis
2019 2389 2123 2436 est.
2182 2379 2240 2437 Si
2280 2395 2412 2454 ergo
2448 2384 2764 2438 mandatum
2803 2384 3040 2456 speciale
3068 2397 3333 2456 ponamus
3362 2401 3376 2437 :

133 2475 474 2546 telligibilem,
497 2491 598 2531 uec
615 2476 978 2546 producentes
999 2489 1077 2540 se,
1099 2475 1184 2532 vel
1207 2476 1362 2546 quasi
1386 2477 1452 2530 ad
1477 2489 1697 2530 manum
1798 2471 1914 2542 Ego
1951 2489 2069 2528 sum
2094 2471 2351 2528 Dominus
2381 2473 2523 2529 Deus
2558 2483 2701 2541 tuus,
2728 2476 2818 2546 qui
2859 2475 3018 2530 eduxi
3045 2484 3094 2530 te
3134 2475 3198 2529 de
3237 2484 3380 2552 terra

136 2566 449 2622 deducentes
474 2574 567 2620 aut
589 2565 976 2621 custodientes.
1008 2565 1162 2632 Quod
1188 2567 1236 2621 si
1262 2583 1354 2621 nec
1376 2566 1452 2622 sic
1474 2565 1702 2621 volueri-
1801 2558 2040 2633 Egypti,
2075 2561 2139 2618 de
2167 2563 2321 2618 domo
2359 2565 2642 2632 servitutis,
2674 2565 2971 2636 perfectum
3002 2566 3382 2622 mandatorum

137 2658 440 2729 tissecipere
461 2658 825 2729 disciplinam,
863 2659 953 2713 sed
981 2657 1368 2713 ambulaveritis
1391 2674 1457 2713 ea:
1483 2657 1700 2713 adverso
1801 2654 1988 2711 decem
2040 2672 2326 2712 numerum
2384 2658 2740 2714 inveniemus.
2808 2659 3013 2714 Dehinc
3057 2668 3242 2729 aperte
3290 2672 3381 2714 re-

137 2747 280 2813 stibi,
319 2763 414 2819 ego
449 2763 653 2820 quoque
680 2757 862 2803 contra
889 2763 977 2803 eos
1004 2749 1251 2803 adversus
1274 2749 1533 2804 incedam.
1585 2748 1700 2802 Ad-
1803 2749 1986 2818 quiem
2014 2749 2413 2822 intelligibilem
2444 2751 2741 2822 signiﬁcat,
2787 2752 2840 2808 in
2871 2768 2977 2823 qua
3007 2751 3215 2806 nullum
3244 2764 3383 2820 opus

139 2854 280 2895 versa
324 2855 489 2910 pana
525 2849 670 2906 utar,
717 2842 1168 2911 quemadmodum
1212 2841 1436 2897 adversa
1487 2849 1572 2896 est
1598 2840 1704 2910 legi
1803 2837 2109 2906 huiusmodi
2153 2839 2281 2897 licet
2320 2856 2421 2896 nos
2460 2857 2639 2914 agere.
2695 2841 2821 2896 llzec
2866 2857 2996 2913 ergo
3044 2839 3158 2896 sola
3189 2855 3386 2912 panem

138 2939 298 2987 vestra
319 2931 722 3004 praevaricatio.
763 2930 897 2987 Cum
926 2932 1070 2988 enim
1099 2932 1348 2988 meditari
1377 2947 1497 2986 eam
1523 2931 1707 2985 videa-
1808 2937 2104 3000 operantur
2131 2931 2328 3002 populo
2361 2930 2666 2988 Iudaeorum
2708 2934 2762 2987 in
2797 2932 3011 2990 clibano
3039 2947 3179 2998 uno,
3227 2929 3387 3002 legali

138 3023 283 3090 nini,
334 3023 702 3082 intentionem
749 3023 868 3095 ejus
911 3039 1022 3079 non
1066 3024 1315 3080 servatis.
1371 3020 1463 3079 Sic
1507 3030 1562 3078 et
1606 3037 1706 3093 ego
1805 3019 2087 3089 videlicet;
2121 3031 2178 3077 et
2205 3023 2436 3077 reddunt
2461 3037 2554 3080 eos
2581 3023 2648 3078 ad
2678 3023 2888 3093 pondus
2921 3023 3266 3095 supradictos
3290 3037 3387 3094 pa-

139 3115 397 3172 sdversam
445 3117 609 3172 vobis
656 3116 1077 3186 superinducam
1125 3129 1344 3187 poenam
1374 3156 1389 3181 ,
1447 3127 1555 3170 non
1610 3127 1706 3169 vos
1767 3163 1772 3176 ,
1810 3126 1932 3176 nes,
1959 3111 2011 3169 id
2035 3122 2140 3178 est,
2165 3113 2233 3168 ad
2257 3113 2564 3171 sensibilem
2589 3115 3000 3174 districtionem.
3035 3112 3219 3186 Neque
3239 3114 3384 3174 enim

139 3208 415 3277 corripiens
463 3208 583 3263 illis
627 3207 822 3278 quibus
865 3205 1201 3278 ﬂagellabam
1249 3206 1399 3277 prius
1424 3249 1438 3273 ,
1488 3205 1706 3276 quando
1736 3261 1775 3278 η
1810 3203 2036 3260 dilatant
2073 3204 2379 3261 doctrinam
2416 3207 2555 3263 sicut
2583 3207 2968 3277 Evangelium,
3013 3222 3189 3277 neque
3231 3206 3386 3264 adub-

139 3261 432 3354 mortiferos
455 3261 764 3368 serperites,
798 3306 858 3353 et
883 3261 1220 3365 incendium,
1249 3261 1304 3354 et
1334 3261 1706 3355 terius-hiatus
1732 3261 1777 3324 Ο
1810 3295 1933 3352 terii
1963 3296 2265 3352 doctrinam
2293 3298 2584 3356 ostendunt
2611 3272 2678 3355 ad
2707 3261 3036 3366 citstodia'm,
3069 3261 3138 3354 ne
3165 3300 3385 3370 quidem

139 3375 186 3440 et
209 3388 400 3444 similia
423 3403 596 3460 super
616 3403 714 3446 vos
742 3389 1084 3458 inducebam,
1115 3390 1210 3446 sed
1239 3389 1392 3446 alias.
1425 3389 1554 3459 Quae
1581 3399 1707 3447 sunt
1809 3388 2131 3460 respiciendi
2160 3389 2466 3458 mulierem,
2492 3405 2590 3448 nec
2621 3392 2930 3458 homicidii,
2971 3403 3027 3448 et
3064 3408 3133 3448 ne
3164 3393 3387 3463 quidem

139 3489 299 3536 autem
325 3484 443 3540 hac?
478 3485 764 3554 sequentia
785 3483 1024 3556 legentes
1045 3487 1300 3542 sciemus.
1335 3485 1398 3540 Et
1420 3487 1707 3557 percutiam
1810 3479 2190 3538 irascendum:
2217 3484 2360 3540 unde
2383 3499 2484 3540 nec
2507 3485 2775 3540 satiantur
2797 3482 3106 3540 Iudaeorum
3133 3486 3388 3554 panibus,

139 3585 221 3624 eos
253 3575 428 3642 septies
465 3587 683 3646 propter
707 3585 920 3645 peccata
945 3586 1134 3631 vestra.
1183 3575 1341 3631 Prius
1380 3578 1669 3650 corripiam
1690 3619 1705 3648 ,
1811 3573 1904 3642 qui
1930 3588 1998 3628 ex
2022 3573 2102 3629 eis
2128 3583 2254 3629 sunt
2276 3575 2486 3640 nutriti,
2511 3584 2719 3632 arctam
2745 3576 3035 3644 quamdam
3058 3575 3387 3640 doctrinam,

143 3659 319 3717 deinde
355 3654 701 3734 pércutiam;
755 3667 1056 3736 procedens
1093 3667 1238 3721 enim
1279 3681 1441 3738 paena
1485 3676 1546 3723 ut
1585 3677 1711 3739 pote
1811 3663 2053 3734 nihilque
2077 3666 2368 3721 habentem
2397 3665 2685 3735 ubertatis,
2721 3667 3092 3737 spiritalisque
3123 3667 3392 3735 largitatis

142 3759 315 3808 contra
372 3755 750 3812 iuobedientes
800 3757 994 3813 fortior
1039 3755 1287 3815 elllcitur.
1351 3759 1713 3832 Inducamque
1813 3762 2111 3810 sumentes.

141 3854 279 3909 super
304 3859 402 3898 vos
433 3844 692 3915 gladium,
719 3847 942 3903 ultorem
969 3848 1176 3918 foederis
1203 3850 1323 3905 mei.
1355 3849 1578 3906 Gladius
1603 3851 1712 3924 spi-
1882 3848 2063 3922 (lenm)
2099 3846 2201 3906 Sin
2236 3857 2411 3905 autem
2449 3866 2544 3906 nec
2578 3867 2671 3922 per
2699 3851 2811 3906 hac
2843 3849 3120 3906 audieritis
3150 3866 3260 3916 me.
3303 3849 3394 3904 sed

140 3930 279 3998 ritus,
308 3935 446 4002 quia
472 3936 699 3990 verbum
723 3937 821 3992 Dei
851 3939 944 4003 sit,
972 3937 1287 4007 frequenter
1310 3939 1563 3997 diximus.
1598 3941 1712 3998 Hoc
1812 3942 2206 4002 ambulaveritis
2249 3951 2434 3998 contra
2476 3959 2594 4010 me,
2631 3952 2679 3999 et
2717 3958 2810 4014 ego
2847 3943 3084 3999 incedam
3118 3942 3396 3998 aduersum

141 4023 350 4080 Verbum
401 4024 464 4079 in
514 4023 713 4096 linguis
756 4026 1015 4083 Ecclesiae
1056 4029 1438 4099 magistrorum
1476 4031 1714 4087 vindicat
1813 4047 1926 4098 vos,
1951 4032 2006 4086 in
2031 4031 2212 4102 furore
2237 4048 2350 4086 ineo
2379 4035 2670 4101 contrario,
2697 4042 2746 4088 et
2774 4035 3056 4104 corripiam
3083 4051 3172 4090 vos
3200 4043 3394 4104 septem

141 4112 384 4182 judicium
431 4115 660 4173 foederis
690 4117 804 4174 sive
831 4118 1164 4174 Testamenti
1204 4119 1498 4192 evangelici
1527 4140 1540 4176 :
1578 4137 1712 4179 eon-
1812 4122 1981 4195 plagis
2013 4134 2224 4195 propter
2244 4134 2458 4196 peccata
2486 4135 2675 4193 vestra,
2711 4127 2786 4182 ita
2815 4136 2872 4183 ut
2899 4127 3186 4184 comedetis
3209 4142 3394 4182 carnes

144 4204 290 4264 vincit
330 4205 489 4264 enim
534 4221 630 4263 eos
673 4208 764 4278 qui
813 4207 1023 4264 Novum
1074 4211 1559 4282 transgrediuntur,
1613 4228 1714 4269 nec
1812 4212 2046 4284 ﬁliorum
2100 4224 2384 4284 vestrorum
2421 4226 2470 4272 et
2505 4217 2738 4287 ﬁliarum
2763 4227 3070 4278 uestrarum.
3109 4219 3396 4295 Destruam

147 4295 290 4354 Vetus
332 4298 622 4355 custodire
662 4313 840 4370 posse.
898 4300 966 4355 Et
1011 4300 1317 4358 vindicatur
1363 4302 1714 4375 Evangelium
1811 4303 2018 4359 excelsa
2042 4315 2233 4372 vestra,
2257 4316 2306 4362 et
2326 4307 2612 4366 simulacra
2633 4309 2985 4381 confringant.
3021 4310 3235 4366 Cadetis
3255 4313 3400 4366 inter

149 4398 255 4440 mm
287 4389 497 4446 inimici
536 4388 676 4458 legis
701 4391 1082 4458 ostenduntur,
1119 4392 1244 4463 quia
1277 4392 1554 4465 Evangelii
1590 4411 1713 4469 gra-
1813 4397 1994 4453 ruinas
2032 4397 2292 4456 idolorum
2313 4410 2599 4457 uestrorum
2625 4411 2672 4458 et
2693 4401 3083 4456 abominabitur
3104 4416 3191 4454 eos
3212 4399 3392 4452 anima

152 4475 260 4562 limi
287 4479 783 4552 transgrediuntur.
817 4479 927 4536 Sed
954 4487 1010 4537 et
1036 4483 1360 4555 legislatoris
1389 4485 1712 4556 sapientiam
1814 4505 1930 4544 mea
1958 4490 2240 4556 intantum,
2281 4502 2338 4546 ut
2372 4493 2528 4550 urbes
2561 4501 2761 4550 vestras
2789 4491 3028 4562 redigam
3060 4491 3119 4545 in
3145 4489 3408 4545 solitudi-r

495 4570 776 4671 quomodo
797 4581 1098 4671 opportune
1122 4574 1340 4671 subdit:
1374 4575 1606 4671 Cumque
1629 4577 1714 4671 fu-
1737 4610 1792 4671 D
1815 4593 1954 4671 nem,
1989 4567 2049 4671 et
2073 4580 2281 4671 deserta
2309 4580 2508 4649 faciam
2539 4581 2850 4638 sanctuaria
2882 4560 3072 4640 nostra.
3112 4579 3227 4637 Nec
3253 4582 3398 4638 ’καί

154 4657 305 4733 gm'tis
325 4663 395 4716 ad
424 4662 604 4727 urbes,
647 4663 850 4717 mittam
876 4663 1222 4742 pestilentiam
1252 4667 1307 4720 in
1336 4665 1506 4722 medio
1536 4669 1709 4724 vestri.

155 4743 493 4824 lnlelligibiles
535 4753 793 4810 civitates
833 4754 1113 4826 prophetae
1155 4765 1318 4824 sunt;
1369 4757 1714 4814 manifestum

156 4847 223 4892 est
256 4851 450 4903 autem.
508 4846 580 4902 Et
615 4845 817 4916 quibus
846 4846 986 4902 Deus
1013 4845 1264 4904 leremite
1305 4849 1559 4907 dicebat:
1601 4847 1716 4924 Ego

156 4928 310 5002 σιῑνρι
331 4935 452 4991 dedi
478 4946 530 4994 te
555 4935 740 5001 hodie,
767 4937 822 4990 in
849 4937 1393 4995 civitatem'munitam
1409 4937 1626 5013 (Jerem.
1650 4939 1712 5014 ι).

158 5019 595 5086 Qumadmodum
624 5043 761 5100 ergo
786 5029 842 5083 in
870 5029 1119 5086 civitates
1152 5043 1392 5090 muratas
1418 5033 1510 5104 qui
1547 5031 1715 5104 fugit,

159 5110 408 5175 staminis
431 5131 552 5189 est,
593 5119 874 5186 salvator;
913 5119 960 5174 si
987 5129 1166 5176 autem
1206 5121 1474 5189 inimicus,
1506 5121 1718 5180 facilius

160 5207 414 5269 puimitur
459 5215 516 5269 in
562 5227 763 5270 earum
810 5211 1017 5268 ambitu
1069 5212 1475 5271 circumdatus:
1523 5217 1602 5274 sic
1649 5215 1718 5271 ad

162 5299 476 5367 Pmpheticos
497 5305 682 5362 libros
705 5311 760 5360 et
784 5303 840 5358 in
866 5317 1054 5359 eorum
1077 5303 1386 5360 testimonia
1414 5305 1574 5361 amici
1597 5306 1720 5364 fidei

163 5387 546 5463 confugientes,
603 5393 964 5452 munitionem
1013 5394 1348 5464 salutemque
1395 5395 1716 5451 inveniunt:

166 5470 342 5537 inimici
367 5495 554 5542 autem
586 5493 644 5541 et
676 5483 918 5541 infideles
945 5485 1054 5541 cito
1079 5486 1278 5556 captivi
1309 5493 1556 5556 pereunt.
1590 5485 1722 5543 Pro-

164 5578 266 5638 Ριθτ
282 5582 419 5647 quod
440 5581 670 5652 quando
695 5581 762 5635 ad
788 5581 1081 5651 prophetas
1102 5579 1269 5636 Judaei
1295 5579 1528 5654 fugiunt,
1558 5581 1721 5636 decli-

167 5671 334 5722 nantes
353 5684 475 5724 eum
499 5671 704 5741 quiest
725 5669 776 5724 in
802 5670 975 5726 doctis
996 5671 1123 5726 viris
1145 5672 1440 5741 spiritalem
1463 5672 1717 5744 gladium,

167 5755 505 5818 pestilentiam
539 5761 620 5815 ait
651 5776 712 5816 se
748 5761 963 5816 mittere
1007 5761 1062 5816 in
1107 5763 1285 5818 medio
1329 5777 1558 5828 eorum;
1610 5763 1722 5819 illic

169 5843 296 5905 enim
327 5852 642 5914 moriuntur
672 5852 835 5909 etiam
863 5851 1010 5910 nullo
1038 5861 1312 5926 arguente,
1344 5870 1451 5912 non
1483 5854 1720 5915 valentes

1817 4668 1959 4738 piam
1984 4669 2081 4723 odo
2090 4686 2194 4725 rem
2216 4669 2357 4724 ultra
2378 4671 2767 4738 suavissimum,
2781 4671 3181 4744 disperdamque
3198 4680 3393 4729 terram

1819 4767 2066 4823 vestram,
2105 4768 2154 4814 et
2189 4759 2464 4831 stupebant
2499 4777 2656 4832 super
2677 4777 2795 4818 eam
2819 4762 3020 4818 inimici
3046 4764 3236 4832 uestri,
3273 4779 3394 4820 cum

1820 4845 2137 4903 habitatores
2165 4846 2308 4904 illius
2333 4848 2566 4920 fuerint;
2601 4867 2690 4906 uos
2719 4859 2898 4909 autem
2929 4852 3222 4926 dispergam
3257 4855 3395 4909 inter

1821 4947 2016 5011 gentes,
2055 4946 2102 4995 et
2138 4939 2420 5012 euaginabo
2451 4951 2568 5013 post
2600 4959 2689 5001 vos
2723 4942 2981 5016 gladium,
3018 4946 3220 5018 eritque
3251 4954 3390 5002 terra

1822 5039 1990 5086 vestra
2019 5029 2227 5088 deserta
2261 5040 2311 5088 et
2341 5033 2576 5090 civitates
2599 5033 2896 5092 destructis.
2937 5033 3096 5092 Tunc
3117 5034 3395 5106 placebunt

1819 5129 1972 5176 terra:
2017 5122 2233 5178 sabbata
2279 5140 2377 5180 sua
2425 5124 2627 5182 cunctis
2671 5125 2849 5182 diebus
2893 5125 3195 5184 solitudinis
3241 5140 3418 5189 sua,“

1818 5217 2028 5290 quando
2068 5215 2273 5286 fuen’tis
2311 5215 2368 5270 in
2405 5224 2547 5272 terra
2578 5215 2788 5285 hostili,
2821 5216 3182 5276 .sabbatisablt
3217 5223 3278 5269 et.
3309 5228 3418 5268 re»

1818 5307 2043 5378 quiescet
2073 5308 2130 5362 in
2155 5306 2384 5362 sabbatis
2417 5307 2884 5377 solitudinisstue,
2917 5323 2981 5368 eo
3011 5307 3154 5379 quod
3181 5321 3287 5362 non
3314 5320 3396 5360 re.

1821 5397 2071 5468 quieverit
2118 5397 2174 5452 in
2209 5397 2440 5455 sabbatis
2477 5403 2697 5469 uestris,
2745 5402 2958 5474 quando
2989 5397 3418 5456 habitabamus”

1823 5502 1906 5542 ea.
1956 5485 2023 5538 Et
2059 5487 2147 5558 qui
2186 5486 2249 5542 de
2288 5487 2425 5543 vobis
2465 5493 2840 5556 remanserint,
2883 5489 3022 5546 dabo
3056 5501 3308 5558 pacm
3335 5486 3420 5542 in.

1825 5577 2068 5632 cordibus
2103 5596 2282 5634 eorum
2319 5582 2372 5635 in
2414 5583 2710 5653 regionibus
2745 5581 2994 5638 hostium.
3041 5577 3276 5633 Ternbit
3307 5593 3397 5634 eos

1824 5671 2024 5724 sonitus
2063 5669 2178 5742 folii
2216 5670 2454 5736 volantis,
2495 5683 2545 5726 et
2583 5675 2660 5728 ita
2693 5671 2908 5740 fugient,
2948 5671 3099 5740 quasi
3136 5670 3404 5740 gladium.

1827 5760 2024 5815 Cadent
2048 5760 2190 5816 nullo
2211 5774 2472 5833 sequente,
2490 5775 2536 5816 et
2558 5770 2799 5816 corruent
2816 5761 3008 5832 singuli
3029 5780 3185 5834 super
3205 5765 3394 5834 fratres

1824 5872 1948 5916 suos
1984 5855 2134 5930 quasi
2173 5855 2307 5912 bella
2349 5855 2627 5928 fugientes.
2683 5852 2855 5914 Nemo
2899 5865 3120 5915 testrum
3169 5857 3392 5917 inimicis
