3892 6346
191 371 274 428 565
1047 367 1543 425 EXPOSI'I‘IONES
1582 368 1644 422 ΙΝ
1680 365 2067 423 LEVITICUM.
2113 395 2175 408 -ο
2216 365 2339 419 LIB.
2385 363 2489 418 νυ.

3313 359 3418 415 566

256 499 384 552 Tunc
410 492 681 564 placebunt
705 499 856 544 teri-tr
877 489 1089 543 sabbata
1117 504 1209 542 sua
1238 488 1433 540 cunctis
1457 486 1635 539 diebus
1659 502 1742 537 so—
1770 485 1818 544 Α
1843 483 2162 551 patiuntur?
2201 483 2364 534 Nemo
2396 490 2621 534 rostrum
2648 475 2873 530 inimicis
2909 475 3124 528 audebit
3152 478 3385 530 resistere
3403 518 3418 541 ,

204 583 405 642 iludiais
432 600 560 650 sum,
592 583 800 654 quando
830 581 1030 651 fueritis
1061 581 1114 634 in
1142 590 1280 634 terra
1322 579 1497 633 hostili
1516 620 1530 644 ,
1556 579 1743 632 sabba-

197 682 346 739 lizabit
365 689 414 733 et
440 671 705 749 requiescit
728 676 779 729 in
805 675 1030 728 sabbatis
1054 672 1350 727 solitudinis
1371 679 1501 735 sum,
1525 687 1584 724 co
1604 669 1742 740 quod

197 792 280 832 non
309 771 603 842 requieverit
630 771 682 823 in
705 768 930 822 sabbatis
955 767 1134 820 restria
1150 765 1358 835 quando
1373 763 1670 817 habitabitis
1687 761 1744 814 in

195 885 258 920 ca.
282 865 500 921 Terram
522 877 639 917 esse.
661 859 1044 929 intelligibitcm
1067 857 1400 926 Scripturam
1425 856 1516 909 Dei
1545 863 1599 908 et
1620 870 1744 910 con-

193 947 527 1012 versationem
568 972 685 1024 qum
725 956 778 1008 in
820 952 898 1007 eis
936 962 1018 1007 est
1061 967 1202 1020 saepe
1238 942 1598 1011 ostcmﬁmus,
1649 951 1742 1003 sed

193 1049 473 1104 ind-reorum
503 1047 715 1118 quidem
749 1046 911 1100 Vetus
935 1045 1357 1106 Testamentum,
1385 1042 1621 1112 gentium
1648 1056 1742 1093 au-

193 1153 279 1196 tem
324 1159 442 1210 qua:
488 1142 714 1194 inimicae
760 1149 881 1192 sunt
925 1138 1142 1203 iudicis,
1185 1153 1400 1192 novum.
1451 1133 1584 1202 Quia
1615 1150 1741 1204 ergo

193 1233 451 1287 sabbatum
477 1232 810 1286 vacationem
841 1229 1126 1300 significat,
1155 1227 1351 1283 Jtttlzeis
1384 1229 1614 1282 maxime
1640 1229 1740 1282 hoc

191 1341 312 1378 nunc
336 1323 606 1393 legislator
635 1322 836 1376 innuit:
885 1322 1008 1389 quia
1054 1319 1182 1374 nihil
1227 1336 1370 1372 nunc
1410 1318 1744 1371 invenientes

192 1437 244 1473 ex
271 1419 375 1489 lege
404 1428 455 1474 et
484 1418 756 1488 prophetis
781 1416 924 1485 quod
955 1415 1053 1483 ipsi
1087 1414 1265 1466 facere
1297 1412 1502 1473 volunt,
1533 1411 1624 1463 scd
1656 1410 1747 1462 dc-

190 1518 374 1563 structa
402 1525 586 1564 eorum
611 1523 746 1578 pene
775 1506 922 1560 onmi
953 1503 1238 1573 superficie
1277 1501 1487 1564 litterae,
1527 1509 1748 1567 propter

188 1604 313 1672 quod
346 1603 465 1656 facti
496 1609 619 1655 sunt
645 1601 697 1654 in
725 1608 865 1653 terra
898 1596 1244 1651 inimicorum
1282 1607 1522 1654 suorum,
1555 1589 1609 1644 id
1645 1597 1744 1652 est,

186 1693 232 1745 in
267 1691 567 1761 cvangelico
613 1691 1000 1751 Testamento;
1045 1685 1168 1738 facti
1218 1691 1341 1737 sunt
1368 1693 1546 1735 autem
1568 1724 1580 1746 ,
1615 1690 1667 1735 et
1703 1680 1747 1734 si

183 1797 280 1836 non
311 1793 526 1850 sponte,
564 1791 741 1834 tamen
785 1793 848 1834 ex
891 1776 1247 1839 necessitate,
1297 1774 1469 1842 ipsum
1511 1774 1650 1826 enim
1693 1780 1744 1824 et

1845 579 2074 649 peribitis
2104 580 2241 632 inter
2257 586 2461 647 gentes,
2501 585 2548 626 et
2582 571 2784 626 hostilis
2825 583 2914 625 vos
2955 580 3099 623 urra
3134 579 3418 624 consumet.

1843 670 2128 725 Consumit
2155 670 2301 724 enim
2331 682 2424 722 eos
2452 664 2826 735 evangelicum
2863 663 3272 718 TeStamentum
3293 701 3308 727 ,
3339 670 3420 716 to—

1848 763 1954 817 tius
1981 773 2169 816 eorum
2199 767 2485 813 conterens
2517 756 2720 810 erroris
2750 753 3125 813 substantiam.
3155 752 3296 807 unde
3322 767 3425 806 nec

1846 855 2099 909 resistere
2127 850 2362 905 inimicis
2399 849 2544 912 suis,
2587 848 2676 916 qui
2724 846 2919 900 salvari
2958 845 3144 900 volunt
3191 859 3287 900 eos
3325 858 3425 913 per

1847 945 2029 1008 ﬁdem,
2053 951 2296 1012 possunt.
2317 940 2420 994 Sed
2448 949 2501 992 et
2521 945 2745 1009 pereunt
2771 938 2910 991 inter
2933 945 3137 1006 gentes,
3165 936 3220 989 in
3245 935 3422 1004 lapide

1845 1036 2087 1107 angulari
2135 1032 2498 1094 oll‘endcntes,
2528 1038 2582 1083 et
2623 1046 2724 1087 nec
2768 1029 2903 1100 legis
2928 1029 3147 1097 quidem
3184 1027 3422 1081 litteram

1844 1129 2117 1196 respicere
2141 1125 2382 1178 volentes
2404 1164 2416 1186 ,
2458 1130 2516 1175 ut
2544 1131 2666 1191 pote
2695 1121 2786 1190 qui
2832 1121 2887 1173 in
2919 1135 3038 1174 eam
3078 1134 3184 1173 non
3223 1119 3426 1172 habent

1841 1220 2116 1274 ﬁduciam.
2150 1217 2300 1284 Quod
2330 1225 2384 1270 ct
2411 1216 2454 1269 si
2483 1216 2550 1269 de
2576 1215 2661 1269 his
2683 1214 2846 1281 aliqui
2871 1215 3247 1278 remanserint,
3276 1213 3423 1267 tabe-

1845 1321 1996 1366 sccnt
2023 1313 2076 1364 in
2105 1309 2478 1378 iniquitatibus
2503 1307 2635 1372 suis,
2675 1306 2729 1358 in
2763 1313 2904 1358 terra
2933 1305 3268 1358 inimicorum
3293 1318 3420 1358 suo-

1847 1421 1989 1457 rum.
2019 1405 2333 1471 Quicunque
2359 1402 2505 1454 enim
2535 1415 2600 1453 ex
2633 1399 2714 1453 eis
2737 1397 2828 1466 qui
2860 1397 3108 1450 conversi
3147 1404 3302 1458 sunt,
3335 1411 3422 1449 re—

1850 1501 2070 1546 manent
2099 1501 2472 1561 permanentes
2508 1491 2562 1542 in
2599 1490 2731 1556 legis
2775 1489 2987 1552 studio,
3029 1495 3084 1540 et
3120 1486 3174 1539 hi
3211 1497 3426 1555 propter

1851 1593 2070 1653 peccata
2110 1599 2204 1637 sua
2243 1599 2362 1651 quze
2399 1585 2449 1635 in
2495 1591 2637 1636 terra
2685 1581 3024 1636 inimicorum
3073 1593 3330 1641 suorum,
3375 1579 3428 1631 id

1849 1685 1952 1739 est,
1987 1676 2039 1728 in
2075 1676 2386 1744 evangelica
2424 1673 2770 1726 Testamento
2797 1671 3092 1725 secundum
3119 1669 3261 1738 quod
3298 1669 3432 1721 dixi~~

1851 1781 1998 1831 mus,
2045 1773 2267 1834 propter
2307 1765 2791 1833 transgressionem
2836 1762 2953 1830 ejus
2996 1770 3265 1830 pereunt;
3316 1760 3430 1813 lucc

183 1873 478 1926 nolentibus
510 1871 772 1925 sacrilicia
810 1877 860 1922 et
906 1866 1306 1936 purificationes
1349 1879 1658 1934 azymorum
1696 1871 1748 1918 et
1775 1851 1822 1910 Β
1849 1866 1977 1912 sunt
2019 1856 2163 1909 enim
2207 1857 2378 1908 modis
2417 1855 2666 1908 omnibus
2692 1861 2913 1922 peceata
2956 1867 3076 1921 quae
3106 1851 3158 1904 in
3188 1866 3254 1904 eo
3281 1865 3430 1904 com-

179 1963 648 2018 tal'lcrnaculorum
671 1960 985 2012 festivitates
1024 1967 1076 2011 et
1103 1957 1303 2025 reliqua
1345 1971 1554 2009 cessare
1587 1955 1740 2020 fecit,

181 2057 541 2112 dillicultatem
586 2057 845 2126 patientes
891 2057 940 2108 in
991 2053 1388 2108 meditationem
1427 2049 1542 2116 ejus
1571 2049 1744 2103 disce-

183 2147 335 2208 dunt,
362 2156 415 2201 ct
443 2148 577 2201 hanc
604 2147 930 2200 vacationem
977 2160 1073 2214 pro
1115 2145 1336 2198 sabbato
1381 2141 1653 2210 suscepit,
1692 2147 1746 2194 et

176 2240 242 2292 ab
283 2241 360 2292 eis
389 2255 536 2293 sacra
581 2237 871 2306 Scriptura,
917 2237 1182 2304 nimisque
1211 2235 1374 2288 etiam
1405 2248 1564 2301 super
1595 2232 1743 2302 prio-

175 2346 287 2382 rum
319 2327 660 2382 sabbatorum
682 2329 1017 2382 vacationem
1037 2327 1292 2397 placebit.
1324 2325 1427 2379 Sed
1452 2325 1582 2379 cur?
1605 2324 1745 2389 Quia

176 2437 270 2471 non
299 2430 368 2472 est
391 2421 617 2488 speciosa
643 2419 757 2472 laus
778 2421 832 2471 in
855 2435 944 2471 ore
971 2418 1256 2488 peccatoris
1286 2416 1475 2487 (Eccli.
1499 2415 1610 2485 xv).
1639 2413 1746 2469 Sed

178 2511 281 2562 ait:
326 2509 392 2562 Et
424 2510 510 2580 qui
535 2511 597 2562 de
624 2511 760 2563 vobis
798 2509 1176 2572 remanserint,
1223 2507 1358 2561 dabo
1403 2523 1643 2577 pavorem
1690 2507 1745 2559 in

179 2602 409 2654 cordibus
445 2617 624 2655 eorum
663 2603 714 2655 in
760 2603 1052 2673 regionibus
1100 2601 1366 2655 hostium:
1413 2600 1621 2654 terrebit
1659 2616 1746 2654 eos

178 2693 366 2744 sonitus
409 2693 524 2763 folii
562 2693 802 2746 volantis.
843 2694 1115 2762 Quotquot
1157 2693 1302 2747 enim
1346 2708 1412 2747 ex
1457 2693 1535 2747 eis
1573 2691 1746 2746 relicti

177 2791 292 2835 sunt
320 2784 498 2837 adhuc
524 2785 801 2839 studentes
831 2784 1164 2853 Scripturam
1190 2799 1399 2839 sacram
1421 2825 1434 2848 ,
1462 2790 1663 2854 pavent
1694 2781 1750 2836 in

179 2877 311 2923 terra
341 2873 686 2926 inimicorum
712 2872 927 2927 sacrum
949 2892 960 2926 :
986 2873 1039 2927 in
1064 2872 1211 2928 Novo
1237 2872 1583 2928 Testamento
1610 2873 1748 2926 sicut

179 2961 420 3017 diximus.
462 2963 680 3017 Timent
707 2963 851 3016 enim
881 2979 945 3017 ex
973 2963 1222 3018 fatuitate
1263 2973 1317 3017 et
1353 2964 1517 3018 corde
1549 2971 1750 3018 caecato

176 3053 608 3107 commixtionetn
635 3053 789 3121 ejus,
827 3060 883 3107 et
925 3054 1264 3122 completur:
1307 3054 1426 3107 Illic
1461 3054 1751 3124 trepidave-

176 3152 283 3195 runt
325 3145 518 3197 timore
555 3143 642 3196 ubi
671 3159 770 3196 non
797 3153 908 3196 erat
947 3145 1105 3197 timor
1134 3141 1304 3215 (Psal.
1343 3144 1485 3212 xm).
1519 3143 1747 3214 Propter

1849 1949 2136 2002 mittuntur
2161 1964 2172 1999 :
2213 1946 2280 1998 Et
2303 1956 2512 2015 promer
2537 1954 2746 2014 peccata
2770 1961 2867 1997 sua
2897 1953 2941 1996 et
2980 1951 3189 2012 propter
3218 1949 3430 2010 peccata

1846 2047 2056 2109 patrum
2079 2053 2293 2090 suorum
2325 2038 2447 2105 quia
2492 2036 2818 2103 prccvaricati
2862 2043 2982 2087 sunt
3009 2043 3055 2086 et
3086 2033 3429 2101 despexerunt

1849 2149 1948 2185 me.
1984 2131 2060 2184 Ea
2093 2131 2238 2184 enim
2266 2143 2386 2198 qute
2417 2143 2560 2182 nunc
2587 2128 2665 2180 eis
2705 2134 3038 2187 evenerunt,
3069 2130 3280 2192 patrum
3308 2105 3426 2192 pec.

1845 2223 1984 2278 eatis
2012 2222 2332 2284 ascribunt;
2371 2230 2594 2290 propter
2617 2218 2760 2288 quod
2799 2227 2854 2270 et
2897 2216 3174 2270 tabescent
3219 2213 3275 2266 in
3315 2213 3430 2274 eis,

1845 2332 1945 2388 pro
1984 2317 2064 2369 eis
2099 2315 2420 2369 confitentes
2443 2352 2456 2375 ,
2497 2310 2623 2379 quia
2651 2307 2992 2379 praevaricati
3023 2312 3148 2360 sunt
3176 2306 3344 2359 Deum
3373 2302 3430 2355 in

1845 2411 2180 2481 temporibus
2209 2408 2591 2472 anterioribus,
2634 2421 2743 2461 non
2789 2406 2928 2459 bona
2965 2404 3069 2458 hoc
3109 2407 3309 2463 mente,
3340 2397 3434 2451 sed

1847 2504 1987 2558 mala
2019 2502 2296 2562 facientes,
2333 2508 2392 2554 ut
2422 2513 2634 2568 poenam
2662 2512 2782 2566 qme
2815 2510 2977 2564 super
3006 2509 3101 2548 eos
3129 2492 3278 2546 venit
3305 2503 3431 2559 pro-

1847 2603 1970 2663 pter
1997 2592 2334 2660 iniquitatem
2365 2604 2526 2658 quam
2555 2590 2607 2641 in
2634 2587 2852 2643 Christo
2879 2585 3270 2640 commiserunt
3298 2579 3437 2635 mol—

1849 2687 1982 2740 liant
2007 2705 2017 2737 :
2054 2699 2176 2738 nam
2207 2684 2398 2737 infert:
2437 2683 2502 2735 Et
2523 2680 2916 2735 ambulaverunt
2945 2695 3009 2731 ea:
3031 2678 3246 2730 adverso
3267 2673 3396 2726 milii
3416 2689 3434 2724 :

1849 2775 2128 2830 ambulatio
2151 2783 2199 2828 et
2223 2790 2316 2844 ego
2339 2782 2520 2826 contra
2542 2788 2648 2836 eos,
2673 2780 2721 2824 et
2749 2771 2994 2824 inducam
3022 2766 3138 2820 illos
3158 2766 3215 2818 in
3237 2775 3430 2817 terrain

1850 2868 2112 2922 hostilem.
2153 2865 2620 2932 Quemadmodum
2663 2864 2806 2918 enim
2849 2845 2927 2914 illi
2971 2863 3222 2927 reputant
3269 2856 3437 2908 Deum

1849 2959 2249 3015 circumvenire
2275 2972 2341 3012 ex
2368 2957 2596 3011 adverso
2631 2956 2682 3007 ei
2707 2952 3081 3013 ambulantes,
3129 2956 3184 3000 et
3208 2946 3312 3000 alia
3341 2959 3440 3014 pro

1853 3053 1974 3109 aliis
2015 3049 2553 3121 interpretationibus
2592 3045 2726 3117 legis
2771 3053 2830 3097 et
2873 3042 3288 3114 prophetarum,
3321 3051 3441 3106 quin

1853 3148 2177 3204 conﬁrmant
2229 3145 2430 3200 Christi
2481 3142 2797 3214 mysterium
2845 3140 3128 3202 dicentes,
3173 3136 3318 3206 quod
3359 3142 3442 3189 est

175 3236 306 3302 quod
329 3245 382 3290 et
408 3235 688 3290 admirans
715 3236 990 3306 legislator
1019 3236 1096 3289 ait
1120 3210 1150 3288 τ’
1177 3235 1405 3290 Tcrrcbit
1430 3210 1516 3290 eos
1545 3210 1746 3292 sonitus
1773 3210 1820 3272 Ο
1856 3239 2274 3294 adversantium
2303 3210 2612 3306 proprium,
2653 3233 2732 3288 sle
2753 3238 2812 3286 et
2839 3232 2953 3300 ipse
2979 3228 3280 3284 ambulabit
3315 3239 3439 3282 cum

177 3322 552 3392 fotiinantic,
585 3327 787 3392 folium,
830 3328 960 3396 legis
989 3327 1226 3382 litteram
1255 3328 1546 3398 appellans.
1579 3328 1748 3397 Hujus

174 3413 306 3466 enim
340 3417 553 3470 sonitus
581 3431 675 3471 eos
705 3417 1076 3486 persequitur,
1122 3426 1175 3472 et
1210 3419 1458 3474 timorem
1501 3428 1747 3475 nostrum

174 3503 247 3556 eis
269 3505 489 3562 indicit:
514 3508 660 3578 quia,
689 3508 838 3562 verbi
867 3510 1061 3579 gratia,
1086 3510 1310 3566 audiunt
1336 3513 1748 3567 custodiendum

178 3594 310 3650 diem
335 3599 571 3666 sabbati,
598 3600 784 3654 vident
806 3608 986 3654 autem
1009 3617 1108 3654 nos
1131 3602 1264 3655 nihil
1295 3603 1361 3656 de
1386 3604 1572 3658 eodem
1597 3620 1750 3658 man-

172 3687 289 3743 dato
317 3691 651 3759 despicabile
685 3706 875 3762 sapere
901 3731 914 3758 ,
960 3706 1136 3761 neque
1182 3700 1457 3747 terrenum
1503 3709 1676 3763 neque
1721 3709 1750 3746 a

171 3780 377 3836 cultura
403 3793 585 3849 terrae,
615 3785 707 3839 sed
735 3799 766 3838 a
791 3784 930 3839 mala
955 3784 1167 3839 actione
1194 3785 1530 3839 vacationem
1553 3785 1752 3840 ducen-

169 3877 262 3935 tes,
293 3871 583 3926 attendunt
605 3874 660 3926 in
688 3875 844 3929 nobis
872 3884 925 3928 et
957 3876 1295 3930 commisceri
1331 3876 1487 3930 nobis
1515 3875 1748 3946 fugiunt.

167 3959 382 4014 Folium
438 3969 621 4016 autem
670 3972 820 4019 recte
866 3966 1000 4035 legis
1047 3965 1225 4020 littera
1277 3968 1572 4035 accipitur:
1625 3968 1754 4036 quia

167 4054 631 4120 quemadmodum
675 4057 932 4110 arborum
971 4056 1179 4111 fruetus
1225 4057 1366 4111 foliis
1413 4059 1634 4127 tegitur,
1676 4059 1756 4114 sic

171 4147 260 4199 sub
282 4142 424 4216 legis
467 4146 648 4202 littera
691 4147 915 4217 spiritus
952 4148 1320 4203 absconditur.
1349 4149 1575 4219 Pmpter
1610 4150 1756 4218 quod

171 4249 259 4289 nos
285 4237 354 4292 de
377 4235 582 4306 quibus
599 4239 807 4294 dictum
835 4246 919 4295 est
944 4257 956 4292 :
1001 4239 1064 4294 Si
1097 4240 1498 4295 vindemiatores
1533 4243 1753 4312 ingressi

177 4325 381 4392 fuissent
412 4330 472 4384 in
496 4341 564 4395 te,
592 4329 771 4384 saltim
800 4331 1129 4403 reliquissent
1158 4347 1424 4386 racemum
1469 4333 1560 4387 tibi
1592 4333 1746 4405 (Abd.

177 4420 249 4488 ιιι)
265 4439 276 4478 :
305 4422 582 4479 nudamus
596 4422 784 4480 folium
797 4424 1011 4493 litterae,
1029 4433 1087 4482 ut
1109 4426 1341 4482 fmctum
1360 4429 1579 4498 spiritus
1603 4430 1750 4484 inve-

179 4511 407 4578 niamus;
442 4514 503 4569 hi
536 4522 716 4570 autem
757 4515 852 4586 qui
901 4517 1004 4574 hoc
1040 4518 1293 4587 ignorant
1333 4518 1475 4572 sicut
1503 4518 1752 4574 inimicos

177 4617 262 4657 nos
289 4607 517 4672 habent,
553 4613 609 4661 et
631 4606 842 4676 fugiunt
880 4624 999 4675 nos,
1031 4609 1174 4665 sicut
1209 4610 1298 4679 qui
1323 4609 1459 4680 fugit
1481 4611 1746 4678 gladium:

178 4691 236 4744 lit
275 4697 463 4750 cedent
507 4696 661 4752 nullo
699 4709 1056 4770 persequente.
1103 4701 1289 4771 Neque
1327 4703 1471 4756 enim
1518 4717 1618 4759 nos
1659 4719 1754 4760 eos

175 4792 570 4858 persequimur,
588 4792 680 4847 sed
701 4805 768 4847 ex
789 4793 871 4848 sui
896 4795 1080 4849 cordis
1101 4795 1298 4849 duritia
1323 4797 1753 4864 persecutionem

175 4878 458 4940 patiuntur.
490 4878 639 4934 Nam
659 4882 782 4935 vide
803 4883 934 4952 quid
963 4883 1241 4940 subdidit:
1282 4882 1351 4938 Et
1379 4893 1623 4938 corruant
1646 4887 1754 4940 ain-

176 4973 268 5036 gulf
292 4991 451 5046 super
477 4978 680 5049 fratres
706 4993 850 5043 suos,
880 4979 1031 5048 quasi
1063 4978 1195 5032 bella
1221 4980 1494 5051 fugientes.
1526 4980 1754 5048 Quando

175 5063 303 5116 cnim
326 5081 447 5121 cum
471 5069 562 5123 eis
582 5068 877 5138 loquimur,
894 5075 950 5122 et
967 5067 1100 5138 legis
1119 5071 1608 5141 prophetarumque
1631 5087 1757 5128 con-

177 5159 246 5208 tra
267 5172 355 5213 eos
381 5161 706 5215 testimonia
730 5161 794 5215 de
813 5157 1035 5215 Christo
1059 5167 1116 5212 et
1137 5162 1460 5231 evangelicis
1481 5164 1755 5234 mysteriis

176 5247 515 5316 proferimus,
552 5251 888 5306 coarctatth
913 5251 1131 5320 quidem
1151 5249 1284 5317 hoc;
1317 5252 1390 5305 illi
1420 5262 1597 5309 autem
1624 5255 1756 5310 illud

179 5334 367 5406 dicunt,
404 5351 462 5397 et
494 5342 872 5411 unusquisque
901 5357 1065 5413 super
1095 5341 1319 5397 fratrem
1352 5342 1500 5408 ruit;
1541 5343 1756 5400 inﬁrma

180 5427 307 5487 e‘nim
331 5451 531 5493 omnes
561 5436 774 5503 dicunt,
803 5445 859 5492 et
891 5438 1189 5493 consistere
1225 5445 1445 5509 propter
1471 5439 1574 5493 hoc
1594 5439 1650 5495 in
1677 5440 1755 5496 al-

183 5528 335 5580 ternis
353 5543 467 5583 non
496 5528 686 5584 valent
709 5527 909 5596 verbis,
939 5536 996 5584 et
1017 5529 1408 5584 conturbantur
1428 5530 1582 5600 quasi
1613 5530 1753 5587 bella

179 5611 431 5685 lbgientes
459 5619 614 5674 nullo
642 5629 1026 5690 persequente,
1065 5635 1166 5677 nos
1212 5632 1389 5677 autem
1421 5636 1530 5678 non
1567 5638 1755 5693 perse-

175 5709 385 5774 quimur
411 5728 529 5778 eos,
555 5727 655 5768 nec
679 5720 739 5767 ut
759 5727 1068 5782 noceamus,
1089 5714 1186 5771 sed
1204 5725 1266 5770 ut
1283 5714 1552 5785 juvemus,
1589 5724 1752 5787 atque

171 5805 234 5855 ut
255 5799 535 5863 lucremur
551 5819 646 5865 eos
668 5795 1031 5879 disceptamus
1049 5821 1174 5866 cum
1195 5807 1292 5868 eis.
1309 5807 1450 5876 Quid
1468 5823 1601 5882 ergo
1619 5811 1747 5869 hinc

1852 3331 1932 3387 eis
1961 3332 2242 3395 adversus,
2275 3337 2329 3383 et
2359 3329 2576 3382 inducet
2604 3335 2698 3381 eos
2735 3325 2791 3378 in
2835 3329 3038 3377 terram
3080 3320 3353 3385 hostilem,
3386 3317 3442 3372 id

1851 3434 1958 3490 est,
1985 3426 2040 3479 in
2064 3421 2356 3493 Evangelio
2381 3420 2522 3490 quod
2545 3419 2798 3490 gentibus
2823 3416 2990 3480 dedit,
3013 3429 3080 3470 ex
3102 3429 3208 3484 quo
3231 3412 3442 3468 duobus

1853 3517 2030 3571 modis
2073 3523 2333 3584 pereunt:
2373 3514 2637 3582 primum,
2689 3509 2814 3578 quia
2863 3505 3143 3560 Judaicam
3172 3503 3442 3570 justitiam

1855 3605 2115 3667 destruit;
2149 3604 2342 3657 deinde
2370 3602 2497 3670 quia
2525 3599 2666 3668 apud
2693 3605 2882 3667 gentes
2909 3605 3012 3659 est,
3038 3594 3234 3663 quibus
3261 3591 3442 3647 aemuli

1857 3702 2006 3756 sunt,
2037 3701 2092 3747 et
2121 3691 2457 3746 contentioso
2481 3688 2738 3741 adversus
2770 3699 2867 3738 eas
2895 3685 3075 3737 animo
3103 3682 3303 3736 sal-vari
3333 3695 3441 3734 non

1858 3783 2064 3850 volunt,
2093 3782 2167 3836 ita
2192 3787 2250 3834 ut
2286 3781 2426 3834 Deus
2453 3792 2550 3847 per
2582 3776 2795 3846 Moysen
2825 3774 3067 3829 diceret:
3113 3772 3193 3825 Ad
3225 3771 3444 3828 mla-

1858 3877 2050 3931 tiouem
2095 3891 2184 3928 vos
2232 3874 2494 3928 adducam
2537 3872 2589 3924 in
2635 3887 2738 3924 non
2783 3878 2982 3939 gentem
3033 3867 3210 3938 (Deut.
3253 3865 3441 3935 usu),

1856 3969 2056 4024 Paulus
2091 3976 2314 4022 autem:
2355 3964 2660 4020 Secundum
2711 3958 3056 4032 anngcliam
3093 3959 3306 4030 quidem
3341 3957 3444 4011 ini-

1855 4062 1981 4114 mici
2009 4068 2216 4131 propter
2241 4074 2333 4113 vos
2355 4056 2509 4130 (Rom
2540 4056 2630 4126 x):
2668 4053 2736 4110 Et
2765 4065 2986 4109 rursus:
3019 4051 3168 4108 Sicut
3197 4052 3334 4106 enim
3352 4065 3441 4104 vos

1860 4167 1978 4208 cum
2008 4152 2207 4206 inimici
2239 4151 2435 4213 essetis,
2480 4147 2799 4202 reconciliati
2825 4147 2947 4200 estis
2976 4145 3088 4199 Deo
3127 4142 3314 4215 (Rom.
3348 4155 3436 4207 xt;

1861 4244 2016 4298 Rom.
2034 4245 2111 4315 ν),
2129 4242 2207 4298 sic
2222 4251 2275 4297 et
2292 4243 2344 4298 hi
2366 4256 2509 4296 nunc
2523 4256 2625 4296 non
2639 4240 3050 4315 credideruntin
3066 4245 3248 4292 vestra
3269 4237 3436 4290 mise-

1859 4337 2091 4392 ricordia
2116 4354 2128 4389 :
2174 4335 2317 4390 Tunc
2345 4335 2608 4389 erubescet
2637 4333 3007 4387 ineircumcisa
3037 4343 3184 4384 uim;
3221 4341 3400 4382 eorum
3422 4365 3438 4392 ,

1855 4437 1904 4483 et
1929 4439 2053 4482 tunc
2077 4428 2303 4481 orabunt
2329 4443 2423 4498 pro
2452 4425 2817 4497 iniquitatibus
2845 4425 2988 4486 suis;
3026 4423 3140 4474 sive
3170 4427 3230 4472 ut
3260 4418 3436 4470 LXX:

1858 4520 1926 4575 Et
1953 4529 2165 4592 peccata
2197 4535 2292 4573 sua
2321 4517 2514 4588 placita
2545 4515 2803 4569 habebunt
2821 4551 2836 4576 ,
2873 4512 2925 4565 id
2953 4518 3058 4571 est,
3085 4522 3276 4578 pinnas
3305 4519 3441 4577 quas

1779 4573 1830 4633 Ῑ)
1851 4573 2140 4682 patiamur
2161 4623 2260 4678 pro
2285 4573 2544 4676 peccatis.
2584 4605 2675 4659 sa:
2689 4573 2842 4658 enim
2869 4601 3012 4671 quod
3041 4573 3246 4654 dictum
3274 4573 3357 4654 est
3384 4599 3438 4652 in

1861 4703 2001 4758 Osea
2031 4700 2411 4770 intelligimus:
2440 4697 2665 4751 Peccata
2681 4693 2862 4765 populi
2879 4692 2981 4746 mei
3001 4691 3264 4745 contuderit
3291 4688 3436 4762 (03c.

1862 4794 1971 4864 ιν).
2003 4793 2139 4860 Quid
2167 4801 2346 4846 autem
2388 4791 2492 4844 hoc
2521 4790 2610 4850 sit,
2637 4787 2696 4840 iu
2723 4784 3172 4857 subsequentibus
3209 4782 3439 4837 manife-

1853 4885 2060 4941 stavit:
2098 4882 2166 4936 Et
2196 4881 2264 4935 ad
2305 4881 2632 4952 iniquitatem
2661 4893 2842 4932 eorum
2869 4876 3208 4932 sublevabunt
3235 4874 3439 4928 annuas

1857 4989 2062 5031 eorum.
2095 4974 2236 5046 Ergo
2257 4981 2480 5043 peccata
2515 4970 2695 5043 populi
2734 4971 3050 5036 comedere,
3095 4975 3186 5024 est
3221 4979 3322 5035 pro
3360 4964 3439 5019 eis

1852 5085 2046 5142 paenae
2075 5069 2381 5133 sustinere;
2421 5067 2690 5135 dignaque
2718 5079 2780 5119 se
2806 5064 2915 5134 pati
2946 5059 3186 5132 peccatis
3208 5058 3332 5114 suis.
3351 5056 3436 5110 dio

1855 5166 2002 5229 cent,
2029 5171 2085 5218 et
2107 5163 2152 5218 si
2179 5161 2426 5231 quadam
2448 5169 2669 5228 peccata
2699 5172 2794 5213 sua
2819 5155 3162 5216 conﬁtentur,
3189 5149 3436 5220 quaedam

1856 5264 2064 5327 tegunt,
2086 5268 2205 5324 quae
2225 5255 2279 5308 in
2301 5253 2574 5309 Christum
2600 5252 3006 5308 erantmiserunt.
3031 5247 3098 5300 Et
3121 5239 3437 5296 recordabar

1859 5347 2069 5418 fmderis
2091 5345 2232 5416 quod
2261 5346 2429 5415 pepigi
2455 5361 2571 5400 cum
2592 5343 2778 5409 Iacob,
2801 5351 2852 5398 et
2874 5342 3052 5402 Isaac,
3075 5344 3126 5389 ct
3144 5329 3433 5386 Abraham.

1863 5437 2028 5508 Cujus
2055 5437 2132 5494 rei
2157 5436 2352 5508 gratia,
2381 5452 2486 5491 non
2513 5438 2808 5493 secundum
2835 5432 3081 5487 ordinem
3103 5419 3361 5508 mmsis
3379 5425 3438 5474 et

1853 5530 2094 5604 generis,
2121 5507 2394 5584 Abraham
2421 5529 2602 5600 erepit,
2643 5526 2738 5581 sed
2774 5521 2980 5584 Iacob;
3019 5515 3103 5570 vel
3125 5513 3266 5568 sicut
3290 5507 3437 5565 LXX

1861 5638 1970 5678 non
1996 5624 2181 5677 dicunt
2203 5630 2583 5677 testamentum
2605 5616 2793 5678 Jacob,
2814 5620 2869 5666 et
2891 5611 3040 5665 Isaac
3062 5615 3119 5664 et
3135 5607 3434 5672 Abraham,

1859 5715 1951 5770 sed
1995 5715 2286 5769 testamenti
2326 5712 2526 5777 Iacob,
2557 5720 2606 5765 et
2634 5701 2924 5762 testamenti
2952 5700 3145 5770 Isaac,
3191 5706 3244 5757 et
3279 5707 3439 5756 testa-

1859 5809 2019 5866 menti
2043 5808 2338 5886 Abraham:
2363 5806 2468 5884 tria
2493 5795 2888 5882 quodammodo
2915 5801 3244 5878 testamenta
3282 5793 3436 5868 inve:
