3892 6346
460 343 569 403 567

1108 339 1171 395 B.
1211 334 1467 396 MBAN]
1499 334 1723 396 MAURI
1757 331 2083 396 ARCHIEP.
2121 331 2432 390 MOGUNT.
2474 328 2760 390 OPERUM
2795 325 2978 398 PARS
3015 327 3060 382 l.

3642 327 3748 384 568

456 456 610 520 nies,
641 463 701 510 ut
726 453 901 528 legem
927 454 1179 514 videlicet
1215 463 1272 512 et
1311 457 1602 528 prophetas
1636 453 2050 516 commendaret.
2067 451 2124 514 Α
2145 448 2303 516 rium,
2337 448 2549 518 fratres,
2576 449 2695 514 hoc,
2721 455 2777 500 ut
2820 462 2924 500 non
2967 444 3081 498 sitis
3118 441 3260 514 apud
3283 442 3639 514 vosmetipsos
3664 462 3748 500 sa-

457 556 515 603 et
555 546 906 619 Evangelium
927 587 944 614 ,
970 562 1203 618 quorum
1236 549 1363 619 quia
1401 547 1674 617 antiquior
1700 546 1786 600 lex
1815 554 1927 612 est,
1957 560 2042 600 se-

458 639 636 694 cundo
667 652 799 692 vero
828 637 946 694 loco
967 639 1246 709 prophetae
1264 677 1281 705 ,
1313 636 1666 693 novissimum
1692 635 2039 706 Evangelium

456 726 744 786 ostendere
771 727 1078 792 voluerunt,
1109 727 1236 798 quia
1273 726 1626 796 Evangelium
1666 727 1770 783 etsi
1812 726 2043 782 novissi-

455 835 606 875 mum
635 818 828 892 gratia,
859 818 955 874 sed
979 835 1011 873 a
1045 818 1158 874 Deo
1186 819 1519 890 praeponitur
1546 827 1706 888 atque
1733 819 1854 874 ideo
1890 819 2042 890 prius

455 908 576 980 ejus
600 911 918 966 memoriam
940 909 1096 977 facit;
1121 911 1357 981 primum
1382 908 1567 976 Iacob,
1596 910 1689 980 qui
1714 911 2040 966 novissimus

453 1013 571 1067 est,
603 1011 846 1074 tempore
882 1011 937 1057 et
967 1003 1158 1059 ordine
1187 1003 1514 1058 mentionem
1550 1002 1710 1071 fecit,
1755 1011 1815 1058 ut
1845 1018 2040 1074 cogna-

454 1091 661 1148 tionem
693 1101 874 1148 autem
899 1093 1040 1148 inter
1067 1108 1125 1148 se
1162 1094 1417 1148 habentia
1445 1094 1692 1168 similiter
1729 1094 2036 1165 conjunxit,

452 1187 586 1251 etin
613 1187 698 1242 his
727 1189 781 1242 in
802 1187 996 1258 quibus
1023 1186 1158 1257 legis
1187 1187 1681 1258 prophetarumque
1709 1190 2038 1245 mentionem

451 1277 603 1346 facit,
636 1279 690 1334 in
716 1281 802 1335 his
834 1294 892 1335 se
921 1287 976 1336 et
1013 1279 1287 1352 Evangelii
1317 1279 1446 1334 dicit
1471 1281 1800 1336 mentionem
1834 1281 2035 1338 facere.

451 1369 624 1426 Nimis
668 1379 849 1427 autem
894 1371 1027 1436 hoc,
1067 1385 1131 1426 ea
1174 1386 1294 1441 quae
1329 1381 1629 1442 sequuntur
1671 1371 2034 1430 conﬁrmant:

452 1459 628 1516 Terra:
653 1478 855 1533 quoque
885 1479 1083 1516 memor
1113 1479 1224 1528 ero,
1252 1479 1371 1534 qua:
1409 1481 1528 1520 cum
1566 1464 1747 1519 relicta
1772 1465 1932 1534 fuerit
1971 1467 2036 1522 ab

448 1552 554 1617 eis;
597 1553 734 1618 sive,
765 1561 824 1607 ut
855 1551 1031 1620 LXX,
1063 1552 1374 1623 relinquitur
1398 1556 1463 1610 ab
1489 1556 1582 1611 eis.
1613 1556 1756 1629 Ergo
1782 1557 1911 1627 quia
1939 1557 2035 1615 be-

445 1643 682 1702 nedictio
709 1645 946 1699 maxima
979 1654 1137 1700 terra:
1160 1655 1243 1700 est
1273 1663 1304 1701 a
1335 1646 1444 1702 Deo
1484 1647 1538 1702 in
1575 1648 1897 1704 memoriam
1941 1631 2036 1705 ha;

444 1733 562 1788 beri
587 1735 816 1806 diligens
841 1736 1230 1807 intelligmnem
1262 1751 1462 1792 terram
1491 1740 1655 1804 Deus,
1691 1741 1748 1794 id
1771 1749 1875 1809 est,
1906 1757 2036 1807 suas

2142 539 2361 609 pientes,
2387 540 2512 611 quia
2538 539 2746 593 ctecitas
2775 553 2840 592 ex
2859 544 3008 606 parte
3034 534 3247 605 contigit
3271 534 3327 588 in
3351 531 3560 600 Israel,
3583 533 3746 591 donec

2141 628 2410 700 plenitudo
2444 629 2675 699 gentium
2704 626 2963 691 introiret,
2991 634 3039 679 et
3067 626 3141 679 sic
3167 624 3335 678 omnis
3360 623 3543 679 Israel
3570 625 3743 681 salvus

2141 721 2288 790 fieret
2331 721 2521 792 (Rom.
2562 720 2668 792 ιι).
2701 720 2845 775 Bene
2871 735 3000 790 ergo
3027 718 3093 773 ad
3133 719 3298 774 totius
3325 718 3483 774 verbi
3523 719 3744 774 conclu-

2143 813 2351 868 sionem
2378 811 2641 868 Dominus
2675 811 2810 867 dixit
2836 829 2849 865 :
2880 810 2994 881 Ego
3019 809 3276 865 Dominus
3301 809 3470 877 Deus,
3504 811 3604 880 qui
3629 827 3738 866 om-

2142 905 2293 958 nium
2322 905 2605 960 hominum
2635 903 2862 959 salutem
2895 901 3056 968 volo;
3097 912 3262 973 atque
3286 901 3453 957 etiam
3488 901 3620 957 ideo
3655 899 3738 958 Ju-

2141 997 2380 1051 daeorum
2401 996 2528 1055 licet
2545 1003 2669 1068 post
2690 1003 2768 1052 tot
2789 996 3103 1068 iniquitates
3124 995 3435 1050 salvaturus
3452 995 3729 1066 reliquias.

2143 1084 2403 1156 Sequitur
2427 1105 2439 1141 :

2212 1179 2342 1236 Haec
2371 1189 2492 1234 sunt
2533 1190 2794 1253 praecepta
2837 1190 2991 1250 atque
3032 1179 3246 1250 judicia
3289 1188 3338 1234 et
3387 1178 3573 1249 leges,
3613 1195 3726 1249 quas

2139 1273 2284 1328 dedit
2317 1272 2576 1328 Dominus
2602 1274 2739 1328 inter
2761 1290 2815 1327 se
2837 1282 2886 1326 et
2911 1271 3049 1341 ﬁlios
3071 1269 3264 1336 Israel,
3299 1270 3355 1326 in
3380 1280 3568 1324 monte
3591 1267 3726 1334 Sina,

2139 1380 2230 1434 per
2256 1381 2471 1419 manum
2517 1364 2711 1438 Moysi.
2762 1363 2879 1419 Non
2926 1364 3099 1419 otiose
3128 1363 3381 1418 intendas
3424 1378 3556 1432 qua:
3602 1363 3725 1417 dicta

2141 1463 2286 1521 sunt,
2325 1455 2732 1512 conclusionem
2761 1456 2908 1510 enim
2933 1454 3116 1509 verbis
3142 1455 3254 1508 suis
3285 1453 3576 1525 legislator
3599 1452 3726 1520 adje-

2139 1547 2233 1611 cit,
2257 1562 2325 1602 ex
2347 1563 2453 1617 qua
2475 1563 2648 1618 usque
2669 1548 2736 1603 ad
2758 1556 2968 1602 certum
2991 1555 3204 1615 tempus
3225 1544 3445 1600 ﬁrmam
3465 1544 3602 1599 velit
3620 1561 3724 1600 esse

2137 1635 2273 1709 legis
2304 1637 2539 1692 litteram
2559 1679 2574 1704 ,
2611 1638 2728 1693 sine
2755 1637 2938 1708 aliqua
2970 1635 3311 1691 dubitatione
3345 1634 3718 1690 manifestavit.

2137 1727 2345 1783 Iudicia
2375 1744 2526 1800 ergo,
2555 1728 2854 1784 secundum
2883 1727 3026 1800 quod
3049 1725 3214 1781 semel
3235 1725 3499 1791 diximus,
3526 1724 3720 1796 proprie

447 1824 760 1896 Scripturas
781 1834 837 1880 et
863 1827 1180 1881 memoriam
1211 1843 1420 1894 eorum,
1451 1837 1505 1883 et
1528 1846 1637 1885 non
1664 1831 1932 1887 oblivione
1956 1849 2038 1891 reg
2065 1823 2112 1882 B
2140 1820 2296 1886 dixit,
2313 1821 2582 1897 (ιιιεεεᾙεο
2597 1819 2878 1888 iudicante
2899 1817 2966 1873 de
2990 1816 3312 1888 quibusdam
3339 1814 3598 1886 capitulis
3618 1830 3717 1886 quae

444 1915 618 1984 linqui
647 1915 768 1970 illas
795 1931 825 1969 a
855 1915 1054 1972 Judaeis
1093 1915 1251 1983 fecit,
1285 1920 1410 1988 quia
1452 1921 1720 1978 malitiose
1763 1923 2034 1994 interpre-

447 2012 626 2059 tantes
651 2021 756 2061 non
788 2006 925 2062 bene
952 2010 1382 2079 meditabantur,
1419 2012 1754 2083 injuriabant
1781 2032 1894 2082 eas,
1926 2019 2035 2088 pri-

445 2109 595 2148 mum
623 2096 840 2166 quidem
872 2099 1112 2156 dicentes
1142 2114 1197 2157 et
1221 2119 1328 2160 non
1365 2104 1626 2164 facientes
1653 2126 1666 2175 ;
1711 2110 1906 2165 deinde
1938 2110 2033 2167 de-

443 2184 781 2255 spicabilitcr
807 2190 1249 2263 interpretantes,
1281 2205 1336 2250 et
1365 2199 1588 2266 quodin
1618 2199 1700 2256 eis
1741 2209 1862 2256 erat
1897 2202 2036 2271 opti—

443 2291 592 2330 mum
644 2278 945 2349 spiritalem
998 2281 1411 2356 intelligentiam
1466 2297 1726 2360 tegentes.
1775 2291 1930 2347 Unde
1979 2302 2034 2349 et

441 2379 839 2440 consequenter
886 2373 1130 2428 addidit:
1174 2373 1523 2447 Complaeebit
1562 2382 1662 2436 sibi
1707 2383 1763 2438 in
1801 2385 2032 2441 sabbatis

441 2460 571 2524 suis,
606 2460 659 2514 id
684 2470 799 2528 est,
831 2461 957 2518 dum
1001 2465 1240 2522 desolata
1282 2469 1350 2523 ab
1394 2472 1472 2528 eis
1518 2484 1781 2531 remanet.
1823 2475 2035 2535 Gaudet

441 2550 586 2603 enim
619 2549 713 2606 Dei
754 2551 840 2608 lex
866 2551 1176 2614 Iudaeorum
1202 2559 1386 2616 fruens
1420 2564 1842 2636 desolationem,
1869 2585 2032 2640 quam

441 2639 544 2711 ipsi
572 2642 789 2698 sibimet
822 2645 1141 2718 intulerunt,
1172 2662 1394 2724 propter
1417 2659 1559 2728 quod
1588 2667 1644 2715 et
1683 2639 2031 2720 solitudinem

440 2734 586 2792 illam
621 2741 736 2809 pati
761 2752 984 2814 propter
1013 2760 1106 2802 eos
1141 2747 1313 2804 dixit:
1340 2748 1455 2822 Ipsi
1496 2769 1614 2806 vero
1646 2755 1901 2827 rogabunt
1934 2773 2030 2827 pro

437 2830 663 2897 peccatis
691 2832 823 2899 suis,
851 2850 910 2889 eo
939 2837 1078 2908 quod
1107 2838 1396 2909 objecerint
1410 2841 1625 2912 judicia
1650 2861 1768 2901 mea
1803 2856 1856 2902 et
1895 2847 2030 2919 leges

437 2933 581 2975 meas
609 2920 959 2993 despexerinl.
988 2925 1251 3000 Duplicia,
1280 2931 1486 3004 inquit,
1517 2933 1660 2991 bona
1688 2937 1912 3009 expulsa
1936 2935 2033 2993 Ju-

437 3009 676 3067 dteorum
703 3013 880 3085 plebe,
913 3017 979 3073 de
1008 3016 1306 3094 Scripturis
1327 3024 1497 3080 sacris
1517 3037 1907 3098 provenerunt,
1930 3044 2032 3086 nec

436 3103 569 3175 ipsae
592 3107 740 3164 enim
769 3108 1100 3179 injuriantis,
1126 3123 1351 3186 propter
1397 3119 1541 3187 quod
1575 3127 1632 3174 et
1657 3119 1893 3190 gaudent
1917 3135 2026 3176 non

2140 1913 2451 1983 ignorantes
2501 1912 3004 1993 interrogaverunt,
3053 1909 3200 1965 dicta
3246 1918 3415 1976 sunt;
3466 1917 3713 1979 praecepta

2137 2017 2344 2073 autem,
2359 2021 2478 2076 quae
2504 2021 2613 2061 non
2635 2004 2738 2060 hoc
2762 2006 2946 2071 modo,
2969 2004 3065 2060 sed
3086 2020 3117 2058 a
3141 2003 3436 2074 semetipso
3459 2004 3715 2076 legislator

2137 2099 2285 2154 nullo
2311 2099 2681 2168 interrogante
2720 2099 2968 2154 sancivil.
3007 2097 3212 2152 Deinde
3253 2097 3530 2152 succincte
3570 2098 3714 2151 totius

2136 2192 2436 2248 sanctionis
2454 2193 2916 2263 dispensationem
2943 2189 3205 2262 compleri
3229 2190 3432 2256 volens,
3460 2192 3712 2249 subdidit:

2137 2281 2207 2336 Et
2238 2281 2393 2352 leges,
2421 2298 2551 2354 quas
2590 2283 2733 2337 dedit
2779 2281 3038 2336 Dominus
3067 2281 3206 2339 inter
3230 2298 3316 2349 se,
3356 2294 3398 2338 et
3427 2287 3557 2337 inter
3583 2284 3714 2352 ﬁlios

2135 2373 2328 2429 Israel.
2361 2374 2592 2446 Propter
2623 2374 2767 2445 quod
2794 2382 2848 2430 et
2875 2374 3068 2446 reliqui
3102 2377 3462 2448 interpretes,
3494 2376 3713 2444 exceptis

2138 2464 2510 2537 Septuaginta,
2540 2466 2694 2538 leges,
2725 2467 3046 2522 ediderunt:
3081 2466 3441 2522 differentiam
3470 2467 3598 2539 legis
3625 2468 3711 2522 hoc

2135 2559 2302 2612 verbo
2325 2557 2702 2637 demonstrare
2737 2558 3034 2628 cupientes.
3062 2557 3203 2625 Quid
3226 2567 3411 2613 autem
3441 2567 3548 2624 est,
3586 2557 3709 2628 quod

2137 2650 2275 2706 dixit
2299 2650 2436 2705 inter
2458 2651 2484 2704 ?
2521 2649 2635 2705 Nisi
2666 2650 2791 2718 quia
2822 2648 3010 2719 procul
3035 2648 3200 2706 dubio
3227 2665 3402 2719 usque
3447 2648 3573 2704 dum
3615 2649 3710 2720 ipse

2135 2743 2338 2810 veniat,
2368 2743 2435 2798 de
2461 2758 2569 2814 quo
2597 2743 2900 2799 aitlsaias:
2943 2742 3064 2814 Ipse
3093 2745 3257 2799 veniet
3291 2753 3340 2798 et
3371 2742 3592 2798 salvabit
3611 2759 3707 2796 nos.

2137 2833 2283 2890 Tunc
2313 2836 2617 2907 aperientur
2651 2835 2792 2890 oculi
2817 2851 3108 2902 carcerum,
3153 2845 3204 2891 et
3247 2853 3404 2890 aures
3451 2838 3708 2890 surdam:

2135 2925 2351 2980 audient
2383 2918 2519 2998 (Isa.
2557 2913 2746 2997 xxxv'),
2778 2934 2832 2982 et
2861 2939 3199 2999 quaecunque
3234 2927 3292 2984 in
3323 2927 3417 2985 illa
3449 2927 3708 2999 praphetia

2135 3017 2503 3071 continentur.
2548 3016 2702 3073 Tunc
2735 3033 3080 3089 nequaquam
3108 3019 3253 3075 ultra
3297 3021 3594 3076 secundum
3632 3035 3709 3074 su-

2136 3107 2417 3179 perﬁciem
2443 3108 2674 3175 litterae,
2703 3109 2797 3166 sed
2825 3111 3280 3182 quemadmodum
3320 3111 3437 3181 ipse
3472 3124 3709 3180 exposue-

435 3192 542 3266 legi
570 3199 638 3254 ab
674 3198 774 3256 eis.
808 3199 993 3272 Neque
1035 3179 1182 3261 enim
1223 3179 1300 3262 ita
1337 3179 1524 3280 legunt
1558 3179 1698 3266 sicut
1722 3212 1875 3283 prius
1902 3227 2026 3269 cum

2134 3201 2227 3266 rit,
2256 3209 2473 3272 oportet
2495 3201 2672 3272 legem
2698 3179 2980 3268 custodiri,
3011 3203 3080 3259 ad
3103 3179 3483 3275 evangelicam
3501 3201 3709 3276 gratiam

437 3289 547 3346 sint
572 3290 841 3362 dispersi,
883 3295 1141 3366 omnique
1177 3307 1426 3357 carentes
1450 3306 1896 3375 praesumptione,
1932 3307 2031 3364 sed

433 3383 604 3437 etiam
632 3384 734 3457 ipsi
760 3395 1110 3457 peccatorum
1137 3407 1364 3448 suorum
1389 3405 1444 3452 et
1467 3398 1930 3466 praevaricationis
1951 3401 2031 3457 di-

435 3476 575 3531 vinas
605 3477 740 3551 legis
772 3482 977 3538 conscii
1003 3483 1106 3538 sibi
1139 3483 1322 3542 ell‘ecti
1351 3496 1496 3544 sunt.
1526 3489 1922 3550 Admirandum
1945 3503 2032 3552 est

431 3570 602 3628 etiam
627 3573 772 3643 quod
801 3574 869 3630 ad
906 3576 1073 3633 totius
1110 3580 1408 3638 sanctionis
1444 3585 1848 3644 conclusionem
1877 3589 2030 3647 fasti-

433 3665 692 3738 giumque
715 3669 942 3738 addidit,
969 3680 1025 3728 et
1061 3672 1466 3746 intelligendum
1493 3680 1622 3750 quia
1646 3689 1832 3752 aperte
1853 3683 1948 3754 qui
1971 3685 2030 3740 in

433 3754 640 3901 lMoyse,
670 3759 787 3832 ipse
812 3762 979 3820 etiam
1005 3763 1062 3820 in
1097 3763 1266 3823 Paulo
1303 3777 1359 3825 et
1394 3770 1449 3828 in
1490 3773 1746 3830 omnibus
1769 3775 2030 3846 apostolis

455 3856 648 3901 ocutus
673 3859 775 3901 est.

455 3856 648 3904 oculus
673 3859 775 3906 est.

504 3945 750 3997 Attamen
792 3960 913 4000 cum
941 3955 1107 4002 essent
1145 3949 1202 4004 in
1247 3957 1390 4006 terra
1434 3953 1638 4020 hostili,
1674 3972 1779 4010 non
1821 3957 2027 4027 penitus

433 4029 603 4101 abjeci
641 4050 728 4090 eos
773 4052 936 4110 neque
973 4038 1214 4110 despexi,
1263 4051 1320 4098 ut
1363 4055 1825 4115 consumerentur,
1867 4059 1916 4104 et
1955 4051 2030 4104 ir-

435 4121 596 4174 ritum
647 4122 875 4192 facerent
923 4138 1136 4196 pactum
1182 4146 1357 4187 meum
1407 4151 1527 4188 cum
1576 4137 1672 4191 eis.
1727 4137 1843 4209 Ego
1887 4139 2028 4194 enim

432 4227 551 4264 sum
580 4209 834 4268 Dominus
859 4215 1002 4270 Deus
1031 4235 1231 4288 eorum,
1262 4232 1310 4278 et
1339 4227 1655 4280 recordabar
1679 4228 1888 4296 [sederis
1926 4231 2030 4283 mei

431 4306 663 4378 pristini,
691 4309 904 4380 quando
933 4312 1090 4366 eduxi
1118 4331 1205 4369 eos
1233 4315 1298 4370 de
1333 4326 1476 4371 terra
1516 4319 1767 4390 Egypti,
1808 4322 1864 4374 in
1905 4339 2027 4377 con-

432 4411 612 4470 spectu
641 4404 896 4473 gentium,
925 4412 984 4457 ut
1010 4421 1174 4461 essent
1206 4405 1351 4462 Deus
1385 4425 1601 4474 eorum;
1627 4427 1719 4481 ego
1747 4411 2022 4469 Dominus.

2134 3295 2456 3351 translatam
2483 3303 2539 3351 et
2573 3296 2640 3351 ad
2668 3295 3049 3367 perfectiorem
3076 3297 3568 3354 conversationem.

2724 3409 2955 3467 CAPUT
2995 3398 3135 3468 XIV.

2134 3499 2377 3568 Qualiter
2413 3502 2492 3557 vir
2527 3501 2636 3556 sive
2678 3501 2870 3624 mulie;
2900 3511 3085 3626 (potius:
3130 3502 3272 3572 quod
3311 3502 3432 3573 [εδει
3461 3501 3713 3556 obseruare

2870 3589 2896 3626 e
2932 3589 2991 3626 ea
3022 3611 3038 3626 .

2870 3589 3038 3627 εοεαι.

2206 3665 2358 3739 (CAP.
2384 3666 2578 3739 xxvn.)
2595 3667 2926 3737 Locutusque
2947 3676 3022 3721 est
3047 3639 3300 3722 Domitius
3317 3667 3390 3719 ad
3406 3665 3622 3733 Moysen
3641 3663 3721 3715 di-

2131 3777 2288 3817 cens:
2313 3759 2546 3831 Loquere
2567 3759 2693 3829 ﬁliis
2723 3757 2982 3825 Israel,et
3011 3759 3153 3813 dices
3180 3757 3246 3810 ad
3266 3772 3350 3810 eos
3371 3769 3389 3806 :
3421 3753 3597 3808 Homo
3625 3754 3716 3824 qui

2130 3863 2304 3908 votum
2328 3853 2531 3923 fecerit,
2553 3861 2601 3906 et
2635 3850 2972 3922 spoponderit
2998 3849 3113 3906 Deo
3143 3849 3375 3904 animam
3416 3862 3599 3910 suam,
3627 3844 3714 3899 sub

2131 3944 2479 4000 azstimatione
2518 3942 2662 3997 dabit
2704 3943 2929 4014 pretium
2967 3956 2985 3995 :
3032 3943 3078 3997 si
3129 3941 3290 4012 fuerit
3335 3938 3640 4004 masculus,
3683 3954 3712 3990 a

2129 4039 2371 4093 vicesimo
2397 4054 2560 4109 usque
2591 4035 2972 4106 sexagesimum
3022 4051 3240 4099 annum,
3286 4033 3435 4088 dabit
3471 4031 3713 4104 quinqua-

2129 4134 2275 4204 ginta
2311 4132 2468 4187 siclos
2505 4132 2708 4201 argenti
2734 4131 2803 4184 ad
2835 4145 3134 4184 mensuram
3158 4128 3497 4192 sanctuarii;
3530 4125 3574 4180 si
3601 4140 3711 4178 mu-

2129 4225 2246 4293 lier,
2275 4227 2514 4295 triginta.
2542 4224 2740 4290 Quinto
2767 4232 2942 4278 autem
2964 4239 3104 4278 anno
3126 4237 3292 4292 usque
3311 4221 3382 4274 ad
3408 4219 3707 4276 vicesimum,

2128 4315 2394 4372 masculus
2422 4316 2567 4370 dabit
2602 4316 2782 4386 viginti
2822 4313 2978 4370 siclos
2996 4332 3016 4381 ;
3053 4313 3253 4383 femina
3287 4312 3490 4366 decem.
3521 4310 3594 4362 Ab
3618 4322 3712 4360 uno

2126 4422 2303 4461 mense
2339 4422 2502 4476 usque
2528 4404 2598 4460 ad
2625 4422 2823 4460 annum
2850 4405 3094 4476 quintum
3128 4419 3224 4463 pro
3250 4401 3493 4457 masculo
3519 4399 3710 4454 dabun-

438 4491 563 4548 Haec
590 4493 636 4549 si
662 4494 748 4550 vis
764 4507 866 4565 per
890 4495 1102 4567 singula
1125 4499 1718 4568 cognoscere,Paulum
1741 4501 1879 4574 lege,
1897 4521 2024 4575 quo-
2048 4538 2102 4598 Β
2129 4507 2217 4554 tur
2251 4499 2479 4570 quinque
2526 4497 2677 4563 sieli,
2723 4513 2818 4568 pro
2858 4496 3056 4567 femina
3095 4503 3221 4549 tres.
3243 4491 3712 4598 .Semqenorius‘et

432 4585 594 4639 modo
616 4599 711 4641 eos
739 4601 848 4642 non
873 4588 1183 4660 despexerit
1202 4589 1346 4646 Deus
1364 4590 1422 4646 in
1447 4599 1593 4648 terra
1617 4593 1819 4662 hostili,
1840 4596 1896 4652 id
1913 4606 2018 4667 est,

431 4674 488 4728 in
519 4676 831 4747 evangelico
859 4678 1230 4750 Testamento,
1257 4695 1359 4740 nec
1382 4685 1722 4756 consumpsit
1741 4701 1835 4744 eos
1860 4696 1921 4742 ut
1942 4689 2020 4745 ir-

431 4765 598 4820 ritum
629 4767 834 4826 faceret
859 4779 1078 4841 pactum
1115 4789 1274 4832 suum
1305 4774 1617 4845 pristinum.
1649 4776 1836 4849 Neque
1872 4780 2020 4836 enim

430 4857 501 4912 ad
519 4858 750 4916 irritum
777 4861 909 4918 illud
938 4866 1158 4923 deduxit
1184 4883 1253 4925 ex
1279 4875 1414 4936 toto,
1445 4871 1543 4926 sed
1570 4879 1626 4927 et
1647 4871 1838 4928 salutis
1866 4889 2018 4945 spem

432 4948 687 5020 reliquit,
725 4966 836 5008 non
876 4958 1130 5014 omnibus
1171 4969 1386 5028 autem,
1431 4963 1525 5018 sed
1555 4963 1831 5034 reliquiis,
1877 4966 2020 5023 sicut

429 5037 631 5098 Paulus
675 5043 754 5099 ait
792 5045 1076 5115 proferens
1113 5048 1267 5107 Isaiae
1301 5053 1581 5124 prophetae
1607 5055 2014 5112 testimonium:

432 5135 496 5193 Si
520 5134 680 5206 fuerit
706 5154 956 5196 numerus
982 5140 1217 5210 ﬁliorum
1250 5142 1426 5201 Israel
1450 5147 1588 5201 sicut
1630 5163 1794 5201 arena
1819 5148 2012 5215 maris,

431 5226 667 5300 reliquiae
695 5228 858 5286 solum
882 5230 1011 5302 ﬁent
1047 5229 1220 5302 (Rom.
1250 5235 1350 5308 ιι).
1391 5235 1524 5294 Dico
1568 5251 1726 5309 ergo:
1760 5236 2016 5309 Nunquid

431 5322 630 5392 repulit
649 5324 794 5382 Deus
811 5324 1024 5397 plebem
1043 5326 1233 5382 suam?
1248 5327 1433 5393 Absit;
1458 5329 1830 5384 recordabitur
1849 5329 2014 5386 etiam

429 5411 654 5473 fmderis
693 5415 780 5474 sui
825 5417 1067 5488 pristini,
1114 5417 1329 5489 quando
1372 5418 1510 5475 ﬁlios
1554 5420 1720 5476 Israel
1763 5421 1830 5476 de
1869 5430 2015 5477 terra

429 5505 648 5579 Βαγριὶ
677 5510 883 5566 eduxit.
919 5511 986 5566 Et
1012 5512 1068 5566 in
1094 5525 1204 5582 quo
1228 5496 1641 5568 recordabitur?
1681 5510 1749 5566 Ut
1778 5524 1911 5568 esset
1935 5530 2018 5569 eo-

431 5615 544 5666 rum
574 5601 716 5657 Deus
745 5605 800 5658 in
822 5615 1100 5675 conspectu
1121 5605 1370 5675 gentium.
1416 5602 1498 5658 Ad
1532 5619 1760 5673 quorum
1790 5605 2016 5660 manife-

431 5701 574 5746 stam
603 5693 1120 5753 demonstrationem
1143 5696 1410 5752 sulliciant
1445 5695 1538 5749 tibi
1563 5696 1678 5749 haec
1705 5695 2014 5765 apostolica:

429 5787 598 5846 verba
618 5791 924 5860 sapientiae:
970 5793 1094 5848 Non
1128 5792 1264 5848 enim
1297 5790 1413 5854 volo
1444 5806 1530 5846 vos
1561 5789 1804 5862 ignorare
1827 5798 2015 5863 myste-

725 5979 806 5998 να
840 5989 852 5996 .

2125 4589 2269 4645 ultra
2312 4588 2580 4644 masculus
2621 4587 2766 4642 dabit
2809 4586 3107 4658 quindecim
3157 4582 3337 4650 siclos,
3391 4583 3594 4652 femina
3634 4580 3713 4634 dc-

2123 4698 2256 4737 cem.
2295 4679 2357 4738 Si
2401 4696 2600 4752 pauper
2644 4679 2819 4750 fuerit,
2845 4688 2895 4734 et
2925 4678 3332 4734 aestimationem
3372 4676 3596 4732 reddere
3624 4690 3714 4728 non

2123 4772 2360 4840 valuerit,
2382 4772 2544 4827 stabit
2565 4788 2744 4826 coram
2767 4771 3038 4826 sacerdote
3058 4811 3075 4836 ,
3100 4778 3150 4826 et
3169 4779 3430 4841 quantum
3465 4768 3562 4824 ille
3584 4767 3711 4824 testi-

2122 4863 2341 4918 ntaverit
2377 4871 2426 4918 et
2464 4862 2650 4916 viderit
2681 4877 2797 4916 eum
2825 4876 2976 4932 posse
3012 4859 3259 4925 reddere,
3303 4865 3523 4912 tantum
3563 4855 3712 4910 dabit.

2122 4954 2288 5012 Plena
2329 4963 2456 5010 sunt
2481 4955 2597 5010 hate
2639 4954 2807 5010 etiam
2841 4953 3171 5025 legislatoris
3195 4951 3364 5008 verba
3393 4948 3713 5022 prudentia,

2128 5049 2365 5104 maxime
2389 5055 2721 5118 opportuna,
2758 5054 3080 5103 conservata
3111 5043 3361 5116 tempori.
3405 5041 3551 5109 Qua:
3584 5039 3716 5096 enim

2125 5146 2378 5211 oporteat
2401 5139 2508 5210 agi,
2543 5154 2664 5208 quae
2699 5137 2960 5202 minime,
3005 5137 3062 5191 in
3109 5133 3494 5206 superioribus
3539 5129 3718 5204 pmi-

2113 5233 2303 5304 piens,
2325 5245 2473 5288 nunc
2489 5231 2654 5288 etiam
2684 5229 3003 5301 dignitatem
3026 5243 3092 5282 ea
3116 5224 3508 5298 peragendum
3528 5239 3598 5280 ex
3617 5230 3719 5277 toto

2122 5326 2208 5380 vel
2235 5341 2303 5382 ex
2336 5332 2512 5396 parte,
2543 5338 2642 5394 per
2669 5323 2784 5378 haec
2807 5336 2932 5393 quae
2957 5320 3214 5376 dicuntur
3234 5315 3489 5387 exponit,
3519 5324 3577 5371 et
3599 5310 3722 5387 quid

2119 5417 2192 5473 sit
2218 5416 2457 5489 perfecta
2491 5415 2624 5481 vita,
2651 5414 2780 5484 quid
2809 5421 2991 5468 autem
3019 5412 3198 5468 adhuc
3228 5410 3282 5465 in
3306 5416 3586 5480 provectu
3605 5419 3723 5461 con-

2117 5508 2328 5572 stituta,
2369 5506 2500 5577 quid
2547 5505 2762 5562 initium
2812 5502 3138 5574 cognitionis
3169 5501 3269 5557 Dei
3301 5499 3563 5567 habens,
3600 5493 3722 5568 quid

2118 5619 2248 5658 vero
2274 5617 2395 5671 qua:
2422 5589 2680 5654 virtutum
2705 5614 2872 5668 opera
2898 5598 3068 5658 clara,
3104 5593 3460 5666 perfectaque
3497 5603 3722 5664 percur-

2119 5695 2211 5760 rit,
2235 5693 2329 5746 sed
2357 5701 2413 5746 et
2436 5691 2760 5755 inﬁrmatus,
2788 5706 2896 5744 non
2923 5698 3103 5743 tamen
3125 5686 3388 5748 recedens
3410 5683 3487 5738 ab
3510 5699 3606 5750 ea,
3629 5679 3722 5736 dif-

2117 5785 2355 5850 ferentes
2376 5790 2565 5842 aetatcs
2585 5781 2896 5845 describens
2914 5777 3193 5850 exposuit;
3225 5776 3368 5837 Dicit
3391 5783 3588 5832 autem
3613 5771 3718 5830 sic:
