3892 6346
156 409 237 468 569

956 364 1498 453 "exposrrrones
1536 392 1607 448 IN
1645 391 2035 450 Levmcuu.
2075 422 2146 435 —
2183 390 2311 447 un.
2353 390 2468 449 vn.
2564 396 2567 403 ’

3184 342 3187 347 ’
3248 380 3355 449 570

156 519 298 575 ΙΙοηιο
325 512 411 584 qui
437 504 611 566 votum
649 508 826 580 fecerit
863 517 911 563 et
951 507 1281 579 spoponderit
1315 504 1427 560 Deo
1454 506 1684 560 animam
1712 512 1764 570 Α
1788 506 1929 575 quod
1957 521 2063 561 non
2099 514 2304 561 tantum
2326 505 2377 561 ei
2401 505 2465 561 de
2488 512 2648 560 aetate
2674 510 2768 558 aut
2800 500 2981 584 annis,
3006 511 3264 573 quantum
3294 506 3361 563 de

150 624 303 672 suam,
332 605 384 660 id
428 608 531 667 est,
560 600 867 671 quicunque
892 596 1203 667 promiserit
1248 598 1484 651 animam
1530 611 1684 651 suam

149 697 255 758 Deo.
276 704 589 759 omnemque
614 688 665 743 ei
702 703 855 743 suam
881 687 1049 740 vitam
1073 683 1267 740 oﬁ‘erre
1300 684 1557 751 voluerit,
1585 686 1682 739 erit

145 790 330 861 pretium
356 782 582 838 masculi
609 800 640 835 a
662 781 902 837 vicesimo
940 798 1078 837 anno
1118 796 1279 861 usque
1318 778 1388 834 ad
1424 780 1686 850 sexagesi-

144 857 502 943 ominantium,
529 873 904 947 quinquaginta
939 871 1081 927 siclis
1124 857 1326 942 argenti
1343 912 1358 937 ,
1384 869 1453 924 ad
1478 886 1685 925 utcasu-

144 988 235 1025 ram
258 966 562 1022 sanctuarii.
589 964 645 1019 Si
680 965 802 1034 quis
830 980 958 1035 ergo
988 980 1019 1018 a
1047 963 1303 1018 vicesimo
1331 977 1473 1016 anno
1498 969 1601 1026 est,
1631 960 1685 1015 id

141 1072 220 1124 est,
246 1060 423 1129 pubes,
456 1054 636 1121 fortis,
660 1052 867 1110 validus
885 1096 899 1121 ,
942 1053 1215 1110 sufficiens
1243 1069 1432 1110 omnes
1456 1053 1684 1108 virtutes

137 1149 333 1221 operari,
360 1156 423 1203 et
443 1147 711 1218 subjicere
739 1145 1104 1215 intelligibiles
1129 1145 1406 1211 inimicos,
1434 1143 1684 1199 omnibus

139 1240 407 1297 actionibus
427 1245 484 1292 et
504 1237 778 1309 operibus.
798 1236 839 1291 A
863 1237 1054 1308 viginti
1078 1237 1223 1292 enim
1245 1237 1402 1291 anuis
1420 1244 1474 1289 et
1496 1249 1680 1304 supra,

139 1331 236 1385 vide
256 1329 379 1400 quid
402 1329 473 1384 de
508 1328 610 1384 hac
645 1337 806 1383 letale
834 1328 1087 1383 dicebat:
1130 1326 1312 1382 Omnis
1351 1325 1617 1380 masculus
1652 1341 1685 1378 a

136 1402 289 1490 viginti
311 1420 461 1473 annis
486 1428 535 1472 et
556 1435 736 1490 supra.
765 1418 965 1474 Omnes
985 1417 1077 1486 qui
1108 1416 1386 1471 ambulant
1404 1416 1464 1469 in
1486 1415 1689 1470 virtute

130 1532 239 1579 sua,
280 1515 607 1572 fortitudinis
635 1517 784 1571 enim
825 1516 1063 1571 maxime
1108 1514 1195 1569 his
1228 1514 1322 1583 qui
1359 1513 1486 1566 illud
1525 1518 1690 1583 agunt

131 1618 337 1681 tempus,
386 1610 443 1664 in
491 1610 767 1680 prmdictis
814 1609 1181 1665 testimonium
1214 1606 1447 1678 praabuit
1474 1606 1687 1672 verbis,

125 1700 188 1756 ita
226 1709 279 1754 ut
315 1710 438 1771 pote
466 1700 567 1754 hac
594 1706 755 1757 aetate
786 1707 841 1755 et
869 1712 1094 1754 currere
1122 1696 1395 1752 valentem
1437 1705 1492 1751 et
1537 1709 1687 1751 arma

118 1798 351 1856 portare,
396 1789 732 1858 multumque
778 1789 1068 1843 habentem
1095 1786 1149 1840 in
1176 1787 1383 1858 agendo
1419 1786 1686 1840 fervorem

1786 598 2073 657 virtutibus
2116 616 2235 672 quae
2278 614 2378 672 per
2414 600 2531 654 haec
2577 595 2981 671 signiﬁcantur,
3032 612 3159 653 cura
3204 606 3361 655 erat:

1788 688 1953 747 Unius
1980 695 2077 747 viri
2110 708 2263 758 uxor,
2292 692 2337 745 si
2358 690 2497 762 filios
2520 690 2781 755 educavit,
2816 690 2863 744 si
2884 688 3108 759 hospitio
3134 690 3362 759 recepit,
3394 684 3397 695 ’

1783 782 1832 839 si
1862 793 2159 838 sanctorum
2180 782 2333 853 pedes
2353 780 2476 835 lavit
2504 799 2522 846 ;
2556 781 2602 834 si
2638 779 3024 835 tribulationem
3048 776 3381 850 patientibus.

1784 876 2224 941 subministravit,
2272 875 2316 929 si
2365 889 2513 927 omne
2559 891 2686 946 opus
2727 874 2916 928 bonum
2952 874 3228 929 subsecuta
3265 866 3379 931 est."

1787 965 1896 1021 Sed
1915 966 2031 1021 haec
2058 964 2272 1037 quidem
2301 963 2572 1036 perfectus
2603 970 2658 1019 et
2683 979 2781 1034 per
2809 964 2988 1020 omnia
3016 980 3360 1021 consumma-

1786 1062 1873 1110 tus
1906 1055 2086 1111 homo.
2122 1056 2255 1111 Vide
2289 1064 2469 1109 autem
2499 1063 2553 1110 et
2592 1067 2712 1109 eum
2752 1056 2840 1110 cui
2887 1055 2991 1112 hoc
3033 1057 3224 1126 deest;
3266 1056 3362 1113 sed
3398 1120 3403 1127 I

1785 1155 1965 1203 tamen
2006 1147 2073 1203 ad
2116 1146 2244 1202 illud
2290 1147 2509 1218 provehi
2541 1146 2842 1203 desiderat:
2880 1149 2925 1201 A
2968 1151 3146 1220 quinto
3184 1158 3360 1204 autem

1782 1252 1921 1291 anno
1962 1252 2121 1309 usque
2157 1236 2227 1291 ad
2262 1239 2561 1291 uicesimum
2595 1237 2891 1303 masculus,
2920 1239 3060 1293 dabit
3087 1239 3266 1310 viginti
3292 1240 3363 1295 si-

1785 1328 1892 1383 clos
1914 1370 1929 1395 ,
1959 1331 2073 1384 sive
2098 1338 2159 1385 ut
2188 1328 2539 1401 Septuaginta
2582 1328 2938 1382 didrachmas.
2982 1326 3080 1385 Hic
3112 1338 3232 1384 eum
3269 1329 3362 1401 qui

1786 1418 2017 1473 necdum
2052 1419 2267 1489 quidem
2296 1427 2379 1474 est
2406 1416 2679 1490 perfectus
2699 1459 2713 1485 ,
2752 1425 3029 1473 sensatum
3064 1426 3241 1474 tamen
3269 1404 3385 1475 hoc"

1788 1506 1991 1563 minem
2018 1509 2167 1575 dicit,
2190 1519 2244 1565 et
2264 1510 2355 1581 qui
2380 1510 2644 1579 proﬁcere
2671 1506 2854 1580 coepit.
2882 1509 3087 1567 Sensus
3108 1510 3247 1565 enim
3271 1524 3365 1582 per
3388 1490 3401 1521 ι

1786 1611 2071 1653 numerum
2115 1598 2350 1670 quinque
2393 1614 2654 1654 annorum
2698 1600 2907 1667 innuit,
2951 1600 3079 1670 quia
3125 1608 3203 1654 tot
3242 1608 3367 1657 sunt

1786 1704 2042 1756 numero;
2083 1702 2371 1760 provectus
2392 1701 2573 1747 autem
2598 1692 2691 1762 qui
2718 1692 2786 1746 ad
2810 1690 3148 1762 juventutem
3196 1693 3368 1748 tendit

1786 1789 1839 1836 et
1862 1780 1930 1835 ad
1955 1779 2369 1850 perfectionem,
2401 1794 2431 1836 a
2466 1782 2704 1851 quinque
2729 1782 2885 1836 annis
2909 1789 2965 1836 et
2993 1795 3162 1850 usque
3192 1781 3260 1836 ad
3285 1781 3365 1836 vi-

115 1879 481 1950 caloremque,
523 1878 684 1947 hujus
723 1878 994 1948 pretium,
1026 1878 1080 1933 id
1114 1885 1225 1943 est,
1267 1877 1599 1931 conversatio
1627 1883 1682 1931 et
1708 1858 1756 1918 Β
1782 1871 2044 1927 cesimum
2092 1887 2294 1926 annum
2318 1878 2439 1943 gest.
2487 1870 2689 1943 Viginti
2735 1871 2877 1927 enim
2915 1884 3181 1927 annorum
3222 1871 3364 1927 inter

110 1974 295 2030 vitaet
321 1974 614 2030 retributio
635 1989 798 2045 quam
834 1989 933 2043 pro
962 1972 1246 2041 semetipso
1276 1969 1387 2025 Deo
1428 1969 1588 2025 offert
1628 1979 1683 2025 et

103 2067 394 2138 promittit,
440 2064 823 2137 quinquaginta
863 2062 1011 2127 sicli,
1060 2060 1486 2119 sivedracltma:
1532 2067 1677 2116 sunt.

102 2158 608 2229 Quinquagenarius
657 2156 800 2210 enim
843 2168 1099 2209 numerus
1143 2151 1438 2222 spiritalem
1487 2150 1681 2222 ﬁgurat

105 2247 285 2311 vitam,
311 2245 440 2316 quia
457 2247 525 2321 in
548 2244 990 2314 quinquagesimo
1017 2243 1104 2299 die
1130 2241 1306 2297 sancti
1330 2240 1565 2312 Spiritus
1586 2240 1681 2296 ad-

106 2345 286 2392 ventus
306 2336 482 2392 factus
509 2344 610 2402 est,
639 2336 731 2390 sed
756 2344 809 2390 et
836 2336 889 2389 in
916 2350 1059 2390 anno
1082 2335 1528 2407 quinquagesimo
1547 2332 1681 2390 libe-

110 2426 235 2499 ratio
272 2425 333 2481 ﬁt
375 2424 554 2481 omnis
588 2425 775 2490 debiti,
805 2434 861 2480 et
889 2431 1051 2481 terra:
1084 2426 1378 2489 restitutio,
1407 2426 1683 2496 multaque

109 2521 155 2575 in
182 2535 243 2575 eo
270 2520 373 2574 alia
402 2521 541 2574 bona
569 2517 769 2574 Judteis
810 2532 906 2589 per
942 2518 1116 2590 legem
1155 2518 1415 2590 disposita
1451 2525 1595 2574 sunt.
1635 2518 1681 2572 A

115 2609 284 2679 viginti
310 2610 472 2665 annis
497 2616 677 2664 autem
708 2624 879 2680 usque
907 2610 975 2663 ad
1010 2608 1287 2681 sexaginta
1316 2624 1505 2665 annos.
1533 2608 1680 2664 intra

111 2698 208 2753 lucc
227 2700 373 2754 enim
407 2707 653 2769 tempora
691 2708 825 2755 aetas
852 2707 907 2755 et
938 2698 1267 2756 intellectum
1300 2699 1597 2770 perfectum
1626 2708 1681 2755 et

109 2790 458 2847 fortitudinem
488 2801 547 2847 et
576 2790 810 2847 ﬁliorum
837 2791 1270 2863 procreationem
1303 2792 1501 2858 habet,
1529 2799 1680 2847 ut‘ex
1716 2784 1721 2789 ’

106 2883 430 2941 sensibilibus
481 2900 588 2942 nos
630 2884 990 2957 intelligibilia
1034 2886 1354 2957 cogitemus.
1402 2886 1544 2956 Ergo
1588 2886 1681 2957 qui

107 2974 411 3033 intellectum
439 2987 726 3034 maturum
753 2986 810 3034 et
853 2977 1149 3049 perfectum
1188 2979 1358 3034 habet
1386 2985 1441 3033 et
1470 2974 1682 3032 fortitu-

104 3068 277 3138 dinem,
305 3081 519 3144 utquae
555 3070 824 3128 intellexit
869 3077 1024 3143 agat,
1055 3070 1147 3127 hic
1180 3069 1323 3127 ﬁlios
1366 3085 1679 3142 comparare

103 3159 217 3216 alios
237 3162 345 3218 Deo
379 3178 481 3236 per
515 3178 670 3219 suam
699 3162 1170 3219 conversationem
1191 3203 1207 3229 ,
1246 3162 1329 3218 vel
1376 3161 1677 3235 doctrinam

100 3228 422 3321 impendens,
460 3261 673 3325 potest.
705 3251 876 3323 Hujus
903 3254 1139 3324 pretium
1174 3228 1369 3309 animae
1406 3230 1677 3325 quinqan
1705 3228 1751 3292 ε

99 3344 225 3413 ginta
250 3345 595 3403 didrachmas
627 3345 899 3417 perfectus
926 3345 1136 3402 fructus
1164 3352 1280 3413 est,
1308 3352 1363 3401 et
1386 3346 1676 3417 perfectio-

98 3434 168 3490 nis
185 3451 403 3504 corona,
434 3452 567 3508 quae
589 3444 646 3493 et
671 3437 995 3509 martyrium
1023 3435 1267 3503 habebit,
1296 3444 1351 3491 et
1374 3452 1556 3492 rerum
1581 3436 1677 3493 de-

97 3535 319 3595 spectum
339 3537 397 3585 et
423 3543 651 3585 ornnem
693 3528 841 3583 illam
871 3527 1267 3597 perfectionem
1300 3541 1467 3597 quam
1494 3528 1678 3583 Domi-

98 3632 184 3672 nus
203 3617 442 3674 dieebat:
469 3619 642 3673 Eritis
663 3618 903 3691 perfecti,
931 3619 1065 3672 sicut
1089 3615 1253 3671 Pater
1274 3626 1438 3672 vester
1457 3617 1675 3672 cwlestis

98 3707 330 3775 perfectus
359 3720 440 3765 est
466 3707 685 3781 (Matth.
713 3708 792 3780 v).
820 3707 934 3763 Hoc
960 3716 1143 3762 autem
1164 3706 1381 3776 quando
1406 3706 1678 3761 masculus

96 3793 251 3866 fuerit,
284 3801 341 3856 id
381 3810 504 3866 est,
536 3801 752 3870 quando
779 3815 993 3871 semper
1015 3797 1212 3867 fortis;
1255 3800 1362 3856 hoc
1395 3798 1540 3855 enim
1586 3798 1677 3857 hic

98 3893 381 3946 masculum
427 3890 598 3956 dicit,
640 3890 878 3946 Feminae
914 3899 1092 3946 autem
1119 3891 1225 3947 erit
1256 3890 1546 3947 aestimatio
1578 3890 1677 3947 tri-

99 3979 217 4048 ginta
243 3980 400 4047 sicli,
430 3970 559 4036 ‘sive
583 3980 931 4047 didrachmas,
976 3990 1039 4037 ut
1077 3983 1187 4037 sint
1214 3981 1487 4038 drachmae
1522 3998 1679 4039 sexa-

98 4071 241 4140 ginta,
267 4070 525 4127 fructum
549 4069 803 4128 videlicet
825 4070 1259 4142 sexagenarium,
1285 4086 1540 4144 magnum
1562 4073 1681 4144 qui-

100 4157 196 4215 dem
214 4171 268 4219 et
292 4162 505 4233 ipsum,
526 4161 625 4216 sed
646 4161 965 4217 centenario
984 4162 1272 4229 minorem,
1300 4172 1521 4234 propter
1537 4164 1683 4235 quod

99 4260 141 4304 et
161 4252 367 4309 ﬂemina:
393 4253 710 4309 introduxit
730 4266 1039 4323 personam,
1067 4267 1189 4324 quae
1217 4254 1398 4309 minor
1422 4263 1506 4311 est
1530 4272 1561 4312 a
1591 4257 1679 4312 vi-

208 4343 343 4415 Ergo
366 4351 424 4401 et
452 4343 716 4399 mulieres
744 4345 961 4414 quando
981 4344 1051 4400 ad
1071 4359 1384 4401 mensuram
1410 4361 1678 4404 summam

103 4438 453 4503 pervenerint,
503 4441 889 4507 provectteque
925 4434 1129 4490 fuerint
1164 4436 1231 4491 ad
1264 4434 1676 4508 perfectionem,

104 4518 244 4581 fortes
264 4535 503 4597 possunt
532 4524 834 4598 appellari,
884 4533 944 4581 ut
985 4536 1111 4596 pote
1153 4542 1275 4598 quae
1312 4543 1464 4584 suam
1501 4536 1678 4585 trans-

104 4627 271 4682 xresszr
291 4629 422 4675 sunt
440 4619 849 4685 infirmitatem,
865 4620 1329 4691 intentionem’qu‘e
1348 4619 1680 4679 fortitudinis

105 4716 433 4766 resumentes.
470 4709 715 4779 Propter
740 4709 886 4780 quod
919 4719 973 4764 et
997 4710 1223 4781 spiritus
1246 4711 1342 4766 Dei
1366 4710 1421 4765 in
1448 4711 1679 4768 Prover-

104 4794 187 4852 biis
218 4801 466 4859 dicebat:
511 4798 803 4856 Mulierem
829 4802 1016 4872 fortem
1053 4801 1171 4874 quis
1198 4802 1460 4857 inveniet?
1480 4799 1676 4875 (Prov.

105 4891 240 4964 xxxi)
276 4896 363 4950 cui
406 4911 607 4952 rerum
645 4893 932 4966 despectus
973 4895 1145 4952 deest.
1182 4894 1304 4950 Alia
1348 4903 1531 4951 autem
1564 4894 1678 4967 agit

104 4982 331 5055 Necte,
357 5004 483 5060 quae
512 4990 586 5046 de
617 4988 863 5043 omnium
883 5002 1067 5043 rerum
1089 4988 1417 5044 continentia
1445 4988 1534 5044 lex
1554 5004 1677 5045 eor-

104 5073 422 5149 rigerejubet
454 5082 510 5137 ei
542 5079 648 5154 qui
675 5079 972 5136 secundum
1000 5093 1121 5134 eam
1141 5080 1315 5135 vivit:
1340 5079 1512 5150 Hujus
1531 5082 1679 5138 msti-

105 5169 243 5224 matio
266 5182 349 5228 est
370 5173 609 5245 triginta
634 5170 773 5237 sicli,
802 5168 919 5226 sive
941 5169 1285 5236 didrachmae,
1312 5170 1367 5226 id
1394 5180 1498 5239 est,
1523 5188 1680 5229 sexa-

105 5260 324 5322 genarius
354 5262 578 5320 fructos
602 5278 622 5329 ;
662 5275 823 5330 quem
852 5269 909 5316 et
932 5260 1135 5316 Paulus
1159 5259 1403 5332 ﬁgurans
1430 5262 1676 5318 dicebat:

117 5344 260 5408 Vidua
281 5355 514 5428 eligatur
550 5370 667 5410 non
693 5353 867 5409 minor
899 5357 1174 5425 sexaginta
1212 5369 1471 5409 annorum
1501 5352 1562 5427 (I
1594 5353 1682 5410 Ti-

106 5440 243 5497 moth.
268 5446 322 5519 v)
356 5464 371 5502 :
405 5439 511 5518 per
535 5453 761 5503 aetatem
788 5460 1183 5517 numerumque
1205 5460 1472 5500 annorum
1502 5446 1678 5501 mani-

106 5526 278 5591 festare
301 5538 494 5595 volens
531 5552 675 5608 quas
702 5537 932 5593 virtutes
958 5544 1013 5593 et
1036 5538 1278 5593 actiones
1303 5536 1561 5592 exhibere
1591 5536 1684 5593 de-

107 5619 214 5678 beat
233 5626 414 5705 vidua,
441 5626 571 5702 quae
603 5647 635 5684 a
666 5628 775 5685 Deo
802 5628 1051 5702 eligitur,
1083 5646 1203 5700 quae
1230 5630 1283 5685 in
1318 5631 1517 5686 divinis
1547 5633 1681 5686 scri—

110 5712 231 5771 bitur
266 5721 453 5789 libris,
498 5733 558 5778 et
600 5734 722 5792 quac
750 5730 929 5791 potest
971 5722 1024 5776 in
1070 5736 1296 5778 numero
1341 5722 1677 5778 Hierusalem

108 5807 320 5867 celestis
349 5813 578 5886 degere.
608 5811 836 5883 Propter
861 5814 1005 5885 quoii
1026 5821 1083 5872 et
1108 5812 1367 5882 subdidit,
1393 5813 1676 5878 insinuans

1783 1960 1950 2017 fortes
1972 1961 2138 2016 etiam
2159 1976 2396 2032 pugnare
2423 1961 2665 2018 valentes
2692 1969 3010 2018 numeratus
3048 1971 3129 2019 est
3154 1977 3186 2016 a
3212 1962 3358 2035 lege,

1783 2053 1927 2109 sicut
1957 2052 2318 2109 Numerorum
2340 2054 2479 2109 liber
2502 2053 2758 2110 ostendit.

1853 2153 2024 2225 Hujus
2041 2168 2170 2225 ergo
2195 2154 2431 2224 pretium
2442 2155 2547 2209 erit
2573 2154 2765 2227 viginti
2790 2154 3139 2221 didrachmas,
3171 2153 3226 2210 id
3248 2162 3357 2224 est,

1781 2245 2054 2302 drachma:
2082 2245 2463 2316 quadraginta,
2505 2245 2649 2303 oboli
2676 2244 3077 2318 quadringenti.
3122 2243 3364 2314 Jejunio-

1782 2353 1900 2393 rum
1935 2346 2117 2392 autem
2153 2345 2315 2406 atque
2343 2337 2605 2391 orationis
2647 2344 2964 2407 provectum
3004 2332 3383 2407 quadraginta

1782 2427 2161 2483 drachmarum
2184 2442 2445 2485 numerus
2481 2425 2767 2501 signiﬁcat,
2819 2426 2945 2501 quia
2976 2432 3055 2484 tOt
3079 2424 3268 2483 diebus
3281 2423 3364 2496 je-

1777 2518 2001 2590 junasse
2029 2528 2085 2574 et
2114 2519 2334 2591 Moysen
2360 2527 2415 2574 et
2445 2514 2641 2587 Ellam,
2666 2526 2723 2576 et
2748 2518 2924 2590 ipsum
2965 2516 3251 2575 Dominum
3279 2515 3361 2573 di-

1784 2608 2033 2673 dicimus,
2068 2610 2282 2679 quando
2311 2624 2342 2663 a
2365 2608 2579 2665 diabolo
2612 2610 2936 2665 tentabatur.
2989 2608 3360 2680 Quadringen-

1784 2705 1960 2752 torum
1994 2707 2175 2753 autem
2198 2713 2458 2753 numerus
2504 2698 2633 2770 quid
2659 2698 2925 2771 signiﬁcat
2960 2706 3054 2754 aut
3080 2713 3245 2769 quam
3267 2698 3363 2753 de-

1784 2796 2045 2844 monstrat
2074 2791 2560 2856 conversationem,
2584 2790 2839 2857 ostendit,
2882 2788 3028 2860 quod
3055 2786 3256 2847 dictum
3281 2792 3367 2844 est

1784 2881 1841 2936 in
1868 2880 2007 2937 libro
2034 2880 2259 2953 Regum,
2304 2876 2519 2952 quando
2542 2880 2747 2936 reditus
2768 2880 2944 2947 navis,
2974 2894 3095 2950 quae
3116 2879 3366 2934 mitteba-
3417 2880 3425 2953 ξ

1784 2980 1877 3028 tur
1911 2987 1942 3027 a
1971 2948 2258 3028 Salomone
2298 2948 2367 3027 a—d
2386 2971 2693 3042 Sophiram,
2723 2971 2966 3028 dicebat:
2992 2948 3083 3026 hit
3112 2970 3256 3026 enim
3283 2985 3367 3027 se-
3418 2948 3427 2973 ⁸

1783 3062 2020 3118 cundum
2074 3060 2465 3134 Septuaginta:
2496 3060 2568 3115 Et
2617 3062 2754 3116 venit
2774 3060 2843 3115 ad
2869 3060 3140 3134 Saphira:
3171 3059 3367 3132 Sophir
3419 3118 3425 3122 .

1774 3152 1919 3229 .[AI.,
1943 3153 2136 3227 Ophir]
2164 3158 2348 3209 autem
2371 3154 2755 3226 interpretatur
2795 3152 2994 3209 bonum
3025 3168 3042 3208 :
3068 3152 3140 3208 Et
3168 3154 3366 3225 accepit
3426 3206 3429 3209 ,

1781 3251 1906 3306 inde
1929 3252 2051 3306 auri
2085 3251 2472 3324 quadringenta
2501 3262 2547 3307 et
2571 3251 2749 3323 viginti
2778 3250 2998 3320 talenta,
3049 3260 3098 3308 et
3143 3252 3367 3308 adduxit
3420 3246 3425 3255 ’

1782 3345 1890 3416 regi
1914 3343 2191 3402 Salomoni
2227 3344 2351 3419 (III
2374 3344 2504 3418 Reg.
2527 3346 2635 3420 rx).
2667 3345 2807 3415 Quid
2842 3349 3018 3423 ergo?
3039 3348 3132 3405 Sic
3158 3348 3362 3406 bonum

1776 3444 1897 3502 est;
1931 3438 2013 3493 sic
2050 3452 2150 3509 per
2170 3435 2434 3508 jejunium
2461 3448 2517 3494 et
2544 3436 2849 3495 orationem
2874 3440 3118 3496 exerceri
3161 3447 3218 3496 et
3236 3456 3366 3513 pro-

1776 3530 1900 3586 vehi
1929 3530 1998 3585 ad
2021 3528 2169 3585 illam
2189 3533 2383 3598 vitam,
2415 3531 2483 3587 ad
2508 3545 2670 3601 quam
2694 3530 2906 3603 Moyses
2930 3540 2987 3588 et
3009 3531 3156 3589 Elias
3184 3510 3367 3602 squer-
3416 3510 3427 3525 ⁷

1778 3619 2107 3676 aediﬁcantes
2119 3620 2327 3691 jejunio
2348 3630 2511 3691 atque
2531 3621 2786 3687 orationi,
2808 3621 2974 3677 etiam
2995 3621 3127 3678 alias
3139 3622 3368 3678 virtutes
3390 3622 3393 3629 ’
3428 3612 3433 3619 ’

1783 3710 2031 3779 provecti
2096 3720 2226 3765 sunt
2259 3726 2276 3775 ;
2306 3711 2403 3764 sed
2456 3716 2513 3764 et
2550 3710 2812 3765 Dominus
2856 3711 3133 3767 insinuare
3173 3714 3421 3799 semet-ﬁr

1779 3801 1958 3871 ipsum
2003 3812 2104 3870 per
2140 3798 2588 3872 praedicationem
2638 3808 2695 3856 et
2734 3800 2888 3873 signa
2911 3801 3098 3873 generi
3127 3792 3432 3865 humano

1777 3877 2065 3962 incipiens,
2097 3889 2367 3963 jejunium
2402 3894 2462 3947 et’
2478 3892 2783 3948 orationem
2808 3907 2921 3949 sua:
2937 3878 3367 3953 conversationis
3408 3886 3411 3895 ’

1785 3985 2113 4057 principium
2140 3985 2288 4040 fecit.
2342 3983 2660 4054 Quicunque
2696 3998 2829 4056 ergo
2854 3990 3104 4043 sensatus
3146 3987 3365 4059 quidem

1782 4083 1889 4142 est,
1918 4080 1973 4131 et
1991 4074 2257 4146 proﬁcere
2280 4073 2506 4145 incipit;
2531 4090 2639 4131 non
2660 4084 2842 4132 tamen
2855 4077 3020 4134 nimis
3043 4080 3140 4136 sed
3167 4079 3365 4150 medie,
3428 4066 3433 4083 ⁸

1780 4176 1844 4225 ut
1888 4168 2311 4239 praesumptione
2356 4167 2784 4223 conversationis
2820 4167 3013 4240 jejunii
3047 4185 3155 4227 non
3193 4172 3367 4244 possit

1780 4263 1990 4329 ornari,
2020 4260 2183 4332 hujus
2205 4261 2442 4333 pretium
2470 4261 2655 4318 decem
2686 4261 3142 4333 didrachmarum,
3176 4264 3230 4321 id
3256 4275 3361 4333 est,

1779 4356 1968 4428 viginti
1998 4356 2379 4411 drachmarum
2405 4361 2460 4411 et
2482 4353 2766 4411 obolorum
2787 4355 3143 4430 ducentorum
3171 4363 3275 4411 est.
3305 4356 3363 4410 in
3426 4342 3437 4381 λ

1772 4448 2026 4505 custodia
2060 4451 2205 4503 enim
2234 4447 2422 4502 decem
2450 4447 2849 4510 mandatorum,
2894 4458 3017 4514 quae
3038 4442 3364 4514 duplicatur

1780 4540 2079 4599 secundum
2120 4538 2358 4592 litteram
2396 4542 2453 4592 et
2487 4536 2735 4606 spiritum
2758 4574 2774 4599 ,
2825 4532 3163 4589 conversatio
3203 4531 3364 4601 hujus

1785 4640 1890 4697 est,
1930 4630 2074 4684 inter
2101 4642 2235 4698 quas
2249 4626 2516 4697 jejunium
2554 4641 2663 4681 non
2682 4629 2767 4679 est
2798 4631 3126 4695 pmceptum
3150 4639 3166 4680 :
3194 4622 3364 4680 'subli-
3426 4620 3431 4629 ’

1785 4721 1928 4777 mior
1960 4719 2103 4776 enim
2138 4725 2223 4774 est
2248 4718 2317 4773 ad
2344 4731 2467 4772 eam
2515 4717 2796 4787 pertinens
2844 4714 3201 4783 conversatio,
3244 4728 3363 4787 qua:

1785 4814 2122 4885 legislatores
2167 4818 2223 4866 et
2247 4809 2540 4882 prophetas
2589 4816 2645 4864 et
2667 4820 2859 4864 omnes
2896 4807 2987 4878 qui
3013 4807 3362 4880 profecerunt
3424 4816 3433 4827 ‘

1784 4907 1960 4963 decet.
2010 4904 2079 4959 Et
2117 4903 2347 4959 necdum
2394 4901 2611 4972 quidem
2658 4898 2995 4957 conversatio
3038 4897 3157 4970 ejus
3202 4897 3364 4954 habet

1783 4994 2194 5067 perfectionem.
2262 4990 2412 5062 Opus
2465 4991 2610 5046 enim
2645 4988 2809 5045 habet
2853 4988 3357 5055 mansuetudinem,
3426 5062 3431 5067 ἢ

1779 5087 2186 5160 perfectamque
2229 5082 2571 5146 charitatem,
2618 5092 2740 5151 quae
2780 5086 2866 5136 est
2910 5080 2969 5135 in
2992 5077 3110 5135 zelo
3134 5075 3375 5143 Christi,
3426 5074 3433 5087 '

1780 5178 2028 5250 perducit
2054 5186 2235 5233 tamen
2263 5174 2333 5229 ad
2355 5171 2861 5244 perfectionem.Ab
2876 5187 2989 5229 uno
3022 5185 3153 5242 ergo
3175 5181 3360 5225 mense
3428 5184 3433 5191 ν

1782 5280 1953 5339 usque
1983 5268 2050 5325 ad
2087 5280 2290 5322 annum
2337 5265 2612 5335 quintum,
2661 5256 3048 5336 pro‘masculo
3089 5260 3360 5316 dabuntur
3424 5254 3431 5277 ‘

1783 5358 2022 5430 quinque
2049 5357 2190 5423 sicli,
2217 5357 2332 5413 sive
2351 5357 2597 5427 quinque
2630 5356 3000 5412 didrachmas:
3028 5363 3132 5421 pro
3156 5346 3357 5403 femina
3428 5370 3433 5379 ι

1784 5458 1915 5515 tres,
1962 5447 2122 5503 unius
2141 5444 2346 5527 mensis
2386 5448 2654 5519 intelliges
2686 5462 2812 5504 eum
2835 5442 2930 5514 qui
2975 5450 3120 5497 nunc
3154 5446 3240 5495 est
3268 5450 3351 5509 ge-
3408 5444 3431 5459 ν

1784 5540 1932 5598 nitus
1956 5538 2009 5593 in
2032 5534 2177 5595 ﬁde.
2204 5538 2289 5595 Ad
2319 5552 2479 5610 quem
2513 5540 2709 5596 Petrus
2736 5536 2951 5593 dicebat
2978 5552 2992 5589 :
3017 5533 3179 5588 'Sicut
3201 5529 3359 5584 modo
3398 5552 3403 5557 -

1780 5632 1947 5702 geniti
1969 5630 2196 5700 infantes
2218 5622 2557 5688 rationabiles
2595 5632 2707 5686 sine
2724 5627 2848 5682 dolo
2880 5620 3355 5695 luc‘concupis‘cite,
3424 5630 3433 5637 ‘

1781 5732 1839 5776 ut
1866 5724 2110 5777 crescatis
2137 5724 2192 5777 in
2217 5741 2332 5779 eam
2357 5730 2598 5787 salutem,
2630 5722 2676 5774 si
2710 5728 2885 5773 tamen
2907 5716 3179 5787 gustustis,
3227 5717 3355 5789 quia

1779 5813 1948 5871 dulcis
1971 5823 2046 5872 est
2073 5814 2331 5887 Dominus
2358 5814 2411 5890 (ι
2441 5811 2589 5869 Petr.
2618 5807 2702 5892 nl,
2724 5805 2897 5881 Hujus
2919 5806 3156 5882 pretium
3178 5820 3357 5885 usque
