3892 6346
553 379 653 436 571

1196 379 1257 433 Β.
1297 377 1553 437 ΚΑΒἈΝΙ
1590 381 1808 439 ΜΑΗΒΙ
1850 383 2104 439 AiiCIﬂE

2224 385 2530 445 MOGUNT.
2568 389 2851 447 OPERUM
2889 393 3069 446 PARS
3105 393 3145 446 Ι.
3685 404 3770 460 512

554 492 621 546 ad
650 492 1053 561 quinquennem
1081 499 1320 560 tetatem,
1348 493 1519 559 idest,
1545 498 1886 552 conversatio
1907 506 1961 551 et
1988 499 2123 563 vita,
2153 505 2205 564 Α
2228 502 2367 567 dico,
2392 505 2603 572 fratres,
2627 515 2825 576 tempus
2856 508 3002 562 breve
3033 516 3106 561 cst
3131 524 3149 560 .·
3183 511 3432 580 reliquum
3458 522 3559 577 est,
3583 523 3768 590 utetqsi

551 581 790 650 quinque
811 581 1250 639 didrachmarum
1272 585 1499 654 argenti,
1529 586 1580 640 id
1610 597 1711 651 est,
1729 588 1914 644 decem
1935 588 2126 643 drach-

551 687 686 738 maa;
712 672 856 728 ebuli
898 682 1079 730 autem
1117 683 1355 731 centum.
1410 675 1770 750 Conversatio.
1802 695 1930 751 ergo
1965 681 2125 736 modo

549 764 715 835 geniti
734 765 972 835 quinque
994 766 1327 823 didrachmas
1351 778 1498 835 smn,
1518 778 1580 825 ut
1608 771 1924 826 ministeriis
1948 772 2125 841 dupli-

546 869 642 912 ces
662 870 857 912 sensus
889 856 1109 922 habeat,
1138 857 1190 915 id
1221 866 1325 923 est,
1349 866 1411 913 ut
1437 876 1556 929 qum
1593 862 1922 916 sensibiliter
1951 862 2122 929 audit,

551 946 668 1007 hinc
709 948 1117 1019 intelligihiiiter
1159 949 1455 1019 wseipiat:
1483 952 1560 1006 sic
1605 952 1769 1006 etiam
1797 953 2010 1020 videns,
2069 962 2125 1008 et

524 1046 789 1110 .gustans,
831 1050 885 1095 et
917 1041 1168 1105 odorans,
1205 1050 1258 1095 et
1289 1048 1549 1109 tangens;
1580 1042 1827 1112 perducit
1854 1044 1997 1097 enim
2023 1045 2125 1099 hoc

524 1145 671 1185 eum
695 1131 763 1186 ad
793 1130 1201 1201 perfectionem.
1231 1131 1461 1200 Propter
1486 1133 1629 1201 quod
1671 1140 1725 1188 et
1747 1141 1963 1189 centum
1996 1134 2126 1189 obo-

544 1222 721 1279 lorum
748 1224 982 1293 pretium
1008 1224 1194 1280 habet.
1216 1223 1484 1281 Numerus
1510 1234 1712 1292 autem,
1758 1227 1897 1282 sicut
1919 1227 2125 1282 dictum

544 1325 650 1380 est,
681 1313 951 1385 perfectus
975 1321 1077 1370 est.

614 1425 758 1495 Ergo
790 1425 980 1495 procul
1033 1425 1198 1482 dubio
1238 1441 1360 1481 eum
1405 1429 1497 1498 qui
1544 1444 1687 1483 nunc
1735 1431 2120 1500 mysteriorum

536 1514 813 1585 particeps
838 1516 1060 1571 eﬁ’ectus
1086 1524 1190 1582 est,
1218 1519 1553 1590 necdumque
1584 1521 1652 1575 ad
1682 1522 1949 1590 agendum
1996 1538 2121 1593 pro-

546 1606 734 1673 cessit,
771 1607 865 1662 sed
885 1608 942 1662 in
971 1606 1076 1663 fide
1099 1609 1316 1664 interim
1348 1611 1625 1680 probatur,
1672 1612 1811 1666 sicut
1835 1613 2009 1668 adhuc
2035 1614 2121 1667 in-

543 1695 771 1763 fantem,
799 1703 855 1752 et
876 1698 1107 1752 necdum
1135 1706 1347 1770 tempus
1380 1702 1446 1755 ad
1477 1703 1840 1757 ostensionem
1863 1704 2121 1758 virtutum

538 1786 829 1844 habentem
853 1790 1204 1844 demonstrat.
1257 1790 1312 1845 Si
1356 1800 1538 1845 autem
1561 1793 1829 1859 minoris,
1882 1794 1973 1863 qui
2000 1794 2121 1849 talis

2228 594 2417 648 habent
2438 612 2646 663 uxores,
2673 607 2921 668 tauquam
2953 614 3053 653 non
3078 598 3322 655 habentes
3349 604 3452 656 sint
3472 622 3489 657 .'
3522 617 3572 658 et
3605 612 3686 677 qui
3705 612 3763 663 hr-

2224 693 2361 752 gent,
2390 686 2526 739 sicut
2562 702 2665 740 non
2709 686 2938 757 lugentes
2965 701 2983 738 :
3012 697 3059 741 et
3092 690 3180 760 qui
3219 692 3464 759 gaudent,
3509 698 3654 762 quasi
3687 716 3763 754 nos

2224 777 2507 844 gaudentes
2533 794 2551 843 ;
2580 788 2626 832 et
2648 781 2735 849 qui
2758 792 2952 845 emunt,
2982 790 3228 853 tanquam
3257 800 3357 838 non
3374 788 3761 855 possidentes;et

2224 871 2311 938 qui
2343 879 2562 924 utuntur
2585 872 2681 925 hoc
2707 873 2922 937 mundo,
2953 882 3199 944 tanquam
3228 892 3331 930 non
3370 887 3606 933 utantur.
3646 881 3760 937 Par.

2226 963 2345 1015 terit
2360 964 2496 1015 enim
2514 964 2684 1033 ﬁgura
2709 965 2867 1034 hujus
2899 966 3099 1033 mundi,
3129 966 3241 1020 volo
3260 978 3437 1022 autem
3463 986 3553 1024 vos
3572 972 3668 1025 sine
3679 974 3757 1027 tot.

2225 1051 2496 1106 licitudine
2523 1071 2632 1108 esse
2662 1054 2804 1125 (Ibid
2813 1056 2872 1127 .).

2296 1141 2585 1215 Propterea
2631 1156 2686 1201 et
2719 1148 3026 1217 quindecim
3059 1149 3389 1207 didrachma:
3433 1153 3539 1207 erit
3571 1155 3751 1225 pretium

2224 1233 2359 1302 ejus,
2410 1253 2529 1307 quae
2571 1250 2694 1295 sunt
2719 1241 2991 1297 drachma“:
3022 1242 3261 1313 triginta.
3304 1245 3443 1301 Tres
3494 1248 3629 1302 enim
3662 1251 3750 1304 vita

2224 1326 2670 1385 fructiﬁcationes
2703 1333 2766 1387 dc
2786 1332 2927 1387 bona
2962 1342 3106 1389 terra
3129 1335 3330 1390 Christi
3370 1341 3655 1409 proposuit.
3676 1340 3749 1396 Per

2222 1420 2589 1473 centenarium
2622 1422 2963 1491 virginitatis,
3004 1432 3060 1479 et
3085 1440 3191 1479 non
3222 1427 3559 1496 possidendi,
3585 1445 3665 1498 per
3688 1447 3747 1486 se-

2223 1511 2570 1577 xagenarium
2597 1512 2958 1578 continentur,
2996 1528 3093 1583 per
3120 1517 3476 1572 tricenarium
3510 1522 3629 1575 casti
3648 1536 3743 1575 eou-

2215 1597 2349 1668 jugii
2375 1601 2541 1654 vitam
2556 1601 2863 1671 designans.
2900 1603 2958 1658 Si
2987 1613 3166 1660 autem
3194 1607 3471 1663 inﬁrmior
3497 1610 3745 1678 hujusmodi

2221 1700 2323 1753 est,
2351 1690 2573 1747 forsitan
2601 1695 2744 1747 enim
2789 1695 2840 1747 in
2860 1694 3269 1768 fornicationem
3284 1699 3392 1765 hic,
3429 1701 3520 1771 qui
3542 1701 3645 1755 talis
3666 1712 3741 1765 est,

2224 1780 2457 1836 decidit:
2490 1784 2629 1837 unde
2658 1792 2712 1839 et
2742 1784 2939 1840 femina
2966 1788 3182 1853 dicitur,
3227 1805 3325 1844 nec
3357 1790 3439 1845 sic
3474 1793 3742 1861 respuendas

536 1888 644 1943 εει,
673 1879 854 1947 fuerit,
904 1881 981 1936 ita
1007 1890 1067 1936 ιη
1114 1884 1399 1938 conveniat
1430 1884 1484 1937 ίη
1506 1900 1569 1940 eo
1614 1884 1827 1940 femina)
1862 1902 2114 1956 persona,
2148 1882 2195 1945 Β
2222 1882 2325 1939 est,
2365 1874 2459 1929 sed
2500 1876 2662 1929 habet
2699 1878 2931 1945 pretium
2971 1878 3157 1933 decem
3189 1879 3538 1936 didrachmas
3566 1901 3577 1937 :
3603 1892 3740 1936 custo-

530 1971 722 2026 ~minor
748 1980 930 2038 autem
950 1981 1050 2038 est,
1088 1981 1148 2028 ut
1178 1974 1473 2045 simplicior
1517 1984 1574 2031 et
1600 1992 1705 2032 non
1737 1978 1893 2033 valde
1916 1980 2118 2035 discre-

547 2067 652 2126 tus,
686 2060 847 2131 hujus
874 2063 1106 2132 pretium
1126 2073 1214 2119 est
1246 2072 1359 2121 tres
1387 2065 1733 2134 didrachmrc,
1776 2068 1908 2123 ﬁdes
1944 2069 2119 2125 Patris

530 2158 595 2206 et
619 2149 742 2207 Filii
777 2162 835 2208 et
853 2153 1095 2224 Spiritus
1120 2157 1312 2220 sancti,
1363 2166 1423 2210 ut
1450 2173 1555 2211 non
1585 2159 1725 2213 hanc
1749 2162 2116 2231 transgredia-

534 2249 650 2307 tur,
702 2243 797 2299 sed
833 2246 994 2301 corde
1019 2248 1223 2313 credat,
1277 2248 1419 2303 sicut
1461 2250 1535 2302 ait
1569 2250 1787 2316 Paulus,
1816 2267 1910 2305 ore
1936 2260 2115 2307 autem

537 2335 877 2392 conﬁteatur.
908 2337 1160 2393 Sieenim
1180 2340 1230 2395 ei
1249 2340 1363 2393 inec
1387 2340 1489 2393 tria
1506 2356 1612 2395 non
1639 2342 1811 2396 solum
1837 2343 2114 2397 conﬁtenti

534 2422 738 2495 lingua,
776 2427 873 2481 sed
895 2435 953 2482 et
996 2427 1099 2481 ﬁde
1137 2428 1377 2484 credenti
1407 2431 1545 2484 ﬁunt
1580 2432 1698 2485 dum
1719 2434 2009 2498 drachmzc,
2056 2433 2120 2487 ﬁt

526 2524 715 2571 autem
742 2525 797 2573 et
815 2519 938 2574 huic
958 2521 1080 2576 talis
1102 2521 1235 2577 ﬁdes
1257 2522 1322 2576 ad
1345 2522 1728 2593 perfectionem
1758 2526 2112 2593 mediocrem;

534 2614 648 2664 tres
676 2610 821 2664 enim
841 2611 1187 2680 didrachmas,
1218 2629 1311 2669 sex
1340 2624 1466 2669 sunt
1486 2617 1784 2684 drachuma;
1816 2633 1909 2673 sex
1938 2627 2116 2674 autem

524 2696 806 2756 drachma;
827 2704 1105 2773 sexaginta
1128 2714 1253 2760 sunt
1274 2707 1440 2761 oboli.
1464 2706 1764 2763 Hic-autem
1790 2709 1910 2765 talis
1935 2725 2120 2766 nume-

518 2802 631 2843 .rus
648 2790 976 2849 mediocrem
1000 2795 1387 2865 perfectionem
1416 2800 1551 2869 gerit
1577 2816 1590 2865 ;
1620 2809 1907 2870 propterea
1932 2810 1987 2858 et
2020 2816 2118 2872 po-

398 2902 409 2909 ’
516 2876 692 2949 fulua
716 2880 884 2939 [smel
922 2895 1302 2943 sexcentarum
1331 2887 1580 2957 millium,
1626 2892 1769 2960 qrtod
1806 2900 1930 2948 sunt
1958 2907 2116 2949 sexa-

522 2974 682 3042 ginta
708 2978 1003 3047 myriades,
1044 2995 1331 3037 numerum
1359 2984 1579 3039 habent.

607 3064 893 3123 Sensibilis
913 3071 1061 3125 enim
1086 3071 1257 3127 lsrael
1302 3072 1536 3129 habebat
1576 3074 1793 3145 quidem
1822 3084 1878 3131 et
1914 3079 2120 3134 medic"

526 3155 700 3210 oritur
734 3157 1021 3227 perfectos,
1062 3163 1157 3231 qui
1190 3164 1246 3217 in
1268 3164 1385 3235 lege
1417 3167 1697 3221 constituti
1739 3168 2115 3239 Evangelicam

524 3250 1002 3307 conversationem
1044 3253 1387 3324 aliquatenus
1436 3262 1686 3329 agebant.
1752 3261 1892 3317 Sunt
1932 3273 2112 3320 autem

528 3338 728 3407 quibus
754 3340 1026 3401 mediocre
1049 3344 1183 3415 legis
1214 3356 1273 3401 et
1288 3351 1670 3418 prophetarum
1708 3361 1827 3408 erat
1852 3355 2110 3423 studium,

524 3438 755 3501 propter
785 3436 930 3505 quod
971 3444 1029 3492 et
1062 3438 1260 3494 similia
1303 3442 1582 3511 myriades
1632 3452 1806 3499 erant.
1854 3445 1960 3501 Sed
2007 3461 2111 3502 nec

522 3521 681 3577 milia
718 3524 905 3593 millia,
956 3543 1059 3584 nec
1080 3531 1268 3601 myrin:
1291 3533 1579 3603 myriades,
1627 3544 1684 3592 et
1709 3552 1922 3608 semper
1952 3540 2007 3594 in
2036 3539 2116 3594 eis

533 3624 681 3669 esset
700 3616 965 3687 perfectio
994 3638 1009 3674 :
1040 3622 1157 3678 haec
1178 3624 1323 3678 enim
1354 3626 1685 3696 angelorum,
1727 3638 1783 3684 et
1819 3632 2115 3686 secundum

524 3706 913 3782 Evangeiicam
942 3715 1109 3771 vitam
1135 3720 1574 3774 conversantium
1605 3729 1706 3777 est.
1756 3722 1945 3794 Angeli
1970 3725 2115 3779 enim

520 3809 592 3857 et
614 3803 718 3873 ipsi
742 3807 965 3875 quando
1006 3807 1335 3877 profecerim
1356 3811 1679 3867 eiiiciuntur.
1728 3813 2115 3884 Sexugenarius

522 3903 711 3950 autem
738 3906 788 3951 et
816 3899 958 3954 uitro
979 3901 1264 3966 meum,
1311 3904 1458 3957 dabit
1499 3906 1791 3976 quindecim
1821 3906 1979 3961 αιτιοι
2012 3909 2116 3962 sive

524 3984 905 4057 didrachmas;
972 3990 1169 4061 femina
1230 4002 1411 4049 autem
1469 3994 1670 4052 decem.
1732 3997 1800 4052 Et
1856 3999 1983 4067 quis
2033 4006 2116 4054 est

524 4075 619 4132 hie
652 4079 746 4147 qui
788 4081 1083 4139 maxian
1140 4087 1609 4143 conversationem
1674 4094 1773 4159 per
1833 4089 2117 4159 virginita-

530 4170 662 4227 tem,
697 4167 846 4222 verbi
906 4170 1106 4237 mna,
1153 4170 1238 4227 vel
1286 4188 1393 4230 nos
1434 4178 1758 4245 possidendo
1800 4179 2112 4243 virtutibus,

530 4268 651 4322 quae
699 4255 823 4311 aliis
862 4258 1164 4326 promittit,
1224 4272 1281 4316 et
1317 4274 1438 4332 post
1486 4266 1607 4320 hmo
1652 4266 1957 4323 intimates
1996 4273 2112 4334 est;

531 4344 833 4413 cognovisti
872 4345 1041 4412 enim
1079 4348 1206 4418 quia
1235 4364 1359 4405 eum
1394 4354 1486 4420 qui
1520 4355 1709 4424 viginti
1744 4357 1899 4411 armis
1946 4372 2117 4429 usque

522 4432 602 4488 ad
632 4435 916 4508 eonﬁat:
940 4452 1210 4496 minorum
1240 4449 1360 4510 at,
1379 4444 1630 4501 omnibus
1666 4446 1942 4518 iegisiator
1978 4463 2115 4521 prte-

532 4524 734 4592 posuit.

600 4617 803 4676 Deiade
830 4638 975 4681 nunc
1012 4634 1138 4697 post
1157 4640 1347 4685 mnes
1385 4644 1509 4686 eum
1528 4632 1623 4701 qui
1647 4633 1927 4705 sexaginta
1957 4614 2141 4692 annis"

522 4715 586 4762 et
612 4723 776 4779 supra
806 4721 912 4780 est,
946 4717 1046 4784 ait,
1089 4733 1189 4788 per
1223 4720 1326 4776 hoc
1354 4723 1497 4791 quod
1523 4722 1661 4778 dixit
1688 4738 1703 4778 :
1731 4739 1894 4795 super
1921 4727 2116 4783 anima:

528 4808 866 4860 meantem
897 4815 952 4860 et
978 4808 1349 4867 inﬁrmitatem
1378 4812 1516 4884 ejus,
1542 4816 1637 4885 qui
1662 4817 1955 4871 maximam
1983 4832 2115 4874 con-

528 4894 893 4951 versationem
911 4912 1287 4971 proposuerat,
1312 4907 1498 4975 procul
1525 4906 1689 4962 dubio
1716 4908 1979 4978 designat.
2009 4909 2113 4976 Qui

531 4996 667 5054 ergo
686 4998 784 5054 per
805 4987 1132 5058 virginitatis
1153 4992 1236 5048 vel
1271 4994 1524 5065 despectu
1542 4996 1852 5064 possidendi
1878 5013 2109 5055 conver-

538 5074 806 5130 sationem
851 5080 1118 5148 promittit
1160 5093 1216 5137 et
1254 5086 1537 5155 proponit,
1587 5086 1783 5143 deinde
1809 5087 2114 5146 inﬁrmatur

530 5165 803 5235 complere
832 5171 1198 5240 propositum,
1235 5176 1384 5230 audit
1414 5191 1446 5231 a
1468 5175 1638 5232 Paulo
1667 5194 1680 5230 :
1712 5176 1911 5250 Siquis
1937 5189 2111 5237 autem

532 5262 736 5325 turpem
749 5274 805 5313 se
823 5260 1086 5315 existit“!
1107 5279 1260 5334 super
1283 5266 1533 5336 uirginem
1552 5285 1724 5336 suam,
1750 5286 1810 5324 eo
1834 5270 1975 5341 quod
2000 5271 2114 5340 fuc-

528 5346 599 5400 rit
622 5365 781 5421 super
799 5352 983 5409 adulta
1005 5353 1059 5426 (I
1084 5353 1208 5409 Cor.
1234 5357 1356 5429 vn).
1393 5358 1641 5417 Ostendit
1664 5363 1938 5432 quoddam
1966 5365 2114 5422 inﬁr-

532 5448 739 5496 marum
757 5452 814 5499 et
832 5445 1254 5520 adseuectutem
1279 5450 1564 5508 deductum
1586 5456 1945 5525 propositum,
1965 5468 2009 5513 et
2034 5460 2109 5513 sic

534 5545 740 5619 oportet
772 5538 912 5607 ﬁeri,
940 5540 1083 5610 quod
1112 5541 1244 5610 νιιιι,
1276 5543 1460 5613 faciat,
1516 5564 1621 5601 non
1650 5559 1828 5619 peccat
1858 5551 1903 5604 si
1925 5553 2106 5605 nubat.

531 5617 601 5675 Ει
633 5639 863 5684 mrsus:
902 5627 962 5685 Si
989 5634 1250 5703 nupserit,
1280 5650 1383 5688 non
1411 5617 1666 5705 peccasti}
1687 5647 1735 5692 et
1775 5640 1820 5692 si
1851 5642 2104 5710 nupserit,

531 5712 682 5785 uirgo
704 5736 808 5775 non
827 5729 1055 5793 peccavit
1069 5743 1091 5794 ;
1119 5727 1506 5782 tribulationem
1543 5737 1717 5783 autem
1748 5733 1921 5786 carnis
1948 5733 2106 5786 habe-

530 5799 665 5864 bunt
685 5808 1169 5894 huiusmde
1203 5829 1378 5880 autem
1406 5818 1547 5879 vobis
1572 5835 1754 5894 parco,
1791 5822 1887 5880 hoc
1931 5833 2102 5881 autem

2225 1966 2366 2021 diam
2396 1968 2538 2020 enim
2567 1968 2941 2023 mandatorum
2968 1971 3082 2035 Dei,
3128 1987 3291 2039 quam
3314 1973 3507 2043 viginti
3529 1988 3632 2028 esse
3649 1973 3738 2026 dra.

2221 2059 2405 2113 chmas
2430 2066 2484 2113 et
2508 2059 2695 2114 obolos
2719 2061 2978 2115 ducentos
3009 2062 3366 2128 ostendimus,
3409 2064 3561 2118 offert
3586 2064 3673 2118 Deo
3703 2073 3739 2117 et

2220 2149 2276 2203 in
2303 2150 2406 2203 hoc
2431 2151 2896 2205 conversationem
2932 2153 3095 2207 habet
3117 2168 3216 2222 per
3245 2154 3537 2208 custodiam
3563 2155 3740 2207 manda-

2220 2246 2395 2295 torum
2427 2240 2772 2309 justiﬁcatus.
2819 2243 2875 2297 Si
2924 2253 3103 2298 autem
3134 2245 3283 2299 dicas
3327 2246 3574 2314 quomodo
3596 2246 3745 2299 Domi-

2220 2345 2323 2384 nus
2363 2346 2628 2386 annorum
2671 2342 2790 2388 erat
2830 2335 3077 2406 triginta,
3129 2336 3255 2390 dum
3291 2337 3439 2391 solus
3477 2346 3601 2391 esset
3643 2350 3743 2390 vere

2218 2423 2511 2493 perfectus,
2553 2441 2674 2479 cum
2719 2442 2818 2481 nos
2864 2428 2917 2481 in
2961 2430 3274 2483 centenario
3311 2444 3531 2484 numero
3553 2429 3741 2483 dicamus

2217 2514 2605 2583 perfectionem
2655 2532 2794 2583 esse,
2839 2527 2959 2587 post
3002 2520 3145 2573 hunc
3187 2530 3367 2574 autem
3406 2521 3466 2574 in
3498 2520 3737 2589 sexaginta,

2219 2605 2378 2658 tertio
2409 2613 2587 2659 autem
2630 2608 2686 2661 in
2718 2607 2981 2677 triginta?
3022 2608 3202 2675 Disce,
3231 2610 3362 2680 quia
3405 2611 3544 2665 solus
3576 2609 3737 2679 quidem

2216 2695 2321 2750 fuit
2357 2712 2483 2753 vere
2524 2698 2832 2768 perfectus;
2890 2710 3260 2757 verumtamen
3311 2703 3395 2757 sic
3423 2703 3635 2756 omnium
3672 2702 3738 2753 do-

2217 2798 2338 2844 ctOr
2385 2796 2438 2843 et
2476 2791 2726 2859 primitiae
2771 2807 2964 2848 massas
3007 2794 3173 2848 totius
3214 2792 3474 2860 effer-tus,
3520 2810 3577 2848 et
3611 2788 3741 2846 omni-

2217 2881 2319 2937 bus
2360 2891 2708 2953 temperatam
2735 2885 3198 2940 conversationem
3224 2884 3427 2957 ﬁgurat
3459 2893 3509 2941 et
3528 2884 3736 2956 proponit.

2220 2970 2347 3026 Sive
2386 2973 2532 3028 enim
2576 2974 2944 3043 virginitatem
2990 2976 3144 3042 velis,
3190 2978 3305 3046 ipse
3326 2992 3398 3030 ex
3421 2975 3738 3046 virginevirgt

2219 3073 2325 3128 est,
2371 3073 2427 3120 et
2460 3066 2823 3135 virginitatem
2860 3068 3069 3133 docuit;
3110 3068 3223 3123 sive
3250 3068 3472 3137 nuptias
3504 3076 3553 3123 et
3588 3065 3740 3121 nubem

2222 3156 2499 3225 prmcepit,
2536 3168 2589 3211 et
2623 3160 2886 3213 nubentes
2913 3158 3217 3225 benedixit;
3260 3160 3376 3215 sive
3401 3156 3741 3215 abstinentiam,

2138 3228 2186 3294 Ο
2216 3246 2383 3300 etiam
2430 3249 2532 3302 hoc
2572 3248 2772 3304 docuit.
2830 3248 3093 3305 Similiter
3132 3259 3188 3305 et
3231 3250 3357 3306 ﬁdei
3414 3263 3613 3313 cursus,
3657 3245 3744 3301 sive

2216 3342 2579 3412 perfectorum
2617 3345 2940 3415 simplicium
2982 3352 3084 3401 est.
3126 3343 3265 3412 Quia
3289 3358 3422 3417 ergo
3466 3346 3517 3399 in
3544 3337 3744 3415 persenti

2212 3432 2549 3490 diderentias
2600 3436 2805 3503 innuit,
2848 3445 2907 3492 et
2950 3421 3351 3507 quodammodo
3405 3438 3562 3492 vitam
3595 3431 3747 3487 distin-

2212 3528 2415 3597 guebat
2466 3529 2764 3595 hominum,
2814 3536 2869 3585 et
2913 3528 3072 3599 hujus
3130 3530 3347 3600 quidem
3404 3540 3519 3584 esse
3556 3523 3747 3597 pretim

2214 3619 2604 3691 quinquaginta
2629 3622 2992 3688 didrachmas,
3029 3622 3142 3677 ait:
3172 3623 3326 3693 hujus
3351 3621 3574 3691 triginta,
3622 3614 3751 3683 huius

2216 3714 2429 3783 viginti,
2455 3715 2614 3784 hujus
2642 3716 2849 3781 decem,
2879 3717 3040 3787 hujus
3061 3716 3310 3786 quinque,
3337 3712 3488 3780 hujus
3519 3719 3646 3774 tres,
3677 3709 3754 3762 hu-

2211 3805 2300 3876 jus
2333 3805 2663 3875 quindecim,
2690 3805 2848 3873 hujus
2891 3809 3107 3873 decem;
3136 3804 3435 3875 colligentur
3455 3810 3634 3857 autem
3659 3799 3753 3855 huc

2214 3910 2429 3966 parum.
2478 3897 2617 3964 Quid
2641 3898 2707 3954 de
2728 3906 2948 3954 centum
2977 3899 3362 3972 quinquaginta
3381 3897 3556 3952 minus
3583 3890 3753 3949 haben-

2210 3988 2326 4042 tia?
2350 3987 2477 4045 Haec
2501 3999 2680 4045 autem
2715 3990 2771 4045 in
2797 3991 3035 4061 quinque
3066 3992 3238 4047 divisa
3269 3988 3474 4045 faciunt
3506 3998 3653 4058 prope
3674 3981 3753 4035 tti-

2208 4080 2494 4136 oenarium
2528 4092 2833 4135 numerum.
2864 4081 2999 4137 Vide
3035 4081 3489 4150 quemadmodum
3515 4091 3602 4130 nec
3618 4071 3752 4141 legite

2211 4164 2356 4225 lator
2402 4171 2671 4242 ignoravit
2709 4178 3192 4241 temperamentum
3215 4212 3230 4237 ,
3257 4171 3403 4241 quod
3452 4167 3676 4225 Christus
3706 4161 3748 4214 in

2210 4270 2399 4317 nostra
2437 4262 2548 4316 vita
2588 4271 2645 4317 et
2685 4262 3090 4318 conversatione
3128 4262 3295 4330 fecit;
3325 4276 3425 4317 nec
3473 4253 3750 4328 evangelista

2212 4367 2501 4408 numerum
2528 4362 3011 4423 temperamentum
3037 4355 3328 4410 habentem
3351 4350 3628 4424 ignoravit.
3652 4345 3749 4401 Pro-

2208 4450 2335 4511 pter
2359 4442 2517 4514 quod.
2548 4459 2670 4498 eum
2695 4460 2802 4501 non
2841 4445 3121 4515 plenorum
3151 4445 3374 4517 triginta
3405 4454 3650 4498 annorum
3683 4448 3752 4486 ve-

2213 4533 2359 4587 nisse
2381 4534 2457 4587 ait
2481 4534 2548 4587 ad
2572 4534 2916 4605 baptismum.
2946 4536 3199 4591 Aitenim
3229 4554 3240 4590 :
3272 4534 3343 4590 Et
3370 4537 3488 4606 ipse
3509 4533 3649 4586 Iesus
3666 4532 3750 4580 ml

2214 4623 2465 4694 incipiens
2511 4624 2663 4693 quasi
2715 4641 2973 4679 annorum
3022 4627 3238 4697 triginta
3282 4624 3445 4697 (Luc.
3475 4624 3576 4695 ιιι).
3612 4620 3755 4674 Βίου

2210 4717 2355 4771 hoc?
2379 4715 2515 4783 Quia
2540 4724 2594 4770 et
2619 4716 2710 4785 qui
2740 4718 2901 4771 nimis
2922 4716 3235 4786 perfectam,
3257 4726 3315 4773 et
3334 4718 3438 4787 qui
3462 4708 3754 4771 mediocriter

2211 4808 2529 4879 perfectam,
2562 4817 2618 4863 et
2646 4810 2737 4879 qui
2763 4810 3027 4865 minorem
3046 4812 3213 4866 vitam
3242 4809 3453 4877 studet,
3503 4822 3603 4863 non
3621 4798 3757 4874 perfr-

2212 4912 2302 4959 cte
2332 4904 2579 4974 pervenit
2601 4903 2667 4957 ad
2697 4918 3039 4970 mensuram;
3064 4905 3230 4959 nimis
3253 4904 3407 4958 enim
3430 4903 3594 4959 habet
3614 4891 3751 4951 omni—

2210 4997 2395 5061 modo,
2422 4996 2549 5065 quia
2576 4995 2670 5051 Dei
2690 4996 2857 5050 solius
2877 5004 2962 5051 est
2979 4995 3275 5066 perfectio;
3308 4995 3410 5049 sed
3444 4995 3619 5049 nribus
3635 4983 3763 5042 habet

2212 5093 2434 5141 tantum
2463 5086 2519 5140 in
2547 5096 2809 5156 quantum
2843 5087 3057 5142 veniam
3083 5087 3137 5140 in
3166 5087 3290 5152 hoc,
3316 5085 3472 5154 quod
3493 5082 3659 5138 minus
3676 5079 3761 5131 est.

2214 5177 2328 5234 dat.
2381 5178 2532 5234 Unde
2571 5186 2627 5233 et
2659 5186 2876 5235 centum
2930 5175 3320 5247 quinquaginta
3354 5186 3575 5245 septem
3621 5166 3765 5225 minus

2210 5275 2369 5334 sunt;
2391 5268 2480 5324 hic
2516 5269 2659 5324 enim
2685 5269 3042 5340 quadraginta
3062 5275 3172 5323 tres
3197 5266 3502 5338 praedictus
3548 5267 3767 5321 nantem

2216 5361 2485 5434 colligitur
2514 5379 2527 5415 τ
2560 5376 2660 5431 per
2684 5363 3050 5431 septenarium
3088 5370 3270 5417 autem
3292 5372 3593 5416 numerum
3628 5350 3770 5410 mani-

2210 5454 2351 5511 feste
2376 5456 2532 5510 venia
2570 5453 2925 5525 signiﬁcatur.

2284 5546 2343 5602 Si
2380 5556 2551 5601 autem
2595 5563 2791 5617 pauper
2827 5546 2983 5615 fuerit
3024 5555 3073 5600 et
3129 5545 3542 5601 restitutionem
3591 5536 3775 5596 reddet"

2206 5653 2315 5693 non
2358 5637 2604 5704 valuerit,
2662 5638 2815 5693 stabit
2860 5653 3040 5692 coram
3083 5636 3388 5701 sacerdote,
3413 5634 3507 5708 [et
3552 5638 3776 5705 quam

2206 5727 2296 5781 ille
2343 5728 2694 5795 restimaverit,
2738 5739 2787 5783 et
2832 5729 3018 5783 viderit
3056 5744 3174 5784 eum
3224 5743 3375 5799 posse
3404 5724 3656 5791 reddere,
3682 5728 3781 5775 tas-

2206 5828 2319 5882 tunt
2352 5819 2530 5878 dabit:
2555 5819 2709 5881 Nunc
2748 5820 2879 5880 dicit
2904 5821 3070 5896 de_eo
3119 5820 3213 5894 qui
3266 5817 3509 5892 multum
3536 5809 3780 5893 Ρθοθπίίθ
3860 5808 3861 5896 Ῐ
