3892 6346
231 424 316 482 575
1122 410 1620 471 EXPOSITIONES
1656 410 1723 467 1N

1863 404 2145 469 VlTlCUM.
2179 444 2248 454 —
2285 412 2411 468 LIB.
2454 408 2561 470 VH.

227 524 287 601 Et
323 542 599 607 prepterea
645 531 836 601 Aquila
896 545 995 600 pro
1054 544 1321 600 paupere,
1360 530 1405 581 si
1453 529 1764 593 excesserit,
1794 526 1847 589 Α

227 624 380 687 edidit.
418 624 520 680 Hie
562 637 718 694 ergo,
748 620 795 678 si
838 618 1017 676 oli‘erri
1058 618 1164 674 Deo
1203 619 1333 685 vult,
1374 634 1556 674 coram
1588 633 1768 673 sacer—

226 721 328 777 dote
350 717 531 784 stabit,
581 722 640 770 ιιι
668 722 923 785 quantum
952 711 1144 766 viderit
1168 727 1289 766 eum
1329 726 1507 781 posse,
1533 704 1765 765 :estir'net
1828 700 1833 705 ’

224 825 325 868 eum
340 806 589 873 reddere,
622 805 859 878 regulam
886 803 934 858 ei
959 802 1079 859 vitae
1100 803 1402 873 imponens,
1433 814 1551 871 qua:
1576 811 1657 856 est
1681 817 1768 855 se-

223 900 428 957 cundum
478 899 732 953 virtutem
774 909 1191 963 mensuramque
1219 890 1589 962 philosophia;
1625 890 1768 946 indi-

220 1008 325 1049 cens
348 1005 510 1063 quam
536 1004 658 1044 eum
675 986 982 1058 probaverit
1005 1000 1166 1055 posse
1190 992 1440 1056 portare;
1470 983 1617 1037 verbi
1645 997 1768 1055 gra-

218 1084 297 1148 tia,
340 1082 381 1137 si
404 1079 644 1151 locuples
669 1088 771 1143 est,
800 1086 859 1133 ut
880 1076 1169 1133 distribuat
1196 1075 1450 1146 pecunias
1477 1073 1504 1140 ;'
1531 1074 1573 1129 si
1604 1089 1767 1129 sanus

215 1180 301 1236 est,
326 1181 380 1229 ut
396 1169 622 1241 jejuniis
655 1177 709 1225 et
730 1169 1063 1225 orationibus
1087 1166 1309 1238 aliisque
1339 1162 1590 1237 operibus
1610 1164 1766 1219 bonis

214 1252 380 1329 vacet;
417 1265 467 1321 si
505 1272 687 1319 autem
728 1263 965 1335 locuples
993 1271 1077 1318 est
1117 1270 1171 1317 et
1194 1276 1377 1327 sanus,
1430 1272 1767 1331 quaecunque

212 1358 386 1413 divitia:
413 1366 469 1413 et
495 1359 638 1414 salus
664 1358 711 1412 ei
740 1366 1031 1427 suggerunt
1052 1373 1211 1427 agere
1230 1355 1473 1423 jubetnr.
1500 1354 1558 1407 Si
1583 1360 1766 1405 autem

212 1457 460 1515 neutrum,
506 1448 559 1501 in
582 1449 826 1502 oratione
861 1446 1021 1513 ﬂere;
1051 1454 1106 1499 et
1146 1454 1205 1498 ut
1231 1446 1469 1500 breviter
1506 1442 1769 1506 dicamus,

205 1543 543 1613 quodcunque
585 1558 709 1598 eum
756 1542 949 1596 viderit
986 1557 1083 1613 per
1112 1555 1329 1610 corpus,
1380 1546 1470 1593 aut
1506 1553 1600 1609 per
1644 1536 1772 1591 sub-

203 1639 468 1705 stantiam,
518 1645 609 1693 aut
633 1653 732 1709 per
758 1636 915 1691 aliam
940 1634 1323 1698 valetudinem,
1375 1641 1468 1687 aut
1490 1629 1771 1685 facultates

190 1744 341 1799 posse
374 1744 655 1800 peragere.
688 1727 897 1784 Animal
922 1734 1120 1790 autem,
1149 1724 1285 1796 quod
1310 1722 1570 1777 immolari
1606 1728 1768 1791 potest

3338 408 3444 477 5'74

2458 522 2684 583 CAPUT
2712 520 2830 583 XV.

1917 615 1994 671 De
2019 635 2075 672 eo
2108 616 2196 688 qui
2215 616 2407 671 vorterit
2433 616 2629 671 animal
2659 616 3005 688 immundum,
3048 612 3391 676 sive-domum

2046 686 2216 754 suam,
2260 704 2350 741 seu
2385 703 2586 757 agrum,
2614 698 2659 742 et
2682 686 2808 757 quid
2833 688 3132 755 faciendum
3161 690 3247 744 sit.

1940 798 2113 872 (imm)
2151 796 2364 853 Animal
2402 797 2749 865 immundum,
2772 796 2912 869 quod
2940 794 3199 854 immolari
3222 796 3448 857 Domino

1869 908 1971 945 non
1991 899 2178 962 potest,
2209 890 2254 944 si
2282 889 2396 960 quis
2417 888 2623 955 vorterit,
2648 889 2936 943 adducetur
2962 900 3081 945 ante
3104 890 3446 959 sacerdotem,

1866 985 1955 1055 qui
1980 983 2279 1053 dijudicans
2302 993 2474 1035 utrum
2495 981 2680 1035 bonum
2704 999 2771 1035 an
2794 980 2988 1036 malum
3012 984 3101 1051 sit,
3125 992 3314 1037 statuet
3333 1000 3449 1055 pre-

1868 1076 2017 1128 tium.
2050 1073 2205 1139 Quod
2236 1074 2281 1127 si
2311 1073 2437 1126 dare
2467 1070 2678 1127 coluerit
2714 1072 2758 1126 is
2782 1072 2871 1145 qui
2903 1070 3074 1143 oﬂ'ert,
3102 1073 3247 1128 addit
3286 1092 3448 1146 supra

1866 1166 2264 1221 a'stimationem
2305 1165 2541 1237 quintam
2584 1173 2803 1234 partem.
2851 1158 3206 1235 lnquirendus
3245 1175 3327 1221 est
3353 1161 3448 1219 Ju-

1866 1258 2033 1325 dazus,
2061 1254 2329 1328 quomodo
2364 1255 2467 1311 hoc
2498 1254 2811 1311 mandatum
2847 1263 2991 1310 stare
3025 1256 3175 1328 juxta
3210 1254 3446 1315 litteram

1867 1347 2066 1419 possit?
2092 1348 2149 1405 Si
2176 1348 2320 1405 enim
2346 1346 2529 1404 oll‘erri
2568 1362 2675 1400 non
2699 1345 2846 1410 licet,
2873 1362 2974 1401 nec
3003 1347 3201 1403 donum
3228 1349 3331 1404 erit
3355 1364 3445 1405 ac-

1871 1435 2155 1508 ceptabile,
2171 1439 2438 1509 quomodo
2454 1445 2742 1506 utrumque
2770 1435 3044 1507 legislator
3065 1443 3316 1507 tanquam
3342 1439 3443 1495 sibi

1873 1546 2175 1605 repugnans
2197 1539 2355 1602 atque
2380 1531 2636 1586 resistens
2657 1528 2905 1601 scripsit?
2932 1526 3039 1585 Sed
3060 1530 3261 1599 aliquid
3286 1546 3448 1584 evan-

1870 1621 2050 1693 gelica:
2086 1624 2391 1693 proximum
2427 1622 2660 1695 largitati
2701 1625 2872 1679 modis
2908 1624 3160 1679 omnibus
3196 1624 3369 1679 innuit
3394 1630 3451 1679 et

1869 1716 2331 1781 COllthSCCﬂSiODl,
2364 1734 2525 1787 quam
2551 1720 2723 1789 gratia
2760 1719 2927 1775 novit.
2968 1720 3059 1775 Sic
3087 1734 3215 1791 ergo
3242 1735 3306 1775 ea
3333 1734 3451 1791 qua

184 1814 436 1887 Domino,
468 1822 514 1875 si
544 1821 659 1891 quis
682 1820 891 1884 noverit,
940 1828 1178 1873 sanctum
1202 1817 1318 1881 erit,
1364 1823 1409 1868 et
1442 1814 1635 1866 mutari
1664 1830 1768 1866 non
1793 1877 1838 1891 ἢ
1867 1804 2008 1862 dicta
2032 1819 2153 1863 sunt
2178 1809 2556 1881 intelligamus.
2584 1810 2697 1866 Non
2719 1810 2916 1868 licebat
2934 1810 3045 1869 Deo
3068 1811 3247 1868 oﬂ'erri
3268 1812 3339 1868 de
3358 1828 3452 1885 pe-

174 1921 359 1981 potest,
387 1910 455 1965 id
481 1877 580 1976 est,
610 1926 711 1963 nec
738 1909 928 1962 melius
950 1908 1110 1971 malo,
1141 1906 1398 1976 nccpejus
1421 1905 1579 1959 bono.
1610 1903 1762 1969 Quod
1790 1877 1838 1937 Β
1866 1899 2079 1953 coribus
2101 1916 2217 1969 qua:
2242 1917 2347 1955 non
2374 1898 2533 1957 simul
2556 1910 2610 1956 et
2634 1900 2887 1973 ungulam
2912 1901 3188 1957 {indebant
3209 1913 3263 1958 et
3286 1905 3451 1959 rumi-

171 2004 216 2056 si
245 2002 556 2064 mutauerit,
578 2011 625 2054 et
654 2001 821 2070 ipsum
839 1999 975 2068 quod
1024 2008 1251 2051 mutatus
1270 2006 1366 2061 est,
1391 2005 1437 2049 et
1470 1995 1623 2061 illud,
1666 2012 1760 2065 pro

172 2110 274 2163 quo
299 2105 411 2149 mut
426 2103 568 2147 atum
590 2102 687 2155 est,
715 2100 1069 2146 consecratum
1089 2091 1184 2144 erit
1200 2088 1442 2145 Domino.
1468 2089 1600 2154 Quia
1616 2089 1762 2157 ipsas

184 2199 305 2253 qua:
331 2200 400 2239 ex
432 2183 829 2253 nobismetipsis
874 2181 1173 2235 offeruntur
1217 2178 1539 2243 oblationes,
1584 2193 1752 2249 quos-

182 2272 303 2329 dam
333 2274 527 2328 habere
552 2273 772 2342 gradus,
809 2279 860 2325 et
890 2269 1224 2325 dill'erentias
1269 2268 1548 2339 legislator
1594 2284 1758 2340 expo-

184 2364 307 2418 suit.
337 2363 473 2417 Ecee
497 2362 640 2416 enim
690 2362 852 2416 etiam
877 2376 1065 2415 eorum
1099 2360 1191 2429 qui
1216 2360 1459 2430 quolibet
1491 2358 1651 2415 modo
1680 2359 1759 2413 sic

186 2456 335 2509 nobis
369 2454 695 2519 ellieiuntur,
735 2462 793 2508 ut
829 2454 991 2508 etiam
1028 2468 1225 2525 pecora
1255 2462 1442 2508 nostra
1474 2452 1760 2508 nominen-

186 2552 286 2609 tur,
309 2552 528 2613 propter
558 2545 661 2598 boc
685 2543 829 2614 quod
852 2544 1011 2599 nimis
1044 2544 1274 2613 subjecti
1312 2552 1461 2611 sunt,
1497 2551 1589 2599 aut
1630 2543 1758 2613 quia

183 2649 281 2688 non
303 2636 384 2688 eis
405 2634 474 2689 ad
502 2643 747 2689 nostrum
771 2635 1153 2700 ministerium,
1185 2634 1635 2703 quemadmodum
1665 2649 1760 2704 pe—

188 2728 401 2781 coribus
429 2726 657 2781 utimur.
684 2726 907 2791 Quando
942 2736 1127 2781 sancta
1156 2727 1225 2779 sit
1247 2725 1471 2791 oblatio,
1511 2741 1607 2794 per
1637 2724 1754 2779 haec

185 2833 294 2887 qua!
318 2817 465 2871 dicta
492 2823 621 2871 sunt
664 2817 899 2886 exponit.
933 2800 1192 2886 Praecepit
1222 2825 1402 2871 autem
1440 2824 1496 2869 nt
1527 2832 1635 2870 non
1663 2830 1760 2870 nos

178 2912 431 2982 paeniteat
461 2912 532 2967 de
565 2910 794 2980 hisque:
831 2909 1105 2967 oderimus
1132 2910 1261 2966 Deo.
1316 2910 1457 2980 Ergo
1479 2908 1751 2979 siquidem

180 3004 240 3061 de
270 3004 355 3061 bis
384 3002 749 3061 obtulerimns
786 3004 1095 3072 pecoribus,
1147 3020 1266 3073 qua:
1301 3018 1417 3059 mos
1450 3012 1534 3058 est
1576 3002 1760 3059 ollerri

181 3092 300 3148 Deo.
334 3093 450 3151 Mos
478 3102 665 3149 autem
687 3101 772 3148 est
796 3102 854 3147 ut
881 3093 931 3148 ei
957 3093 1300 3149 immaculata
1322 3102 1377 3149 et
1398 3094 1599 3149 munda
1621 3093 1756 3149 olfe-

1863 1991 2081 2047 nabant.
2100 1994 2225 2049 llaec
2248 1995 2390 2049 enim
2414 1994 2497 2050 lex
2511 1994 2745 2051 habebat
2769 1996 3063 2052 immunda.
3080 1994 3244 2067 Cujus
3268 2005 3447 2054 autem

1864 2087 2244 2156 eratmnigma,
2266 2087 2315 2142 id
2335 2095 2437 2155 est,
2459 2087 2711 2159 ungulam
2733 2104 2838 2143 non
2861 2084 3099 2141 ﬁndere?
3118 2078 3234 2143 Non
3260 2086 3449 2144 distin-
3510 2148 3533 2161 ς

1861 2193 2025 2248 gnere
2064 2177 2197 2250 legis
2224 2179 2457 2233 litteram
2505 2186 2558 2232 et
2581 2178 2826 2249 spiritum
2856 2178 3109 2245 scientis;
3134 2195 3240 2233 non
3266 2189 3447 2235 autem

1861 2268 2135 2323 ruminare
2175 2267 2289 2337 ejus
2326 2269 2417 2341 qui
2458 2285 2564 2325 non
2606 2269 2858 2324 continue
2899 2268 3273 2325 meditationis
3316 2269 3450 2343 legis

1859 2356 2094 2413 habebat
2143 2358 2397 2421 studium,
2439 2368 2493 2414 et
2532 2358 2621 2429 qui
2668 2356 2848 2429 lingua
2881 2356 3076 2423 solum,
3129 2372 3236 2415 non
3283 2358 3448 2413 etiam

1860 2448 2020 2504 corde
2050 2466 2167 2503 eam
2198 2450 2265 2503 ad
2303 2450 2707 2505 meditationem
2738 2457 2975 2505 revocat.
3016 2448 3073 2505 Si
3098 2465 3226 2522 ergo
3255 2448 3448 2520 aliquis

1860 2542 2033 2600 ﬁlium
2061 2544 2221 2599 talem
2250 2543 2334 2599 vel
2365 2562 2601 2612 servum,
2635 2543 2717 2598 vel
2747 2540 3068 2615 discipulum
3098 2543 3210 2597 Deo
3230 2538 3445 2606 offerat,

1859 2638 1953 2709 qui
1983 2647 2165 2693 autem
2202 2638 2271 2692 ad
2297 2636 2635 2693 meditandas
2664 2652 2850 2693 sacras
2875 2633 3205 2705 Scripturas,
3256 2642 3352 2688 aut
3377 2630 3446 2685 ad

1860 2729 2178 2785 divisionem
2229 2726 2697 2798 contemplationis
2724 2743 2830 2780 non
2859 2742 2925 2781 ex
2959 2724 3189 2789 malitia,
3232 2722 3327 2777 sed
3373 2737 3441 2775 ex

1862 2820 2177 2876 inﬁrmitate
2224 2823 2402 2877 minor
2452 2821 2550 2887 sit,
2592 2819 2820 2874 necdum
2855 2825 2939 2873 est
2985 2815 3203 2886 quidem
3251 2828 3448 2868 munus

1863 2911 2009 2976 Deo;
2035 2928 2207 2983 neque
2226 2912 2371 2966 enim
2402 2911 2554 2982 quasi
2581 2909 2781 2966 oblitus
2799 2910 2871 2963 sit
2893 2908 3008 2976 ejus
3031 2904 3308 2977 legislator
3328 2919 3440 2959 me—

1862 3006 2092 3059 moriam
2134 3003 2279 3060 facit.
2310 3003 2745 3059 Adducitautem
2771 3017 2895 3057 eum
2932 3009 3054 3054 ante
3084 2996 3447 3063 sacerdotem,

1860 3105 1914 3151 et
1964 3095 2152 3150 statuit
2196 3094 2429 3165 pretium
2458 3092 2584 3167 ejus
2602 3094 2872 3157 sacerdos,
2932 3087 3233 3159 dijudicans
3265 3094 3445 3143 utrum

178 3198 391 3257 rantur;
424 3204 629 3245 munus
665 3196 911 3245 nostrum
952 3188 1096 3243 illico
1126 3188 1515 3256 sanctiﬁcatur,
1555 3197 1609 3244 et
1636 3186 1753 3257 jam
1783 3235 1824 3257 ,η
1862 3186 2064 3245 bonum
2102 3204 2167 3241 an
2208 3184 2411 3241 malum
2438 3186 2546 3240 sit:
2580 3194 2640 3240 ut
2668 3182 2983 3256 imperfecto
3027 3196 3172 3236 enim
3215 3178 3442 3235 condes-

175 3294 277 3339 ηοιι
302 3287 390 3355 est
420 3280 532 3345 fas,
560 3287 621 3332 ut
653 3294 753 3337 nos
774 3279 839 3335 de
867 3294 932 3334 eo
958 3279 1261 3349 pceniteat:
1290 3277 1476 3343 veluti,
1508 3278 1553 3334 si
1583 3278 1751 3333 tilium

173 3356 251 3424 vel
270 3370 625 3443 discipulum,
662 3370 744 3425 vel
774 3385 988 3425 servum
1017 3376 1112 3425 aut
1136 3370 1321 3435 alium,
1355 3368 1563 3440 quisub
1591 3384 1753 3427 manu

172 3469 357 3537 nostra
382 3470 494 3528 est,
537 3462 648 3516 Deo
683 3460 1059 3528 obtulerimus,
1106 3477 1282 3531 neque
1311 3466 1524 3516 mutare
1552 3462 1754 3517 malum

177 3550 245 3604 ad
266 3551 478 3617 melius,
521 3560 614 3606 aut
642 3552 846 3609 bonum
872 3551 940 3605 ad
978 3550 1199 3605 malum.
1232 3550 1429 3605 Malum
1456 3559 1636 3606 autem
1668 3552 1757 3607 hic

172 3638 319 3706 dicit,
367 3641 638 3710 quidquid
685 3656 791 3696 non
835 3656 1059 3710 pravum
1083 3647 1165 3694 est
1211 3640 1386 3695 modis
1420 3640 1670 3695 omnibus
1703 3646 1758 3693 et

166 3732 430 3787 mundum
469 3740 554 3788 est
578 3750 592 3798 ;
620 3732 668 3788 si
714 3741 894 3788 autem
934 3730 1268 3787 immundum
1314 3739 1417 3797 est,
1440 3746 1546 3785 non
1580 3738 1665 3785 est
1693 3731 1758 3784 de

161 3818 265 3879 illis
287 3840 419 3893 qua:
449 3840 568 3878 mos
600 3833 683 3879 est
711 3820 892 3879 ochrri
922 3824 1047 3878 Deo.
1078 3824 1209 3879 Esse
1236 3832 1413 3880 autem
1436 3825 1502 3877 de
1526 3823 1609 3877 bis
1638 3836 1757 3892 quae
1796 3818 1801 3823 ’

158 3912 451 3967 immolari
484 3922 707 3982 possunt
727 3912 977 3978 Domino,
1002 3914 1139 3968 banc
1170 3914 1494 3975 oblationem
1542 3912 1752 3983 legisla~

158 4011 240 4058 tor
262 4002 434 4068 dixit,
468 4003 564 4057 sed
584 4002 783 4061 malum
799 4000 887 4056 hic
915 4003 1064 4069 dicit,
1088 4004 1232 4073 quod
1258 4012 1341 4057 est
1362 4003 1619 4057 deterius.
1654 3992 1748 4056 Sic

162 4094 309 4148 enim
339 4092 639 4149 manifeste
663 4100 715 4146 et
739 4092 1097 4165 Symmachus
1129 4093 1385 4149 tradidit:
1423 4092 1546 4147 Non
1582 4092 1753 4148 reddit

162 4185 346 4240 melius
368 4201 473 4256 pro
505 4180 770 4252 deteriori,
796 4185 1136 4240 autdetcrius
1168 4202 1263 4256 pro
1284 4183 1485 4239 meliori
1512 4198 1531 4237 .·
1560 4192 1621 4239 ιιι
1649 4200 1756 4240 non

166 4276 305 4333 hunc
325 4276 509 4332 tilium
537 4285 629 4332 aut
656 4292 873 4332 servum
902 4278 1187 4334 oll‘erentes
1214 4279 1423 4334 Domini
1453 4280 1677 4335 servitio
1698 4286 1753 4334 et

168 4370 503 4436 ministerio,
538 4370 779 4441 recipere
804 4386 926 4424 eum
949 4372 1004 4427 in
1032 4379 1276 4426 nostrum
1297 4371 1661 4426 ministerium
1690 4378 1747 4425 et

168 4453 426 4518 utilitates
448 4461 704 4528 velimus,
729 4463 1106 4533 promittentes
1129 4462 1323 4518 oll‘erre
1344 4462 1620 4518 meliorem
1642 4462 1752 4516 for-

166 4548 301 4604 sitan
324 4551 413 4606 vel
444 4544 796 4607 deteriorem.
840 4550 1021 4621 Neque
1039 4554 1181 4609 enim
1207 4553 1349 4617 licet,
1375 4562 1594 4623 propter
1608 4552 1750 4624 quod

165 4651 214 4694 et
235 4642 392 4698 Anna
437 4642 514 4700 de
533 4642 750 4699 Samuel
788 4645 997 4699 dicebat
1025 4665 1036 4699 :
1068 4644 1125 4701 Si
1149 4647 1425 4716 respiciens
1459 4646 1749 4716 respexeris

167 4732 229 4785 ad
249 4734 616 4789 humilitatem
641 4733 849 4790 ancilla:
873 4744 976 4791 tua:
996 4745 1043 4789 et
1074 4736 1365 4789 memineris
1387 4737 1502 4799 mei,
1528 4746 1574 4789 et
1597 4736 1755 4790 dede-

167 4824 231 4876 ris
252 4825 468 4880 ancillis
502 4834 610 4880 tua:
635 4842 812 4882 sexum
836 4825 1060 4893 virilem,
1086 4826 1219 4880 dabo
1256 4843 1371 4880 eum
1403 4828 1459 4880 in
1479 4836 1753 4897 conspectu

164 4920 245 4966 tuo
264 4914 476 4981 datum,
509 4931 670 4985 usque
691 4915 760 4968 ad
783 4916 917 4968 diem
939 4918 1121 4969 mortis
1134 4916 1247 4985 ejus
1275 4914 1325 4986 (Ι
1349 4914 1476 4986 Reg.
1503 4917 1563 4985 ι).
1600 4914 1753 4979 Quod

100 5066 103 5071 _
164 5002 524 5061 simulaverit
563 5005 633 5058 ad
662 5005 849 5076 ipsum,
893 5006 1031 5075 quod
1067 5016 1344 5071 mutatum,
1391 5016 1439 5060 et
1468 5004 1617 5060 illum
1657 5023 1752 5077 pro

164 5109 257 5169 quo
300 5105 579 5152 mutatum
628 5104 721 5163 est,
772 5104 1128 5149 consecratum
1149 5097 1244 5148 erit
1294 5096 1535 5150 Domino.
1574 5094 1642 5151 Ut
1694 5104 1748 5149 et

168 5185 302 5244 hunc
334 5204 514 5258 quem
565 5197 724 5243 antea
765 5186 1078 5252 obtulimus,
1126 5194 1181 5240 et
1206 5202 1327 5240 eum
1370 5203 1532 5256 quem
1563 5197 1747 5258 postea

168 5291 283 5334 cum
311 5282 504 5350 prima
525 5279 800 5336 oblatione
819 5278 1237 5343 sanctiticemus,
1266 5286 1320 5332 et
1348 5285 1601 5347 utrosque
1632 5278 1743 5336 Deo

167 5374 567 5439 concedamus;
601 5371 704 5426 hoc
730 5371 875 5427 enim
907 5386 1011 5425 non
1039 5386 1136 5425 nos
1157 5369 1416 5440 permittit
1446 5370 1498 5424 in
1521 5370 1606 5426 bis
1632 5387 1750 5443 quas

168 5460 446 5521 olIerimus
486 5464 868 5534 ptenitentiam
896 5478 1079 5535 agere,
1108 5464 1202 5518 sed
1230 5471 1285 5517 et
1306 5463 1539 5533 percutit
1568 5465 1749 5520 inimi-

169 5566 285 5608 cum
312 5558 410 5629 qui
435 5556 598 5613 nobis
622 5558 881 5626 paenitere
922 5556 1203 5627 suggessit,
1250 5556 1379 5611 dum
1412 5556 1558 5613 videt
1582 5558 1753 5629 dupli-

172 5652 343 5702 catam
372 5656 622 5703 nostram
660 5648 1005 5717 oblationem,
1050 5663 1210 5720 quam
1256 5647 1346 5704 ille
1368 5664 1467 5722 per
1488 5651 1753 5723 paeniten-

171 5733 301 5795 tiam
324 5738 664 5812 intercipere
690 5737 877 5797 voluit.
900 5780 909 5786 .

1776 4595 1828 4656 Β

1859 3278 2113 3345 centiens,
2143 3276 2479 3333 moderatum
2510 3278 2561 3335 ei
2579 3276 2770 3350 iugum
2810 3266 3059 3347 imponit,
3107 3270 3163 3329 id
3188 3280 3291 3340 est,
3321 3285 3443 3328 eam

1856 3385 1977 3441 qurc
2002 3366 2234 3424 mediam
2252 3369 2390 3423 inter
2410 3368 2613 3425 bonum
2634 3366 2945 3439 malumque
2969 3365 3440 3429 conversationem

1857 3470 1961 3527 est,
1994 3469 2087 3517 aut
2110 3477 2137 3514 ιι
2161 3461 2305 3515 malo
2336 3458 2643 3525 declinatio,
2678 3468 2733 3515 et
2765 3467 3052 3531 provectus
3094 3457 3162 3512 ad
3192 3455 3437 3513 meliora.

1854 3546 1969 3606 Hoc
2011 3552 2156 3605 enim
2185 3549 2409 3605 forsitan
2456 3552 2674 3621 proprie
2724 3549 2953 3606 dicimus
2978 3564 3100 3604 esse
3125 3547 3269 3602 inter
3292 3548 3437 3603 dete-

1856 3647 1973 3699 rius
1998 3654 2052 3699 et
2084 3644 2297 3709 melius,
2328 3642 2470 3713 quod
2503 3661 2602 3715 pro
2629 3661 2693 3699 eo
2715 3642 2855 3714 quod
2886 3643 3090 3697 dictum
3114 3651 3218 3702 est,
3256 3649 3437 3694 utrum

1855 3722 2055 3790 bonum
2095 3750 2161 3787 an
2199 3733 2433 3801 malum;
2460 3734 2628 3789 edidit
2665 3734 3059 3805 Symmachus:
3102 3730 3284 3785 statuit
3324 3747 3441 3801 pre-

1855 3828 1985 3882 tium
2010 3825 2274 3893 sacerdos,
2301 3827 2343 3882 si
2370 3826 2641 3896 quomodo
2661 3820 2952 3898 proficiens
2979 3824 3178 3880 donum
3200 3836 3321 3877 esse
3346 3836 3436 3879 eo-

1856 3936 1976 3975 rum
2007 3936 2127 3990 quaa
2156 3914 2267 3974 Deo
2288 3916 2586 3974 offeruntur
2634 3917 2827 3990 possit.
2855 3912 3007 3983 Quod
3037 3916 3082 3971 si
3104 3912 3230 3967 dare
3251 3913 3431 3969 volue-

1857 4011 1996 4065 ritis
2034 4011 2123 4079 qui
2159 4011 2333 4079 offert,
2375 4008 2532 4063 addet
2574 4025 2731 4081 super
2754 4009 3149 4066 (estimationem
3190 4011 3428 4084 quintam

1854 4110 2077 4171 partem.
2104 4099 2170 4155 Et
2219 4099 2347 4169 quid
2396 4100 2501 4156 hoc
2537 4101 2654 4155 est?
2682 4089 2739 4155 in
2778 4100 3015 4172 quinque
3065 4117 3292 4157 numero
3312 4115 3437 4155 sen-

1857 4203 1950 4244 sus
1978 4197 2129 4244 Snnt:
2154 4188 2347 4244 borum
2377 4189 2533 4246 nobis
2551 4189 2739 4260 quinta
2758 4205 2886 4261 pars
2912 4206 3066 4246 mens
3087 4198 3187 4245 est.
3216 4186 3298 4245 Ab
3322 4189 3435 4265 ipsa

1856 4280 2000 4335 enim
2028 4278 2415 4351 gubernantur,
2449 4280 2560 4336 sive
2579 4281 2723 4337 enim
2740 4276 2844 4337 hac
2869 4297 2979 4337 non
2998 4279 3155 4338 valde
3169 4278 3435 4337 habentes

1854 4384 1911 4424 se
1925 4368 2134 4437 juvant.
2164 4368 2367 4425 Horum
2394 4386 2524 4441 ergo
2550 4371 2788 4442 quinque
2816 4370 3077 4443 virgines,
3100 4387 3220 4441 quae
3244 4370 3312 4425 ad
3339 4387 3436 4425 nu-

1850 4460 1991 4532 ptias
2044 4477 2149 4515 non
2184 4470 2450 4534 susceptae
2476 4468 2623 4529 sunt,
2663 4460 2895 4531 ﬁguram
2939 4466 3159 4529 gerunt.
3184 4458 3437 4531 Quinque

1852 4554 1996 4609 enim
2026 4571 2129 4609 non
2156 4554 2460 4609 habuerunt
2485 4550 2826 4625 sapientiam,
2857 4552 2999 4607 unde
3025 4552 3267 4609 absolute
3280 4560 3336 4606 et
3356 4552 3440 4609 fa—

1857 4657 1960 4702 tuae
1999 4648 2287 4701 nominatae
2319 4655 2445 4703 sunt
2482 4644 2695 4716 (Matth.
2732 4638 2883 4716 xxv).
2914 4642 3057 4717 Ergo
3104 4644 3149 4700 si
3171 4638 3295 4716 quis
3321 4645 3436 4699 vult

1857 4737 2124 4793 redimere
2152 4746 2295 4803 eum,
2328 4734 2420 4806 qui
2442 4746 2664 4807 propter
2689 4728 2974 4807 praedictas
2993 4752 3184 4795 causas
3206 4738 3438 4794 immun-

1854 4829 1937 4883 dis
1970 4837 2313 4897 comparatur
2346 4827 2651 4898 pecoribus,
2702 4842 2897 4885 acuere
2937 4829 3081 4887 hunc
3108 4845 3243 4901 opus
3269 4826 3434 4887 habet

1852 4924 1907 4973 et
1931 4916 2109 4974 facere
2132 4918 2534 4988 intelligentem.
2562 4914 2653 4973 Sic
2677 4917 2821 4975 enim
2849 4919 3197 4991 semetipsum
3237 4916 3434 4991 guber—

1852 5023 2008 5075 nare,
2044 5016 2100 5064 et
2127 5025 2233 5067 non
2268 5022 2493 5065 necesse
2522 5006 2724 5064 habere
2756 5007 2979 5073 alterius
3012 5006 3303 5083 paedagogo
3334 5025 3431 5082 ρος

1853 5102 2038 5157 tuerit.
2069 5100 2328 5172 Sequitur
2354 5116 2369 5155 :

1927 5190 1979 5244 11
1984 5208 2099 5245 omo
2125 5193 2170 5246 si
2191 5192 2379 5246 noverit
2405 5192 2615 5247 domum
2645 5210 2796 5249 suam
2818 5202 2868 5249 et
2890 5192 3291 5264 sanctiﬁcaven't
3320 5182 3428 5245 Do-

1853 5282 2016 5347 mino,
2054 5280 2400 5335 considerabit
2420 5299 2533 5337 eam
2552 5284 2794 5339 sacerdbs
2822 5296 2997 5339 utrum
3020 5283 3156 5336 bona
3178 5297 3247 5334 an
3284 5280 3427 5335 mala

1853 5374 1943 5441 sit,
1972 5383 2021 5427 et
2035 5374 2197 5443 juxta
2222 5376 2444 5444 pretium
2470 5375 2608 5447 quod
2632 5378 2696 5431 ab
2718 5395 2776 5433 eo
2797 5375 2955 5447 fuerit
2983 5370 3321 5427 constitutum
3343 5388 3427 5426 ve-

1856 5465 2134 5521 nundetur.
2165 5464 2223 5522 Si
2251 5478 2424 5523 autem
2463 5468 2553 5524 ille
2579 5471 2668 5541 qui
2681 5475 2907 5530 voverat,
2934 5463 3153 5520 voluerit
3174 5460 3427 5517 redimere

1853 5573 1984 5620 eam,
2004 5557 2145 5610 dabit
2164 5558 2400 5627 quintam
2419 5569 2617 5631 partem
2631 5556 2988 5613 wstimationis
3009 5569 3190 5625 supra,
3211 5561 3258 5607 et
3277 5552 3429 5609 habe-

1857 5646 1929 5701 bit
1959 5647 2188 5702 domum.
2222 5647 2374 5715 Quod
2397 5650 2443 5704 si
2468 5666 2651 5721 agrum
2673 5646 3009 5718 possessionis
3030 5660 3141 5698 sum
3165 5644 3359 5700 noverit
3378 5654 3427 5700 et
3492 5694 3497 5699 .

1851 5739 2223 5794 consecraverit
2245 5739 2494 5806 Domino,
2511 5740 2672 5810 juxta
2696 5752 2992 5790 mensuram
3016 5736 3257 5792 sementis
3278 5736 3420 5793 testi-

1853 5828 2080 5885 mabitur
2117 5831 2361 5906 pretium.
2412 5828 2474 5887 Si
2523 5822 2741 5901 triginta
2775 5825 2962 5885 modiis
2986 5825 3184 5904 bordei
3221 5826 3417 5887 seiilur
