3892 6346
456 300 562 358 575

1125 301 1185 357 B.
1225 298 1480 356 RABANI
1516 298 1737 356 MAURI
1773 297 2091 356 ARCHIEP.
2133 299 2440 360 MOGUNT.
2481 303 2766 360 OPERUM
2803 300 2982 357 PARS
3019 299 3057 355 l.

3619 275 3743 361 i576

450 423 613 475 terra,
642 409 1022 480 quinquaginta
1045 410 1189 466 siclis
1210 411 1388 466 vendet
1417 412 1640 482 argenti.
1685 409 1744 466 Si
1771 411 1949 464 statim
1968 407 2032 462 ab
2060 410 2113 469 A
2137 421 2290 467 Suam
2334 423 2390 468 et
2433 414 2806 485 cognationem
2849 423 2904 469 et
2952 411 3345 484 intelligibilem
3385 411 3643 471 domum
3690 418 3743 473 in

453 516 594 557 anno
614 497 908 569 incipientis
928 499 1134 568 jubiltei
1165 502 1359 554 voverit
1403 517 1611 572 agrum,
1650 510 1844 572 quanto
1866 499 2040 555 valere

452 597 640 660 potest,
659 598 805 644 tanto
828 589 1192 645 animabitur.
1208 589 1267 646 Si
1287 602 1401 661 post
1425 591 1752 661 aliquantum
1769 591 2035 661 temporis,

455 680 759 751 supputabit
787 681 1032 736 sacerdos
1053 683 1350 753 pecuniam,
1381 683 1544 752 juxta
1565 698 1822 736 annorum
1847 684 1936 753 qui
1960 698 2042 739 re-

459 771 586 843 liqui
605 783 726 828 sunt
755 790 1049 841 numerum,
1072 791 1234 846 usque
1267 774 1336 828 ad
1362 774 1633 842 iubiltcum
1665 785 1714 829 et
1737 775 2042 830 detrahetur

460 879 526 921 ea:
543 867 728 934 pretio.
759 866 911 932 Quod
935 869 982 922 si
1010 868 1226 923 voluerit
1257 868 1507 923 redimere
1527 885 1713 939 agrum
1739 869 1830 924 ille
1846 871 1935 942 qui
1953 885 2044 925 vo-

461 965 624 1022 verat,
647 957 802 1013 addet
821 960 1058 1030 quintam
1077 969 1277 1030 partem
1299 961 1568 1015 aestimata:
1581 962 1834 1032 pecuniaz,
1857 969 1904 1016 et
1927 977 2043 1032 pos-

463 1047 651 1104 sidebit
674 1065 814 1103 eum.

491 1201 496 1208 ,
518 1138 654 1195 Non
681 1140 1068 1210 qualiscunque
1093 1140 1183 1196 hic
1202 1142 1414 1212 paritur
1448 1140 1757 1213 [quaeritur]
1785 1142 2035 1212 quaestio.

462 1232 633 1289 Paulo
662 1243 783 1306 post
806 1235 951 1290 enim
978 1236 1048 1290 ad
1078 1235 1242 1290 ﬁnem
1267 1235 1544 1307 legislator
1567 1237 1646 1290 sic
1673 1235 1805 1291 dicit
1833 1253 1849 1289 :
1875 1234 2042 1290 Omne

461 1327 602 1396 quod
635 1326 862 1381 Domino
892 1337 1248 1394 consecratur,
1275 1330 1381 1382 sive
1408 1330 1562 1383 homo
1591 1330 1688 1382 erit
1710 1330 1814 1385 sive
1841 1331 2040 1394 anima,

463 1419 568 1472 sive
590 1435 740 1488 ager,
761 1435 869 1473 non
899 1421 1148 1474 vendetur
1181 1437 1273 1475 nec
1303 1421 1488 1475 redimi
1510 1423 1738 1492 poterit;
1773 1421 2044 1491 quomodo

460 1523 590 1580 ergo
619 1509 693 1564 ibi
714 1510 936 1580 quidem
960 1511 1153 1568 redimi
1182 1512 1364 1567 oblata
1393 1513 1688 1584 prohibuit,
1735 1512 1824 1568 hic
1862 1519 2044 1568 autem

461 1603 682 1659 domum
712 1612 769 1658 et
803 1619 992 1674 agrum
1023 1614 1310 1676 postquam
1355 1606 1692 1662 sanctiﬁcata
1731 1614 1879 1672 sunt,
1914 1615 2048 1677 prte-

461 1695 592 1766 cipit
637 1696 868 1752 redimi:
899 1705 997 1752 aut
1043 1697 1272 1754 forsitan
1317 1700 1629 1756 omnimodo
1658 1698 1820 1754 aliam
1845 1700 1937 1755 hic
1963 1700 2046 1755 in-

2137 506 2550 560 sanctimoniam
2599 507 2908 562 conversari
2955 505 3092 572 vult,
3139 511 3202 560 ut
3243 504 3506 561 Ecclesia
3559 508 3640 564 sit
3690 521 3738 567 et

2136 599 2466 668 appelletur;
2522 600 2978 670 quemadmodum
3022 597 3178 653 multi
3233 595 3491 652 ﬁdelium
3553 597 3742 657 domos

2137 701 2264 745 suas
2307 699 2532 762 propter
2573 691 3056 746 sanctiﬁcationem
3103 685 3366 744 ecclesias
3412 688 3733 758 habebant,

2137 781 2278 837 sicut
2308 780 2477 838 Paulo
2501 781 2770 839 scribente
2793 784 2862 838 ad
2881 783 3158 838 Romanos
3185 781 3514 838 audivimus
3540 801 3558 837 :
3584 781 3735 839 Sals-

2139 883 2244 929 tate
2286 871 2528 930 Priscam
2561 884 2609 930 et
2637 875 2882 946 Aquilam
2919 873 3188 944 adiutores
3236 891 3376 930 meos
3417 875 3487 927 in
3533 871 3734 930 Christe

2139 965 2300 1032 Iesu;
2327 969 2418 1036 qui
2442 983 2535 1036 pro
2575 983 2691 1022 mea
2740 967 2916 1021 anima
2959 968 3180 1021 cervices
3225 984 3351 1021 suas
3387 977 3730 1038 posuerunt:

2138 1057 2326 1127 quibus
2345 1073 2449 1111 non
2464 1075 2554 1130 ego
2569 1058 2712 1113 solus
2731 1049 2934 1130 gratias
2959 1075 3077 1130 ago,
3101 1057 3194 1114 sed
3217 1068 3265 1114 et
3280 1075 3474 1114 omnes
3488 1058 3728 1116 Eedaie

2139 1149 2369 1218 gentium
2391 1157 2441 1202 et
2465 1151 2750 1204 domestica
2775 1166 2955 1204 eorum
2977 1149 3215 1204 Ecclesia
3239 1149 3425 1222 (Rom.
3455 1151 3604 1222 xu).
3707 1165 3710 1170 '

2214 1239 2533 1309 Quicunque
2558 1256 2686 1312 ergo
2724 1241 2864 1296 hanc
2895 1241 3059 1297 habet
3084 1241 3473 1306 intentionem,
3508 1243 3624 1312 ipse
3645 1259 3726 1298 au-

2143 1341 2252 1388 tem
2275 1347 2372 1404 per
2401 1347 2460 1388 se
2499 1348 2606 1389 non
2646 1341 2730 1389 est
2773 1334 2996 1389 idoneus
3041 1332 3110 1388 ad
3151 1349 3286 1403 opus
3325 1335 3720 1403 perduceret:

2143 1439 2263 1496 quae
2294 1425 2544 1492 intendit,
2597 1423 2756 1494 hujus
2805 1424 3027 1482 domum
3067 1426 3322 1482 sacerdos
3347 1435 3558 1481 utrum
3599 1427 3719 1482 bona

2147 1529 2215 1569 an
2244 1514 2383 1569 mala
2425 1516 2496 1570 sit
2535 1515 2920 1582 considerabit,
2950 1523 3005 1572 et
3045 1516 3189 1571 sicut
3231 1518 3608 1581 aestimaverit,
3653 1517 3720 1573 sic

2146 1605 2270 1661 erit.
2309 1603 2486 1674 Quare
2507 1612 2689 1660 utrum
2713 1606 2854 1662 bona
2891 1621 2958 1661 an
2989 1607 3153 1672 mala,
3181 1616 3240 1661 ut
3271 1608 3402 1677 quia
3435 1606 3620 1663 domus
3643 1603 3720 1663 est

2146 1699 2226 1753 ex'
2251 1697 2436 1752 multis
2475 1697 2723 1769 personis
2757 1705 2814 1753 et
2857 1697 3228 1755 differentibus
3267 1701 3513 1766 constat,
3539 1693 3588 1754 in
3614 1700 3715 1770 qui-

461 1787 782 1852 tentionem,
817 1787 978 1841 aliam
1019 1787 1131 1844 illic
1156 1787 1431 1846 oﬂerentis
1480 1789 1631 1845 novit
1657 1805 1671 1845 :
1703 1791 1775 1847 ibi
1805 1791 2045 1860 quidem,
2075 1785 2123 1849 Β
2150 1791 2252 1846 bus
2275 1790 2428 1844 multi
2456 1788 2915 1847 condescensione
2943 1801 3125 1863 egent,
3156 1807 3266 1847 non
3300 1792 3550 1848 valentes
3575 1795 3718 1864 agtur!

460 1885 523 1932 ut.
560 1893 905 1949 nequaquam
934 1879 1076 1934 ultra
1105 1888 1305 1937 tractet
1329 1882 1475 1952 quod
1494 1882 1710 1949 obtulit,
1753 1881 1850 1938 sed
1878 1893 1936 1938 ut
1963 1900 2052 1954 pe-

460 1966 608 2022 nitus
637 1967 770 2022 illud
804 1979 1157 2027 consecraret
1205 1973 1350 2039 Deo;
1397 1979 1620 2044 propter
1657 1975 1801 2044 quod
1835 1990 1945 2030 non
1974 1975 2052 2030 ait

461 2060 919 2129 quemadmodum
948 2062 1076 2118 hic:
1107 2063 1164 2119 Si
1190 2068 1593 2122 consecraverit
1633 2065 1853 2124 domum
1895 2083 2050 2124 suam

460 2159 557 2205 aut
594 2167 783 2223 agrum
813 2155 1173 2224 powessionis
1197 2171 1328 2222 suae,
1363 2157 1459 2213 sed
1489 2173 1641 2213 omne
1659 2159 1800 2228 quod
1820 2159 2048 2216 Domino

460 2256 818 2312 consecratur,
848 2262 1039 2302 eorum
1076 2248 1223 2304 enim
1244 2264 1364 2319 quae
1386 2249 1754 2306 offerebantur
1777 2251 1888 2307 Deo
1915 2251 2050 2307 nihil

460 2329 760 2394 licebat'in
799 2355 960 2396 usum
1007 2341 1305 2396 humanum
1351 2343 1491 2397 ultra
1524 2344 1748 2399 reverti.
1799 2343 1904 2398 Sed
1949 2358 2050 2399 nec

461 2430 718 2484 sacerdos
770 2430 877 2485 illis
922 2432 1002 2486 uti
1052 2440 1286 2502 poterat.
1319 2432 1670 2490 Demonstrat
1715 2442 1898 2490 autem
1943 2435 2049 2490 hoc

461 2531 546 2583 ea,
575 2533 698 2588 qua:
721 2527 808 2575 est
841 2519 1290 2588 Amalecitarum,
1319 2523 1570 2579 historia.
1601 2523 1938 2594 Praeceptum
1964 2533 2050 2581 est

459 2613 606 2668 enim
632 2613 768 2692 Sani
785 2621 844 2668 ut
869 2616 1155 2671 anathema
1183 2624 1368 2671 essent
1398 2617 1581 2671 omnia
1608 2617 1829 2674 Amalec
1854 2617 2046 2688 spolia,

460 2711 516 2760 et
556 2705 699 2774 quod
748 2706 1023 2760 concessit
1057 2707 1257 2777 populo
1301 2709 1546 2777 quazdam
1591 2708 1658 2764 de
1707 2707 1962 2781 gregibus
1997 2717 2051 2765 et

460 2795 723 2850 armentis
779 2797 1069 2867 accipere,
1131 2797 1483 2854 maledictum
1540 2800 1744 2872 grande
1801 2801 2051 2872 iramque

442 2885 741 2953 .sustinuit,
779 2895 835 2942 et
865 2887 1172 2944 nullatenus
1206 2889 1256 2945 ei
1297 2891 1366 2945 ad
1410 2889 1840 2950 satisfactionem
1887 2891 2052 2948 suil‘e-

459 2979 552 3040 cit.
577 2995 702 3035 cum
725 2980 1056 3038 irasceretur
1078 2981 1298 3039 Samuel
1320 2992 1376 3039 et
1395 2985 1694 3055 inquireret
1717 3003 1834 3058 qua:
1856 2996 1931 3041 est
1952 3004 2053 3043 vos:

458 3074 628 3142 gregis
684 3073 843 3144 hujus
885 3074 942 3128 in
981 3076 1201 3130 auribus
1240 3077 1369 3131 meis
1414 3087 1462 3132 et
1508 3094 1606 3133 vox
1654 3088 2045 3146 armentorum,

2150 1889 2245 1937 aut
2287 1895 2478 1951 sapere
2518 1896 2639 1950 quae
2683 1879 2927 1951 perfecta
2977 1889 3126 1947 sunt,
3185 1881 3321 1937 nihil
3372 1882 3455 1937 eis
3496 1883 3712 1953 iniunget

2150 1984 2332 2042 grave,
2377 1971 2471 2026 sed
2500 1969 2926 2041 uniuscujusque
2949 1983 3184 2040 pensans
3215 1969 3499 2036 virtutem,
3536 1985 3566 2024 a
3592 1970 3712 2024 malo

2150 2071 2243 2115 eos
2269 2051 2541 2116 declinare
2563 2067 2622 2116 et
2638 2061 2706 2116 ad
2732 2060 2964 2115 virtutes
2986 2074 3080 2116 eos
3100 2057 3370 2129 proiicere
3386 2059 3596 2129 iubeat.
3630 2059 3717 2115 Sin-

2150 2138 2324 2206 autem
2353 2151 2442 2207 ille
2481 2152 2570 2224 qui
2600 2161 2807 2208 voverat
2854 2152 3074 2207 voluerit
3121 2152 3375 2208 redimere
3408 2169 3546 2219 eam,
3576 2151 3724 2206 dabit

2148 2247 2386 2317 quintam
2431 2255 2635 2318 partem
2682 2247 3046 2302 aestimationis
3083 2265 3244 2319 supra
3293 2257 3341 2303 et
3383 2247 3583 2302 habebit
3627 2247 3718 2301 do-

2150 2351 2326 2401 mum;
2363 2335 2416 2392 id
2437 2344 2550 2402 est,
2589 2335 2636 2392 si
2665 2337 2859 2393 domus
2885 2337 3172 2405 Dominus,
3217 2337 3312 2408 qui
3345 2352 3468 2394 eam
3493 2335 3714 2394 sanctiﬁ-

2151 2440 2278 2481 care
2314 2425 2448 2490 vult,
2479 2441 2604 2480 cum
2632 2442 2741 2482 non
2768 2425 2961 2483 fuisset
2989 2437 3177 2483 sancta
3200 2427 3374 2498 prius,
3411 2442 3515 2484 net.
3533 2426 3712 2498 potuis-

2151 2525 2235 2573 set
2269 2515 2521 2571 ‘Ecclesia
2574 2516 2866 2588 appellari;
2913 2532 3039 2572 nam
3091 2528 3145 2574 et
3176 2517 3516 2574 sanctiﬁcata
3550 2519 3710 2589 utique

2151 2616 2315 2676 esset,
2349 2610 2492 2680 quod
2531 2626 2678 2667 nunc
2715 2625 2772 2666 se
2813 2611 2889 2666 ita
2937 2626 3046 2666 non
3081 2612 3263 2677 habet,
3313 2612 3414 2667 sed
3459 2611 3707 2667 exordium

2152 2700 2297 2770 capit
2341 2699 2786 2756 sanctiﬁcationis
2821 2715 2837 2755 :
2877 2701 2925 2756 si
2976 2715 3107 2772 ergo
3147 2701 3238 2757 hic
3275 2701 3473 2758 redimi
3518 2701 3710 2757 domum

2152 2805 2304 2846 suam
2335 2790 2450 2846 vult
2477 2790 2608 2846 illud
2643 2790 2889 2848 absolute
2937 2792 3210 2848 mundans
3253 2793 3375 2864 ejus
3429 2794 3570 2864 quod
3605 2807 3706 2850 eam

2153 2881 2641 2938 sanctiﬁcationem
2671 2896 2831 2954 egere
2856 2883 3161 2939 sacerdotis
3180 2882 3613 2940 exhortationem
3632 2897 3710 2938 ne-

2153 2975 2450 3031 cessariam
2479 2975 2682 3032 habere
2716 2974 2981 3042 faciebat;
3013 2975 3236 3032 redimit
3264 2985 3452 3033 autem
3487 2991 3598 3034 eam
3631 2988 3714 3047 per

2155 3067 2458 3124 doctrinam
2506 3076 2562 3124 et
2590 3068 2714 3124 viue
2755 3065 3075 3134 formulam,
3123 3067 3368 3126 liberans
3416 3081 3508 3127 eos
3545 3075 3594 3124 et
3638 3068 3708 3122 di-

459 3140 619 3232 quam
666 3140 763 3233 εθό
805 3163 966 3220 audio
994 3164 1051 3236 (Ῑ
1086 3164 1215 3238 Reg,
1247 3168 1375 3240 xv);
1430 3169 1655 3239 ipseque
1694 3140 2050 3240 respondere}
2079 3140 2124 3205 C
2157 3157 2312 3213 luens
2334 3157 2598 3229 quidquid
2622 3158 2702 3215 eis
2729 3159 2983 3215 obviabat
3017 3158 3086 3215 ad
3125 3161 3561 3228 sanctimoniam,
3596 3157 3714 3231 quid

463 3249 570 3304 alia
601 3251 669 3305 ad
693 3254 1012 3322 prophetam
1037 3257 1241 3320 verba;
1275 3265 1328 3312 et
1352 3274 1474 3328 quae
1493 3260 1688 3316 erant?
1718 3260 1797 3315 De
1835 3261 2050 3317 Amalec

461 3340 666 3394 adduxi
707 3357 768 3395 ea
808 3358 926 3413 qua:
973 3345 1243 3416 acquisivit
1283 3349 1549 3418 'populus,
1603 3350 1822 3406 meliora
1881 3353 2050 3424 gregis

463 3443 512 3488 et
541 3433 718 3501 boum,
755 3444 812 3488 ut
845 3434 1184 3491 immolentur
1212 3437 1440 3493 Domino
1462 3437 1573 3495 Deo
1597 3449 1706 3510 tuo,
1737 3441 1938 3513 reliqua
1964 3459 2053 3498 oc-

462 3523 705 3581 cidimus.
739 3527 881 3598 Ergo
911 3528 1057 3584 aliud
1086 3537 1171 3585 est
1200 3528 1546 3586 sanctiﬁcare
1576 3527 1712 3600 Deo,
1748 3531 1876 3588 licet
1904 3531 2052 3588 enim

461 3618 512 3674 ei
540 3619 631 3689 qui
667 3621 1046 3687 sanctiﬁcavit,
1076 3621 1180 3678 hoc
1214 3623 1374 3679 modo
1398 3623 1587 3696 utique
1622 3640 1766 3680 nunc
1788 3625 1946 3682 nobis
1976 3624 2056 3681 le‘

466 3708 692 3780 gislator
721 3711 992 3779 ostendit;
1037 3711 1182 3769 aliud
1233 3721 1316 3770 est
1359 3716 1649 3770 anathema
1685 3716 1816 3787 quid
1853 3716 2050 3772 facere.

465 3799 802 3871 Hujusenim
833 3819 964 3860 usus
1000 3805 1305 3875 prohibitus
1336 3816 1438 3862 est.
1483 3805 1691 3864 Similis
1721 3816 1904 3863 autem
1928 3808 2056 3865 huic

463 3900 517 3948 et
544 3892 851 3950 intellectus
879 3895 1083 3966 suscipi
1124 3897 1287 3953 debet
1314 3897 1811 3969 contemplationis,
1852 3899 1948 3954 sed
1987 3898 2056 3956 de

463 3985 809 4040 anathemate
850 3986 1066 4054 quidem
1109 3987 1373 4055 dicemus,
1406 3988 1624 4059 quando
1657 3988 1724 4044 ad
1747 3989 1895 4045 illam
1921 4004 2053 4061 par-

465 4083 576 4130 tem
601 4077 900 4133 sanctionis
929 4081 1359 4148 pervenerimus.
1407 4081 1561 4140 Nunc
1602 4093 1780 4139 autem
1827 4081 1958 4154 quid
1985 4081 2058 4138 sit

464 4164 686 4218 domum
732 4167 1096 4233 sanctiﬁcare,
1146 4172 1276 4238 quid
1318 4187 1511 4241 agrum
1560 4173 1873 4239 doceamus,
1921 4181 2055 4227 nutu

464 4263 786 4327 suggerente
841 4255 1083 4326 spiritus,
1129 4258 1235 4313 hoc
1273 4261 1449 4330 primo
1477 4261 1596 4316 loco
1630 4263 1890 4326 dicentes,
1931 4263 2055 4332 quia

470 4345 616 4402 aliud
642 4356 724 4403 est
751 4345 1096 4403 sanctiﬁcare
1122 4347 1256 4415 Deo,
1283 4348 1424 4403 aliud
1458 4357 1703 4405 sanctum
1729 4363 1848 4405 esse
1872 4368 1885 4417 ;
1913 4350 2056 4405 aliud

472 4436 656 4493 offerri
715 4438 773 4515 ei
821 4437 1064 4510 aliquid,
1127 4437 1270 4493 aliud
1316 4452 1423 4493 non
1465 4455 1600 4508 opus
1640 4439 1842 4494 habere
1901 4439 2054 4496 obla-

466 4530 613 4584 tione
641 4547 653 4583 :
681 4530 775 4585 sed
815 4546 936 4587 esse
980 4530 1076 4586 Dei
1112 4537 1167 4587 et
1205 4529 1485 4588 oﬁ'erentis
1531 4547 1638 4588 non
1675 4546 1856 4603 egere.
1896 4530 2054 4600 Quod

471 4619 618 4674 enim
663 4623 1035 4678 sanctiﬁcatur
1081 4632 1138 4679 et
1181 4623 1431 4691 offertur,
1458 4639 1524 4680 eo
1552 4638 1660 4694 quo
1685 4623 1910 4680 oﬂ'ertur
1931 4639 2056 4680 san-

467 4709 697 4765 ctificari
723 4712 928 4782 incipit.
967 4714 1109 4784 Ergo
1132 4716 1283 4785 prius
1312 4731 1420 4770 non
1447 4722 1568 4771 erat
1594 4723 1862 4771 sanctum.
1897 4715 2054 4782 Quod

471 4808 654 4856 autem
685 4802 875 4872 incipit
903 4805 1259 4874 sanctiﬁcari,
1307 4808 1410 4864 hoc
1453 4823 1590 4878 opus
1639 4808 1804 4863 habet
1839 4813 1894 4862 et
1926 4821 2053 4877 pro-

470 4905 687 4954 vectum
715 4904 770 4952 et
796 4913 895 4967 per
914 4907 1099 4967 partes
1128 4911 1498 4972 augmentum.
1527 4899 1684 4966 Quod
1721 4908 1901 4955 autem
1924 4899 2054 4954 olim

471 4996 723 5043 sanctum
754 4993 858 5053 est,
889 4995 944 5042 et
969 4989 1098 5043 olim
1127 4999 1212 5045 est
1231 4992 1350 5056 Dei,
1375 4993 1482 5047 hoc
1503 4987 1640 5044 nihil
1664 4990 1844 5043 minus
1870 4989 2054 5054 habet,

471 5077 569 5134 sed
616 5086 700 5133 est
741 5076 1065 5148 perfectum,
1127 5095 1228 5136 nec
1275 5082 1386 5138 ullo
1435 5082 1804 5138 additamento
1853 5094 2055 5150 egens:

469 5177 758 5240 propterea
805 5170 1007 5225 bonum
1054 5171 1272 5240 quidem
1321 5181 1405 5228 est
1438 5181 1493 5229 et
1526 5172 1788 5230 doctrinis
1829 5171 2056 5226 aliorum

474 5262 543 5317 ad
587 5262 1076 5318 sanctiﬁcationem
1122 5264 1234 5330 uti;
1286 5266 1477 5321 melius
1521 5274 1701 5321 tamen
1750 5265 1804 5320 in
1846 5272 2056 5319 tantum

473 5354 758 5423 proﬁcere,
805 5364 867 5410 ut
901 5355 1022 5425 quis
1068 5362 1123 5410 et
1169 5357 1539 5426 semetipsum,
1586 5367 1642 5414 et
1675 5373 1769 5414 eos
1816 5357 1907 5428 qui
1942 5357 2060 5427 ejus

477 5455 642 5513 sunt,
709 5448 779 5503 ad
838 5447 1323 5503 sanctiﬁcationem
1393 5449 1688 5517 perducat,
1751 5451 1892 5518 quod
1952 5464 2056 5503 non

479 5539 660 5597 omnis
709 5541 810 5594 viri
859 5549 974 5606 est,
1017 5541 1110 5596 sed
1161 5539 1329 5595 solius
1377 5541 1598 5594 sensati.
1655 5541 1722 5594 Et
1771 5542 1882 5596 inec
1934 5549 2058 5595 sunt

483 5643 607 5695 quae
648 5630 701 5683 in
749 5631 852 5685 hoc
889 5631 1006 5686 loco
1034 5631 1341 5702 signiﬁcare
1387 5629 1659 5701 lcgislator
1707 5631 2059 5685 intentionem

478 5716 661 5778 habet.
707 5720 1021 5780 Sanctiﬁcat
1061 5740 1192 5797 ergo
1241 5723 1459 5782 domum
1509 5722 1619 5782 Deo
1661 5723 1754 5795 qui
1797 5721 2059 5780 familiam

2149 3252 2348 3307 faciet?
2389 3251 2570 3320 Dabit,
2607 3252 2746 3319 sive,
2769 3254 3063 3310 secundum
3103 3254 3480 3326 Septuaginta,
3527 3252 3717 3323 adjicit!

2149 3344 2387 3416 quintam
2417 3353 2619 3415 partem
2655 3345 3016 3401 arstimationis
3053 3362 3253 3417 supra;
3277 3344 3575 3403 sacerdotis
3588 3343 3715 3401 enim

2153 3435 2437 3502 doctrinae,
2469 3435 2558 3492 cui
2583 3435 2801 3492 domum
2827 3438 2894 3492 ab
2922 3436 3078 3492 initio
3107 3453 3266 3493 suam
3297 3437 3490 3494 obtulit
3518 3443 3581 3492 ut
3611 3449 3719 3491 eam

2153 3528 2471 3595 aestimaret,
2498 3527 2551 3584 id
2579 3536 2683 3596 est,
2733 3526 3100 3584 deﬁnitionem
3149 3529 3445 3600 imponeret
3470 3527 3539 3582 ad
3565 3537 3718 3596 quam

2156 3620 2378 3676 deberet
2405 3630 2552 3676 stare
2574 3621 2690 3680 sive
2716 3621 3054 3688 conversari,
3079 3622 3193 3692 ipse
3217 3620 3425 3690 adiiciet
3449 3619 3553 3674 hoc
3579 3617 3728 3687 quod

2155 3720 2240 3768 est
2268 3711 2606 3778 intellectus;
2634 3710 2738 3768 hoc
2767 3712 2912 3767 enim
2942 3721 3026 3767 est
3051 3712 3250 3782 quinta,
3275 3707 3331 3765 id
3360 3714 3465 3773 est,
3504 3713 3574 3762 ut
3611 3719 3726 3778 qua

2156 3804 2416 3860 dicuntur
2457 3803 2720 3876 suscipiat
2757 3811 2813 3860 et
2847 3803 3238 3876 supertediﬁcet
3272 3800 3572 3859 sacerdotis
3613 3813 3722 3856 ser-

2156 3899 2441 3964 monibus;
2472 3896 2812 3968 frequentior
2835 3896 2981 3952 enim
3020 3895 3464 3952 commemoratio
3492 3900 3724 3950 sensans

2156 3994 2212 4044 et
2233 3985 2593 4056 intelligentes
2613 3986 2864 4041 homines
2884 3984 3034 4042 facit.
3062 3985 3133 4041 Et
3157 3987 3234 4041 sic
3251 3984 3460 4040 habebit
3486 3982 3721 4043 domum;

2157 4093 2267 4133 non
2311 4079 2544 4149 perdens
2593 4075 2922 4133 sanctiﬁcari
2970 4075 3113 4143 Deo,
3149 4090 3253 4131 nec
3305 4075 3363 4130 in
3410 4068 3720 4128 damnumei

2158 4168 2530 4233 convertitur;
2580 4167 2674 4222 sed
2711 4167 2938 4223 habebit
2966 4182 3112 4233 eam,
3142 4167 3272 4238 quia
3300 4166 3352 4220 ei
3388 4160 3722 4220 sanctiﬁcatio

2158 4255 2392 4328 propriae
2434 4257 2626 4311 domus
2675 4256 3002 4323 ascribitur,‘
3027 4271 3136 4312 non
3180 4254 3356 4311 solum
3387 4263 3450 4308 ut
3478 4247 3718 4311 oﬂerenﬁ.

2160 4347 2258 4402 sed
2281 4356 2334 4404 et
2362 4355 2422 4402 ut
2446 4347 2660 4402 docenti
2685 4363 2699 4401 :
2723 4348 2909 4418 sicque
2946 4361 3056 4402 sua:
3090 4347 3278 4403 domui
3313 4347 3460 4402 bene
3496 4340 3726 4415 prmi-

2126 4453 2130 4508 ζ
2163 4447 2248 4492 tus
2283 4444 2338 4492 et
2373 4452 2703 4507 recuperans
2749 4453 2871 4493 eam
2914 4439 3019 4495 sibi
3065 4438 3317 4495 sacerdos
3349 4432 3726 4508 quodammodo

2143 4527 2453 4586 invenitur.
2498 4531 2634 4597 Quia
2679 4529 2879 4587 Paulus
2925 4546 3049 4586 eum
3089 4530 3183 4601 qui
3222 4530 3325 4586 scit
3360 4542 3603 4600 prmessc
3634 4537 3728 4581 sum

2165 4623 2369 4689 domui,
2406 4624 2474 4678 ad
2511 4624 2854 4693 episc0patus
2875 4622 3203 4678 electionem
3231 4630 3397 4692 atque
3425 4621 3724 4694 dignitatem

2165 4716 2475 4772 sublimavit
2505 4715 2556 4788 (1
2583 4715 2718 4770 Tim.
2751 4714 2854 4787 ιιι).
2879 4715 3112 4786 Propter
3139 4715 3284 4785 quod
3304 4714 3537 4785 Aquila,
3564 4727 3653 4785 pro
3675 4723 3728 4765 eo

2163 4806 2308 4876 quod
2357 4807 2560 4861 dictum
2607 4812 2726 4860 est:
2759 4806 2851 4875 qui
2887 4819 3008 4860 eam
3042 4804 3403 4861 sanctiﬁcavit
3425 4841 3448 4870 ,
3503 4800 3727 4860 redimit:

2166 4897 2228 4953 Si
2267 4897 2602 4965 sanctiﬁcata;
2644 4895 2712 4949 ad
2736 4896 2894 4964 ﬁnem
2925 4896 3128 4966 fecerit,
3171 4895 3358 4952 edidit.
3395 4894 3550 4963 Quid
3580 4900 3731 4948 eum

2161 5003 2230 5044 ex
2269 4987 2371 5042 hoc
2414 4987 2717 5041 discimus?
2753 4985 2891 5053 Quia
2919 4986 2966 5041 si
2995 4986 3186 5043 domus
3231 4985 3334 5042 sibi
3379 4985 3734 5056 principatum

2163 5090 2219 5138 et
2257 5080 2722 5151 gubernationem,
2778 5081 2869 5151 qui
2918 5080 3278 5137 sanctiﬁcavit
3303 5121 3318 5146 ,
3374 5078 3654 5142 vindicat,
3692 5080 3739 5128 et

2162 5175 2305 5230 hanc
2327 5177 2442 5246 ipse
2474 5175 2756 5245 acquirere
2786 5173 2899 5228 vult
2925 5216 2937 5228 .
2965 5175 3032 5230 ad
3059 5173 3225 5230 ﬁnem
3254 5183 3441 5230 autem
3471 5173 3742 5229 facerese-

2164 5267 2397 5322 cundum
2435 5265 2608 5337 legem
2648 5274 2749 5329 est,
2799 5265 2922 5320 aliis
2965 5266 3107 5323 sicut
3141 5273 3435 5335 cognatum
3493 5257 3740 5337 praponi.

2168 5357 2286 5414 haec
2334 5357 2497 5412 faciat
2543 5373 2664 5427 qum
2710 5356 2762 5410 in
2804 5357 3061 5426 praesenti
3102 5357 3385 5429 legislator
3417 5354 3614 5424 jussit.
3659 5351 3745 5406 llis

2167 5455 2348 5501 autem
2397 5447 2469 5500 ita
2512 5460 2569 5500 se
2617 5444 2964 5512 habentibus,
3012 5447 3157 5516 quod
3193 5446 3414 5516 proprie
3465 5449 3744 5518 argentum

2166 5539 2476 5593 divinorum
2538 5537 2878 5607 eloquiorum
2940 5538 3232 5594 doctoralis
3281 5538 3612 5593 exhortatio
3653 5532 3746 5594 sit.

2168 5633 2290 5686 audi
2316 5631 2484 5685 David
2509 5631 2775 5686 dicentem
2800 5649 2812 5684 :
2839 5630 3066 5701 Eloquia
3095 5629 3306 5686 Domini
3333 5629 3560 5700 eloquia
3588 5633 3744 5686 cata,

2167 5732 2438 5795 argentum
2478 5723 2598 5794 igne
2641 5722 2999 5778 examinatum
3043 5721 3321 5795 probatum
3355 5728 3526 5778 terrae
3550 5729 3752 5793 purga-
