3892 6346
1181 329 1244 385 Β.
1287 325 1544 397 BABANI
1582 322 1803 407 MAUR!
1842 316 2159 379 ARCIIIEP.
2201 282 2506 375 iiiOGUNT.
2547 312 2833 372 OPERUM
2869 310 3050 369 PARS
3088 312 3130 368 Ι.

3694 319 3790 377 580

532 454 628 527 qui
678 463 787 507 non
828 448 991 505 habet
1037 444 1445 507 discretionem,
1485 452 1733 510 quaerere
1778 407 1897 491 non.
1934 438 2112 506 potest
2137 435 2187 494 Α
2218 431 2441 527 tentiam
2472 430 2654 527 indici.
2695 430 2999 527 Supputant
3044 436 3227 527 autem
3265 443 3457 527 usque.
3482 431 3559 527 ad
3602 431 3792 527 jubikei

533 544 841 604 mercedem
887 538 1106 595 virtutis
1149 552 1312 606 quam
1359 535 1552 602 egerit.
1577 532 1645 589 Et
1671 541 1955 602 propterea
1983 542 2110 597 pro—

533 638 719 710 prium
760 644 955 703 agrum
1001 628 1348 685 diciturth
1393 625 1677 689 redimere,
1722 620 1817 678 sed
1860 619 2112 683 veniente

530 729 773 799 inhibe,
801 724 859 780 id
897 730 1005 788 est.
1049 728 1297 790 tempore
1318 716 1659 777 remissionis
1680 722 2019 778 transeunte,
2053 712 2111 767 in

534 835 644 891 quo
668 815 922 874 remissio
946 813 1125 871 locum
1154 810 1341 875 habet,
1370 817 1455 869 est
1483 816 1669 867 autem
1695 820 1933 876 prmsens
1959 802 2105 873 vita,

533 890 839 977 ἑῆος-κιρ
862 910 1236 974 quantumque
1260 900 1333 957 sit
1360 897 1500 967 quod
1529 897 1767 967 patietur
1796 913 1808 948 :
1842 890 2109 951 Possessio

536 996 875 1064 ιααῆἳωω
912 992 1011 1049 erit
1043 989 1303 1057 Reatino;
1344 985 1683 1043 conversatio
1727 982 1899 1047 enim,
1948 995 2109 1049 quam

532 1085 705 1144 uno}
724 1090 1051 1142 consecutus
1075 1087 1179 1144 est,
1211 1075 1425 1135 etiamsi
1456 1075 1590 1131 alter
1618 1080 1739 1129 erat
1771 1072 1862 1142 qui
1906 1070 2106 1141 guber-

532 1177 716 1243 mbat,
760 1181 948 1231 saneta
985 1169 1091 1225 erit
1118 1167 1366 1233 Domino,
1408 1163 1517 1221 Sed
1556 1161 2005 1236 quemadmodum
2054 1166 2109 1217 et

532 1266 801 1338 possessio
848 1266 1164 1321 consecrata
1207 1259 1275 1315 ad
1306 1259 1397 1330 jus
1440 1256 1675 1329 pertinet
1724 1253 2104 1311 sacerdotum:

530 1355 805 1428 possessio
830 1353 975 1413 enim
1000 1350 1118 1421 ejus
1142 1358 1199 1409 et
1218 1350 1430 1405 lucrum
1455 1348 1506 1404 ei
1534 1345 1627 1421 qui
1653 1346 1903 1405 continue
1924 1342 2111 1413 guber-

529 1448 680 1503 navit
701 1445 1061 1521 reputabitur.

602 1537 817 1610 Siager
845 1546 1048 1608 emptus
1090 1543 1191 1603 ut,
1234 1543 1283 1591 et
1334 1551 1437 1590 non
1480 1534 1545 1587 de
1575 1530 1899 1602 possessione
1947 1527 2111 1582 malo—

531 1644 651 1684 runt
680 1628 1047 1697 sanctiﬁcata
1079 1626 1239 1697 fuerit
1264 1624 1511 1691 Domina,
1540 1620 1840 1694 supputabit
1867 1617 2108 1674 sacerdos

520 1727 681 1797 jussis
703 1740 963 1785 annorum
985 1737 1259 1783 nunerum
1282 1737 1442 1791 usque
1467 1719 1534 1773 ad
1548 1715 1824 1788 jubilazum
1844 1715 2102 1785 pretium:

2216 521 2469 591 pretium,
2517 520 2569 574 id
2595 528 2699 585 est,
2733 535 2798 574 ex
2827 520 2912 574 his
2937 534 3055 589 quae
3081 519 3147 573 de
3170 519 3498 587 poenitentia
3529 520 3591 576 in
3624 524 3791 583 divina

2218 614 2361 671 dicta
2390 620 2515 671 sunt
2551 612 2849 683 Scriptura.
2891 612 3008 683 Ipsa
3049 612 3193 667 enim
3236 612 3535 670 mstimatio
3564 625 3651 671 est
3677 619 3785 675 anni

2205 706 2407 777 jubilmi
2444 707 2557 773 sive
2587 704 2942 765 remissionis.
2975 703 3043 758 Et
3082 704 3226 765 dabit
3255 704 3343 763 ille
3370 707 3461 781 qui
3496 716 3683 762 votum
3710 728 3785 765 ro-

2210 810 2351 857 verat
2382 800 2636 865 Domino;
2678 799 2810 862 sive,
2852 796 3147 861 secundum
3180 794 3569 870 Septuaginta,
3607 810 3653 853 et
3681 803 3782 855 red-

2211 894 2296 951 det
2324 895 2549 963 pretium
2570 894 2624 946 in
2653 893 2736 945 die
2764 890 2857 947 illa
2885 899 3126 945 sanctum
3164 888 3394 947 Domino
3410 908 3431 958 ,'
3466 891 3528 946 in
3563 900 3780 964 tempore

2211 984 2378 1050 enim,
2410 985 2462 1038 in
2493 1000 2598 1053 quo
2628 982 2922 1043 secundum
2959 981 3101 1037 hanc
3135 981 3400 1035 rationem
3430 996 3497 1037 ea
3527 999 3650 1057 quae
3674 992 3773 1040 sunt

2211 1077 2276 1132 de
2306 1076 2623 1146 paenitentia
2670 1074 3023 1139 deﬁniuntur,
3068 1073 3178 1137 sive
3218 1074 3544 1128 indicuntur
3573 1075 3644 1141 ei,
3674 1091 3772 1131 cum

2208 1168 2515 1223 necessaria
2559 1176 2641 1222 est
2688 1164 2929 1222 deﬁnitio
2962 1166 3078 1234 ejus
3107 1172 3294 1219 sancta
3318 1165 3560 1221 Domino
3590 1167 3771 1222 inveni.

2211 1270 2317 1315 tur.
2354 1260 2498 1315 Bene
2525 1268 2704 1314 autem
2736 1257 2895 1321 dixit,
2924 1257 3089 1322 dabit,
3122 1256 3209 1311 vel
3234 1257 3376 1311 sicut
3407 1256 3768 1330 Septuaginta,

2210 1354 2407 1417 reddet,
2464 1368 2573 1407 non
2622 1352 2850 1407 reddent
2880 1370 2892 1406 :
2922 1365 3048 1413 nam
3094 1350 3196 1409 etsi
3244 1353 3527 1411 communi
3577 1354 3769 1409 consilio

2209 1445 2511 1503 sacerdotis
2531 1453 2586 1500 et
2605 1443 2721 1513 ejus
2745 1444 2840 1514 qui
2860 1444 3031 1503 movit
3054 1450 3403 1515 peceatorem
3427 1444 3497 1505 ad
3522 1447 3766 1517 propiun-

2210 1539 2360 1603 tiam,
2405 1539 2473 1593 de
2515 1552 2578 1592 ea
2626 1536 2868 1595 deﬁnitio
2908 1536 3255 1593 constituitur
3292 1551 3414 1606 qua:
3456 1539 3767 1604 aestimatur;

2208 1637 2584 1693 verumtamen
2622 1626 2711 1683 ille
2747 1641 2870 1683 eum
2910 1625 3070 1689 oﬁert
3094 1626 3187 1695 qui
3224 1625 3457 1682 fratrem
3491 1627 3765 1698 culpantem

2210 1720 2496 1790 compungi
2536 1717 2680 1775 fecit.
2722 1717 2861 1777 Huic
2891 1718 3038 1773 enim
3061 1726 3116 1773 et
3141 1717 3374 1773 obediet.
3434 1716 3542 1772 Sed
3578 1725 3631 1772 et
3670 1718 3766 1789 ipse

529 1830 576 1874 et
619 1819 764 1873 dabit
798 1817 887 1872 ille
913 1816 1001 1888 qui
1029 1825 1205 1871 votum
1232 1820 1436 1869 voverat
1483 1810 1727 1864 Domino.
1783 1806 1852 1861 In
1889 1804 2106 1875 jubilazo
2133 1796 2181 1863 Β
2208 1809 2476 1880 obligatur
2501 1811 2561 1865 in
2583 1809 2960 1867 emendatione
2989 1807 3105 1876 ejus
3131 1809 3221 1878 qui
3245 1808 3638 1878 ptenitentiam.
3655 1810 3761 1880 agit,

528 1918 703 1965 autem
730 1913 1015 1965 revertetur
1043 1904 1113 1960 ad
1136 1903 1366 1975 priorem
1394 1900 1664 1954 dominum
1688 1897 1779 1967 qui
1803 1895 2105 1952 vendiderat

528 2014 665 2063 eum,
692 2006 739 2051 at
761 1995 1015 2053 habuerat
1059 1995 1115 2049 in
1159 2002 1353 2048 sortem
1384 1991 1728 2063 possessionis
1758 2007 1887 2044 sum.
1922 1988 2105 2043 Omnis

534 2090 814 2146 (estimatio
841 2087 969 2143 siclo
990 2087 1280 2143 sanctuarii
1304 2085 1698 2155 ponderabitur.
1731 2080 1903 2139 Siclus
1929 2080 2106 2149 viginti

527 2179 917 2239 aboleshabat.
961 2176 1321 2248 Primogenita
1354 2192 1471 2246 qua:
1510 2175 1581 2228 ad
1617 2174 1786 2228 Deum
1828 2172 2103 2243 pertinent,

526 2289 676 2329 nemo
721 2271 1055 2340 sanctiﬁcara
1109 2269 1297 2339 poterit
1334 2277 1383 2322 et
1421 2282 1598 2320 vovere
1633 2278 1650 2316 :
1690 2264 1797 2318 sive
1844 2260 1953 2326 bos,
2004 2261 2106 2316 sive

524 2364 632 2419 ovis
658 2363 839 2432 fuerit,
877 2361 1097 2416 Domini
1133 2367 1282 2413 sunt.
1335 2357 1623 2411 Maximam
1664 2353 1930 2426 justitiam
1974 2353 2106 2423 legis

526 2453 707 2509 littera
753 2462 808 2509 et
853 2452 1075 2521 spiritus
1103 2449 1379 2507 ostendit:
1407 2447 1588 2502 littera
1620 2445 1885 2516 siquidem
1917 2460 2105 2515 agrum

524 2540 855 2612 possidentis
883 2540 1143 2605 alienum,
1186 2546 1249 2594 ut
1288 2537 1631 2594 sanctiﬁcent
1657 2539 1767 2593 Deo
1797 2544 1852 2592 et
1876 2536 2106 2591 oderant

526 2632 921 2698 sacerdotibus,
957 2640 1016 2686 ut
1040 2645 1235 2691 earum
1258 2630 1330 2687 sit
1350 2628 1590 2683 creditus
1621 2644 1750 2699 ager
1776 2644 1883 2681 non
1911 2626 2103 2691 vetuit,

528 2724 657 2794 quia
716 2739 828 2779 non
885 2722 1195 2793 specialiter
1252 2736 1409 2779 suam
1463 2720 1696 2787 obtulit;
1756 2720 1898 2775 sicut
1959 2720 2104 2775 enim

528 2826 744 2886 emptus
783 2813 901 2883 ejus
934 2822 1064 2877 tunc
1100 2821 1241 2880 erat,
1291 2812 1375 2871 sic
1400 2822 1581 2875 autem
1610 2812 1700 2881 qui
1732 2812 1797 2867 de
1823 2811 2105 2866 vendentis

525 2906 705 2963 fuerat
745 2907 1087 2978 possessione
1127 2914 1277 2963 recte
1313 2904 1521 2960 alienus
1557 2911 1659 2961 est.
1693 2903 1948 2974 Praecipit
1975 2918 2103 2973 ergo

526 3005 841 3068 computare
876 2997 1212 3057 sacerdotem
1247 2996 1364 3066 agri
1397 2996 1633 3065 pretium
1665 3010 1836 3063 usque
1870 2995 1936 3049 ad
1962 2993 2104 3062 jubi—

532 3091 711 3156 linum,
733 3100 791 3146 et
819 3093 898 3149 sic
923 3105 1023 3160 pro
1052 3105 1121 3145 eo
1139 3091 1271 3144 dare
1294 3088 1566 3160 pretium;
1594 3088 1649 3143 iu
1670 3084 1891 3155 jubikeo
1920 3095 2101 3145 autem

2208 1909 2268 1955 ut
2297 1910 2420 1969 pote
2452 1901 2544 1969 qui
2587 1900 2753 1955 semel
2790 1898 2906 1967 ejus
2933 1898 3287 1953 correctionis
3325 1898 3456 1953 fecit
3488 1900 3760 1955 exordium.

2207 1992 2313 2060 Qui
2344 1999 2524 2047 autem
2554 2007 2659 2047 non
2686 1990 2828 2046 illico
2848 2004 2975 2045 cum
3005 1988 3262 2045 deﬁnitur
3287 1989 3613 2060 pmnitentia
3640 1988 3762 2059 peni-

2211 2092 2296 2138 tus
2331 2083 2644 2148 inundatur,
2675 2083 2771 2137 sed
2797 2082 3011 2153 quando
3033 2096 3151 2137 eam
3174 2079 3415 2151 perfecte
3447 2082 3637 2151 egerit,
3667 2097 3763 2151 pro-

2206 2184 2395 2244 pterea
2432 2175 2507 2230 ait
2535 2192 2547 2229 :
2580 2174 2648 2229 In
2678 2173 2895 2244 jubilwo
2931 2182 3104 2227 autem
3135 2172 3410 2226 revertitur
3444 2172 3516 2224 ad
3554 2174 3761 2243 priorem

2205 2266 2496 2332 dominum,
2536 2265 2625 2335 qui
2650 2265 2949 2319 vendiderat
2973 2257 3109 2318 enni.
3137 2263 3281 2335 Ergo
3305 2262 3538 2319 deﬁnitio
3562 2265 3764 2335 quidem

2204 2359 2537 2429 paenitentiae
2582 2359 2639 2413 in
2686 2357 2778 2411 illa
2822 2347 2908 2413 die
2961 2364 3147 2421 sancta
3196 2372 3323 2413 mox
3370 2355 3481 2414 ﬁet.
3521 2357 3579 2410 in
3617 2372 3763 2428 quas

2206 2448 2489 2503 sacerdote
2533 2455 2589 2502 et
2636 2447 3012 2502 exhortatione
3061 2445 3209 2514 ejus,
3266 2446 3361 2516 qui
3412 2448 3763 2518 paenitentiam

2207 2549 2428 2597 acturus
2453 2546 2688 2608 eratper
2717 2539 2952 2594 divinam
2984 2536 3343 2607 Scripturam,
3376 2541 3643 2609 quomodo
3659 2555 3760 2596 eam

2206 2631 2398 2685 debeat
2427 2644 2585 2701 agere
2607 2630 2928 2685 aestimatur.

2282 2722 2432 2777 Tunc
2467 2730 2646 2777 autem
2672 2721 2941 2793 paenitens
2956 2723 3359 2790 possessionem
3379 2736 3560 2789 suam,
3585 2738 3759 2793 ognim-

2206 2826 2311 2881 que
2341 2819 2395 2865 et
2426 2812 2892 2868 conversationem
2933 2812 3173 2883 recipiet,
3217 2811 3438 2881 quando
3481 2812 3551 2867 ad
3588 2828 3757 2868 annum

2205 2904 2514 2971 pervenerit
2534 2901 2736 2972 jubilazi
2769 2903 2881 2959 sive
2903 2902 3259 2959 remissionis.
3296 2900 3491 2959 Omnis
3518 2903 3758 2957 a-stimatio

2208 2994 2335 3049 siclo
2357 2994 2646 3049 sanctuarii
2664 2993 3058 3063 ponderabitur.
3086 2991 3279 3059 Siclus,
3304 2992 3421 3048 sive
3450 2993 3755 3059 didrachma,

2205 3086 2385 3156 viginti
2411 3085 2587 3140 obolos
2617 3084 2804 3149 habet;
2844 3093 2902 3139 ut
2936 3085 3113 3141 omnis
3146 3085 3439 3141 cestimatio
3465 3088 3579 3142 sive
3599 3086 3762 3141 deﬁni-

529 3183 727 3238 reverti
750 3198 817 3237 ac
848 3182 999 3238 reddi
1022 3182 1192 3253 priori
1218 3182 1465 3247 Domino,
1496 3181 1550 3237 id
1570 3188 1673 3245 est,
1697 3180 1746 3236 ei
1770 3180 1862 3249 qui
1886 3187 2104 3251 propter
2211 3180 2286 3235 tio
2314 3179 2517 3235 sanctis
2546 3177 2640 3235 ﬁat
2664 3178 3008 3250 ponderibus,
3043 3179 3098 3233 id
3123 3186 3224 3245 est,
3270 3179 3357 3235 bis
3400 3196 3527 3251 quae
3564 3191 3669 3236 sunt
3704 3180 3763 3235 de

524 3281 899 3344 paupertatem
937 3284 1053 3329 rem
1096 3273 1371 3343 propriam
1399 3272 1659 3338 vendidit,
1709 3278 1766 3326 et
1798 3271 1869 3326 ad
1896 3279 2103 3343 certum

524 3376 650 3417 eam
676 3371 887 3433 tempus
915 3362 1186 3421 alienavit.

594 3454 679 3510 Ab
691 3455 795 3510 hoc
816 3469 947 3526 ergo
966 3462 1024 3511 et
1042 3454 1110 3511 ad
1129 3454 1427 3525 spiritalem
1450 3454 1857 3525 intelligentiam
1877 3454 2099 3511 transit:

526 3546 591 3602 Si
613 3563 738 3617 ager
759 3554 981 3617 emptus,
1009 3556 1059 3601 et
1087 3564 1193 3603 non
1219 3546 1542 3616 possessione
1569 3545 1835 3616 majorum
1860 3544 2094 3613 sancti/i-

525 3650 673 3694 catus
700 3638 860 3710 fuerit
888 3638 1134 3706 Domino,
1164 3640 1461 3710 supputabit
1490 3639 1732 3693 sacerdos
1746 3640 1907 3709 juxta
1935 3655 2102 3693 anno-

525 3746 640 3785 rum
667 3746 944 3787 numnum
974 3746 1138 3803 usque
1175 3730 1244 3791 ad
1282 3730 1577 3800 jnbilceum.
1627 3730 1832 3798 Agrum
1862 3730 1954 3800 qui
1980 3744 2105 3800 pos-

523 3820 683 3886 sidet,
714 3835 877 3890 quem
901 3820 1054 3885 emit,
1082 3828 1137 3877 et
1164 3836 1273 3881 non
1310 3827 1395 3881 est
1423 3835 1533 3875 suae
1557 3819 1916 3889 possessionis
1943 3819 1990 3873 is
2011 3817 2102 3886 qui

526 3910 918 3982 intelka
947 3920 1325 3981 paupertatem
1367 3911 1663 3980 patientem
1694 3908 1972 3966 exhortari
2009 3923 2104 3963 va-

523 3998 618 4067 let,
641 4015 975 4071 arguereque
1003 4015 1148 4067 enin,
1180 4008 1344 4070 atque
1367 4014 1583 4057 movere
1611 3999 1678 4054 ad
1701 3998 2098 4068 pmnitentiam.

521 4091 919 4161 intelligin
944 4092 1087 4147 enim
1118 4102 1340 4157 terram,
1373 4106 1536 4161 quam
1562 4091 1650 4147 ille
1679 4090 2007 4161 possidebat,
2037 4089 2103 4143 de

531 4198 639 4253 qua
684 4182 853 4239 David
897 4182 1206 4250 psailebat:
1241 4184 1473 4252 Spiritus
1517 4192 1635 4238 tuus
1678 4183 1839 4237 bonus
1885 4181 2101 4237 deducet

522 4293 606 4332 me
634 4279 692 4332 in
729 4286 923 4331 terram
959 4286 1153 4332 rectam
1201 4280 1372 4350 (Psat.
1403 4280 1539 4353 xw),
1570 4282 1685 4350 ipse
1712 4281 1969 4351 possidet,
1995 4296 2102 4339 non

523 4367 845 4441 permittens
863 4382 985 4423 eam
1008 4384 1075 4423 ex
1100 4376 1215 4425 toto
1239 4370 1531 4441 corrotupi,
1560 4371 1653 4426 sed
1679 4371 1893 4425 lucrans
1918 4369 2103 4424 fratris

527 4463 787 4518 virtutem
823 4461 909 4518 vel
936 4462 1143 4530 vitam,
1183 4462 1249 4518 de
1290 4478 1401 4533 qua
1443 4462 1539 4521 ille
1581 4478 1678 4534 per
1720 4463 2100 4534 negligentiam

525 4553 745 4608 cecidit.
1172 4570 1176 4574 ·

601 4641 665 4701 Si
684 4644 849 4715 igitur
876 4660 942 4703 ea
966 4644 1394 4707 sanctiﬁcavarit
1422 4647 1669 4717 Domino,
1712 4647 1766 4704 id
1804 4656 1907 4713 est,
1945 4648 2101 4705 obtu-

453 4735 457 4738 ’
525 4732 650 4788 ierit
672 4735 940 4799 sacerdoti
974 4754 987 4791 :
1015 4736 1212 4797 audisti
1245 4737 1389 4799 enim
1422 4737 1549 4807 quia
1592 4739 1644 4793 in
1691 4738 1941 4808 praesenti
1979 4753 2103 4797 sau—

526 4823 756 4885 ctiﬁcari
800 4826 912 4889 Deo
951 4827 1086 4885 dicit
1111 4844 1175 4887 ea
1209 4843 1331 4899 qua:
1365 4829 1736 4887 sacerdoﬁbus
1764 4838 1910 4885 sorte
1938 4830 2103 4884 obve-

524 4924 741 4971 nerunt.
796 4914 990 4971 Oﬁ'erri
1046 4927 1249 4986 autem,
1286 4922 1588 4990 quomodo?
1632 4922 1685 4975 id
1731 4930 1839 4987 est,
1888 4927 2103 4991 oportet

528 5020 652 5063 eum
677 5006 771 5076 qui
799 5007 1036 5078 culpavit
1065 5011 1364 5078 emendari,
1394 5020 1449 5069 et
1475 5020 1716 5071 sanctam
1748 5014 1864 5083 ejus
1888 5012 2101 5069 edicere

529 5098 1019 5161 conversationem.
1081 5100 1403 5174 Supputabit
1449 5105 1693 5160 sacerdos
1735 5105 1894 5175 juxta
1932 5122 2101 5160 anno-

526 5208 645 5247 rum
678 5208 955 5252 numerum
978 5209 1139 5263 usque
1177 5194 1247 5249 ad
1285 5196 1566 5265 jubilazum
1604 5197 1848 5268 pretium,
1882 5205 1928 5250 et
1957 5197 2103 5250 dabit

530 5283 731 5355 iliaqui
751 5294 927 5341 uotum
954 5293 1158 5343 voverat
1189 5285 1432 5343 Domino.
1467 5288 1639 5346 Recte
1666 5287 1921 5345 sacerdos
1943 5286 2104 5341 simul

530 5391 659 5439 eum
682 5391 748 5434 eo
771 5376 865 5447 qui
893 5376 1060 5433 movit
1088 5375 1315 5435 fratrem
1342 5379 1409 5433 ad
1436 5381 1830 5449 minuendam,
1858 5378 1986 5449 quia
2013 5377 2102 5432 ille

527 5469 751 5539 quidem
786 5470 1029 5527 districto
1071 5470 1189 5541 ejus
1228 5472 1497 5529 actionem
1528 5483 1583 5529 et
1611 5474 2097 5538 conversationem,

532 5572 592 5616 ut
618 5574 743 5634 pote
772 5563 901 5634 quia
939 5563 1054 5635 ipse
1078 5579 1200 5635 eum
1228 5565 1484 5628 correxit,
1516 5565 1605 5621 hic
1633 5574 1810 5621 autem
1834 5576 1895 5619 ut
1921 5578 2101 5620 sacer-

530 5653 630 5709 dos
664 5656 819 5712 novit
863 5672 1047 5713 veram
1096 5664 1259 5727 atque
1304 5655 1599 5725 perfectam
1651 5658 2096 5726 redemptionem,

530 5748 862 5817 supprimit.
890 5747 1302 5822 siveprobavit,
1330 5745 1549 5817 qualem
1578 5746 1629 5805 ei
1658 5754 1903 5816 oporteat
1926 5745 2101 5819 proui-

2126 4531 2180 4603 D

2206 3288 2361 3327 sacra
2379 3272 2687 3343 Scriptura:
2707 3272 2980 3333 exteriora
2998 3272 3141 3325 enim
3164 3271 3409 3342 pondera
3430 3274 3596 3328 veluti
3615 3273 3766 3344 philo-

2206 3361 2588 3432 sophorum,iu
2603 3362 2799 3430 quibus
2829 3361 2989 3415 etiam
3022 3361 3123 3432 ipsi
3148 3363 3291 3418 vitas
3318 3367 3765 3421 conversationes-

2198 3465 2312 3523 que
2330 3459 2581 3522 pensant,
2599 3467 2703 3507 non
2726 3458 2850 3505 sunt
2867 3461 3071 3516 sancta,
3091 3452 3216 3521 quia
3240 3454 3530 3510 scientiam
3548 3453 3769 3525 imperfe-

2207 3551 2350 3599 ctam
2370 3542 2663 3611 possident.
2683 3541 2788 3596 Sed
2822 3555 2921 3595 nec
2946 3540 3321 3597 haereticorum
3346 3546 3590 3615 pondera
3605 3552 3771 3600 sancta

2206 3640 2371 3687 sunt:
2405 3632 2701 3687 cauteriata
2740 3640 2822 3687 est
2859 3632 3004 3686 enim
3040 3648 3226 3688 eorum
3267 3637 3639 3703 conscientia;
3688 3635 3775 3691 sed

2207 3732 2392 3781 sancta
2419 3732 2543 3780 sunt
2569 3739 2632 3779 ca
2656 3739 2773 3794 qua:
2809 3732 2933 3779 sunt
2959 3725 3011 3780 in
3041 3726 3215 3781 divina
3246 3726 3548 3795 Scriptura,
3581 3727 3635 3781 in
3662 3729 3775 3799 qui-

2204 3817 2306 3871 bus
2348 3816 2542 3885 viginti
2587 3815 2731 3871 oboli
2778 3823 2923 3871 sunt.
2973 3816 3173 3873 Siclum
3211 3818 3319 3871 sive
3355 3816 3698 3885 didrachma,
3728 3818 3773 3872 id

2205 3916 2309 3973 est,
2350 3909 2539 3965 decem
2581 3910 2862 3977 mandata,
2904 3912 3199 3967 secundum
3236 3910 3475 3975 litteram
3507 3920 3563 3966 et
3598 3926 3775 3966 secun-

2205 4000 2333 4055 dum
2385 4000 2636 4070 spiritum
2672 4001 3039 4069 intellectum,
3080 4002 3221 4059 sicut
3261 4002 3565 4075 evangelica
3608 4003 3773 4075 gratia

2206 4090 2468 4156 insinuat,
2515 4099 2570 4146 et
2605 4092 2695 4161 qui
2731 4092 2785 4145 in
2815 4107 2877 4146 ea
2917 4093 3087 4148 dicit:
3124 4092 3249 4147 Non
3291 4093 3609 4147 arbitremini
3638 4134 3653 4161 ,
3689 4094 3775 4164 qui

2205 4186 2319 4240 veni
2354 4184 2547 4243 solvere
2572 4185 2755 4257 legem,
2790 4196 2879 4241 aut
2921 4187 3237 4259 prophetas;
3282 4204 3387 4243 non
3420 4189 3534 4242 veni
3571 4186 3771 4250 solvere,

2204 4278 2295 4334 sed
2342 4278 2553 4349 implere
2595 4278 2811 4349 (Matth.
2845 4278 2921 4350 v).
2963 4280 3107 4353 Ergo
3132 4280 3443 4353 quicunque
3490 4286 3579 4333 aut
3613 4278 3773 4349 legem

2206 4368 2417 4423 irritam
2452 4367 2600 4433 facit,
2630 4377 2725 4423 aut
2752 4369 3099 4439 Evangelium
3132 4370 3327 4436 tenuit,
3367 4371 3457 4426 hic
3492 4385 3596 4424 non
3624 4367 3776 4423 habet

2206 4459 2538 4523 didraebma,
2590 4474 2689 4514 nec
2732 4459 2893 4530 hujus
2932 4459 3234 4514 doctrinam
3270 4468 3331 4514 ut
3358 4458 3773 4514 sanctiﬁcantem

2208 4553 2499 4624 recipimus
2528 4566 2541 4606 :
2574 4552 2861 4607 haereticos
2889 4560 3068 4606 autem
3097 4560 3150 4606 et
3176 4547 3416 4619 Iudaeos,
3442 4564 3667 4625 quorum
3688 4548 3773 4602 alii

2207 4647 2424 4717 quidem
2478 4647 2745 4719 gratiam,
2810 4645 2902 4713 alii
2961 4645 3135 4717 legem
3201 4654 3442 4716 negant,
3512 4642 3775 4714 aequaliter

2207 4737 2531 4806 respuimns.
2593 4735 2953 4809 Primogenita
3001 4755 3119 4809 quoa:
3181 4739 3251 4793 ad
3302 4738 3478 4793 Deum
3533 4739 3773 4810 pertineat

2208 4844 2355 4883 nemo
2393 4828 2724 4897 sanctiﬁcare
2761 4837 2927 4899 potest
2954 4837 3000 4883 et
3038 4845 3233 4897 vovere,
3265 4831 3373 4883 sive
3403 4828 3519 4895 bos,
3545 4829 3647 4882 sive
3673 4826 3775 4879 oris

2206 4925 2389 4993 fuerit,
2415 4924 2630 4981 Domini
2657 4934 2796 4979 sunt.
2822 4923 3027 4985 Pecora
3053 4940 3145 4981 eos
3173 4925 3263 4995 qui
3291 4924 3450 4979 nobis
3474 4923 3778 4980 obedientes

2206 5022 2352 5079 sunt,
2379 5014 2519 5071 ﬁlios
2545 5021 2600 5070 et
2625 5030 2830 5082 servos,
2864 5024 2919 5071 et
2954 5016 3247 5087 discipulos
3277 5017 3329 5069 in
3360 5012 3785 5085 praecedentibus

2206 5106 2442 5161 diximus
2471 5124 2483 5158 :
2512 5104 2715 5163 Horum
2761 5105 3214 5178 primogenitum,
3263 5104 3318 5161 id
3359 5112 3463 5169 est,
3507 5102 3599 5174 qui
3638 5101 3787 5155 nobis

2205 5197 2286 5253 sic
2308 5212 2503 5267 parens
2525 5206 2580 5252 et
2602 5197 2859 5253 obediens
2883 5195 3070 5264 fuerit,
3093 5206 3152 5253 ut
3177 5208 3228 5252 et
3253 5197 3375 5251 aliis
3399 5192 3722 5250 obedientim
3743 5201 3791 5245 et

2204 5289 2431 5359 parendi
2462 5289 2717 5344 ducatum
2744 5289 3003 5357 prmbeat.
3032 5288 3101 5345 Et
3127 5295 3417 5358 propterea
3454 5285 3543 5339 hic
3572 5282 3792 5352 quidem

2202 5380 2621 5451 primogenitum
2662 5378 2890 5447 dicitur;
2936 5378 3062 5434 alibi
3106 5387 3289 5433 autem
3321 5378 3388 5434 de
3419 5391 3485 5430 eo
3518 5373 3795 5445 legislator
3890 5373 3892 5429 !

2205 5470 2373 5527 dicit:
2400 5470 2565 5525 Omne
2594 5470 2943 5527 masculinum
2974 5469 3286 5541 adaperiens
3320 5466 3521 5523 vulvam
3550 5475 3801 5520 sanctum
3890 5488 3892 5503 ι

2205 5561 2429 5615 Domino
2474 5561 2747 5616 vocabitur
2796 5561 2993 5634 (Exod.
3047 5560 3257 5633 χχχιιι).
3326 5557 3596 5630 Adaperit
3650 5557 3802 5610 enim

2204 5650 2419 5704 vulvam
2464 5655 2896 5719 generandorum
2939 5654 3194 5720 ﬁliorum,
3228 5655 3319 5724 qui
3350 5654 3575 5709 obedire
3609 5667 3807 5708 secun-

2206 5742 2331 5797 dum
2372 5742 2538 5817 Deum
2586 5752 2640 5801 ct
2680 5761 2800 5809 cum
2844 5746 2929 5825 pia
2976 5745 3309 5823 subjectione
3352 5744 3563 5817 incipit.
3611 5740 3807 5812 Qualis
