3892 6346
513 301 624 360 583

1157 289 1219 345 B.
1262 285 1519 345 RABANI
1557 283 1778 343 MAURI
1815 279 2134 339 ARCHIEP.
2178 276 2486 336 MOGUNT.
2526 272 2803 333 OPEPUM
2842 269 3022 329 PARS
3058 269 3103 329 1.

3693 277 3791 333 584

516 415 630 486 ejus
651 403 900 481 diripere,
941 425 983 464 si
1013 419 1117 461 η-οη
1159 405 1307 475 prius
1336 400 1629 471 alligaverit
1655 401 1861 469 fortem,
1902 407 1950 451 et
1976 405 2095 450 tunc
2125 397 2175 458 Α
2203 391 2420 457 debent,
2467 390 2607 444 sicut
2635 371 2869 486 perfecti-
2909 393 3198 486 semper-et
3228 390 3607 444 consummati
3643 405 3657 444 :
3689 391 3787 448 frn-

511 521 640 562 uasa
680 503 796 574 ejus
814 499 1030 568 diripiat
1059 495 1208 569 (Luc.
1237 497 1340 566 χι).

585 596 739 653 Tunc
789 601 968 648 autem
1009 590 1165 660 plene
1218 586 1609 656 intelligibilem
1651 583 1861 639 hostem
1913 580 2096 635 subdi-

511 703 656 756 mus,
701 686 757 741 id
789 691 875 741 est
907 681 1202 745 diabolum,
1234 678 1508 749 ligareque
1553 691 1678 731 eum
1707 686 1762 730 et
1793 673 2097 745 depraedari

509 789 568 838 et
590 789 909 835 consecrare
929 775 1041 830 Deo
1071 771 1242 843 spolia
1271 769 1387 839 ejus
1412 783 1718 840 possumus,
1741 766 1961 838 quando
1980 763 2097 833 ejus

509 869 711 924 omnes
756 864 1049 922 vicerimus
1098 861 1398 924 machinas,
1455 873 1615 914 omne
1680 856 2097 912 eontriverimus

509 969 691 1032 caput,
735 971 1060 1028 omnemque
1092 954 1331 1024 speciem
1361 951 1572 1023 peccati
1614 949 2093 1015 declinaverimus,

509 1058 704 1110 cuncta
733 1047 920 1104 mundi
965 1045 1233 1102 desideria
1262 1043 1577 1106 vicerimus,
1609 1049 1940 1109 cunctasque
1987 1040 2097 1094 vir-

508 1150 653 1198 tutes
695 1136 946 1195 assecuti
987 1135 1253 1190 fuerimus
1287 1150 1300 1187 :
1347 1140 1476 1187 tunc
1521 1131 1668 1186 enim
1713 1145 1836 1184 eum
1874 1130 2096 1201 ligatum

510 1230 774 1286 habemus
822 1235 877 1283 et
917 1224 1198 1297 praedicari
1231 1237 1541 1293 possumus.
1607 1221 1698 1276 Sic
1729 1229 1914 1276 autem
1959 1219 2095 1274 diri-

505 1319 715 1392 pientes
736 1325 792 1373 et
817 1331 942 1371 eum
970 1313 1230 1386 praedicta
1258 1312 1486 1368 victoria
1517 1311 1889 1374 devincentes,
1921 1311 2097 1380 quod-

507 1425 720 1482 cunque
745 1408 1151 1479 diripuerimus,
1183 1406 1295 1461 Deo
1318 1412 1466 1460 recte
1493 1402 1794 1459 oderimus.
1829 1400 2097 1457 Sanctum

508 1511 692 1558 autem
737 1508 1050 1556 sanctorum
1085 1496 1388 1570 perfectum
1432 1503 1978 1565 consummatumque
2000 1494 2098 1549 ha-

501 1591 695 1650 bemus
714 1630 730 1658 ,
773 1605 876 1646 nec
905 1597 1089 1646 nostra
1118 1586 1500 1644 exhortatione
1526 1600 1629 1643 nec
1655 1585 1885 1642 aliorum
1909 1599 2094 1656 egens,

502 1681 648 1754 quod
693 1695 795 1736 nec
835 1679 1264 1736 additamentum
1313 1677 1555 1748 aliquod,
1610 1691 1714 1733 nec
1769 1683 2098 1746 provectum

2197 498 2292 555 ges
2319 497 2448 552 ergo
2480 482 2532 535 in
2573 480 2827 550 prmsenti
2855 479 2942 533 lex
2972 478 3298 534 messionem
3327 494 3448 548 qua:
3482 489 3578 536 est
3629 485 3693 538 de
3716 503 3788 541 se-

2196 574 2345 628 mine
2397 573 2558 636 dicit;
2611 570 2863 626 similiter
2895 578 2949 622 et
2977 584 3138 640 poma
3187 570 3449 624 arborum
3490 575 3780 632 secundum

2196 672 2410 736 tempus
2451 679 2626 719 suum.

2267 755 2346 810 De
2375 756 2464 810 his
2491 764 2669 810 autem
2709 755 2918 810 decima
2938 769 3068 827 pars
3099 755 3213 810 Deo
3261 757 3576 812 secundum
3626 758 3774 831 legem

2195 843 2442 912 debetur,
2473 852 2764 916 utrumque
2798 847 3114 902 autem'hoc
3141 848 3209 903 ad
3235 845 3372 920 legis
3407 849 3773 908 fructiﬁcatio-

2195 951 2320 991 nem
2341 938 2517 1008 accipi
2543 946 2789 1007 oportet;
2842 939 3111 1008 siquidem
3136 939 3404 996 Dominus
3450 942 3658 998 bonam
3685 954 3771 1002 ter-

2196 1043 2316 1083 ram
2359 1027 2596 1084 fructum
2654 1028 2973 1085 aiferentem
3018 1031 3241 1102 triginta
3297 1041 3352 1088 et
3406 1038 3688 1107 sexaginta
3727 1051 3769 1094 et

2195 1127 2434 1186 centum,
2473 1136 2568 1176 eos
2595 1121 2689 1191 qui
2717 1122 3021 1192 suscipiunt
3054 1124 3282 1178 verbum
3313 1133 3368 1180 et
3407 1124 3624 1183 faciunt
3648 1145 3762 1199 eum,

2196 1211 2250 1266 in
2277 1212 2538 1280 parabola
2562 1214 2832 1268 seminum
2853 1215 3292 1286 evangelicorum
3314 1233 3605 1290 exponens
3624 1223 3759 1287 dixit;

2195 1299 2366 1356 David
2397 1311 2582 1358 autem
2611 1319 2755 1359 nunc
2793 1304 3031 1360 clamat:
3057 1305 3246 1362 Justus
3277 1319 3336 1362 ut
3373 1311 3565 1380 palma
3592 1315 3762 1383 fiorebit

2197 1390 2370 1462 (Psal.
2427 1392 2542 1465 XCI)
2569 1411 2584 1461 ;
2639 1403 2696 1449 et
2717 1410 2908 1451 rursus
2936 1413 2952 1450 :
2986 1395 3103 1466 Ego
3144 1407 3319 1452 autem
3349 1401 3495 1454 sicut
3522 1402 3651 1456 oliva
3675 1403 3760 1473 fru—

2193 1485 2384 1556 ctifera
2402 1487 2458 1542 in
2476 1488 2633 1542 domo
2663 1487 2882 1543 Domini
2913 1488 3086 1560 (Psal.
3120 1490 3229 1563 Li);
3269 1505 3420 1547 nunc
3447 1501 3634 1549 autem
3658 1496 3759 1551 bre-

2194 1577 2338 1633 viter
2386 1579 2702 1635 describens
2735 1579 2942 1649 justum
2973 1580 3080 1634 :Et
3118 1583 3241 1649 erit,
3274 1583 3371 1650 ait,
3408 1585 3550 1638 sicut
3591 1586 3757 1656 lignum

2194 1670 2336 1741 quod
2389 1670 2684 1742 plantatum
2716 1683 2790 1727 est
2833 1689 2981 1728 secus
3029 1675 3280 1730 decursus
3320 1693 3599 1746 aquarum,
3639 1682 3756 1751 quod

501 1787 641 1843 opus
693 1772 879 1828 habet.
916 1770 1197 1839 Quomodo
1224 1769 1405 1825 enim?
1449 1768 1586 1836 Quia
1615 1782 1777 1824 omne
1805 1776 2089 1839 peccatum
2115 1758 2164 1819 B
2192 1760 2424 1830 fructum
2441 1777 2597 1816 suum
2632 1762 2779 1816 dabit
2807 1763 2864 1816 in
2898 1771 3129 1834 tempore
3163 1781 3258 1818 suo
3283 1763 3466 1838 (Psal.
3509 1767 3571 1839 ι).
3615 1767 3752 1837 Hujus

501 1862 700 1928 evasit,
730 1875 948 1918 omnem
974 1869 1157 1916 autem
1206 1861 1464 1914 virtutem
1489 1866 1776 1929 operatum
1804 1867 1862 1915 et
1888 1859 2093 1915 aliena-

501 1960 618 2008 tum
644 1960 729 2008 est
773 1954 976 2008 mundo
1017 1951 1326 2021 mundoque
1365 1950 1706 2007 cruciﬁxum.
1755 1950 1927 2007 Nimis
1962 1966 2093 2024 ergo

502 2050 901 2113 consequenter
926 2041 1131 2098 addidit
1151 2060 1163 2096 :
1180 2041 1250 2096 Et
1272 2043 1440 2096 omnis
1454 2040 1777 2096 consecratio
1798 2058 1916 2113 qua!
1935 2043 2093 2112 offer-

500 2144 589 2191 tur
613 2136 678 2190 ab
711 2136 923 2190 homine
962 2151 1066 2188 non
1115 2134 1417 2200 redimetur,
1445 2133 1537 2188 sed
1590 2141 1757 2188 morte
1811 2133 2086 2188 morietur.

501 2225 619 2294 Qua
642 2227 855 2283 morte?
908 2225 1024 2294 Qua
1047 2224 1250 2280 Paulus
1279 2225 1494 2280 dicebat
1523 2242 1536 2278 :
1575 2223 1704 2278 Vivo
1757 2232 1934 2278 autem
1969 2224 2089 2294 jam

503 2334 611 2372 non
658 2333 773 2388 ego,
798 2318 922 2372 vivit
966 2327 1142 2371 autem
1165 2317 1219 2368 in
1249 2332 1330 2370 me
1356 2313 1615 2369 Christus.
1646 2313 1714 2368 Et
1737 2328 1928 2368 rursus
1957 2331 1971 2368 :
2001 2312 2091 2368 Sic

499 2417 551 2462 et
599 2424 685 2462 vos
711 2407 966 2462 aestimate
995 2423 1083 2460 vos
1108 2413 1341 2458 mortuos
1379 2404 1586 2476 quidem
1612 2413 1844 2474 peccato,
1868 2405 2090 2459 viventes

501 2506 677 2552 autem
714 2496 826 2552 Deo
855 2497 912 2550 in
950 2493 1157 2550 Christo
1195 2494 1344 2559 Iesu,
1374 2495 1497 2550 talis
1524 2510 1674 2566 ergo,
1707 2495 1846 2550 sicut
1873 2494 1963 2565 qui
1993 2510 2087 2550 us-

503 2603 610 2659 que
643 2589 711 2644 ad
735 2587 951 2644 culmen
979 2587 1197 2642 virtutis
1223 2587 1458 2658 prolicit,
1497 2596 1552 2642 et
1590 2601 1874 2642 mensuras
1907 2587 2086 2642 conti-

497 2679 598 2752 git,
631 2679 686 2735 id
714 2677 1064 2750 perfectionis
1092 2688 1177 2734 est
1208 2695 1223 2743 ;
1284 2687 1532 2734 mortuus
1561 2679 1711 2734 enim
1749 2679 1948 2734 saeculo
1981 2687 2087 2746 est,

497 2776 555 2825 et
583 2784 614 2824 a
642 2769 997 2840 praesentibus
1026 2767 1254 2833 alienus,
1293 2777 1348 2822 et
1390 2768 1519 2824 olim
1548 2785 1578 2823 a
1609 2769 1798 2824 mundi
1830 2769 2090 2840 migravit

496 2860 797 2932 sapientia;
822 2869 972 2917 recte
1000 2868 1224 2916 sanctus
1252 2869 1564 2916 sanctorum
1588 2859 1818 2915 Domino
1841 2868 1945 2926 est,
1994 2860 2088 2931 qui

495 2959 744 3008 sanctum
770 2959 1086 3008 sanctorum
1118 2951 1362 3007 imitatus
1380 2959 1464 3007 est
1485 2950 1782 3007 secundum
1800 2949 2084 3020 possibili-

495 3052 667 3102 tatem
695 3059 871 3102 suam.

1086 3137 1313 3194 CAPUT
1350 3138 1514 3194 XVII.

499 3229 579 3286 De
605 3229 823 3284 decimis
852 3237 1008 3284 terra:
1046 3245 1112 3284 ea:
1143 3229 1386 3314 frugibus
1407 3239 1461 3314 et.
1475 3230 1642 3300 pomis
1673 3229 1932 3300 quomodo
1957 3226 2089 3299 pos-

1134 3301 1236 3353 sint
1278 3301 1481 3352 redimi.

575 3411 752 3484 (ῘΒΙΒ.)
798 3411 989 3467 Omnes
1028 3413 1243 3467 decima:
1272 3421 1446 3480 terrm,
1472 3414 1578 3468 sive
1605 3415 1669 3468 de
1699 3414 1961 3485 frugibus,
1985 3415 2089 3470 sive

506 3504 572 3558 de
611 3503 780 3574 pomis
822 3503 1093 3568 arborum,
1135 3503 1351 3558 Domini
1381 3516 1523 3569 sunt,
1554 3514 1601 3558 et
1637 3504 1715 3558 illi
1754 3506 2090 3574 sanctiﬁcan-

502 3603 608 3671 tur.
648 3592 707 3649 Si
741 3594 858 3664 quis
908 3603 1081 3648 autem
1113 3592 1333 3648 uoluerit
1375 3594 1628 3649 redimere
1677 3595 2088 3662 decimas_suas,

505 3681 663 3740 addet
725 3686 962 3757 quintam
1008 3693 1210 3755 partem
1256 3701 1456 3738 earum.
1494 3685 1742 3740 Omnium
1770 3686 2090 3741 decimarum

503 3778 644 3831 bovis
672 3785 722 3831 et
756 3777 868 3831 ovis
892 3792 1166 3848 capraeque
1201 3791 1320 3847 qua:
1348 3775 1442 3829 sub
1481 3777 1707 3846 pastoris
1741 3778 1883 3847 virga
1912 3787 2090 3830 trans-

500 3877 642 3933 eunt,
694 3867 949 3939 quidquid
974 3866 1234 3920 decimum
1271 3866 1487 3931 venerit,
1517 3866 1937 3934 sanctiﬁcabitur
1985 3865 2093 3920 Do-

501 3958 663 4012 mino.
698 3956 826 4012 Non
852 3956 1074 4028 eligetur
1103 3973 1122 4012 :
1153 3973 1243 4010 nec
1271 3956 1460 4010 bonum
1505 3973 1597 4010 nec
1641 3956 1861 4023 malum,
1892 3973 1984 4013 nec
2014 3956 2094 4012 al-

500 4057 612 4102 tero
641 4047 1053 4103 commutabitur
1083 4060 1102 4100 :
1128 4048 1174 4102 si
1199 4048 1316 4120 quis
1365 4049 1659 4113 mutaverit,
1705 4057 1753 4103 et
1791 4048 1930 4119 quod
1979 4065 2097 4103 mu-

505 4147 676 4192 tatum
700 4149 798 4203 est,
826 4147 874 4190 et
905 4155 999 4206 pro
1024 4153 1125 4207 quo
1149 4147 1409 4192 mutatum
1432 4149 1530 4204 est,
1559 4139 1976 4208 sancti/imbitur
1994 4139 2098 4193 Do-

505 4229 646 4282 mino
665 4235 714 4280 et
743 4241 850 4279 non
872 4226 1176 4280 redimetur.
1205 4228 1416 4293 Quaeris
1443 4227 1623 4282 forsan
1646 4229 1797 4296 cujus
1821 4230 1898 4283 rei
1923 4230 2098 4300 gratia

502 4316 739 4372 fructum
794 4314 1013 4385 quidem
1068 4323 1228 4371 terrae
1276 4318 1469 4372 redimi
1519 4316 1788 4372 decimam
1827 4319 2100 4389 praecipit,-

507 4410 674 4466 boum
718 4416 903 4465 autem
928 4418 984 4464 et
1007 4409 1190 4464 ovium
1220 4425 1329 4466 non
1376 4412 1666 4483 praecipit?
1703 4413 1856 4480 Quod
1882 4413 2097 4470 Judaeus

507 4501 692 4556 dicere
719 4515 850 4571 ιιιοιι
884 4507 1085 4573 potest,
1133 4500 1258 4570 quia
1311 4500 1411 4556 soli
1437 4502 1606 4557 servit
1627 4501 1842 4568 litterae,
1892 4504 1947 4557 in
1990 4520 2096 4574 qua

509 4591 748 4648 maxime
812 4592 985 4650 multa
1043 4592 1395 4664 quaestionem
1458 4593 1774 4664 recipientia
1822 4593 2097 4666 legislator

503 4685 829 4756 interponit,
876 4695 939 4741 ut
991 4685 1262 4758 angustati
1317 4685 1386 4741 ad
1440 4685 1692 4757 spiritum
1743 4695 1989 4753 currant,
2042 4694 2098 4741 et

420 4816 425 4821 -
507 4778 687 4834 sciant
743 4780 871 4850 quia
935 4781 1116 4836 littera
1187 4787 1320 4836 tunc
1377 4788 1461 4836 est
1517 4780 1660 4836 bona
1709 4781 1940 4850 quando
2005 4781 2096 4836 illa

511 4874 594 4928 usi
655 4872 861 4928 fuerint
925 4875 1074 4931 velut
1135 4875 1496 4931 instrumento
1550 4883 1607 4930 et
1658 4875 1913 4931 ministra
1983 4875 2094 4946 spi-

512 4965 671 5022 ritus.

585 5056 957 5114 Dilerentiam
985 5073 1116 5129 ergo
1140 5057 1529 5130 discipulorum
1555 5057 1689 5127 legis
1713 5057 1806 5113 hic
1826 5058 2096 5129 proponit,

515 5156 571 5205 et
589 5150 1046 5220 quemadmodum
1072 5151 1126 5204 in
1150 5151 1527 5224 primogenitis
1549 5150 1766 5207 mundis
1787 5157 1843 5206 et
1867 5151 2101 5206 immun-

517 5241 623 5306 dis,
651 5240 870 5310 quidam
898 5255 1020 5296 cum
1048 5241 1375 5309 obedientia,
1401 5250 1456 5297 et
1476 5244 1677 5299 bonam
1706 5242 1840 5313 legis
1869 5244 2104 5299 medita-

517 5335 722 5391 tionem
753 5344 808 5391 et
849 5336 1132 5392 scientiam
1158 5337 1619 5406 conquisiverunt,
1663 5339 1886 5410 quidam
1917 5349 2102 5396 autem

524 5435 650 5484 sunt
671 5429 764 5500 qui
791 5429 962 5485 solam
990 5429 1356 5485 obedientiam
1386 5431 1621 5498 habent;
1656 5432 1735 5487 sic
1765 5441 1821 5487 et
1864 5433 1956 5488 hic
1981 5434 2101 5503 qui-

514 5521 641 5575 dam
671 5530 964 5592 operantes
1010 5522 1266 5577 mandata
1313 5521 1634 5592 sapientiam
1688 5531 1958 5581 terrenam
2007 5529 2104 5582 ha-

519 5614 669 5682 bent,
716 5625 772 5672 et
811 5627 1097 5689 propterea
1136 5615 1511 5688 redemptione
1547 5619 1858 5676 necessario
1913 5628 2101 5692 egent;

521 5706 737 5775 quidam
786 5726 888 5768 nec
931 5709 1123 5766 redimi
1167 5724 1302 5781 opus
1350 5707 1574 5776 habent,
1620 5711 1715 5768 sed
1756 5726 1856 5770 nec
1902 5713 2103 5770 mutari

2193 1865 2327 1923 ergo
2355 1851 2568 1908 decima
2594 1861 2783 1909 sancta
2824 1861 2928 1910 est.
2965 1853 3171 1910 Sancta
3201 1857 3348 1911 enim
3393 1859 3593 1914 horum
3633 1860 3750 1914 actio

2193 1951 2277 2000 est
2321 1951 2378 2000 et
2426 1945 2665 2000 studium
2702 1952 2790 2001 est
2819 1963 2832 1999 :
2864 1946 2992 2016 quia
3031 1947 3124 2016 qui
3171 1947 3305 2019 legis
3355 1950 3611 2004 mandata
3650 1966 3750 2021 ope-

2194 2050 2344 2103 rans,
2375 2051 2528 2108 spem
2556 2037 2611 2091 in
2639 2045 2934 2106 praesentes
2982 2023 3370 2094 retributiones
3398 2042 3572 2110 ponit,
3622 2051 3752 2096 terre-

2193 2142 2265 2182 na
2302 2127 2467 2199 sapit,
2491 2127 2680 2198 quales
2707 2137 2867 2183 erant
2895 2129 3113 2198 quidam
3152 2129 3480 2198 Judzeorum,
3531 2134 3595 2188 ad
3641 2149 3749 2204 quos

2193 2226 2253 2272 ut
2300 2226 2426 2288 pote
2470 2226 2631 2273 teme
2657 2219 3012 2285 haerentibus,
3060 2219 3322 2277 Dominus
3375 2224 3625 2278 dicebat:
3670 2216 3750 2279 Vos

2192 2309 2438 2363 deorsum
2466 2310 2612 2374 estis,
2650 2327 2743 2381 ego
2777 2311 3052 2366 desursum
3079 2307 3216 2367 sum;
3271 2311 3378 2368 Sed
3404 2322 3458 2368 et
3483 2313 3669 2370 Paulus
3697 2313 3751 2370 de

2192 2400 2273 2456 eis
2304 2401 2443 2456 dixit
2474 2418 2488 2454 :
2518 2401 2857 2467 Quiterrena
2888 2405 3118 2472 sapiunt,
3158 2414 3342 2459 nostra
3365 2415 3538 2460 autem
3571 2422 3749 2461 consero

2191 2495 2329 2548 satio
2379 2496 2432 2548 in
2463 2494 2602 2549 cmlis
2623 2505 2698 2549 est
2750 2493 2974 2567 (Philip.
3007 2496 3112 2567 ιιι).
3165 2497 3280 2553 Hoc
3318 2508 3506 2553 autem
3530 2515 3660 2554 nunc
3683 2498 3748 2553 in-

2192 2585 2344 2651 nuit;
2390 2601 2567 2656 neque
2614 2587 2762 2642 enim
2788 2587 3107 2658 simpliciter
3136 2589 3272 2644 dixit
3297 2609 3311 2642 :
3342 2589 3535 2646 Omnis
3565 2591 3747 2646 decim

2192 2685 2376 2743 terrm,
2407 2678 2504 2733 sed
2541 2688 2597 2734 et
2643 2697 2819 2735 omnes
2839 2681 3056 2734 decimae
3079 2691 3231 2735 terra:
3253 2682 3528 2750 praedixit,
3560 2689 3610 2737 et
3646 2693 3744 2736 tunc

2191 2772 2453 2841 subdidit,
2484 2775 2588 2829 sive
2625 2774 2689 2828 de
2713 2774 2972 2845 frugibus,
3002 2782 3062 2828 ut
3088 2775 3414 2845 prmdicaret
3451 2784 3623 2846 aperte
3647 2789 3745 2828 eum

2191 2873 2284 2942 qui
2309 2869 2671 2925 intentionem
2706 2869 3115 2938 exspectatione
3152 2875 3505 2922 terrenorum
3526 2868 3744 2923 bonorum

2191 2964 2325 3034 legis
2359 2963 2616 3019 mandata
2643 2970 2918 3032 operatur,
2949 2970 3006 3015 et
3033 2961 3078 3016 si
3109 2970 3297 3016 sancta
3331 2961 3452 3032 ejus
3470 2960 3679 3025 decima,
3703 2958 3744 3012 id

2189 3063 2294 3120 est,
2340 3054 2583 3108 mandati
2607 3053 2852 3124 operatio
2878 3061 2985 3120 est,
3013 3063 3391 3108 verumtamen
3433 3069 3542 3107 non
3574 3050 3744 3123 grande

2116 3124 2161 3189 (ἶ
2187 3145 2441 3218 juvamen
2463 3159 2654 3199 eorum
2680 3151 2764 3198 est
2795 3158 2863 3198 ex
2893 3141 2988 3196 tali
3019 3144 3340 3214 operatione
3365 3144 3511 3198 circa
3547 3141 3746 3196 retribu-

2192 3239 2396 3293 tionem
2432 3254 2594 3308 quam
2632 3252 2740 3292 non
2791 3242 3007 3308 Oportet
3042 3251 3072 3290 a
3104 3236 3214 3292 Deo
3262 3236 3562 3309 eXSpectari
3588 3233 3649 3289 ab
3683 3233 3748 3290 eis

2191 3333 2286 3403 qui
2319 3333 2553 3388 terrenis
2583 3333 2812 3388 inhiant.
2855 3332 3008 3388 Unde
3033 3331 3081 3386 si
3107 3330 3223 3386 vult
3248 3333 3433 3402 quivis
3464 3329 3748 3399 sibimetipsi

2192 3424 2458 3480 decimam
2486 3425 2627 3478 hanc
2658 3423 2961 3493 acquirere,
3005 3423 3167 3478 addat
3188 3424 3452 3492 quintam,
3484 3422 3535 3477 id
3557 3429 3652 3486 est,
3681 3421 3749 3474 in-

2193 3514 2565 3585 telligentiam,
2595 3523 2655 3570 ut
2681 3531 2797 3586 quoe
2835 3530 3046 3569 sursum
3080 3523 3202 3568 sunt
3245 3516 3440 3585 sapiat,
3481 3523 3529 3569 et
3561 3529 3621 3567 ea
3656 3526 3753 3582 qua

2193 3622 2402 3661 sursum
2429 3615 2549 3661 sunt
2573 3616 2776 3677 quierat
2798 3603 3021 3677 (Coloss.
3046 3605 3152 3676 ιιι),
3174 3605 3618 3674 quemadmodum
3642 3601 3758 3656 Pau-

2195 3698 2279 3754 lus
2333 3699 2624 3754 scribebat.
2657 3697 2762 3765 Qui
2788 3698 2934 3753 enim
2961 3697 3097 3767 legis
3122 3697 3199 3752 sic
3225 3697 3466 3751 mandata
3489 3701 3756 3763 operatur,

2194 3807 2304 3846 non
2325 3791 2504 3860 perdit
2534 3791 2744 3845 lucrum
2772 3790 2911 3860 ejus,
2959 3792 3089 3859 quia
3118 3790 3315 3845 decima
3347 3788 3466 3858 ejus
3517 3784 3755 3842 efficitur.

2195 3882 2338 3954 Ergo
2367 3883 2484 3953 ejus
2507 3882 2602 3953 qui
2653 3891 2872 3938 terrena
2901 3884 3070 3954 isapit
3106 3883 3313 3938 decima
3342 3889 3530 3937 sancta
3563 3881 3755 3951 quidem

2197 3985 2302 4041 est,
2337 3975 2432 4031 sed
2460 3989 2568 4030 non
2596 3974 2668 4042 ei,
2706 3975 2833 4044 quia
2864 3990 2972 4030 non
3010 3973 3422 4046 intelligibiliter
3472 3971 3755 4028 mandatum

2197 4071 2474 4135 operatur,
2511 4080 2613 4120 nec
2642 4066 2754 4120 scit
2783 4065 2926 4134 quod
2965 4065 3176 4120 lucrum
3201 4066 3254 4119 in
3279 4078 3345 4119 ea
3373 4070 3654 4134 exspectet,
3679 4069 3758 4116 aut

2197 4171 2361 4226 quam
2409 4156 2822 4212 retributionem
2870 4157 2928 4211 in
2979 4171 3044 4210 ea
3091 4165 3298 4227 speret.
3350 4155 3506 4210 Bovis
3533 4165 3691 4209 autem
3720 4163 3756 4206 et

2201 4247 2331 4311 ovis,
2371 4256 2419 4302 et
2467 4264 2794 4320 quwcunque
2831 4248 2926 4302 sub
2951 4258 3330 4320 numero_sunt
3370 4257 3421 4304 et
3458 4248 3551 4303 sub
3589 4249 3756 4316 virgam

2201 4345 2506 4401 transeunt;
2540 4337 2670 4392 dicit
2702 4337 2846 4392 enim
2869 4353 2963 4393 eos
2995 4337 3088 4407 qui
3123 4317 3225 4393 sub
3253 4337 3408 4408 virga
3437 4343 3756 4392 numerantur

2203 4429 2405 4496 crucis,
2437 4430 2640 4499 quibus
2669 4439 2730 4484 ut
2759 4438 3116 4486 numerentur
3161 4429 3301 4486 ﬁdes
3343 4429 3442 4485 Dei
3475 4439 3533 4486 et
3561 4427 3759 4483 amicitia

2202 4520 2404 4586 donat;
2455 4521 2702 4590 quisquis
2739 4521 2887 4576 enim
2927 4501 3102 4577 ﬁdens
3149 4530 3234 4576 est
3273 4521 3413 4589 Deo,
3463 4522 3557 4577 hic
3578 4520 3680 4589 ejus
3719 4521 3761 4568 cl

2203 4612 2412 4668 amicus
2465 4603 2759 4666 inVenitur.
2817 4612 2970 4680 Quod
3015 4615 3357 4669 demonstrat
3399 4611 3689 4674 Abraham,
3714 4607 3762 4658 dc

2201 4717 2309 4774 quo
2339 4703 2542 4758 dictum
2588 4711 2710 4758 est:
2745 4700 2982 4758 Credidit
3016 4704 3286 4758 Abraham
3319 4703 3434 4758 Deo
3488 4713 3539 4758 et
3584 4708 3760 4772 reputa-

2201 4805 2313 4852 tum
2345 4805 2422 4852 est
2461 4797 2510 4852 ei
2537 4796 2604 4852 ad
2624 4797 2914 4868 justitiam,
2948 4807 2996 4852 et
3031 4799 3234 4852 amicus
3269 4797 3368 4852 Dei
3405 4796 3692 4869 appellatus
3708 4803 3762 4846 est

2203 4889 2384 4962 (Rom.
2416 4888 2515 4960 ιν).
2546 4889 2649 4956 Qui
2679 4889 2824 4944 enim
2847 4889 3008 4946 amici
3036 4891 3131 4946 Dei
3149 4904 3380 4945 numero
3405 4890 3568 4961 digni
3596 4889 3764 4944 haben-

2205 4988 2317 5046 tur,
2373 4979 2503 5035 licet
2527 4978 2638 5034 sint
2665 4979 2944 5036 immensae
2971 4980 3354 5048 multitudinis,
3387 4989 3445 5036 et
3476 4997 3588 5036 non
3624 4978 3766 5034 solum

2205 5070 2589 5140 signumerum,
2642 5070 2738 5126 sed
2791 5072 2959 5127 etiam
3004 5072 3050 5127 si
3090 5086 3404 5128 mensuram
3439 5069 3772 5130 excesserint.

2205 5162 2334 5220 audi
2368 5161 2540 5217 David
2571 5163 2876 5218 dicentem:
2909 5163 3045 5219 Mihi
3073 5172 3248 5220 autem
3277 5166 3435 5220 nimis
3469 5161 3777 5234 honoriﬁcati

2209 5263 2333 5309 sunt
2374 5253 2530 5309 amici
2557 5255 2656 5321 tui,
2687 5253 2850 5318 Deus,
2881 5257 3037 5310 nimis
3064 5257 3395 5327 confortatus
3418 5273 3508 5316 est
3549 5258 3780 5333 principa-

2206 5358 2290 5403 tus
2321 5365 2521 5415 eorum,
2554 5347 2900 5402 dinumerabo
2926 5365 3013 5403 eos
3037 5357 3085 5403 et
3113 5365 3271 5420 super
3298 5366 3534 5408 arenam
3557 5344 3781 5418 multipli-

2207 5441 2465 5495 cabuntur
2502 5437 2674 5510 (Psal.
2716 5439 2980 5510 cxxxvrn)
3009 5460 3021 5496 :
3048 5441 3102 5496 hi
3131 5449 3410 5500 terrenam
3461 5461 3579 5502 non
3616 5443 3783 5500 haben!

2207 5529 2552 5599 sapientiam,
2579 5544 2680 5584 nec
2712 5530 2764 5583 in
2801 5531 2887 5586 his
2912 5546 3033 5601 quae
3075 5544 3244 5608 agunt
3271 5535 3694 5609 corruptibilem
3718 5543 3784 5585 if‘

2213 5619 2562 5673 tributionem
2613 5630 2894 5688 qumrunt,
2939 5633 3166 5696 propter
3218 5627 3362 5696 quod
3403 5642 3525 5682 non
3588 5618 3788 5696 speciale

2213 5713 2488 5783 quippiam
2519 5714 2755 5784 illorum,
2790 5717 2885 5773 sed
2908 5723 3274 5794 quodcunque
3306 5721 3555 5793 egerint.
3595 5714 3793 5778 manda-
