3994 6352
180 407 282 466 585

1061 397 1566 457 EXPOSITIONES
1601 397 1672 455 IN
1709 395 2104 456 LEVITICUI.
2142 424 2216 438 —
2247 396 2379 454 LIB.
2418 394 2531 454 VII.

3316 395 3423 454 586

179 532 289 580 tum
317 522 567 576 sanctum
586 513 700 571 Deo
743 517 846 569 est.
875 510 985 568 Sed
1005 528 1095 567 nec
1123 511 1348 583 eligetur
1380 513 1521 566 inter
1553 511 1747 565 bonum
1775 513 1832 573 Α
1853 518 2022 563 tecum
2051 524 2070 573 ;
2097 515 2176 563 est
2203 507 2341 563 enim
2383 506 2514 561 mibi
2539 503 2687 561 utilis
2730 505 2790 559 in
2841 504 3131 560 ministerio
3169 502 3222 577 (1
3229 502 3258 558 Ι
3283 501 3421 561 Tim.

181 627 226 678 et
255 610 472 677 malum,
503 608 560 663 id
602 613 710 674 est,
741 606 885 664 inter
928 605 1168 664 deterius
1193 612 1254 662 et
1282 603 1478 660 melius
1503 622 1516 658 :
1541 618 1649 659 non
1671 609 1756 658 est

183 708 321 765 enim
368 717 560 759 eorum
601 700 780 756 facilis
807 699 1083 766 discretio,
1127 699 1255 768 quia
1301 697 1408 754 etsi
1428 697 1755 752 alterutrum

185 805 454 870 superent,
485 792 942 866 quemadmodum
999 791 1156 848 stella
1183 790 1397 846 stellam
1435 790 1492 845 in
1531 789 1757 858 gloriam

187 890 510 952 differentes,
560 884 658 942 sed
699 899 892 941 omnes
926 883 984 942 in
1008 882 1148 940 cmlo
1175 890 1322 949 sunt,
1363 889 1426 938 ut
1453 896 1644 938 revera
1675 895 1758 936 se-

189 987 403 1054 quentes
452 976 720 1051 caelestia,
749 985 810 1032 et
829 975 1001 1031 asolo
1040 990 1107 1031 eo
1125 975 1221 1046 qui
1252 975 1482 1030 idoneus
1518 981 1604 1030 est
1644 972 1759 1028 dis-

193 1087 407 1131 cernere
442 1078 666 1126 sanctos
701 1076 1140 1140 cognoscuntur;
1178 1069 1480 1124 secundum
1506 1066 1648 1122 hanc
1675 1079 1766 1120 ra-

195 1170 385 1226 tionem
427 1171 648 1236 oportet
677 1162 928 1233 intelligi,
976 1177 1083 1218 non
1137 1161 1364 1232 eligetur
1413 1175 1517 1215 nec
1561 1160 1764 1215 bonum

195 1275 287 1318 nec
329 1257 554 1323 malum,
609 1270 712 1312 nec
743 1255 916 1311 altero
961 1254 1404 1311 commutabitur.
1459 1251 1595 1308 Cum
1621 1250 1768 1306 enim

193 1349 365 1406 nullus
392 1346 460 1402 de
483 1347 564 1402 eis
591 1345 664 1402 sit
695 1345 790 1416 qui
815 1344 998 1415 respui
1034 1344 1228 1415 possit,
1267 1357 1432 1413 quem
1486 1355 1596 1411 quo
1621 1355 1770 1397 com-

171 1440 447 1510 ,mutabis,
485 1445 576 1494 aut
599 1435 732 1508 quid
757 1436 929 1506 magis
950 1435 1139 1506 eligas,
1169 1443 1374 1490 nostra;
1418 1447 1528 1489 non
1568 1439 1654 1489 est
1681 1433 1763 1487 di-

177 1532 433 1603 ,judicare
467 1527 704 1584 virtutis.
749 1527 849 1582 llis
904 1541 1034 1597 ergo
1081 1525 1518 1596 supemdiﬁcans
1565 1524 1773 1580 addidit

153 1687 156 1690 ,
197 1637 310 1694 qua:
336 1626 636 1691 sequuntur
664 1636 677 1672 :
713 1615 778 1674 Si
803 1619 921 1690 quis
944 1618 1243 1684 mutaverit,
1265 1626 1314 1673 et
1345 1616 1486 1688 quod
1513 1624 1772 1670 mutatum

169 1695 172 1698 i
199 1723 285 1780 est,
305 1721 352 1768 et
377 1728 475 1783 pro
501 1726 605 1782 quo
633 1718 894 1766 mutatum
909 1718 1008 1776 est,
1032 1707 1452 1778 sanctificabitur
1476 1707 1704 1762 Domino
1723 1715 1774 1761 et

159 1795 173 1876 ί
200 1819 300 1868 non
330 1802 658 1866 redimetur;
713 1799 840 1870 quia
883 1799 1028 1857 enim
1053 1798 1295 1856 omnium
1323 1813 1516 1854 cursus
1557 1798 1772 1853 divinus

1853 600 1953 671 tv).
2001 597 2120 654 Non
2161 612 2288 669 ergo
2313 595 2604 652 intendatis
2636 595 2760 666 quis
2799 595 2942 650 inter
2984 595 3086 650 hos
3119 609 3292 651 nonus
3335 605 3431 652 aut

1854 693 2052 758 malus,
2082 692 2180 748 sed
2205 705 2308 746 nec
2335 699 2636 747 commutes
2661 689 2895 745 alterum
2916 686 3106 755 altero,
3132 695 3318 745 etnon
3343 705 3430 746 re-

1857 782 2110 840 dimetur.
2139 781 2238 838 Cui
2263 783 2410 838 enim
2439 782 2571 837 nihil
2602 782 2786 836 minus
2807 789 2909 844 est,
2931 794 3039 852 qua
3060 779 3435 855 redemptione

1858 883 1983 945 eget
2007 872 2256 928 iPraeter
2281 871 2386 926 alia
2411 885 2532 942 quae
2561 872 2616 927 in
2645 871 2902 943 praesenti
2930 869 3075 926 dicta
3098 878 3246 938 sunt,
3263 878 3439 926 osten-

1859 965 1992 1020 dere
2029 964 2304 1036 legislator
2341 964 2457 1018 vult
2482 965 2608 1034 quia
2657 965 2713 1020 hi
2761 964 2916 1034 quia
2957 964 3112 1019 nobis
3152 964 3436 1030 docentur,

1862 1057 2080 1126 quando
2117 1057 2254 1112 fiunt
2285 1055 2535 1126 perfecti,
2587 1056 2724 1111 nihil
2750 1054 2864 1124 iam
2893 1064 3081 1112 nostro
3127 1056 3440 1126 magisterio

1865 1159 2042 1220 egent,
2089 1159 2146 1204 et
2177 1157 2468 1219 propterea
2487 1148 2887 1205 immundorum
2913 1150 3271 1222 primogenita
3301 1149 3445 1206 redi-

1864 1240 1942 1295 mi
1979 1241 2075 1305 ait,
2111 1239 2439 1295 mundorum
2473 1250 2655 1304 autem
2703 1255 3064 1313 nequaquam,
3115 1243 3207 1298 sed
3245 1258 3349 1299 nec
3377 1259 3441 1299 ea

1867 1344 1989 1401 qua
2017 1328 2131 1385 Deo
2165 1338 2485 1386 consecrata
2515 1339 2661 1399 sunt,
2703 1346 2806 1387 nec
2843 1331 2959 1387 haec
2979 1331 3046 1386 de
3086 1333 3281 1402 quibus
3305 1349 3450 1389 nunc

1869 1435 2050 1479 sermo
2079 1431 2184 1490 est,
2212 1423 2458 1494 perfecta
2480 1426 2627 1480 enim
2661 1423 3035 1481 demonstrata
3065 1434 3209 1493 sunt,
3241 1433 3300 1480 ut
3321 1423 3450 1498 pote

1869 1531 1991 1588 qua
2055 1517 2407 1574 intentionem
2477 1517 2713 1573 divinam
2774 1517 3160 1589 cmlestemque
3235 1526 3446 1590 gerunt.

1870 1611 2042 1678 Quem
2053 1611 2196 1665 enim
2220 1610 2382 1666 ﬁnem
2408 1609 2531 1666 libri
2555 1607 2714 1679 hujus
2732 1612 3186 1682 przeceperitesse
3207 1610 3447 1682 spiritus,

1827 1721 1848 1730 ’·
1873 1703 2018 1759 hunc
2045 1703 2101 1758 in
2129 1703 2480 1773 sequentibus
2507 1702 2738 1758 intuere.

1946 1812 2077 1870 Haec
2099 1823 2222 1869 sunt
2262 1823 2521 1885 pra’cepta
2551 1831 2668 1885 qua:
2695 1815 2962 1871 mandavit
2986 1815 3243 1872 Dominus
3281 1787 3454 1887 Moysi

204 1903 256 1951 et
281 1893 526 1950 sublimis
542 1933 556 1957 ,
590 1900 646 1948 et
669 1905 918 1960 superna:
943 1889 1342 1956 conversationi
1368 1887 1650 1959 proximus
1667 1894 1769 1953 est,

1878 1908 1944 1964 ad
1990 1908 2128 1977 ﬁlios
2171 1877 2344 1961 Israel
2370 1877 2625 1961 in'monte
2657 1903 2832 1961 Sinai.
2866 1905 2935 1960 Et
2969 1905 3122 1977 cuius
3161 1906 3242 1963 rei
3281 1877 3457 1978 gratia

202 1980 396 2038 frustra
431 1980 646 2037 conaris
673 1981 818 2036 hunc
845 1993 1102 2050 respuere
1132 1996 1146 2030 :
1177 1977 1348 2034 alium
1375 1985 1556 2037 autem
1579 1991 1681 2049 pro
1704 1991 1772 2032 eo

205 2074 564 2148 introducere,
620 2081 678 2128 et
731 2086 1056 2128 consecrare
1094 2071 1207 2127 Deo
1257 2071 1414 2141 quasi
1470 2071 1771 2137 meliorem,

204 2182 302 2222 non
321 2175 409 2222 est
438 2173 590 2221 tuum
617 2181 634 2232 ;
664 2180 764 2220 nec
785 2172 938 2220 tuum
964 2171 1050 2220 est
1079 2164 1186 2218 hoc
1229 2163 1558 2229 discernere,
1597 2178 1775 2233 neque

205 2255 340 2314 hunc
383 2257 480 2312 illo
521 2256 666 2310 inter
704 2261 922 2310 sanctos
955 2253 1229 2324 appellare
1253 2254 1600 2319 deteriorem,
1627 2254 1776 2324 quod

203 2349 358 2404 etiam
381 2363 454 2403 ex
481 2347 723 2402 historiae
761 2345 908 2402 facto
933 2359 1238 2417 cognosce:
1264 2345 1464 2402 Paulus
1485 2347 1776 2418 aliquando

204 2447 255 2493 et
281 2437 558 2493 Barnabas
585 2437 730 2492 inter
753 2437 1077 2508 semetipsos
1101 2436 1518 2496 contenderunt.
1569 2438 1775 2492 Barna-

206 2529 298 2586 bas
328 2532 477 2588 enim
513 2529 726 2590 dicebat
775 2529 972 2586 debere
1009 2531 1213 2587 assumi
1255 2530 1528 2596 Marcum;
1581 2530 1778 2586 Paulus

204 2631 379 2678 autem
411 2621 622 2676 dicebat
647 2635 790 2687 eum,
820 2621 912 2691 qui
930 2621 1090 2676 semel
1130 2623 1335 2678 recessit
1364 2639 1398 2675 a
1439 2619 1776 2691 Pamphylia,

202 2721 248 2765 et
292 2712 380 2782 qui
435 2727 540 2766 non
578 2711 841 2764 concurrit
882 2713 957 2766 eis
998 2713 1056 2766 in
1101 2729 1276 2783 opere,
1301 2729 1406 2767 non
1424 2712 1607 2767 debere
1623 2729 1778 2786 assu-

202 2789 291 2856 mi.
318 2800 492 2854 Facta
515 2811 587 2856 est
602 2811 772 2858 autem
795 2803 930 2855 inter
941 2819 1026 2856 eos
1047 2802 1168 2857 talis
1181 2803 1440 2858 contentio
1455 2801 1778 2874 [dissensio],

203 2891 274 2954 ita
301 2903 353 2944 ut
397 2891 724 2946 discederent
751 2891 1057 2948 abinvicem.
1082 2893 1152 2948 Et
1185 2893 1464 2948 Barnabas
1513 2901 1780 2963 assumpto

204 2981 378 3037 Marco
419 2983 689 3052 navigaret
712 2980 972 3053 Cyprum;
1009 2980 1214 3038 Paulus
1256 2991 1431 3038 autem
1473 2981 1668 3052 eligens
1696 2981 1784 3037 Si—

204 3069 322 3139 lam,
355 3074 589 3127 traditus
627 3084 703 3128 est
745 3076 931 3144 gratia:
979 3074 1078 3129 Dei
1134 3072 1270 3142 (Act.
1316 3073 1431 3146 xv).
1458 3074 1622 3130 Vides
1644 3090 1782 3146 quo-

203 3166 356 3222 modo
401 3167 640 3222 mutavit
685 3169 900 3235 melius,
948 3168 1089 3224 sicut
1120 3169 1429 3236 aestimavit,
1488 3169 1780 3226 deteriore.

1873 2018 1981 2057 non
2011 2000 2144 2072 ipsis
2187 1999 2313 2054 ﬁliis
2354 1997 2544 2065 Israel,
2590 1995 2685 2054 sed
2731 1995 2908 2070 Moysi
2951 1999 3020 2053 ad
3067 1999 3208 2070 ﬁlios
3249 1998 3460 2054 Israel?

1874 2091 2010 2159 Quia
2053 2089 2282 2162 populus
2326 2097 2446 2145 erat
2473 2087 2756 2154 infirmior,
2797 2097 3003 2144 tantam
3038 2090 3172 2164 legis
3217 2091 3456 2146 sanctio-

1874 2199 2002 2238 nem
2034 2196 2231 2253 capere
2260 2197 2368 2237 nou
2407 2179 2617 2248 valens,
2661 2181 2716 2234 in
2753 2196 2891 2252 qua,
2933 2182 3075 2236 sicut
3102 2182 3161 2236 in
3200 2182 3455 2252 speculis,

1876 2273 2054 2329 claras
2081 2262 2285 2328 formas
2327 2285 2551 2326 suorum
2595 2272 2981 2342 mysteriorum
3021 2272 3164 2328 Deus
3194 2273 3456 2330 ostendit.

1877 2362 1960 2419 Tu
1979 2378 2108 2434 ergo
2133 2363 2178 2418 si
2210 2378 2317 2418 non
2347 2363 2429 2418 vis
2453 2363 2520 2418 de
2548 2361 2709 2434 vulgo
2737 2379 2880 2431 esse,
2911 2364 3007 2420 sed
3031 2363 3208 2436 qualis
3248 2364 3462 2435 Moyses

1875 2453 2000 2520 fuit,
2025 2453 2205 2522 praabe
2235 2453 2576 2524 temetipsum
2609 2453 2972 2522 obedientem,
3001 2456 3340 2527 mundaeque
3367 2456 3464 2520 ba-

1875 2543 2098 2600 bentem
2143 2560 2334 2600 omnes
2381 2545 2573 2602 animae
2620 2561 2831 2612 sensus,
2875 2555 2930 2603 et
2972 2548 3059 2603 dic
3088 2548 3200 2605 Deo
3231 2547 3465 2604 :Revela

1881 2633 2058 2689 oculos
2106 2651 2270 2701 meos,
2305 2644 2354 2689 et
2400 2635 2739 2692 considerabo
2789 2637 3056 2692 mirabilia
3105 2652 3170 2695 ae
3210 2639 3320 2712 lege
3369 2650 3462 2694 tua

1882 2724 2063 2797 (Psal.
2093 2725 2316 2799 cxvm);
2351 2726 2596 2798 relinque
2618 2729 2904 2784 materiam
2929 2731 3131 2798 carnis,
3158 2739 3214 2788 et
3243 2732 3466 2802 spiritus

1882 2819 2100 2874 divitias
2153 2835 2408 2890 sequere;
2465 2821 2552 2876 dic
2607 2838 2730 2878 cum
2791 2823 3009 2878 David:
3058 2823 3231 2889 Quam
3285 2823 3468 2884 dulcia

1883 2913 2126 2982 faucibus
2145 2914 2276 2966 meis
2305 2913 2514 2985 eloquia
2549 2923 2664 2982 tua,
2702 2914 2946 2982 Domine,
2982 2931 3140 2985 super
3166 2913 3269 2969 mel
3295 2924 3346 2970 et
3382 2915 3469 2986 {a-

1884 3021 2003 3060 vum
2039 3005 2117 3058 ori
2145 3021 2261 3059 meo
2309 3003 2472 3076 (Ibid.
2497 3010 2537 3074 ),
2583 3013 2643 3060 ut
2687 3014 2742 3062 et
2783 3007 2881 3062 tibi
2915 3007 3374 3076 quemadmodum
3415 3017 3473 3064 et

1886 3094 2054 3166 Moysi
2078 3096 2298 3150 mandet
2325 3111 2590 3168 suamque
2623 3096 2724 3152 tibi
2746 3098 2932 3153 credat
2961 3099 3283 3170 sapientiam
3308 3118 3321 3152 :
3358 3097 3474 3153 Me-

1888 3187 1990 3242 lior
2027 3198 2102 3243 est
2140 3191 2280 3244 enim
2325 3189 2606 3261 negotiatio
2630 3191 2746 3261 ejus
2778 3199 2993 3261 argento
3023 3200 3071 3246 et
3100 3208 3232 3246 auro
3277 3191 3470 3263 primo,

203 3253 372 3326 ipsum
399 3269 612 3350 aufem,
659 3260 804 3330 (ιυοά
831 3268 1100 3316 nmmum
1120 3271 1225 3328 es"
1257 3270 1314 3316 ει
1341 3277 1440 3331 PFO
1465 3277 1574 3332 (Ιυο
1604 3271 1782 3317 num‘
1808 3256 1853 3320 C
1885 3278 2088 3350 fructus
2132 3279 2246 3350 ejus
2289 3253 2567 3350 pretiosior
2604 3253 2678 3334 est
2709 3253 2912 3334 cunctis
2952 3281 3157 3350 opibus,
3204 3288 3253 3334 et
3277 3253 3474 3334 ὀπυιίᾶ

203 3353 311 3401 tum
336 3357 448 3414 est,
483 3345 688 3404 factum
716 3358 798 3406 est
825 3360 1104 3419 sanctum;
1151 3350 1320 3407 Silam
1348 3353 1494 3408 enim
1527 3353 1669 3408 sicut
1691 3367 1784 3423 ap-

203 3435 390 3494 tiorem
417 3439 607 3496 Marco
647 3441 716 3496 ad
742 3442 1105 3500 ministerium
1148 3444 1556 3514 praedicationis
1591 3442 1780 3514 elegit,

203 3543 305 3583 non
351 3539 540 3585 tamen
587 3531 843 3601 expulsus
892 3543 977 3589 est
1011 3533 1254 3601 Marcus;
1307 3535 1588 3592 Barnabas
1627 3535 1786 3604 quip-

203 3631 286 3687 pe,
322 3636 449 3676 eum
480 3637 782 3686 assumens,
813 3622 947 3676 abiit
967 3622 1227 3692 Cyprum,
1266 3631 1320 3677 et
1351 3639 1473 3678 cum
1501 3638 1567 3678 eo
1591 3621 1786 3694 prasti-

203 3709 358 3764 cabat
385 3711 521 3766 etin
553 3717 765 3764 tantum
799 3718 917 3765 erat
956 3726 1203 3783 magnus,
1261 3719 1322 3766 ut
1358 3720 1416 3765 et
1457 3711 1789 3782 evangelista

201 3813 340 3854 unus
378 3801 450 3856 de
476 3808 711 3869 quatuor
735 3800 911 3856 ﬁeret.

265 3911 419 3982 Ergo
452 3909 650 3964 Paulus
679 3919 982 3967 retractans
1009 3921 1067 3968 et
1091 3929 1423 3984 cognoscens
1451 3916 1580 3984 quia
1604 3916 1786 3971 nullus

203 4007 527 4054 sanctorum
549 4001 880 4066 respuendas
908 4009 1012 4067 est,
1040 4018 1140 4059 nec
1166 4013 1348 4073 potest
1377 4006 1574 4074 aliquis
1598 4021 1788 4062 eorum

1885 3386 2002 3442 quae
2027 3369 2412 3438 desiderantur,
2444 3372 2566 3425 huic
2594 3387 2698 3425 non
2728 3370 2901 3426 valent
2927 3371 3226 3443 comparari
3255 3389 3272 3426 :
3305 3371 3476 3442 longi-

1887 3462 2014 3516 tudo
2049 3462 2252 3516 dierum
2283 3463 2339 3517 in
2368 3464 2582 3518 dextera
2607 3465 2756 3534 ejus;
2785 3465 2841 3517 in
2877 3465 3096 3519 sinistra
3135 3463 3252 3533 ejus
3278 3463 3477 3519 divitia:

1887 3563 1935 3608 et
1956 3553 2127 3624 gloria
2153 3571 2172 3609 :
2194 3557 2290 3610 via:
2314 3556 2453 3624 ejus,
2483 3558 2575 3610 via:
2608 3556 2864 3626 pulchrae,
2897 3574 3075 3612 omnes
3103 3556 3300 3611 semitm
3331 3555 3476 3610 illius

1887 3645 2123 3714 paciﬁca:
2163 3643 2356 3716 (Prov.
2383 3647 2500 3718 Ill).
2551 3647 2777 3717 Lignum
2819 3649 2936 3702 vita:
2963 3658 3040 3702 est
3063 3648 3144 3701 Itis
3170 3649 3260 3717 qui
3293 3663 3480 3716 appre—

1891 3733 2165 3787 henderint
2205 3752 2340 3801 eam,
2371 3745 2421 3789 et
2455 3737 2546 3806 qui
2575 3738 2796 3790 tenuerit
2832 3753 2949 3790 eam
2988 3737 3168 3790 beatus
3195 3751 3213 3790 :
3242 3735 3323 3804 ﬁli
3374 3736 3477 3801 mi,

1895 3824 2021 3880 audi
2054 3825 2348 3882 doctrinam
2374 3828 2540 3898 patris
2581 3828 2679 3892 tui,
2706 3827 2762 3882 id
2781 3835 2866 3882 est
2893 3827 3011 3894 Dei,
3035 3836 3083 3882 et
3110 3844 3215 3882 non
3237 3827 3480 3881 discedas

1893 3932 1926 3968 a
1954 3915 2063 3986 lege
2089 3919 2271 3971 matris
2314 3926 2440 3984 ture,
2490 3919 2544 3974 id
2573 3926 2656 3974 est
2693 3919 2971 3990 sapientiae
3009 3937 3022 3972 :
3067 3934 3314 3974 coronam
3342 3919 3481 3974 enim

1897 4010 2186 4079 gratiarum
2224 4010 2368 4066 dabit
2411 4013 2570 4082 capiti
2607 4023 2722 4078 tuo,
2769 4013 2825 4068 id
2853 4022 2938 4067 est
2973 4012 3272 4077 Christum,
3302 4019 3350 4066 et
3377 4021 3484 4065 tor-

204 4090 289 4160 qui
315 4086 572 4158 perfecte
590 4089 936 4158 profecerunt
955 4092 1101 4148 hunc
1122 4093 1301 4149 dicere
1324 4095 1669 4162 deteriorem,
1697 4110 1797 4152 nec
1899 4113 2022 4170 ques
2045 4117 2206 4154 aurea
2231 4102 2300 4156 sit
2341 4101 2482 4157 circa
2521 4103 2712 4158 collum
2755 4115 2904 4158 tuum
2943 4104 2963 4176 (
2989 4103 3146 4160 Prov.
3179 4101 3260 4175 ι),
3291 4102 3346 4156 id
3393 4109 3482 4157 est

131 4249 140 4256 θ
209 4177 354 4233 illum
402 4177 708 4245 meliorem,
737 4180 854 4250 ipse
884 4197 1074 4238 rursus
1123 4183 1361 4240 Marcum
1397 4187 1708 4256 assumpsit,
1735 4195 1791 4242 et

213 4269 275 4323 ad
296 4263 650 4325 Timotheum
686 4270 958 4328 scribebat
986 4289 1002 4327 :
1027 4273 1313 4330 Assumeus
1351 4274 1597 4332 Marcum
1619 4276 1790 4332 deduc

677 5906 943 5970 Pnaot.
977 5905 1169 5972 CVIII

1899 4190 2135 4263 Spiritus
2160 4203 2399 4263 sanctus,
2423 4195 2510 4253 cui
2532 4205 2617 4254 est
2636 4196 2808 4268 gloria
2833 4196 2893 4254 in
2911 4195 3106 4256 saecula
3129 4193 3474 4253 saeculorum.

1893 4282 2084 4342 Amen.

2976 5906 3056 5970 19
