3994 6352
1169 383 1230 438 Β.
1269 373 1540 440 ΒΑΒΛΝῘ
1561 375 1784 438 MAUII
1815 379 2099 438 ARCHIEI

2176 379 2490 439 Μωυιητ.
2527 379 2814 440 OPM!
2847 379 3027 439 PARS
3062 381 3107 439 ι.

529 513 3810 562 W

1090 681 1666 800 ΒΕΔΤῙ
1741 681 2099 798 ΒΔΕ

1234 889 1524 950 ABBATIS
1561 883 1950 950 FULDENSIS
1987 885 2078 948 ET
2115 885 2500 951 MOGUNTINI
2535 881 3066 953 ARCHIEPISCOH

885 1071 1799 1244 ΕΝᾹΙὶΙὶᾹΤΙθΝΠΜ
1908 1077 2040 1236 ΙΝ

2176 1075 2588 1246 lIBRUM
2691 1073 3424 1240 NUMERORUI

1551 1341 1770 1418 LIBRI
1809 1341 2213 1426 QUATUOR.
2263 1343 2505 1430 (ANNO
2547 1343 2718 1440 επ.)

1859 1553 2434 1642 ΡΒᾹΞΕΑΤΙΟ

1348 1693 1444 1756 ΔΙ)
1479 1692 1954 1756 FRECULPHUM
1990 1690 2492 1749 LEXOVIENSEM'
2519 1688 2930 1751 EPISCOPUI'.

1928 1815 2365 1832 -ψ

571 1891 932 1948 Numerorum
982 1884 1188 1942 librum
1245 1883 1634 1955 multiplicibus
1703 1882 2087 1954 mysteriorum
2115 1891 2168 1952 Α
2190 1879 2362 1953 pinxi,
2387 1879 2528 1935 sicut
2550 1885 2612 1936 et
2651 1875 2712 1934 in
2733 1877 2858 1934 aliis
2887 1875 3172 1949 opusculis
3195 1877 3404 1936 lusu-is
3434 1879 3558 1950 iam
3586 1895 3680 1939 me
3705 1884 3776 1942 fo-

497 1981 921 2040 obscuritatibus
967 1977 1288 2046 involutum,
1339 1983 1653 2033 sanctorum
1694 1975 1919 2032 Patrum
1968 1991 2092 2032 sen-

497 2076 682 2131 tentia:
719 2074 953 2147 produnt
985 2088 998 2125 :
1030 2071 1156 2143 quia
1211 2070 1286 2127 ibi
1331 2083 1592 2126 numerus
1639 2069 1872 2125 filiorum
1919 2067 2090 2125 Israel

493 2170 726 2242 mystice
747 2166 1098 2232 describitur,
1144 2172 1202 2220 et
1243 2162 1580 2236 singularum
1609 2163 1850 2219 tribuum
1880 2173 2090 2218 castra-

491 2269 764 2317 metatura
797 2259 944 2316 circa
975 2256 1385 2313 tabernaculum
1422 2255 1718 2310 testimonii
1750 2256 1819 2310 ad
1849 2254 2086 2309 formam

491 2359 694 2409 sanctae
721 2351 977 2408 Ecclesiae
999 2349 1255 2406 refertur.
1285 2347 1387 2405 Ubi
1416 2347 1729 2404 Levitarum
1759 2348 1814 2402 in
1844 2347 2088 2403 ministm

490 2449 574 2503 rio
604 2447 703 2502 Dei
743 2445 1056 2501 distributio
1085 2451 1248 2515 atque
1275 2442 1482 2500 oblatio
1517 2442 1849 2514 principum,
1893 2455 2086 2496 secun-

491 2537 619 2593 dum
645 2535 1081 2592 convenientiam
1109 2534 1415 2590 divinorum
1445 2541 1914 2589 sacramentorum
1943 2545 2085 2601 prai-

486 2629 771 2700 ﬁguratur.
808 2626 1114 2684 Novissime
1153 2633 1534 2699 quoque"th
1575 2625 1811 2697 plurima
1841 2625 2085 2678 diversa-

498 2735 620 2775 rum
693 2735 878 2776 rerum
934 2726 1094 2792 atque
1148 2720 1441 2776 efi‘ectuum
1493 2717 1746 2791 explicita
1798 2715 2082 2788 mysteria,

483 2810 725 2865 omnium
777 2811 1122 2868 mansionum
1163 2813 1232 2866 ab
1282 2810 1523 2883 Egypto
1561 2823 1734 2880 usque
1775 2808 1842 2863 ad
1877 2816 2082 2863 terram

490 2901 954 2972 repromissionis,
1003 2905 1058 2960 in
1088 2905 1286 2975 quibus
1324 2902 1586 2960 israeiiue
1628 2900 1956 2957 transeundo
1991 2915 2081 2955 ca-

481 2997 789 3052 strametati
832 3003 1002 3065 sunt,
1050 2997 1332 3069 catalogus
1369 3003 1752 3061 enumeratur;
1811 3002 1872 3048 ut
1921 2993 2080 3047 nobis

483 3086 822 3142 demonstret
844 3087 1084 3158 qualiter
1111 3089 1179 3143 de
1203 3083 1441 3159 Egypto
1467 3083 1699 3155 spiritali
1730 3080 1953 3155 egressi,
1983 3095 2080 3150 per

479 3190 635 3233 mare
679 3179 926 3234 Rubrum
963 3188 1132 3250 atque
1153 3193 1398 3235 eremum
1431 3175 1798 3232 vastissimam
1843 3187 2079 3244 praesen-

2191 1979 2332 2035 cisse
2365 1977 2640 2042 recordor,
2671 1981 2733 2030 ut
2767 1976 2936 2032 sciret
2981 1975 3156 2032 lector
3191 1991 3304 2048 qua
3345 1977 3656 2034 securitate
3683 1979 3768 2034 Ps-

2191 2084 2333 2130 trum
2363 2073 2508 2130 dicta
2551 2073 2732 2144 legere
2761 2077 2982 2143 posset,
3008 2077 3322 2143 quantaque
3343 2073 3562 2129 cautela
3597 2085 3774 2132 nostra

2189 2165 2378 2224 rimari
2419 2165 2657 2222 deberet.
2707 2163 2766 2222 Si
2797 2171 2980 2220 autem
3016 2165 3199 2236 aliqua
3237 2179 3430 2221 eorum
3473 2181 3604 2236 qme
3631 2169 3774 2237 posui

2189 2260 2447 2316 lectorem
2483 2255 2829 2324 offenderint,
2879 2257 3034 2328 quasi
3064 2269 3173 2313 non
3199 2257 3309 2314 rite
3339 2258 3578 2328 prolata,
3614 2258 3774 2329 magis

2188 2351 2489 2409 infirmitati
2510 2361 2674 2424 atque
2702 2351 2990 2423 imperitiae
3017 2363 3152 2407 mea:
3179 2352 3423 2423 deputet,
3449 2367 3618 2423 quam
3647 2367 3772 2423 prae-

2186 2445 2480 2517 sumptioni
2530 2459 2625 2500 seu
2674 2443 2915 2509 malitire,
2954 2455 3184 2514 eamque
3227 2443 3528 2514 diligenter
3575 2444 3768 2500 exami-

2184 2553 2342 2604 nans,
2386 2539 2429 2594 si
2464 2551 2614 2593 sana:
2639 2535 2766 2591 fidei
2794 2535 2994 2591 viderit
3022 2535 3383 2600 concordem,
3435 2549 3550 2592 non
3581 2542 3769 2591 temere

2183 2643 2282 2700 pro
2305 2627 2514 2684 vilitate
2554 2625 2844 2682 locutionis
2869 2639 2933 2680 ea
2963 2625 3349 2697 reprehendat.
3382 2625 3440 2681 Si
3473 2635 3660 2682 autem
3679 2626 3768 2680 aii-

2186 2723 2310 2778 cubi
2357 2737 2445 2777 me
2495 2733 2712 2777 errasse
2751 2719 2808 2775 in
2851 2735 3016 2776 sensu
3063 2718 3520 2790 deprehenderit,
3567 2722 3763 2778 veniam

2183 2815 2324 2887 apud
2373 2813 2857 2870 clementissimum
2896 2812 3135 2884 iudicem
3182 2812 3472 2869 cbaritatis
3519 2815 3768 2870 instinctu

2183 2907 2512 2973 admonitus,
2547 2906 2679 2961 mihi
2725 2906 3022 2975 impetrare
3058 2903 3300 2971 festinet,
3332 2920 3500 2974 quem
3532 2906 3664 2961 nihil
3695 2907 3766 2960 in-

2182 2999 2456 3056 firmitatis
2487 2999 2738 3054 humana:
2769 2995 2931 3063 latet;
2980 2996 3072 3067 qui
3102 2995 3268 3051 etiam
3300 3005 3524 3051 nostras
3554 2995 3764 3050 infirmi-

2181 3097 2320 3145 tates
2349 3091 2402 3144 in
2430 3103 2488 3144 se
2531 3089 2824 3157 suscipere,
2870 3094 2926 3141 et
2954 3085 3335 3155 aegrotationes
3377 3095 3620 3158 portare,
3650 3099 3763 3141 san-

2182 3182 2506 3252 guinemque
2549 3193 2706 3233 suum
2752 3176 3207 3248 pretiosissimum
3255 3193 3358 3248 pro
3405 3177 3761 3248 redemptione

481 3268 558 3323 tis
588 3268 774 3324 ntuli
817 3269 1113 3326 debeamus
1158 3271 1226 3324 ad
1267 3271 1658 3341 repromissum
1691 3268 1748 3322 in
1794 3265 1946 3321 curiis
1982 3279 2076 3334 pa-
2102 3263 2152 3324 B
2180 3277 2529 3343 peccatorum
2575 3277 2887 3324 nostrorum
2937 3265 3214 3322 eﬂunderc
3261 3267 3520 3336 dignatus
3563 3273 3762 3323 estzut

479 3361 644 3415 trium
690 3371 1005 3433 properare.
1047 3361 1158 3418 Sed
1200 3361 1328 3432 quia
1361 3361 1475 3416 haec
1514 3361 1637 3427 tibi,
1681 3364 1872 3414 sancte
1905 3353 2077 3412 frater

477 3451 801 3523 Freculphe,
840 3463 1030 3511 nostro
1077 3453 1263 3510 labore
1310 3451 1595 3525 postulasti
1626 3450 1856 3522 spiritali
1905 3450 2076 3504 inter-

477 3544 788 3615 pretatione
833 3545 1053 3617 exponi,
1103 3553 1227 3616 poet
1252 3545 1484 3616 primam
1519 3542 1926 3600 excusationem
1965 3553 2072 3610 qua

479 3648 570 3689 me
602 3651 631 3690 a
667 3643 818 3692 tanto
844 3651 1012 3693 onere
1048 3638 1192 3709 apud
1219 3644 1273 3693 te
1301 3636 1582 3692 absolvere
1616 3633 1796 3699 volui,
1839 3647 1905 3688 ne
1929 3631 2072 3688 forte

477 3724 857 3782 inobedienlite
902 3733 1029 3783 nota
1078 3726 1351 3795 inurerer,
1407 3726 1588 3782 studui
1630 3725 1916 3797 praeceptis
1961 3724 2072 3779 tuis

472 3832 688 3888 parere,
720 3826 774 3874 et
797 3828 1111 3876 sanctorum
1140 3820 1365 3875 Patrum
1391 3820 1693 3876 sententias
1722 3819 1915 3872 adhoc
1936 3832 2074 3887 opus

474 3911 720 3982 undique
741 3912 1012 3986 colligere.
1048 3912 1152 3970 Ubi
1173 3927 1390 3985 quoque
1419 3912 1597 3969 minus
1622 3910 1949 3967 elucidatum
1973 3925 2069 3964 eo-

475 4017 599 4058 rum
647 4007 954 4073 sententiis,
1005 4007 1059 4062 id
1102 4007 1529 4077 prtetermissum
1578 4021 1686 4063 non
1735 4019 1836 4076 pro
1879 4015 2072 4060 eorum

475 4100 799 4172 ignorantia,
831 4101 932 4157 sed
966 4104 1108 4160 forte
1135 4121 1235 4176 pro
1259 4105 1618 4176 occupatione
1656 4103 1835 4173 aliqua
1871 4101 2066 4172 reperi,

478 4189 690 4247 calesti-
727 4195 903 4265 gratia
949 4197 1224 4253 confidens
1265 4213 1385 4268 quae
1429 4195 1604 4266 aperit
1659 4209 1721 4248 os
1769 4200 2065 4258 mutorum,

473 4290 529 4336 et
554 4281 764 4355 linguas
793 4283 1082 4340 infantium
1109 4285 1240 4341 facit
1268 4303 1390 4341 esse
1415 4285 1647 4338 disertos
1668 4322 1681 4348 ,
1712 4281 1911 4334 tentavi
1951 4280 2070 4349 ple-

474 4389 646 4447 raque
693 4373 848 4446 juxta
893 4394 1084 4434 eorum
1121 4394 1318 4434 sensus
1371 4375 1598 4444 vestigia
1641 4373 1904 4436 inserere,
1956 4386 2066 4425 non

471 4476 657 4523 tamen
686 4469 935 4536 latenter,
977 4488 1047 4526 ne
1087 4471 1228 4524 forte
1254 4485 1352 4539 pro
1377 4468 1570 4521 fraude
1597 4465 1727 4519 furti
1758 4479 2018 4535 arguerer
2048 4482 2060 4516 :

477 4560 572 4615 sed
609 4561 901 4616 manifeste
945 4575 1008 4616 ea
1053 4561 1358 4632 agnomiuis
1400 4560 1506 4615 mei
1539 4558 1927 4630 pramotatione
1972 4557 2067 4612 de—
2092 4549 2136 4612 C

2183 3361 2280 3434 qui
2323 3377 2432 3418 non
2469 3361 2674 3416 nostris
2715 3357 2926 3415 meritis
2968 3359 3263 3430 potuimus,
3305 3373 3406 3428 per
3452 3359 3623 3428 ipsius
3654 3373 3762 3429 gra-

2180 3457 2312 3510 tiam
2348 3454 2705 3510 salvaremur.
2737 3449 2816 3506 Te
2836 3457 3037 3518 autem,
3080 3451 3391 3505 venerande
3416 3449 3601 3514 Pater,
3631 3450 3760 3504 sicut

2180 3555 2544 3603 correctorem
2583 3546 2639 3600 in
2681 3541 3026 3607 necessariis,
3079 3542 3157 3597 ita
3193 3541 3538 3598 defensorem
3575 3542 3762 3596 habere

2176 3640 2298 3695 volo
2344 3639 2399 3694 in
2429 3637 2943 3710 reprehensionibus
2972 3633 3279 3706 superfluis.
3325 3635 3605 3706 Deprecor
3645 3647 3762 3704 ergo

2175 3741 2236 3789 ut
2261 3731 2613 3803 fragilitatem
2641 3745 2820 3786 meam
2849 3729 2992 3801 apud
3020 3729 3378 3785 Altitbronum
3414 3727 3763 3782 orationibus

2177 3827 2399 3898 adjuves
2433 3844 2446 3878 :
2479 3832 2749 3894 quatenus
2790 3839 2878 3878 me
2925 3825 2981 3878 in
3022 3824 3125 3879 hac
3162 3819 3402 3894 pnescnti
3441 3819 3562 3874 vita
3608 3827 3759 3875 scuto

2175 3915 2298 3971 fidei
2331 3929 2442 3972 sum
2481 3915 2748 3970 munitum
2792 3914 2999 3985 aliquid
3045 3929 3260 3985 semper
3297 3912 3381 3967 sui
3422 3912 3635 3967 servitii
3674 3927 3756 3965 er-

2173 4008 2325 4080 plere
2351 4006 2535 4075 faciat,
2568 4015 2624 4064 et
2646 4015 2772 4078 post
2794 4021 3075 4080 egressum
3116 4007 3311 4061 animm
3334 4006 3402 4060 de
3423 4019 3665 4075 corpore,
3703 4004 3754 4056 in

2175 4115 2272 4155 sua
2325 4099 2615 4171 prmsentia
2667 4098 2857 4167 iubeat
2912 4099 3084 4153 vitam
3141 4096 3426 4167 percipere
3483 4103 3748 4149 mteruam.

2175 4193 2318 4249 Deus
2342 4193 2707 4264 omnipotens,
2737 4201 2929 4248 auctor
2950 4201 3005 4248 et
3023 4199 3306 4264 reparator
3320 4191 3516 4247 salutis
3539 4198 3742 4251 nostrze,

2175 4285 2333 4355 longo
2361 4294 2603 4355 tempore
2631 4286 2700 4340 ad
2729 4284 3021 4339 multorum
3051 4293 3374 4356 provectum
3401 4292 3455 4338 te
3477 4287 3745 4339 conservet

2174 4378 2519 4442 incolumem,
2569 4385 2733 4449 atque
2770 4378 2823 4432 in
2860 4378 2988 4444 fine,
3039 4387 3353 4434 sanctorum
3381 4378 3552 4434 cmtui
3578 4377 3734 4432 inser-

2173 4477 2308 4538 tum,
2341 4478 2558 4527 :eterna:
2587 4470 2772 4542 gloriae
2793 4469 2958 4525 faciat
2982 4484 3104 4526 esse
3125 4479 3458 4527 consortem.
3569 4513 3574 4518 .

1913 4752 2318 4816 INCIPIUNT

1027 4878 2362 5056 Emam.me
2450 4883 3166 5004 NUMEROS.

1713 5094 2018 5174 LIBER
2091 5097 2505 5177 PRIMUS.

978 5299 1204 5358 CAPUT
1239 5300 1531 5360 PRIMUM.

469 5413 652 5471 Sermo
680 5413 896 5471 Domini
937 5415 1006 5468 ad
1037 5411 1254 5472 Moysen
1288 5414 1354 5466 de
1398 5415 1738 5471 numerandis
1770 5416 2048 5472 duodecim

537 5487 858 5559 tribubushet
901 5483 1223 5559 principibus
1267 5483 1594 5555 singulan
1639 5487 1888 5556 tribuum,
1921 5489 2049 5559 quid

538 5502 773 5541 tnouous
811 5502 858 5540 et
901 5502 1068 5557 pnnct
1109 5502 1223 5538 tuus

538 5556 886 5629 spiritualiter
911 5502 1224 5627 signiﬁcent.

537 5672 712 5742 (Car.
747 5690 784 5729 ι.
811 5676 830 5746 )
862 5673 1193 5746 Locutusque
1237 5681 1313 5728 est
1351 5670 1608 5728 Dominus
1644 5673 1713 5727 ad
1751 5672 1967 5745 Moysen
1993 5675 2049 5729 in

469 5763 668 5817 deserto
700 5765 851 5820 Sinai
891 5768 948 5821 in
981 5766 1319 5823 tabernaculo
1361 5764 1569 5836 {uideris
1608 5764 1837 5835 Domini,
1876 5769 2048 5837 prima

467 5857 549 5910 die
575 5860 765 5913 mensis
793 5863 1028 5918 secundi.
1066 5880 1205 5918 anno
1242 5862 1406 5919 altero
1434 5861 1741 5926 cqressionis
1779 5877 1957 5916 eorum
1983 5879 2046 5918 ea:

2160 5303 2393 5378 Egypto
2432 5307 2630 5361 dicens.
2661 5303 2824 5361 Juxta
2851 5305 3015 5362 finem
3045 5305 3238 5374 Exodi,
3265 5303 3358 5363 ubi
3381 5307 3451 5362 de
3475 5307 3733 5364 erectius:

2162 5399 2495 5454 tabernaculi
2521 5407 2795 5465 narratur,
2823 5398 2899 5454 ita
2929 5399 3188 5469 scriptum
3218 5406 3301 5453 est
3326 5417 3339 5451 :
3365 5397 3548 5468 Igitur
3575 5411 3732 5453 manu

2155 5491 2324 5558 primo
2353 5488 2734 5555 annisecundi,
2758 5491 2813 5543 in
2839 5492 3011 5561 primo
3031 5490 3116 5544 die
3137 5491 3355 5555 mensis,
3391 5489 3652 5545 collatum
3670 5497 3730 5542 est

2157 5581 2572 5648 tabernaculum,
2609 5584 2874 5654 erexitque
2899 5583 3035 5637 illud
3065 5583 3296 5654 Moyses,
3327 5591 3383 5638 et
3409 5581 3651 5654 reliqua.
3677 5579 3730 5634 Et

2156 5690 2298 5728 nunc
2326 5674 2379 5729 in
2409 5674 2586 5744 capite
2623 5667 2987 5731 Numerorum
3029 5675 3103 5729 ita
3125 5675 3378 5746 positum
3417 5682 3540 5729 est:
3575 5675 3730 5729 Locu-

2154 5775 2337 5836 tusque
2376 5775 2450 5820 est
2503 5766 2760 5821 Dominus
2807 5767 2877 5821 ad
2924 5757 3144 5838 Moysen
3187 5769 3242 5822 in
3287 5768 3497 5822 deserto
3555 5763 3728 5828 Sinni,

2155 5863 2205 5915 in
2253 5861 2588 5918 tabernaculo
2633 5862 2864 5934 fwderis,
2910 5865 3083 5938 primo
3135 5863 3220 5922 die
3261 5863 3456 5942 mensis
3484 5859 3728 5943 seculi“)
