3892 6346
227 348 316 427 889
906 339 1448 414 amnesamnes
1485 348 1556 405 IN
1593 345 1860 415 LlBRUll

229 487 343 538 anno
399 466 568 526 altera
631 464 943 538 egressionis
1011 484 1193 532 eorum
1249 483 1314 522 επ
1365 465 1617 538 Afyw“).
1680 463 1784 520 Ubi
1810 463 1866 536 Α

229 559 492 630 notandum
539 557 682 632 quod
741 557 794 612 in
836 557 1151 613 duodecima
1199 559 1505 626 mansione,
1557 559 1611 618 id
1668 568 1779 624 est,

227 657 273 725 iu
298 653 570 717 solitudine
622 651 798 717 Sinai,
834 652 925 707 ubi
968 651 1179 724 Moyses
1217 654 1459 714 ascendit
1495 653 1562 707 ad
1602 653 1783 707 Domi-

225 766 350 814 num,
373 745 758 818 descenditque
786 746 1046 802 Dominus
1077 746 1130 800 in
1163 754 1402 802 montem
1433 745 1606 813 Sinai,
1648 747 1782 802 dans

225 843 372 914 legem
420 837 623 910 populo
680 853 798 903 suo,
855 838 930 902 ibi
987 837 1290 900 fabricatur
1351 838 1781 904 tabernaculum,

223 936 284 992 ibi
305 933 608 1006 praecipitur
635 931 872 994 varietas
903 931 1234 996 hostiarum,
1267 946 1515 1003 vasorum
1549 931 1779 988 diversi-

224 1037 311 1094 tas,
339 1026 649 1086 indumenta
674 1023 967 1102 pontiﬁcis,
1005 1023 1351 1086 sacerdotum
1381 1039 1445 1084 ac
1468 1024 1781 1088 Levitarum

222 1117 534 1174 cmremonizn
561 1134 574 1169 :
605 1116 788 1190 ibique
830 1116 1167 1173 enumeratio
1210 1117 1528 1192 populorum
1568 1116 1781 1186 Levita-

220 1226 445 1280 rumque,
477 1218 534 1267 et
561 1227 660 1282 per
703 1211 944 1281 singulas
990 1211 1164 1268 tribus
1194 1211 1376 1284 populi
1421 1209 1775 1276 distributio:

219 1302 496 1364 oblationes
518 1317 734 1374 quoque
757 1303 1085 1372 principum,
1117 1313 1173 1357 et
1200 1301 1410 1376 reliqua
1439 1309 1782 1372 sacramenta

216 1390 262 1448 in
287 1394 384 1448 hac
426 1393 709 1452 mansione
748 1394 950 1464 scripta
979 1402 1126 1450 sunt.
1161 1392 1270 1448 Sed
1293 1393 1351 1447 in
1381 1393 1574 1458 eodem
1617 1405 1782 1456 anno,

213 1482 327 1544 licet
348 1499 452 1546 non
479 1486 670 1552 eodem
709 1499 896 1552 mense
927 1501 1036 1556 quo
1074 1493 1320 1552 erectum
1351 1491 1435 1539 est
1460 1482 1787 1548 tabernacu-

208 1575 328 1642 lum,
381 1592 641 1640 numerus
676 1576 912 1646 ﬁliarum
957 1563 1125 1632 Israel
1159 1576 1467 1647 descriptus
1512 1583 1614 1632 est.
1648 1571 1785 1639 Quid

207 1675 377 1728 autem
421 1667 695 1739 signiﬁcat
717 1684 893 1732 annus
927 1669 1223 1733 secundus,
1255 1667 1341 1731 vel
1365 1665 1569 1728 mensis
1595 1678 1785 1728 secun-

199 1757 293 1820 dus
342 1761 475 1815 anni
526 1760 771 1827 secundi,
824 1760 933 1816 nisi
981 1768 1197 1830 tempus
1241 1758 1376 1818 Novi
1429 1756 1778 1828 Testamenti,

193 1848 339 1918 quod
373 1856 499 1919 post
547 1850 841 1912 adventum
878 1846 1102 1914 Christi,
1149 1846 1452 1916 passionem
1494 1853 1548 1900 ct
1597 1858 1780 1910 resur—
1809 1837 1858 1900 B

194 1939 499 2000 rectionem
536 1937 677 2008 ejus,
716 1953 890 2009 usque
927 1938 996 2004 ad
1040 1927 1199 2008 linem
1247 1937 1430 2000 mundi
1477 1935 1782 2007 pertinget?

187 2027 323 2086 Post
342 2031 610 2092 collatum
636 2029 780 2094 enim
807 2045 906 2100 per
931 2029 1160 2098 gratiam
1191 2028 1390 2088 Christi
1428 2028 1781 2100 baptismum,

187 2120 246 2176 in
276 2136 389 2192 quo
430 2120 661 2192 Spiritali
691 2119 950 2192 Egypto,
997 2121 1277 2176 submerso
1317 2135 1446 2182 vero
1475 2119 1781 2186 Pharaone,

184 2213 397 2280 egressi
447 2228 656 2278 sumus,
702 2212 971 2281 reliquum
1002 2219 1212 2282 tempus
1258 2226 1480 2277 necesse
1510 2219 1594 2266 est
1637 2219 1698 2266 ut
1726 2211 1784 2266 in

185 2302 432 2366 novitate
458 2303 586 2362 viae
611 2302 968 2368 anihummus,
1016 2304 1085 2360 ad
1109 2312 1314 2368 terrain
1341 2303 1784 2376 repromissionis

191 2397 478 2458 tendentes
512 2395 568 2461 in
596 2397 812 2465 deserto
841 2396 1012 2460 Sinni.
1047 2396 1198 2462 Sinai
1234 2398 1434 2469 quippe
1460 2398 1786 2468 interpreta—

190 2491 274 2540 tur
311 2486 521 2553 rubus,
560 2501 667 2558 quo
709 2487 1045 2559 signiﬁcatur
1083 2487 1350 2556 Ecclesia,
1397 2487 1454 2556 in
1485 2504 1594 2558 qua
1628 2488 1786 2548 nobis

190 2577 420 2652 θροειοιί
455 2579 778 2648 praedicam.
824 2586 881 2648 ει
913 2579 1159 2652 spiritale
1190 2579 1438 2652 Maelium
1467 2587 1658 2646 contra
1689 2594 1786 2636 ne-

189 2670 386 2738 quitias
433 2671 718 2742 spiritales
746 2673 907 2743 nobis
932 2673 1228 2745 gerendum
1256 2682 1358 2730 est.
1385 2674 1573 2748 Ibique
1603 2674 1785 2746 loqui-

189 2772 274 2820 tur
319 2765 600 2832 Dominus
648 2768 719 2832 ad
765 2769 1012 2840 Moysen,
1059 2770 1154 2840 qui
1203 2770 1376 2842 legem
1433 2771 1674 2838 instituit
1719 2771 1788 2826 ad

185 2855 612 2926 instructionem
651 2861 1008 2928 credentium,
1041 2863 1148 2918 hoc
1199 2871 1306 2931 est,
1347 2863 1676 2934 spiritalium
1712 2863 1790 2921 Is-

183 2951 524 3018 raclitarum.
587 2952 774 3014 Tollite
795 2971 1055 3018 sumam
1091 2957 1346 3016 universa:
1372 2957 1790 3028 congregationis

178 3039 412 3108 ﬁliorum
441 3043 635 3108 Israel
659 3061 754 3115 per
792 3048 1129 3120 cognationes
1155 3057 1206 3102 et
1237 3048 1421 3110 domos
1449 3064 1574 3106 suas
1606 3059 1654 3104 et
1693 3064 1790 3106 no—

175 3134 315 3189 ntina
365 3136 720 3206 singulorum
750 3177 768 3204 ,
819 3139 1076 3211 quidquid
1133 3148 1210 3196 est
1254 3157 1410 3200 sexus
1463 3140 1746 3208 masculini
1770 3183 1787 3208 ,

174 3239 206 3276 a
257 3227 521 3297 vigesimo
589 3244 730 3286 anno
785 3238 836 3284 et
887 3247 1049 3301 supra
1099 3232 1336 3296 omnium
1395 3233 1632 3293 uirorum
1677 3234 1788 3304 [or-

174 3316 299 3372 tium
331 3335 402 3374 ex
431 3318 656 3388 Israel,
693 3329 744 3376 et
771 3323 1113 3388 numerabitis
1151 3340 1240 3380 eos
1278 3340 1372 3394 per
1405 3333 1610 3384 turmas
1638 3341 1785 3392 suas,

171 3415 224 3468 ιι
267 3419 321 3465 et
371 3413 580 3470 Aaron
620 3430 640 3468 :
688 3422 944 3487 eruntque
1002 3418 1264 3488 principes
1319 3418 1554 3477 tribuant
1614 3419 1786 3475 vobis-

170 3512 288 3556 cum
344 3520 410 3558 ac
475 3505 768 3562 domorum
819 3507 878 3562 in
928 3509 1326 3577 cognationibus
1377 3513 1510 3567 suis.
1580 3510 1788 3567 Divinis

170 3595 419 3662 numeris
471 3613 594 3658 non
645 3611 839 3654 omnes
885 3597 1036 3669 digni
1084 3608 1254 3666 sunt.
1304 3601 1402 3659 sed
1449 3601 1618 3660 certis
1669 3601 1789 3670 qui-

167 3682 398 3741 busdam
443 3687 839 3758 praerogatiua
881 3688 1234 3760 designantur
1269 3690 1327 3750 hi
1366 3691 1459 3759 qui
1499 3691 1646 3748 intra
1691 3706 1792 3744 nu-

165 3788 379 3834 merum
427 3777 543 3838 Dei
596 3778 831 3838 debeant
881 3781 1290 3850 comprehendi.
1348 3780 1522 3850 liuius
1563 3779 1642 3836 rei
1678 3779 1792 3836 evi-

159 3863 292 3920 dens
327 3867 626 3922 indicium
655 3870 901 3925 continet
927 3871 1065 3927 liber
1090 3874 1200 3937 hic,
1226 3873 1321 3942 qui
1349 3872 1667 3932 inscribitur
1680 3871 1790 3930 Nu-

161 3971 487 4021 merorum,
531 3957 595 4020 in
626 3973 733 4026 quo
755 3959 988 4014 refertur
1015 3963 1160 4030 quod
1179 3978 1247 4016 ex
1275 3969 1548 4032 praecepto
1577 3961 1790 4023 Domini
1827 4020 1841 4031 ,

155 4065 332 4120 neque
376 4047 668 4108 mulieres
698 4048 1036 4112 deducantur
1062 4051 1132 4114 ad
1169 4065 1486 4118 numerum,
1512 4049 1792 4114 femininis

159 4141 270 4196 sine
299 4141 494 4200 dubio
549 4139 895 4204 inﬁrmitatis
924 4142 1248 4210 obstaculo;
1304 4158 1482 4214 neque
1505 4159 1791 4204 servorum

159 4237 490 4304 quisquam,
541 4241 612 4288 ut
640 4241 769 4303 puta
798 4235 907 4290 vita
943 4237 1298 4307 moribusque
1336 4237 1664 4306 degeneres;
1695 4239 1792 4296 sed

160 4345 225 4385 nc
247 4330 668 4403 Egyptiorum
715 4329 934 4399 quidem
970 4331 1112 4388 ullus
1140 4347 1207 4387 ex
1251 4333 1340 4389 his
1379 4334 1476 4403 qui
1501 4341 1660 4389 erant
1693 4334 1791 4388 ad—

160 4423 301 4478 misti
351 4431 734 4488 numeratur,
779 4422 1043 4491 profecto,
1102 4432 1164 4479 ut
1203 4425 1519 4497 alienigenae
1560 4434 1616 4481 et
1661 4427 1789 4482 bar-

161 4509 293 4577 bari,
343 4514 454 4568 sed
512 4511 633 4569 soli
688 4522 1045 4568 numerantur
1096 4515 1374 4572 Israelita.
1422 4517 1489 4572 Et
1537 4519 1629 4573 isti
1676 4503 1786 4580 non

158 4620 365 4673 omnes,
409 4608 522 4664 sed
559 4622 596 4660 a
645 4605 841 4676 viginti
893 4609 1052 4663 annis
1095 4617 1152 4663 ct
1190 4625 1373 4680 supra.
1427 4611 1496 4665 Et
1534 4627 1636 4667 nec
1671 4611 1785 4666 sola

161 4703 331 4758 :ctatis
368 4703 638 4756 habetur
666 4699 992 4764 observatio,
1044 4701 1138 4754 sed
1167 4704 1430 4769 quaeritur
1451 4704 1496 4757 si
1517 4711 1576 4758 et
1602 4713 1785 4772 aptum

159 4790 306 4848 bellis
330 4795 521 4848 robur
545 4790 837 4846 ostendat.
872 4791 1194 4862 Designatur
1213 4793 1413 4846 etenim
1439 4808 1536 4863 per
1560 4793 1787 4847 verbum

159 4880 246 4937 Dei
293 4896 358 4942 ut
407 4893 772 4942 numeretur
813 4884 994 4939 omnis
1037 4887 1134 4955 qui
1169 4887 1414 4956 procedit
1462 4886 1515 4940 in
1563 4886 1783 4941 virtute.

157 4973 264 5032 Non
300 4997 441 5053 ergo
464 4980 604 5037 sola
641 4985 802 5042 aetas,
849 4979 945 5031 sed
971 4978 1144 5033 virtus
1185 4980 1240 5033 in
1283 4979 1526 5035 Israelita
1557 4975 1789 5048 requiri-

157 5073 254 5122 tur.
301 5071 563 5126 Pueritis
594 5075 745 5124 atas
772 5081 880 5120 non
921 5077 1260 5131 numeratur,
1307 5083 1409 5123 nec
1435 5077 1562 5139 apta
1589 5068 1787 5123 divinis

153 5159 373 5217 edentis
427 5162 711 5222 ducitur,
759 5157 870 5211 nisi
923 5155 1065 5210 forte
1121 5157 1466 5226 primogeniti
1511 5159 1640 5225 sint,
1695 5166 1791 5214 aut

155 5253 490 5308 sacerdotali
527 5251 632 5308 vel
671 5247 915 5302 Levitica
946 5249 1118 5320 stirpe
1160 5249 1529 5304 descendant:
1563 5249 1653 5302 isti
1689 5249 1786 5305 soli

149 5340 203 5395 in
257 5347 454 5414 pueris
520 5341 897 5398 adducuntur
945 5340 1005 5393 in
1061 5355 1369 5395 numerum.
1437 5339 1787 5395 Feminarum

150 5446 276 5490 vero
325 5438 490 5492 aulis
533 5446 792 5506 prorsus
837 5431 1145 5487 adducitur.
1197 5431 1306 5488 Sed
1354 5433 1483 5503 quid
1535 5433 1790 5487 videtur?

1811 4560 1866 4620 D

149 5524 386 5588 Possunt
438 5533 579 5587 haec
615 5539 799 5582 vacua
822 5539 944 5580 esse
989 5526 1302 5597 mysteriis?
1340 5527 1436 5582 sed
1475 5527 1578 5581 hoc
1613 5525 1788 5582 solum

148 5633 493 5688 pmcurasse
520 5618 796 5678 creditur
825 5616 1062 5688 Spiritus
1103 5627 1342 5685 sanctus,
1381 5619 1475 5690 qui
1507 5619 1623 5674 haec
1654 5617 1790 5673 scri—

147 5713 324 5776 bend'a
362 5717 649 5781 dictavit,
691 5719 754 5766 ut
778 5711 1041 5767 sciremus
1077 5712 1172 5784 qui
1202 5722 1329 5768 tunc
1375 5713 1428 5767 in
1460 5712 1553 5766 illo
1589 5711 1788 5783 populo

148 5811 433 5868 numerati
479 5814 659 5872 sunt,
703 5809 758 5858 et
790 5801 883 5872 qui
921 5803 1042 5860 sine
1082 5820 1309 5862 numero
1355 5804 1672 5862 manserint.
1717 5805 1785 5860 Et

1896 343 2364 406 NUMERORUM.
2399 373 2471 387 --
2503 345 2630 400 LIB.
2668 343 2708 399 I.
3360 351 3469 419 590

1889 459 2012 530 quis
2041 458 2256 513 dabitur
2281 473 2347 512 ex
2377 457 2480 512 hoc
2500 455 2778 527 profectus
2804 453 2890 525 his
2920 454 3013 525 qui
3039 457 3210 524 sacris
3237 460 3460 519 volumi-

1886 553 2042 608 nibus
2068 553 2302 624 gestiunt
2330 549 2576 606 erudiri?
2600 548 2741 615 Quid
2768 547 2912 603 enim
2941 537 3164 622 prodest
3193 551 3298 606 ista
3329 555 3466 610 didi-

1887 648 2058 716 cisse,
2113 658 2204 703 aut
2250 651 2380 722 quid
2425 649 2620 718 animat
2668 647 2949 720 confertur
2997 649 3064 706 ad
3117 650 3370 719 salutem,
3423 656 3471 710 si

1885 739 2023 794 sciat
2059 741 2202 811 quod
2236 725 2360 812 pars
2387 742 2567 811 aliqua
2610 741 2792 812 populi
2833 751 3113 812 numerata
3155 752 3238 800 est
3286 745 3340 800 in
3377 747 3473 800 dc-

1885 840 2054 899 serto,
2105 850 2232 904 pars
2265 849 2394 889 vero
2436 835 2776 900 innumerata
2816 836 3066 894 derelicta
3096 839 3214 892 est?
3245 837 3302 893 Si
3335 855 3467 894 vero

1885 932 2175 991 sequentes
2214 923 2364 978 Pauli
2395 923 2716 984 sententiam
2756 925 2944 998 (Rom.
2973 927 3080 997 γυ)
3104 926 3266 998 legem
3312 929 3469 1001 spiri-

1884 1011 2041 1065 talem
2076 1029 2186 1066 esse
2229 1013 2532 1081 credamus,
2585 1023 2637 1068 ct
2689 1014 3005 1094 spiritaliter
3052 1033 3172 1088 qua:
3225 1019 3471 1082 continet

1883 1106 2186 1174 audiamus,
2231 1108 2424 1186 ingens
2453 1106 2730 1178 profectus
2769 1109 2960 1166 anima:
2988 1110 3040 1168 in
3072 1109 3157 1168 his
3188 1127 3308 1182 quae
3333 1113 3468 1170 scri-
3507 1175 3513 1188 θ

1881 1205 1975 1267 pta
2004 1206 2133 1254 sunt
2163 1199 2462 1272 apparebit.
2503 1199 2668 1264 Docet
2695 1199 2840 1262 enim
2868 1216 3104 1270 praesens
3132 1203 3294 1259 lectio
3324 1205 3468 1275 quod
3509 1193 3513 1202 ’

1883 1287 1930 1344 si
1960 1289 2350 1360 transcendero
2394 1289 2620 1362 puerilis
2649 1290 2827 1348 astatis
2870 1291 3258 1362 insipientiam,
3303 1297 3348 1352 si
3379 1297 3471 1353 de‘

1886 1379 2034 1436 siero
2066 1382 2322 1454 parvulus
2368 1398 2490 1448 esse
2535 1383 2818 1447 sensibus,
2849 1391 2903 1436 et
2941 1384 3024 1450 vir
3061 1384 3282 1452 cll‘ectus
3310 1389 3471 1460 depo-

1890 1486 2050 1532 suero
2078 1487 2197 1542 quae
2224 1481 2351 1544 sunt
2385 1473 2630 1544 parvuli;
2675 1474 2744 1538 si,
2778 1473 3020 1544 inquam,
3053 1474 3278 1542 elIectus
3321 1476 3474 1533 fuero

1886 1563 2129 1636 juvenis,
2181 1575 2236 1622 ct
2281 1567 2402 1624 talis
2455 1567 2673 1640 juvenis
2727 1569 2820 1640 qui
2871 1570 3084 1626 vincam
3145 1571 3473 1643 malignum,

1886 1665 2046 1724 aptus
2088 1656 2313 1711 videbor
2348 1657 2432 1713 his
2473 1658 2538 1712 de
2568 1657 2764 1728 quibus
2794 1660 3055 1733 scriptum
3097 1668 3180 1718 est
3222 1676 3238 1715 :
3276 1661 3476 1720 Omnes

1885 1745 1976 1814 qui
2005 1747 2299 1818 procedent
2347 1749 2402 1803 in
2444 1749 2645 1810 virtute
2690 1749 2875 1819 Israel,
2933 1760 2986 1807 et
3035 1754 3230 1825 dignus
3278 1756 3476 1824 divinis

1884 1839 2128 1906 numeris
2190 1841 2563 1919 computabor.
2633 1840 2815 1897 Donec
2870 1851 3053 1908 autem
3117 1846 3260 1916 inest
3312 1847 3475 1914 alicui

1884 1938 2126 2000 vestrum
2156 1930 2238 2001 vel
2269 1932 2450 2002 pueris
2492 1942 2548 1988 et
2574 1932 2814 1992 lubricus
2858 1951 3073 2004 sensus,
3116 1939 3200 2012 vel
3239 1939 3473 1997 feminea

1885 2030 1940 2078 et
1961 2022 2196 2078 resoluta
2247 2024 2528 2098 segnities,
2558 2025 2645 2082 vel
2673 2024 2961 2097 Egyptios
2991 2030 3230 2098 gerimus
3253 2039 3308 2096 et
3350 2035 3474 2090 har:

1885 2115 2049 2172 baros
2079 2132 2280 2186 mores,
2311 2119 2501 2174 haberi
2536 2123 2678 2192 apud
2704 2123 2873 2186 Deum
2902 2124 2953 2180 in
2986 2132 3174 2187 sancto
3206 2133 3260 2196 et
3285 2140 3473 2182 conse-

1887 2217 2040 2264 crato
2067 2226 2296 2276 numero
2325 2227 2430 2274 non
2463 2229 2754 2283 meremur.
2798 2217 3075 2278 Innumcri
3119 2226 3297 2278 autem
3339 2216 3478 2288 apud

1887 2301 2230 2360 Salomonem
2278 2307 2532 2374 dicuntur
2582 2324 2705 2368 esse
2749 2311 2839 2380 qui
2897 2318 3150 2381 pereunt,
3209 2311 3476 2370 numerati

1887 2406 2069 2466 autem
2106 2413 2296 2458 omnes
2331 2401 2422 2470 qui
2468 2401 2768 2470 salvantur.
2817 2402 2886 2470 Et
2924 2403 3008 2460 vis
3059 2403 3153 2468 tibi
3193 2404 3478 2470 ostendam

1889 2489 2016 2560 quia
2044 2499 2356 2562 sanctorum
2385 2509 2643 2550 numerus
2669 2494 2901 2552 habetur
2931 2495 3074 2566 apud
3105 2495 3312 2561 Deum?
3335 2494 3476 2551 Audi

1891 2583 2161 2652 quomodo
2183 2584 2249 2639 de
2277 2586 2440 2652 astris
2487 2587 2704 2657 quidem
2742 2587 3053 2648 cmicstibus
3097 2588 3230 2648 dicit
3257 2587 3430 2643 David
3461 2603 3476 2640 :

1894 2672 1996 2740 Qui
2010 2687 2251 2731 numerat
2267 2676 2655 2748 multitudinem
2670 2679 2964 2745 stellarum,
2982 2689 3030 2735 et
3044 2681 3284 2740 omnibus
3301 2681 3375 2736 eis
3395 2694 3484 2735 n0-

1891 2766 2034 2830 minq
2073 2778 2219 2824 vocat
2253 2769 2272 2839 (
2302 2767 2450 2824 Psal.
2481 2786 2639 2827 CXLVI
2663 2771 2704 2842 ).
2735 2770 2986 2828 Salvator
3011 2785 3142 2831 veru
3172 2786 3280 2830 non
3306 2768 3483 2828 solum

1894 2858 2187 2928 discipulos
2230 2877 2357 2922 suos
2401 2861 2604 2920 electos
2647 2864 2748 2920 sub
2777 2879 3007 2920 numero
3059 2863 3266 2929 statuit,
3296 2877 3484 2919 verum

1894 2958 1950 3007 et
1978 2951 2201 3021 capillos
2230 2953 2424 3022 capitis
2459 2969 2650 3010 eorum
2688 2954 2821 3009 dicit
2857 2969 2979 3010 esse
3010 2959 3342 3010 numeratos.
3387 2951 3484 3007 Ait

1891 3045 2091 3101 enim:
2140 3042 2308 3100 Vestri
2361 3056 2538 3102 autem
2585 3045 2764 3118 capilli
2818 3047 3004 3117 capitis
3051 3045 3313 3104 numerati
3359 3052 3484 3100 sunt

1895 3135 1916 3209 (
1945 3135 2138 3194 Matth.
2167 3153 2202 3192 χ
2233 3136 2273 3208 ).
2303 3138 2364 3194 In
2385 3153 2494 3208 quo
2520 3139 2708 3210 utique
2731 3154 2839 3194 non
2870 3139 2991 3194 illos
3018 3137 3235 3206 dicebat
3258 3137 3482 3208 capillos

1892 3244 2014 3287 esse
2064 3239 2402 3299 numeratos,
2433 3233 2525 3303 qui
2573 3231 2655 3288 vel
2700 3231 2846 3289 ferro
2873 3232 3147 3288 attonderi
3195 3238 3254 3286 et
3287 3229 3483 3302 projici

1889 3325 2088 3395 solent,
2123 3325 2208 3380 vel
2242 3327 2502 3398 temporis
2551 3336 2713 3383 aetate
2759 3329 2993 3384 deﬂuere
3039 3343 3102 3383 ac
3129 3326 3328 3396 perire,
3383 3327 3480 3382 sed

1889 3419 1968 3474 illi
1995 3419 2190 3488 capitis
2214 3420 2392 3490 capilli
2422 3420 2564 3490 apud
2590 3421 2761 3476 Deum
2802 3420 3072 3476 numerati
3104 3426 3246 3480 sunt,
3292 3417 3384 3488 qui
3423 3417 3477 3472 in

1891 3509 2165 3566 Nazarzeis
2184 3521 2361 3577 erant,
2404 3513 2603 3581 quibus
2631 3512 2801 3568 inerat
2835 3512 3008 3566 virtus
3034 3509 3272 3579 Spiritus
3303 3507 3478 3561 sancti

1891 3601 1960 3654 ad
2005 3599 2436 3669 prosternendos
2473 3600 2820 3670 alienigenas.
2852 3600 3096 3655 Virtutes
3140 3612 3270 3667 ergo
3315 3596 3484 3650 animi

1892 3698 1952 3746 et
1986 3690 2391 3744 multitudinem
2418 3703 2698 3756 sensuum,
2743 3692 2833 3758 qui
2862 3692 2928 3744 de
2950 3688 3234 3759 principali
3265 3687 3482 3751 mentis,

1895 3790 2153 3851 tanquam
2218 3781 2284 3836 de
2336 3780 2515 3850 capite
2565 3781 2967 3850 apostolorum,
3022 3779 3482 3850 producebantur,

1893 3873 2119 3943 capillos
2143 3873 2341 3943 capitis
2371 3873 2680 3943 appellavit.
2715 3873 2822 3930 Sed
2858 3874 2912 3929 in
2941 3873 3056 3928 haec
3079 3889 3176 3944 per
3200 3887 3484 3929 excessum

1893 3965 2181 4031 quemdam
2209 3963 2557 4029 devenimus;
2607 3979 2754 4019 nunc
2778 3965 2845 4019 ad
2869 3965 3206 4035 propositum
3238 3975 3484 4020 reverta-

1894 4070 2038 4110 mur.
2063 4055 2133 4109 Et
2157 4054 2362 4111 locutus
2381 4065 2477 4120 est,
2506 4056 2701 4126 inquit,
2723 4057 2978 4112 Dominus
2996 4057 3065 4110 ad
3085 4057 3301 4128 Moysen
3323 4059 3377 4112 in
3400 4058 3488 4113 de-

1894 4154 2033 4201 serta
2061 4146 2237 4201 Sinai.
2255 4146 2348 4201 Illa
2371 4147 2580 4202 scilicet
2600 4148 2780 4203 omnia
2802 4163 2922 4217 quae
2952 4148 3202 4217 superius
3233 4162 3486 4218 compen-

1893 4238 2045 4294 diosa
2082 4240 2394 4294 narratione
2443 4240 2972 4310 comprehendimus,
3027 4239 3116 4294 ulii
3166 4239 3483 4309 praecipitur

1891 4331 2170 4386 numerari
2212 4346 2244 4386 a
2283 4332 2471 4403 viginti
2509 4332 2666 4387 annis
2693 4342 2747 4386 et
2783 4346 2974 4402 supra,
3006 4332 3184 4386 omnis
3231 4330 3324 4396 qui
3354 4345 3480 4398 pro-

1892 4424 2037 4478 cedit
2079 4422 2133 4480 in
2155 4425 2353 4480 virtute
2384 4425 2568 4481 Israel.
2601 4425 2659 4479 Si
2688 4424 2810 4495 quis
2847 4438 2979 4491 ergo
3007 4419 3254 4490 procedit
3277 4418 3332 4472 in
3374 4419 3484 4472 vir-

1893 4521 2024 4580 tute,
2071 4514 2186 4584 ipse
2227 4524 2547 4570 numeratur
2587 4534 2599 4568 :
2634 4523 2825 4569 etnon
2871 4514 2926 4566 in
2969 4509 3334 4580 qualicunque
3370 4510 3482 4565 vir-
3555 4545 3563 4564 ~.

1890 4614 2027 4671 uite,
2058 4606 2110 4658 id
2140 4614 2240 4671 est,
2274 4623 2382 4661 non
2413 4607 2790 4677 JEgyptiorum
2824 4604 3054 4670 virtute,
3094 4619 3270 4674 neque
3296 4605 3352 4659 in
3377 4601 3481 4661 As-
3551 4601 3565 4654 Ϊ⁴

1892 4699 2188 4768 syriorum,
2217 4715 2392 4768 neque
2422 4701 2476 4752 in
2504 4699 2838 4760 Graecorum,
2868 4696 2959 4752 sed
2981 4697 3036 4750 in
3063 4697 3264 4752 virtute
3290 4697 3477 4765 Israel,
3554 4698 3569 4754 ιῗ

1891 4789 2008 4857 ipse
2038 4796 2352 4841 numeratur
2385 4789 2527 4859 apud
2559 4789 2750 4842 Deum.
2785 4788 2880 4843 Est
2914 4789 3058 4842 enim
3089 4789 3260 4845 virtus
3286 4790 3476 4856 animi,
3570 4787 3574 4792 ’

1889 4895 2055 4950 quam
2105 4877 2418 4936 Grzecorum
2467 4880 2774 4952 phiIOSOphi
2822 4881 3036 4936 docent.
3081 4879 3186 4938 Sed
3226 4882 3341 4936 hare
3367 4897 3478 4935 non

1888 4973 2128 5044 pertinet
2174 4977 2242 5030 ad
2272 4990 2559 5030 numerum
2598 4975 2714 5030 Dei.
2743 4973 2860 5030 Non
2889 4977 3032 5030 enim
3071 4991 3170 5044 pro
3201 4977 3329 5040 Deo,
3381 4976 3478 5031 sed

1888 5078 1986 5133 pro
2029 5064 2200 5135 gloria
2245 5073 2533 5120 exercetur
2584 5065 2840 5119 humana.
2887 5065 2985 5121 Est
3028 5075 3081 5120 et
3126 5065 3472 5135 Assyriorum

1889 5156 2062 5210 virtus
2088 5156 2174 5212 vel
2204 5156 2598 5236 Chaldazorum,
2633 5174 2752 5228 qua}
2777 5159 3083 5230 astrologite
3112 5158 3302 5213 studiis
3336 5172 3473 5224 pra:-

1888 5250 2122 5305 dicatur.
2173 5250 2281 5305 Sed
2307 5266 2414 5305 non
2443 5259 2525 5306 est
2551 5252 2654 5307 ista
2683 5252 2857 5308 virtus
2897 5251 3212 5312 Israelitica,
3254 5256 3309 5301 ct
3355 5247 3474 5300 idco

1890 5359 1998 5398 non
2027 5344 2266 5412 pertinet
2301 5344 2367 5397 ad
2393 5343 2581 5400 Deum.
2607 5345 2703 5402 Est
2728 5357 2784 5402 et
2809 5346 3186 5416 [Egyptiorum
3214 5341 3386 5394 virtus
3418 5340 3473 5393 in

1893 5448 1956 5488 ea
1976 5449 2136 5502 quam
2168 5434 2355 5489 dicunt
2388 5445 2595 5492 secreta
2623 5439 2912 5509 sapientia,
2957 5435 3050 5488 scd
3088 5433 3203 5486 hate
3244 5446 3350 5485 non
3379 5429 3474 5484 ad-

1885 5527 2130 5599 jungitur
2178 5531 2246 5584 ad
2297 5530 2560 5586 calculum
2616 5531 2848 5587 Domini.
2909 5527 3031 5591 Sola
3094 5534 3272 5581 autem
3330 5524 3489 5595 apud

1891 5621 2058 5677 Deum
2088 5622 2262 5678 virtus
2292 5622 2586 5680 Israelitica
2614 5628 2952 5684 numeratur,
2986 5619 3089 5672 hoc
3118 5625 3222 5684 est,
3248 5617 3342 5672 illa
3369 5618 3476 5674 vir-

1888 5721 1976 5769 tus
2005 5728 2124 5784 qua:
2149 5729 2177 5768 a
2207 5715 2318 5770 Deo
2341 5716 2596 5780 docetur,
2647 5726 2766 5783 quae
2801 5725 2899 5780 per
2925 5709 3235 5779 Scripturas
3263 5711 3473 5767 divinas

1886 5805 2130 5875 discitur,
2163 5823 2282 5878 qua:
2307 5825 2405 5880 per
2435 5807 2593 5861 fidem
2634 5801 2997 5870 evangelicum
3038 5811 3087 5857 et
3119 5803 3473 5860 apostolicam
