3892 6346
429 385 547 444 ’591

1083 383 1144 436 Β.
1184 380 1440 437 RABANI
1475 379 1694 439 MAURI
1728 379 2048 437 ARCHIEP.
2091 377 2398 438 MOGUNT.
2439 375 2724 439 OPERUM
2760 377 2942 437 PARS
2979 380 3022 436 Ι.

446 497 694 557 traditur.
739 477 808 556 Et
843 495 967 550 ideo
1014 495 1144 551 dicit
1173 504 1232 549 ut
1274 495 1350 550 illi
1398 495 1497 550 soli
1527 507 1898 552 'numerentur
1934 495 2028 565 qui
2052 495 2244 558 ΑΜιο
2283 498 2428 567 quod
2453 497 2500 552 is
2538 497 2630 567 qui
2661 497 2942 564 religiosos
2999 493 3223 562 spiritus
3251 498 3452 562 gessit,
3483 501 3543 549 et
3561 496 3687 553 bene

444 591 863 663 progrediuntur
887 589 943 645 in
976 589 1174 645 virtute
1200 589 1384 645 lsrael.
1420 589 1526 645 Sed
1553 589 1683 644 illud
1707 589 2020 644 considere-

445 703 567 742 mus
610 685 738 756 quid
767 692 850 740 est
885 685 1030 754 quod
1061 699 1169 739 non
1201 684 1384 739 statim
1421 677 1483 737 ut
1523 699 1771 754 egressus
1803 691 1887 737 est
1921 696 2020 751 po-

446 777 604 846 pulus
633 775 699 830 de
719 773 953 846 Egypto
976 782 1322 839 numeratur,
1359 773 1536 828 adhuc
1557 772 1700 827 enim
1727 784 2021 840 perseque—

445 865 606 920 batur
630 865 859 929 Pharao,
905 865 999 921 sed
1024 881 1124 920 nec
1149 881 1271 920 cum
1303 879 1451 918 mare
1482 864 1698 934 quidem
1730 865 2018 927 transiens,

444 955 685 1010 Venisset
736 955 791 1009 in
841 954 1133 1021 desertum,
1187 953 1383 1008 dicitur
1430 951 1725 1007 numerari.
1773 949 2022 1006 Nondum

421 1040 592 1100 enim
619 1047 835 1111 tentati,
887 1048 1123 1102 nondum
1149 1046 1294 1101 enim
1322 1045 1538 1100 fuerant
1563 1046 1631 1099 ab
1669 1045 1825 1099 hoste
1850 1044 2024 1111 impu-

444 1136 614 1204 gnati.
667 1133 972 1206 Confligunt
1019 1137 1164 1192 enim
1219 1135 1481 1191 adversus
1530 1134 1750 1189 Amalec
1796 1140 1853 1188 et
1899 1133 2022 1186 vin-

445 1235 604 1292 cunt,
664 1227 758 1281 sed
811 1242 913 1281 nec
977 1235 1103 1280 tunc
1159 1227 1378 1296 quidem
1435 1232 1790 1280 numerantur
1843 1241 1856 1276 :
1915 1237 2024 1277 non

444 1316 590 1370 enim
619 1315 816 1371 sufﬁcit
858 1316 926 1370 ad
973 1315 1364 1385 perfectionem
1405 1314 1646 1369 tendenti
1684 1329 1790 1368 una
1843 1313 2022 1368 victo-

409 1409 545 1464 ‘ria.
596 1407 788 1463 Manna
827 1406 1099 1477 accipiunt
1132 1407 1343 1472 cibum,
1392 1415 1446 1462 et
1474 1421 1628 1477 aquae
1675 1407 1929 1475 poculum
1957 1406 2024 1462 de

435 1508 596 1570 petra
626 1497 875 1568 sequenti
912 1498 1210 1563 hauriunt,
1244 1497 1340 1552 sed
1377 1511 1554 1567 neque
1579 1503 1708 1552 tunc
1732 1511 2022 1552 numeran—

445 1601 567 1647 tur:
594 1593 834 1648 nondum
859 1593 1004 1646 enim
1021 1592 1077 1645 in
1091 1590 1177 1645 his
1203 1604 1268 1645 ea
1283 1607 1403 1660 qua:
1415 1591 1658 1647 numeris
1685 1599 1806 1661 apta
1831 1591 2022 1647 dicun-

411 1705 414 1708 ·
443 1694 553 1752 tur,
577 1685 944 1740 adoleverunt.
975 1684 1406 1739 Tabernaculum
1431 1685 1724 1739 testimonii
1751 1685 2025 1740 construi-

437 1774 551 1841 tur,
577 1775 672 1830 sed
701 1790 803 1830 nec
842 1775 916 1830 ibi
971 1775 1190 1843 quidem
1247 1774 1568 1829 numerandi
1595 1775 1779 1844 populi
1809 1784 2022 1848 tempus

2121 590 2263 644 rexit
2305 589 2560 659 populum
2607 589 2701 658 qui
2746 588 2888 643 intra
2917 601 2976 642 se
3017 595 3124 650 est,
3151 582 3363 640 scilicet
3408 586 3611 642 mentis
3639 599 3687 644 et

2121 680 2509 751 cogitationum
2555 679 2752 735 cordis.
2818 679 2924 734 Sed
2981 685 3040 732 et
3099 674 3328 746 singulis
3386 673 3683 747 quibusque

2121 770 2370 826 tribubus
2418 769 2788 840 unusquisque
2839 767 3138 824 sociabitur
3188 779 3289 837 pro
3334 765 3422 820 his
3479 781 3596 835 qua:
3629 768 3684 822 ad

2120 876 2556 931 unamquamque
2581 875 2770 916 earum
2808 859 2893 915 vel
2932 859 2990 913 in
3032 857 3245 913 actibus
3274 864 3516 926 cognata
3545 858 3619 912 vel
3640 859 3682 914 in

2121 953 2365 1009 moribus
2393 952 2600 1008 habuit.
2631 951 2808 1006 Erunt
2837 965 2968 1020 ergo
3005 945 3313 1026 huiusmodi
3345 947 3575 1016 quidem
3612 963 3683 1003 or-

2122 1044 2276 1100 dines
2323 1044 2380 1097 in
2427 1043 2826 1099 resurrectione
2871 1049 3229 1106 mortuorum,
3270 1038 3413 1094 sicut
3468 1039 3682 1110 designat

2122 1134 2430 1204 Apostolus.
2487 1134 2726 1200 Quorum
2773 1131 3024 1187 ordinum
3048 1138 3207 1200 typus
3250 1128 3308 1183 in
3350 1128 3463 1183 hoc
3495 1128 3618 1184 libro
3640 1137 3682 1185 et

2122 1227 2295 1298 ﬁgura
2323 1223 2661 1297 praeformari
2713 1223 2847 1278 mihi
2875 1221 3107 1276 videtur.
3138 1218 3268 1274 Hac
3301 1233 3333 1271 a
3356 1218 3526 1274 nobis
3551 1234 3679 1289 gene-

2124 1319 2310 1374 raliter
2338 1318 2579 1373 indicata
2622 1323 2771 1380 sunt,
2799 1312 3105 1368 volentibus
3140 1310 3309 1365 totius
3355 1308 3512 1365 sacri
3553 1307 3678 1377 hujus

2105 1410 2411 1466 voluminis
2436 1407 2824 1465 continentiam
2852 1403 3140 1476 mysticam
3179 1400 3423 1457 breviter
3461 1416 3677 1471 compro-

2123 1505 2383 1571 hendere,
2411 1511 2474 1558 ut
2514 1517 2581 1557 ex
2606 1501 2692 1556 his
2721 1495 3092 1568 intelligentia
3122 1493 3388 1566 spiritalis
3418 1491 3677 1548 occasione

2125 1601 2374 1664 suscepta
2403 1633 2418 1659 ,
2445 1592 2817 1661 unusquisque
2845 1597 2901 1644 et
2932 1590 2987 1645 in
3032 1588 3257 1658 reliquis
3306 1587 3562 1652 similem,
3605 1594 3677 1640 aut

2124 1687 2289 1743 etiam
2314 1686 2360 1741 si
2378 1686 2464 1740 cui
2486 1683 2714 1753 amplius
2741 1682 2886 1737 Deus
2909 1681 3139 1748 revelat,
3159 1681 3514 1751 superiorem
3535 1689 3580 1736 et
3598 1694 3673 1734 er-

2126 1778 2407 1834 celsiorem
2434 1780 2792 1845 persequatur
2819 1771 3147 1842 indaginem.
3194 1768 3303 1824 Sed
3328 1785 3401 1824 ne
3431 1769 3673 1824 videamur

444 1867 680 1922 advenit.
709 1865 822 1922 Lex
857 1881 955 1935 per
980 1865 1197 1935 Moysen
1244 1865 1425 1932 datur,
1480 1866 1871 1922 sacriﬁciorum
1901 1884 2021 1924 mos
2049 1856 2097 1920 B
2126 1871 2270 1940 ipsas
2300 1865 2724 1939 signiﬁcationes
2774 1863 3012 1919 tribuum
3038 1876 3104 1917 ac
3141 1859 3366 1915 nomina
3403 1859 3671 1928 principun

443 1955 697 2025 traditur,
725 1955 1166 2027 puriﬁcationum
1194 1955 1332 2010 ritus
1367 1957 1610 2020 docetur,
1639 1956 2026 2014 sanctiﬁcatio-

445 2064 574 2102 num
602 2048 748 2118 leges
788 2057 842 2102 et
880 2055 1220 2102 sacramenta
1244 2047 1568 2102 conduntur.
1606 2047 1864 2104 Describe
1888 2050 2020 2115 hac,

445 2138 679 2204 auditor,
712 2138 770 2191 in
817 2138 980 2192 corde
1011 2146 1102 2192 tuo
1152 2137 1436 2208 dupliciter
1461 2146 1518 2192 et
1555 2139 1859 2209 tripliciter.
1891 2139 2026 2195 Vide

409 2225 412 2236 ’
443 2238 644 2303 quanta
678 2230 775 2286 tibi
795 2230 1124 2285 transeunda
1152 2238 1299 2298 sunt,
1331 2237 1531 2300 quanta
1568 2229 1868 2296 toleranda,
1892 2239 2026 2301 quot

442 2324 887 2398 profectionibus,
918 2331 1050 2394 quot
1081 2323 1493 2390 tentationibus,
1524 2331 1657 2393 quot
1700 2323 1905 2394 proeliis
1927 2339 2027 2393 pu-

444 2419 719 2490 gnandum
746 2427 829 2474 est
863 2419 960 2473 tibi
989 2426 1043 2474 et
1069 2420 1393 2475 vincendum
1417 2459 1432 2486 ,
1460 2428 1523 2474 ut
1572 2419 1750 2490 possis
1779 2419 1848 2474 ad
1887 2417 2024 2474 divi-

444 2526 576 2564 num
604 2525 889 2566 numerum
921 2510 1195 2580 pertinere
1221 2532 1233 2564 :
1262 2519 1323 2565 ut
1349 2520 1603 2581 computo
1623 2509 1803 2580 aliquo
1823 2508 2025 2565 habea—

445 2600 520 2655 ris
545 2601 686 2672 apud
711 2600 897 2664 Deum,
939 2607 998 2654 ut
1043 2600 1185 2655 inter
1212 2609 1426 2656 sanctas
1451 2601 1627 2656 tribus
1677 2598 2024 2654 annumerari

445 2691 638 2764 dignus
687 2692 962 2759 habearis,
1018 2700 1078 2747 ut
1106 2692 1318 2747 visitari
1369 2692 1566 2763 possis,
1598 2700 1654 2746 et
1680 2703 1777 2761 per
1795 2690 1892 2745 Dei
1938 2704 2024 2744 sa-

440 2784 689 2839 cerdotes
743 2783 925 2838 Aaron
984 2791 1040 2838 et
1104 2783 1325 2854 Moysen
1389 2795 1741 2836 numerorum
1769 2779 2022 2836 censilms

441 2873 624 2929 scribi.
655 2871 1004 2943 Suscipienda
1030 2879 1114 2928 est
1140 2872 1237 2926 tibi
1272 2871 1448 2941 primo
1467 2871 1555 2926 lex
1585 2871 1680 2925 Dei
1707 2879 1759 2925 et
1785 2869 1874 2924 lex
1901 2869 2024 2938 Spi-

441 2963 579 3017 ritus
607 2963 803 3029 sancti,
835 2961 1106 3017 oﬁ‘erenda
1135 2961 1422 3028 sacrificia,
1465 2959 1742 3032 explenda:
1763 2959 2019 3030 purifica-

444 3054 641 3121 tiones,
672 3055 976 3125 peragenda
1008 3061 1202 3109 cuncta
1229 3068 1348 3123 quae
1378 3053 1464 3108 lex
1508 3051 1730 3123 spiritus
1757 3051 1933 3113 docet,
1960 3057 2022 3104 ut

443 3142 620 3211 possis
677 3140 965 3210 aliquando
1013 3141 1080 3195 ad
1121 3141 1478 3197 lsraeliticum
1513 3157 1800 3197 numerum
1850 3142 2021 3211 perti-

442 3245 595 3285 nere.
627 3230 767 3300 Ergo
789 3232 966 3286 adhuc
987 3232 1218 3301 amplius
1240 3232 1442 3304 aliquid
1469 3233 1683 3288 intueor
1712 3234 1766 3288 in
1784 3235 1886 3289 hoc
1911 3232 2021 3287 Nu—
2051 3220 2095 3282 C

443 3337 717 3377 merorum
739 3321 876 3377 libro
899 3322 1163 3392 mysterii.
1195 3322 1352 3377 Ratio
1382 3325 1526 3378 enim
1561 3323 1796 3378 tribuum
1833 3331 1890 3377 et
1915 3321 2024 3378 dis-

384 3419 386 3422 ’
444 3416 636 3471 tinctis
659 3415 932 3481 ordinum,
955 3415 1189 3470 societas
1212 3413 1539 3470 familiarum
1570 3424 1730 3485 atque
1752 3415 2023 3471 ordinatio

445 3515 641 3562 wncta
673 3514 992 3574 castrorum,
1057 3505 1354 3578 ingentium
1395 3507 1528 3561 mihi
1557 3514 2022 3561 sacramentorum

387 3591 389 3594 ’
441 3599 624 3672 prodit
653 3600 852 3655 indicia
884 3641 898 3667 ,
927 3600 1170 3670 apostolo
1191 3600 1347 3655 nobis
1372 3598 1536 3654 Paulo
1579 3597 1838 3668 spiritalis
1858 3599 2022 3653 intel-

438 3691 676 3766 ligentia:
700 3692 907 3748 semina
927 3699 1299 3765 respargcnte.
1331 3691 1400 3745 Et
1422 3705 1522 3762 age
1537 3690 1674 3762 jam,
1702 3690 1830 3759 quid
1847 3691 2023 3746 omnis

381 3857 384 3860 _
437 3785 556 3840 hate
581 3785 1107 3849 numerorum’ratio,
1124 3783 1252 3853 quid
1263 3783 1512 3838 ordinum
1528 3782 1812 3836 diversitas
1829 3782 2026 3836 intelli—

437 3879 632 3950 gentiae
645 3879 887 3949 mysticae
899 3878 1192 3942 contineat,
1208 3875 1504 3929 videamus.
1521 3874 1867 3945 Exspectatio
1879 3882 2026 3929 certa

2125 1965 2326 2018 intacta
2353 1957 2654 2029 praeterire,
2708 1955 2838 2026 quia
2873 1969 2976 2010 nec
3001 1951 3226 2007 minima
3253 1950 3534 2021 mysteriis
3551 1947 3673 2003 intel-

2126 2052 2347 2124 ligentia
2372 2052 2428 2106 in
2461 2052 2541 2106 eis
2582 2050 2736 2114 latet,
2782 2055 2838 2103 et
2863 2047 2918 2103 in
2961 2045 3210 2118 pluribus
3231 2043 3371 2100 locis
3399 2043 3550 2098 istius
3574 2040 3672 2095 libri

2126 2146 2244 2201 haec
2272 2143 2461 2200 eadem
2513 2149 2850 2212 repetuntur,
2885 2137 3257 2209 interpretatis
3305 2151 3493 2192 eorum
3527 2131 3674 2189 nomi-

2126 2236 2325 2300 nibus,
2358 2233 2488 2304 quid
2538 2232 2768 2304 mystice
2840 2229 3147 2301 signiﬁcent
3171 2269 3188 2294 ,
3237 2224 3451 2297 speciali
3495 2221 3677 2279 descri-

2127 2327 2311 2396 ptione
2331 2324 2570 2380 breviter
2590 2325 2849 2379 adnotare
2872 2321 3203 2377 curavimus.
3225 2317 3306 2372 De
3332 2312 3674 2382 tribu,inquit,

2102 2416 2313 2471 ’Ruben
2337 2425 2452 2470 erat
2495 2415 2680 2469 Elisur
2710 2414 2857 2482 ﬂius
2882 2412 3106 2468 Sedeur.
3141 2409 3284 2466 Ecce
3312 2407 3401 2464 lex
3429 2415 3485 2461 et
3523 2419 3676 2460 sacer-

2127 2510 2332 2565 dotium
2358 2509 2586 2578 spiritali
2613 2522 2778 2563 censu
2810 2510 3170 2561 annumerant
3202 2502 3501 2573 primatum
3525 2495 3674 2552 Eccle-

2127 2601 2223 2655 sim
2252 2608 2307 2655 et
2333 2599 2508 2655 oﬁicia
2537 2599 2892 2670 singulorum,
2920 2596 3049 2666 quia
3065 2594 3222 2664 juxta
3249 2593 3306 2648 id
3335 2592 3486 2662 quod
3511 2591 3559 2645 in
3578 2588 3672 2656 lege

2126 2692 2343 2749 Domini
2371 2693 2700 2758 continetur,
2751 2707 2852 2761 per
2889 2689 3235 2745 sacerdotum
3259 2700 3515 2741 verorum
3541 2679 3673 2736 mini-

2128 2787 2353 2842 sterium
2374 2786 2550 2842 omnis
2565 2786 2698 2841 ordo
2721 2778 3352 2850 ecclesiasticus,di9poni
3375 2778 3544 2833 debet.
3562 2772 3674 2826 Nam

2129 2875 2342 2943 Ruben,
2383 2877 2476 2945 qui
2517 2875 2906 2946 primogenitus
2929 2871 3142 2928 lsraelis
3181 2879 3289 2936 est,
3321 2869 3420 2938 qui
3446 2869 3673 2934 interpre-

2103 2981 2106 2983 ·
2130 2974 2276 3021 tatur
2299 2967 2488 3022 videns
2515 2966 2674 3030 ﬁlios,
2699 2965 2780 3019 vel
2799 2964 2986 3018 videns
3015 2963 3069 3017 in
3091 2961 3295 3024 medio,
3320 2967 3507 3030 typum
3530 2957 3674 3026 potest

2127 3058 2329 3114 habere
2355 3058 2642 3129 primitivae
2669 3055 2930 3111 Ecclesia:
2951 3093 2967 3121 ,
2997 3067 3118 3124 quae
3153 3052 3257 3107 fuit
3293 3051 3352 3106 in
3376 3047 3672 3106 Jerusalem;

2128 3163 2289 3218 quam
2319 3149 2434 3217 ipse
2450 3147 2703 3202 Salvator
2733 3146 2790 3200 in
2827 3152 3070 3214 tempore
3099 3141 3492 3197 incarnationis
3511 3151 3607 3192 sua:
3626 3134 3675 3186 in

2127 3238 2385 3309 apostolis
2413 3238 2525 3293 suis
2559 3237 2795 3306 primum
2813 3235 3096 3298 fundavit;
3145 3235 3325 3302 ipsum
3362 3231 3500 3288 enim
3535 3224 3678 3297 signi-

2130 3331 2293 3386 ﬁcare
2323 3337 2503 3398 potest
2525 3328 2722 3392 Elisur,
2750 3327 2804 3381 id
2848 3335 2950 3392 est,
2995 3334 3152 3395 pater
3176 3340 3338 3381 meus
3379 3322 3549 3386 fortis,
3572 3318 3678 3388 quia

2129 3422 2220 3479 ille
2270 3423 2465 3477 merito
2501 3421 2658 3477 fortis
2688 3419 2988 3490 appellatur
3032 3418 3099 3473 de
3126 3432 3236 3486 quo
3278 3416 3542 3486 Propheta
3576 3411 3679 3464 ait:

2129 3513 2245 3569 Rex
2270 3514 2452 3584 gloria:
2498 3512 2758 3568 Dominus
2777 3509 3228 3582 fortis,Dominus
3243 3517 3424 3578 potens
3442 3508 3494 3559 in
3517 3501 3683 3575 pratia

2131 3605 2302 3679 (Psal.
2325 3606 2504 3678 χχιιι),
2533 3605 2638 3662 Iste
2675 3620 2804 3677 ergo
2833 3603 3025 3660 Ruben
3065 3603 3166 3657 sub
3191 3601 3284 3656 tali
3303 3599 3548 3670 principe
3567 3610 3685 3652 00n-

2129 3699 2351 3753 stitutus
2368 3698 2516 3753 videt
2542 3698 2699 3762 ﬁlios,
2729 3711 2855 3752 cum
2882 3695 3211 3752 credentium
3231 3705 3510 3747 numerum
3538 3689 3610 3742 ad
3636 3700 3693 3740 se

2127 3788 2401 3844 conﬂuere
2425 3789 2648 3858 largiter
2671 3787 2954 3858 conspicit.
2991 3785 3134 3842 Unde
3155 3784 3210 3839 in
3227 3781 3452 3836 Actibus
3475 3786 3691 3848 aposto-

2128 3881 2302 3937 lorum
2321 3880 2472 3953 (Cap.
2500 3879 2564 3952 ιι)
2585 3895 2693 3934 una
2710 3879 2798 3933 die
2826 3878 3152 3948 praedicante
3163 3873 3323 3928 Petro
3343 3870 3566 3926 circiter
3595 3869 3688 3922 tria

437 3979 521 4027 cst
540 3971 696 4025 nobis
714 3970 1129 4025 resurrectionis
1155 3976 1510 4033 mortuorum,
1527 3982 1644 4020 cum
1658 3965 1712 4018 Ιιὶ
1734 3966 1824 4036 qui
1849 3956 2034 4020 vivunt
2127 3974 2295 4030 millia
2342 3973 2614 4044 baptizata
2650 3976 3162 4027 commemorantur.
3193 3967 3263 4022 Ει
3303 3964 3461 4036 paulo
3486 3971 3602 4034 post
3636 3962 3688 4013 in

375 4057 377 4060 ’
436 4061 528 4129 qui
557 4059 740 4128 reliqui
766 4069 908 4124 sunt,
935 4076 1037 4113 non
1059 4057 1368 4130 praevenirent
1393 4057 1448 4112 in
1475 4057 1698 4112 adventu
1721 4056 1917 4112 Christi
1938 4072 2026 4112 eos

436 4147 527 4216 qui
548 4148 874 4200 dormierunt
898 4146 948 4218 (Ι
971 4149 1150 4203 Thess.
1181 4150 1274 4220 tv),
1295 4149 1390 4204 sed
1403 4149 1561 4204 simul
1573 4163 1697 4204 cum
1713 4148 2022 4218 illis‘juncti,

439 4240 722 4310 rapientur
743 4238 798 4292 in
809 4236 1040 4296 nubibus
1067 4241 1278 4294 obviam
1297 4240 1518 4294 Christo
1549 4241 1603 4294 in
1630 4256 1792 4295 aera:
1817 4241 2026 4296 scilicet

439 4329 600 4402 hujus
625 4329 730 4385 loci
750 4327 1113 4397 corruptelam
1139 4336 1193 4383 et
1217 4329 1409 4384 mortis
1432 4328 1741 4384 habitacula
1771 4329 2025 4386 deseren-

439 4432 540 4488 tes,
566 4422 679 4478 sive
702 4417 870 4493 a'liqui
901 4419 1063 4474 etiam
1093 4417 1158 4473 ad
1179 4420 1506 4490 paradisum,
1545 4427 1641 4474 aut
1665 4420 1844 4490 aliqua
1873 4437 2022 4492 quae-

436 4511 570 4566 libet
612 4527 676 4564 ea:
697 4508 876 4564 multis
925 4508 1284 4563 mansionibus
1320 4525 1437 4581 qua:
1465 4510 1606 4580 apud
1636 4507 1855 4564 Patrem
1901 4519 2024 4566 sunt
2048 4541 2070 4581 ,-

441 4599 624 4671 (Joan.
684 4601 819 4672 ιιιν),
881 4598 1242 4656 transferendi
1295 4600 1430 4656 loca.
1486 4599 1786 4657 Diversitas
1837 4611 2018 4658 autem

439 4690 811 4748 translationis
837 4703 890 4748 et
928 4694 1110 4766 gloriae
1148 4710 1211 4750 cx
1269 4693 1478 4749 meritis
1509 4694 1626 4750 sine
1646 4694 1810 4750 dubio
1848 4705 1904 4750 et
1930 4710 2018 4751 ac-

442 4781 588 4835 tibus
615 4781 1034 4852 uniuscujusque
1047 4783 1412 4853 praestabitur,
1437 4790 1493 4838 et
1517 4784 1622 4838 erit
1644 4785 2019 4854 unusquisque

349 4876 356 4883 '
444 4872 497 4924 in
525 4886 590 4924 eo
617 4871 805 4927 ordine
830 4885 989 4941 quem
1011 4873 1113 4928 sibi
1145 4875 1461 4928 meritorum
1485 4882 1634 4944 gesta
1666 4875 2013 4940 contulerint,

442 4962 584 5014 sicut
611 4967 666 5014 et
693 4959 834 5014 idem
862 4959 1058 5015 Paulus
1079 4970 1416 5030 protestatur
1437 4963 1622 5017 dicens
1649 4964 1715 5017 de
1734 4977 2017 5033 resurgen-

443 5051 626 5105 tihus:
663 5048 1024 5122 Unusquisque
1045 5051 1100 5105 in
1132 5069 1228 5107 suo
1268 5055 1452 5109 ordine
1487 5051 1540 5125 (Ι
1568 5053 1690 5108 Cor.
1713 5055 1828 5122 xv).
1867 5056 2019 5111 Tunc

443 5150 624 5196 autem
654 5141 862 5196 accedit
908 5141 965 5195 in
1004 5144 1400 5199 resurrectione
1452 5144 1840 5214 unusquisque,
1869 5152 1929 5199 ut
1962 5145 2017 5200 in

445 5231 592 5286 tribu
615 5231 806 5286 Ruben
841 5229 1172 5299 spiritalibus
1198 5233 1413 5288 indiciis
1438 5234 1784 5301 ascribatur;
1817 5237 1888 5291 ob
1913 5237 2017 5293 hoc

441 5321 687 5392 profecto
733 5321 876 5391 quod
903 5319 1106 5388 aliquid
1150 5321 1202 5374 in
1247 5324 1507 5391 moribus,
1540 5332 1634 5380 aut
1659 5326 1890 5393 actibus,
1922 5335 2019 5382 aut

443 5415 576 5483 vita,
629 5415 728 5485 ipsi
765 5413 953 5468 Ruben
991 5413 1163 5468 simile
1217 5420 1272 5466 et
1303 5417 1759 5487 consanguineum
1805 5419 2010 5474 habuit.

446 5506 596 5562 Alius
614 5514 794 5561 autem
816 5505 870 5560 in
903 5506 1075 5561 tribus
1096 5504 1338 5570 Simeon,
1362 5504 1607 5562 fortassis
1631 5524 1730 5578 pro
1757 5509 2012 5566 obedien-

445 5598 550 5663 tia;
586 5597 722 5653 alius
755 5597 812 5653 in
835 5597 980 5652 tribu
1006 5596 1158 5663 Levi,
1199 5596 1363 5651 credo
1383 5598 1474 5666 qui
1505 5599 1641 5653 bene
1685 5601 1904 5668 praefuit
1928 5618 2015 5656 sa—

447 5687 684 5742 cerdotio
706 5730 720 5753 ,
747 5688 832 5742 vel
865 5687 957 5758 qui
981 5689 1119 5744 bene
1143 5687 1460 5744 ministrans
1479 5728 1494 5754 ,
1523 5690 1746 5758 gradum
1771 5692 1875 5747 sibi
1919 5694 2014 5748 bo-

447 5789 578 5853 num
605 5779 921 5848 acquisivit;
949 5778 1088 5837 alius
1111 5789 1292 5838 autem
1320 5780 1376 5836 in
1403 5780 1548 5837 tribu
1569 5778 1728 5850 Juda,
1778 5798 1884 5838 non
1916 5783 2013 5838 du-

2127 4067 2318 4125 eodem
2342 4067 2504 4132 libro,
2551 4067 2627 4122 ita
2672 4064 2932 4136 scriptum
2963 4073 3049 4120 est
3077 4082 3091 4118 :
3123 4061 3480 4117 Multitudinis
3523 4069 3690 4113 autem

2128 4158 2451 4212 credentium
2470 4166 2582 4212 erat
2611 4169 2702 4211 cor
2726 4173 2890 4210 unum
2921 4165 2969 4210 et
3007 4155 3187 4209 anisna
3209 4171 3320 4209 una
3343 4153 3480 4225 (Act.
3508 4150 3602 4219 iv).
3630 4147 3690 4201 Et

2128 4249 2293 4304 item:
2327 4247 2502 4318 Magis
2523 4257 2720 4313 autent,
2744 4246 2941 4315 inquit,
2983 4245 3277 4315 augebatur
3311 4243 3626 4298 credentium
3643 4240 3689 4291 in

2126 4337 2354 4394 Domino
2369 4337 2652 4392 multitudo
2668 4338 2898 4393 uirorum
2909 4351 2971 4390 ac
2981 4335 3263 4390 mulierum
3275 4333 3502 4407 (Act.v).
3521 4331 3688 4386 Potest

2126 4437 2183 4482 et
2208 4428 2532 4500 generaliter
2556 4429 2808 4498 princeps
2852 4426 3028 4482 tribus
3051 4426 3244 4481 Ruben
3271 4439 3372 4482 eos
3401 4422 3692 4495 signiﬁcare

2127 4519 2220 4588 qui
2242 4517 2297 4572 in
2325 4518 2503 4573 medio
2527 4517 2758 4572 fratrum
2785 4523 3194 4580 conversantes,
3225 4514 3574 4570 subditorum
3599 4506 3688 4564 sibi

2127 4621 2318 4662 curam
2339 4619 2564 4678 gerunt;
2592 4615 2648 4663 et
2665 4621 2914 4663 sermone
2933 4605 3096 4661 simul
3110 4615 3276 4675 atque
3295 4604 3553 4676 exemplo
3571 4603 3694 4657 bene

2129 4699 2461 4763 incedentes,
2500 4699 2727 4768 cupiunt
2751 4697 2954 4752 habere
2975 4695 3160 4766 plures
3206 4695 3558 4767 imitatores,
3575 4705 3692 4762 quos

2125 4789 2181 4844 in
2205 4789 2441 4846 ﬁliorum
2492 4789 2613 4845 loco
2669 4789 2738 4843 ad
2764 4787 3014 4844 militiam
3059 4787 3156 4844 Dei
3216 4787 3470 4842 mittant.
3511 4785 3573 4842 ιιι
3605 4783 3696 4838 hac

2123 4880 2289 4949 igitur
2320 4879 2486 4946 tribu,
2535 4879 2590 4934 id
2617 4888 2721 4945 est,
2743 4877 2974 4948 spiritali
2997 4876 3210 4942 Ruben,
3247 4876 3467 4943 Elisur,
3510 4874 3600 4946 qui
3627 4872 3697 4925 in-

2125 4977 2472 5038 terpretatur,
2494 4976 2555 5023 ut
2578 4969 2834 5033 diximus,
2857 4974 3012 5036 pater
3031 4980 3185 5026 meus,
3210 4964 3402 5032 fortis,
3424 4966 3547 5023 sive
3565 4969 3702 5034 pater

2123 5077 2277 5117 meus
2305 5048 2607 5131 coangusti,
2632 5069 2687 5117 et
2713 5068 2797 5116 est
2839 5058 2983 5116 filius
3026 5057 3258 5124 Sedeur,
3315 5058 3425 5126 qui
3447 5059 3703 5125 interpre-

2125 5160 2270 5205 tatur
2299 5151 2668 5216 absconditus,
2704 5149 3070 5220 principatum
3115 5154 3264 5203 tenet
3295 5163 3310 5200 :
3341 5149 3493 5216 quia
3535 5147 3584 5202 is
3624 5143 3709 5215 qui

2119 5241 2445 5297 auctoritate
2468 5239 2768 5312 magisterii
2793 5239 2932 5294 bene
2956 5237 3150 5304 utitur,
3178 5251 3243 5292 ac
3269 5242 3523 5306 paterna
3562 5232 3712 5290 disci-

2116 5333 2263 5401 plina
2283 5332 2539 5404 subjectis
2565 5331 2667 5385 rite
2688 5338 2908 5398 praeest,
2932 5338 2987 5384 et
3012 5329 3117 5384 hoc
3133 5343 3244 5385 non
3270 5328 3342 5383 ad
3362 5327 3608 5385 laudem
3625 5325 3715 5380 bu-

2123 5438 2339 5477 manam
2389 5421 2691 5477 forinsecus
2724 5419 3094 5490 quaerendam,
3147 5419 3244 5475 sed
3279 5417 3338 5474 in
3389 5417 3716 5475 abscondito

2123 5513 2301 5567 cordis
2325 5512 2395 5566 ad
2413 5511 2640 5581 gloriam
2676 5510 2773 5566 Dei
2815 5518 2985 5566 totum
3015 5509 3343 5565 intrinsecus
3383 5512 3540 5582 agit,
3582 5515 3721 5565 recte

2120 5602 2372 5670 princeps
2401 5601 2640 5657 tribuum
2668 5617 2732 5656 ac
2758 5601 3040 5658 domorum
3068 5601 3124 5655 in
3153 5600 3602 5670 cognationibus
3622 5598 3724 5653 suis

2120 5706 2241 5746 esse
2298 5691 2662 5758 describitur;
2721 5692 2845 5760 quia
2902 5700 3012 5746 tum
3069 5691 3512 5761 conjugatorum
3571 5697 3725 5760 quam

2121 5783 2285 5840 etiam
2309 5781 2576 5854 caelibum,
2610 5791 2718 5870 tam
2750 5782 2990 5864 virorum
3014 5797 3174 5854 quam
3199 5780 3365 5836 etiam
3393 5781 3729 5844 mulierum,
