  <div class='ocr_page' id='page_1' title='image "/cluster/home/n/w/nwhite01/storage/ocr_20150623/108/hvd.32044015466840/304.png"; bbox 0 0 3892 6346; ppageno 0'>
   <div class='ocr_carea' id='block_1_1' title="bbox 932 363 2729 426">
    <p class='ocr_par' dir='ltr' id='par_1_1' title="bbox 932 363 2729 426">
     <span class='ocr_line' id='line_1_1' title="bbox 932 363 2729 426; baseline 0 -3"><span class='ocrx_word' id='word_1_1' title='bbox 932 363 1466 425; x_wconf 74' lang='lat' dir='ltr'><strong>ENARBATIONES</strong></span> <span class='ocrx_word' id='word_1_2' title='bbox 1502 365 1572 423; x_wconf 83' lang='lat' dir='ltr'><strong>IN</strong></span> <span class='ocrx_word' id='word_1_3' title='bbox 1608 364 1875 426; x_wconf 73' lang='lat' dir='ltr'><strong>LIBRUM</strong></span> <span class='ocrx_word' id='word_1_4' title='bbox 1911 363 2376 424; x_wconf 66' lang='lat' dir='ltr'><strong>NUMERORUII.</strong></span> <span class='ocrx_word' id='word_1_5' title='bbox 2413 393 2487 409; x_wconf 88' lang='lat'><strong>--</strong></span> <span class='ocrx_word' id='word_1_6' title='bbox 2515 367 2650 426; x_wconf 82' lang='lat' dir='ltr'><strong>LIB.</strong></span> <span class='ocrx_word' id='word_1_7' title='bbox 2687 371 2729 423; x_wconf 83' lang='grc' dir='ltr'><strong>ι.</strong></span> 
     </span>
    </p>
   </div>
   <div class='ocr_carea' id='block_1_2' title="bbox 1911 267 2020 289">
    <p class='ocr_par' dir='ltr' id='par_1_2' title="bbox 1911 267 2020 289">
     <span class='ocr_line' id='line_1_2' title="bbox 1911 267 2020 289; baseline -0.018 -3"><span class='ocrx_word' id='word_1_8' title='bbox 1911 267 2020 289; x_wconf 47' lang='grc' dir='ltr'><strong>ἦσαν</strong></span> 
     </span>
    </p>
   </div>
   <div class='ocr_carea' id='block_1_3' title="bbox 3381 377 3487 432">
    <p class='ocr_par' dir='ltr' id='par_1_3' title="bbox 3381 377 3487 432">
     <span class='ocr_line' id='line_1_3' title="bbox 3381 377 3487 432; baseline 0.028 -3"><span class='ocrx_word' id='word_1_9' title='bbox 3381 377 3487 432; x_wconf 68' lang='grc'><strong>594</strong></span> 
     </span>
    </p>
   </div>
   <div class='ocr_carea' id='block_1_4' title="bbox 250 475 3504 552">
    <p class='ocr_par' dir='ltr' id='par_1_4' title="bbox 250 475 3504 552">
     <span class='ocr_line' id='line_1_4' title="bbox 250 475 3504 552; baseline 0.001 -15"><span class='ocrx_word' id='word_1_10' title='bbox 250 487 297 540; x_wconf 90' lang='lat' dir='ltr'><strong>in</strong></span> <span class='ocrx_word' id='word_1_11' title='bbox 321 489 543 550; x_wconf 86' lang='lat' dir='ltr'><strong>utroque</strong></span> <span class='ocrx_word' id='word_1_12' title='bbox 591 492 724 535; x_wconf 82' lang='lat' dir='ltr'><strong>sexu</strong></span> <span class='ocrx_word' id='word_1_13' title='bbox 769 487 825 534; x_wconf 89' lang='lat' dir='ltr'><strong>et</strong></span> <span class='ocrx_word' id='word_1_14' title='bbox 849 481 998 535; x_wconf 89' lang='lat' dir='ltr'><strong>omni</strong></span> <span class='ocrx_word' id='word_1_15' title='bbox 1052 489 1210 536; x_wconf 66' lang='lat' dir='ltr'><strong>aetate</strong></span> <span class='ocrx_word' id='word_1_16' title='bbox 1237 495 1428 536; x_wconf 90' lang='lat' dir='ltr'><strong>curam</strong></span> <span class='ocrx_word' id='word_1_17' title='bbox 1467 494 1682 550; x_wconf 86' lang='lat' dir='ltr'><strong>gerens,</strong></span> <span class='ocrx_word' id='word_1_18' title='bbox 1720 495 1807 539; x_wconf 86' lang='lat' dir='ltr'><strong>se-</strong></span> <span class='ocrx_word' id='word_1_19' title='bbox 1831 486 1886 546; x_wconf 79' lang='grc' dir='ltr'><strong>Α</strong></span> <span class='ocrx_word' id='word_1_20' title='bbox 1908 479 2070 537; x_wconf 91' lang='lat' dir='ltr'><strong>etiam</strong></span> <span class='ocrx_word' id='word_1_21' title='bbox 2101 481 2370 538; x_wconf 74' lang='lat' dir='ltr'><strong>virulenta</strong></span> <span class='ocrx_word' id='word_1_22' title='bbox 2393 482 2648 538; x_wconf 89' lang='lat' dir='ltr'><strong>vitiorum</strong></span> <span class='ocrx_word' id='word_1_23' title='bbox 2674 479 2878 552; x_wconf 74' lang='lat' dir='ltr'><strong>iacula,</strong></span> <span class='ocrx_word' id='word_1_24' title='bbox 2907 493 3108 552; x_wconf 88' lang='lat' dir='ltr'><strong>corpus</strong></span> <span class='ocrx_word' id='word_1_25' title='bbox 3137 495 3295 541; x_wconf 84' lang='lat' dir='ltr'><strong>suum</strong></span> <span class='ocrx_word' id='word_1_26' title='bbox 3324 475 3504 550; x_wconf 22' lang='lat' dir='ltr'><strong>casti--</strong></span> 
     </span>
    </p>
   </div>
   <div class='ocr_carea' id='block_1_5' title="bbox 248 569 1803 642">
    <p class='ocr_par' dir='ltr' id='par_1_5' title="bbox 248 569 1803 642">
     <span class='ocr_line' id='line_1_5' title="bbox 248 569 1803 642; baseline -0.001 -15"><span class='ocrx_word' id='word_1_27' title='bbox 248 571 454 628; x_wconf 86' lang='lat' dir='ltr'><strong>cundum</strong></span> <span class='ocrx_word' id='word_1_28' title='bbox 483 569 818 625; x_wconf 80' lang='lat' dir='ltr'><strong>voluntatem</strong></span> <span class='ocrx_word' id='word_1_29' title='bbox 852 571 947 625; x_wconf 87' lang='lat' dir='ltr'><strong>Dei</strong></span> <span class='ocrx_word' id='word_1_30' title='bbox 976 571 1252 642; x_wconf 87' lang='lat' dir='ltr'><strong>regiminis</strong></span> <span class='ocrx_word' id='word_1_31' title='bbox 1285 570 1535 626; x_wconf 82' lang='lat' dir='ltr'><strong>ordinem</strong></span> <span class='ocrx_word' id='word_1_32' title='bbox 1563 571 1668 629; x_wconf 87' lang='lat' dir='ltr'><strong>rite</strong></span> <span class='ocrx_word' id='word_1_33' title='bbox 1688 585 1803 627; x_wconf 88' lang='lat' dir='ltr'><strong>ser-</strong></span> 
     </span>
    </p>
   </div>
   <div class='ocr_carea' id='block_1_6' title="bbox 247 661 1802 735">
    <p class='ocr_par' dir='ltr' id='par_1_6' title="bbox 247 661 1802 735">
     <span class='ocr_line' id='line_1_6' title="bbox 247 661 1802 735; baseline -0.001 -16"><span class='ocrx_word' id='word_1_34' title='bbox 247 680 354 719; x_wconf 85' lang='lat' dir='ltr'><strong>vare</strong></span> <span class='ocrx_word' id='word_1_35' title='bbox 392 664 562 718; x_wconf 89' lang='lat' dir='ltr'><strong>novit.</strong></span> <span class='ocrx_word' id='word_1_36' title='bbox 598 661 666 715; x_wconf 90' lang='lat' dir='ltr'><strong>In</strong></span> <span class='ocrx_word' id='word_1_37' title='bbox 716 663 853 717; x_wconf 82' lang='lat' dir='ltr'><strong>tribu</strong></span> <span class='ocrx_word' id='word_1_38' title='bbox 896 679 1098 735; x_wconf 84' lang='lat' dir='ltr'><strong>quoque</strong></span> <span class='ocrx_word' id='word_1_39' title='bbox 1153 661 1369 718; x_wconf 88' lang='lat' dir='ltr'><strong>Simeon</strong></span> <span class='ocrx_word' id='word_1_40' title='bbox 1407 663 1650 733; x_wconf 72' lang='lat' dir='ltr'><strong>princeps</strong></span> <span class='ocrx_word' id='word_1_41' title='bbox 1688 672 1802 717; x_wconf 88' lang='lat' dir='ltr'><strong>erat</strong></span> 
     </span>
    </p>
   </div>
   <div class='ocr_carea' id='block_1_7' title="bbox 245 754 1791 827">
    <p class='ocr_par' dir='ltr' id='par_1_7' title="bbox 245 754 1791 827">
     <span class='ocr_line' id='line_1_7' title="bbox 245 754 1791 827; baseline 0.001 -16"><span class='ocrx_word' id='word_1_42' title='bbox 245 755 479 811; x_wconf 77' lang='lat' dir='ltr'><strong>Gamaliel</strong></span> <span class='ocrx_word' id='word_1_43' title='bbox 504 754 652 824; x_wconf 83' lang='lat' dir='ltr'><strong>ﬁlius</strong></span> <span class='ocrx_word' id='word_1_44' title='bbox 683 754 1018 812; x_wconf 80' lang='lat' dir='ltr'><strong>Surisaddai.</strong></span> <span class='ocrx_word' id='word_1_45' title='bbox 1045 757 1115 811; x_wconf 83' lang='lat' dir='ltr'><strong>Et</strong></span> <span class='ocrx_word' id='word_1_46' title='bbox 1137 757 1270 826; x_wconf 89' lang='lat' dir='ltr'><strong>quid</strong></span> <span class='ocrx_word' id='word_1_47' title='bbox 1296 756 1352 810; x_wconf 87' lang='lat' dir='ltr'><strong>in</strong></span> <span class='ocrx_word' id='word_1_48' title='bbox 1388 755 1664 824; x_wconf 81' lang='lat' dir='ltr'><strong>Simeone,</strong></span> <span class='ocrx_word' id='word_1_49' title='bbox 1695 757 1791 827; x_wconf 85' lang='lat' dir='ltr'><strong>qui</strong></span> 
     </span>
    </p>
   </div>
   <div class='ocr_carea' id='block_1_8' title="bbox 245 846 1799 916">
    <p class='ocr_par' dir='ltr' id='par_1_8' title="bbox 245 846 1799 916">
     <span class='ocr_line' id='line_1_8' title="bbox 245 846 1799 916; baseline 0.003 -14"><span class='ocrx_word' id='word_1_50' title='bbox 245 848 616 916; x_wconf 80' lang='lat' dir='ltr'><strong>interpretatur</strong></span> <span class='ocrx_word' id='word_1_51' title='bbox 658 846 935 901; x_wconf 84' lang='lat' dir='ltr'><strong>exauditio</strong></span> <span class='ocrx_word' id='word_1_52' title='bbox 965 887 981 911; x_wconf 94' lang='lat'><strong>,</strong></span> <span class='ocrx_word' id='word_1_53' title='bbox 1023 846 1133 902; x_wconf 90' lang='lat' dir='ltr'><strong>nisi</strong></span> <span class='ocrx_word' id='word_1_54' title='bbox 1188 847 1404 904; x_wconf 82' lang='lat' dir='ltr'><strong>devotio</strong></span> <span class='ocrx_word' id='word_1_55' title='bbox 1439 848 1696 905; x_wconf 69' lang='lat' dir='ltr'><strong>Ecclesiae</strong></span> <span class='ocrx_word' id='word_1_56' title='bbox 1730 851 1799 906; x_wconf 91' lang='lat' dir='ltr'><strong>de</strong></span> 
     </span>
    </p>
   </div>
   <div class='ocr_carea' id='block_1_9' title="bbox 241 938 1802 1012">
    <p class='ocr_par' dir='ltr' id='par_1_9' title="bbox 241 938 1802 1012">
     <span class='ocr_line' id='line_1_9' title="bbox 241 938 1802 1012; baseline 0.004 -20"><span class='ocrx_word' id='word_1_57' title='bbox 241 938 465 1010; x_wconf 77' lang='lat' dir='ltr'><strong>gentibus</strong></span> <span class='ocrx_word' id='word_1_58' title='bbox 507 938 845 1008; x_wconf 84' lang='lat' dir='ltr'><strong>exprimitur,</strong></span> <span class='ocrx_word' id='word_1_59' title='bbox 894 939 960 994; x_wconf 88' lang='lat' dir='ltr'><strong>de</strong></span> <span class='ocrx_word' id='word_1_60' title='bbox 987 955 1096 1009; x_wconf 90' lang='lat' dir='ltr'><strong>qua</strong></span> <span class='ocrx_word' id='word_1_61' title='bbox 1141 939 1405 996; x_wconf 87' lang='lat' dir='ltr'><strong>Dominus</strong></span> <span class='ocrx_word' id='word_1_62' title='bbox 1448 956 1547 1010; x_wconf 90' lang='lat' dir='ltr'><strong>per</strong></span> <span class='ocrx_word' id='word_1_63' title='bbox 1571 943 1802 1012; x_wconf 85' lang='lat' dir='ltr'><strong>prophe-</strong></span> 
     </span>
    </p>
   </div>
   <div class='ocr_carea' id='block_1_10' title="bbox 240 1025 1795 1102">
    <p class='ocr_par' dir='ltr' id='par_1_10' title="bbox 240 1025 1795 1102">
     <span class='ocr_line' id='line_1_10' title="bbox 240 1025 1795 1102; baseline 0.003 -18"><span class='ocrx_word' id='word_1_64' title='bbox 240 1039 333 1084; x_wconf 88' lang='lat' dir='ltr'><strong>tam</strong></span> <span class='ocrx_word' id='word_1_65' title='bbox 351 1028 481 1082; x_wconf 81' lang='lat' dir='ltr'><strong>dixit</strong></span> <span class='ocrx_word' id='word_1_66' title='bbox 508 1045 523 1081; x_wconf 91' lang='lat'><strong>:</strong></span> <span class='ocrx_word' id='word_1_67' title='bbox 550 1025 788 1099; x_wconf 84' lang='lat' dir='ltr'><strong>Populus</strong></span> <span class='ocrx_word' id='word_1_68' title='bbox 824 1046 979 1100; x_wconf 85' lang='lat' dir='ltr'><strong>quem</strong></span> <span class='ocrx_word' id='word_1_69' title='bbox 1007 1047 1114 1084; x_wconf 88' lang='lat' dir='ltr'><strong>non</strong></span> <span class='ocrx_word' id='word_1_70' title='bbox 1147 1033 1366 1102; x_wconf 75' lang='lat' dir='ltr'><strong>cognovi</strong></span> <span class='ocrx_word' id='word_1_71' title='bbox 1405 1033 1613 1087; x_wconf 77' lang='lat' dir='ltr'><strong>servivit</strong></span> <span class='ocrx_word' id='word_1_72' title='bbox 1642 1033 1795 1101; x_wconf 81' lang='lat' dir='ltr'><strong>mihi,</strong></span> 
     </span>
    </p>
   </div>
   <div class='ocr_carea' id='block_1_11' title="bbox 237 1121 1798 1195">
    <p class='ocr_par' dir='ltr' id='par_1_11' title="bbox 237 1121 1798 1195">
     <span class='ocr_line' id='line_1_11' title="bbox 237 1121 1798 1195; baseline 0.003 -19"><span class='ocrx_word' id='word_1_73' title='bbox 237 1124 285 1176; x_wconf 88' lang='lat' dir='ltr'><strong>in</strong></span> <span class='ocrx_word' id='word_1_74' title='bbox 319 1121 498 1175; x_wconf 83' lang='lat' dir='ltr'><strong>auditu</strong></span> <span class='ocrx_word' id='word_1_75' title='bbox 525 1123 670 1175; x_wconf 81' lang='lat' dir='ltr'><strong>auris</strong></span> <span class='ocrx_word' id='word_1_76' title='bbox 716 1121 938 1177; x_wconf 84' lang='lat' dir='ltr'><strong>obedivit</strong></span> <span class='ocrx_word' id='word_1_77' title='bbox 985 1123 1157 1177; x_wconf 83' lang='lat' dir='ltr'><strong>mihi?</strong></span> <span class='ocrx_word' id='word_1_78' title='bbox 1191 1123 1366 1195; x_wconf 86' lang='lat' dir='ltr'><strong>(Psal.</strong></span> <span class='ocrx_word' id='word_1_79' title='bbox 1417 1123 1578 1194; x_wconf 82' lang='lat' dir='ltr'><strong>xvn.)</strong></span> <span class='ocrx_word' id='word_1_80' title='bbox 1607 1124 1665 1180; x_wconf 92' lang='lat' dir='ltr'><strong>In</strong></span> <span class='ocrx_word' id='word_1_81' title='bbox 1694 1126 1798 1181; x_wconf 85' lang='lat' dir='ltr'><strong>hac</strong></span> 
     </span>
    </p>
   </div>
   <div class='ocr_carea' id='block_1_12' title="bbox 237 1211 1796 1285">
    <p class='ocr_par' dir='ltr' id='par_1_12' title="bbox 237 1211 1796 1285">
     <span class='ocr_line' id='line_1_12' title="bbox 237 1211 1796 1285; baseline 0.003 -17"><span class='ocrx_word' id='word_1_82' title='bbox 237 1226 350 1284; x_wconf 86' lang='lat' dir='ltr'><strong>ergo</strong></span> <span class='ocrx_word' id='word_1_83' title='bbox 370 1213 675 1268; x_wconf 85' lang='lat' dir='ltr'><strong>dominatur</strong></span> <span class='ocrx_word' id='word_1_84' title='bbox 689 1211 974 1278; x_wconf 87' lang='lat' dir='ltr'><strong>Gamaliel,</strong></span> <span class='ocrx_word' id='word_1_85' title='bbox 999 1213 1053 1268; x_wconf 91' lang='lat' dir='ltr'><strong>id</strong></span> <span class='ocrx_word' id='word_1_86' title='bbox 1077 1223 1180 1279; x_wconf 90' lang='lat' dir='ltr'><strong>est,</strong></span> <span class='ocrx_word' id='word_1_87' title='bbox 1197 1230 1303 1285; x_wconf 89' lang='lat' dir='ltr'><strong>pax</strong></span> <span class='ocrx_word' id='word_1_88' title='bbox 1328 1230 1448 1270; x_wconf 91' lang='lat' dir='ltr'><strong>mea</strong></span> <span class='ocrx_word' id='word_1_89' title='bbox 1475 1215 1639 1283; x_wconf 89' lang='lat' dir='ltr'><strong>Deus,</strong></span> <span class='ocrx_word' id='word_1_90' title='bbox 1671 1231 1796 1272; x_wconf 92' lang='lat' dir='ltr'><strong>cum</strong></span> 
     </span>
    </p>
   </div>
   <div class='ocr_carea' id='block_1_13' title="bbox 234 1302 1798 1373">
    <p class='ocr_par' dir='ltr' id='par_1_13' title="bbox 234 1302 1798 1373">
     <span class='ocr_line' id='line_1_13' title="bbox 234 1302 1798 1373; baseline 0.001 -17"><span class='ocrx_word' id='word_1_91' title='bbox 234 1303 543 1372; x_wconf 86' lang='lat' dir='ltr'><strong>Redemptor</strong></span> <span class='ocrx_word' id='word_1_92' title='bbox 561 1310 762 1367; x_wconf 87' lang='lat' dir='ltr'><strong>noster,</strong></span> <span class='ocrx_word' id='word_1_93' title='bbox 795 1302 887 1372; x_wconf 88' lang='lat' dir='ltr'><strong>qui</strong></span> <span class='ocrx_word' id='word_1_94' title='bbox 935 1303 1230 1358; x_wconf 87' lang='lat' dir='ltr'><strong>secundum</strong></span> <span class='ocrx_word' id='word_1_95' title='bbox 1259 1302 1578 1373; x_wconf 83' lang='lat' dir='ltr'><strong>Apostolum</strong></span> <span class='ocrx_word' id='word_1_96' title='bbox 1597 1313 1672 1358; x_wconf 87' lang='lat' dir='ltr'><strong>est</strong></span> <span class='ocrx_word' id='word_1_97' title='bbox 1692 1320 1798 1372; x_wconf 73' lang='lat' dir='ltr'><strong>pan:</strong></span> 
     </span>
    </p>
   </div>
   <div class='ocr_carea' id='block_1_14' title="bbox 232 1390 1800 1463">
    <p class='ocr_par' dir='ltr' id='par_1_14' title="bbox 232 1390 1800 1463">
     <span class='ocr_line' id='line_1_14' title="bbox 232 1390 1800 1463; baseline 0 -16"><span class='ocrx_word' id='word_1_98' title='bbox 232 1401 392 1448; x_wconf 84' lang='lat' dir='ltr'><strong>nostra</strong></span> <span class='ocrx_word' id='word_1_99' title='bbox 433 1400 481 1446; x_wconf 86' lang='lat' dir='ltr'><strong>et</strong></span> <span class='ocrx_word' id='word_1_100' title='bbox 523 1393 646 1462; x_wconf 77' lang='lat' dir='ltr'><strong>facit</strong></span> <span class='ocrx_word' id='word_1_101' title='bbox 696 1402 920 1463; x_wconf 86' lang='lat' dir='ltr'><strong>utraque</strong></span> <span class='ocrx_word' id='word_1_102' title='bbox 963 1409 1131 1447; x_wconf 80' lang='lat' dir='ltr'><strong>unum</strong></span> <span class='ocrx_word' id='word_1_103' title='bbox 1174 1390 1503 1463; x_wconf 83' lang='lat' dir='ltr'><strong>(Ephes.n),</strong></span> <span class='ocrx_word' id='word_1_104' title='bbox 1565 1399 1620 1446; x_wconf 91' lang='lat' dir='ltr'><strong>et</strong></span> <span class='ocrx_word' id='word_1_105' title='bbox 1640 1391 1800 1460; x_wconf 93' lang='lat' dir='ltr'><strong>juxta</strong></span> 
     </span>
    </p>
   </div>
   <div class='ocr_carea' id='block_1_15' title="bbox 228 1481 1801 1552">
    <p class='ocr_par' dir='ltr' id='par_1_15' title="bbox 228 1481 1801 1552">
     <span class='ocr_line' id='line_1_15' title="bbox 228 1481 1801 1552; baseline -0.004 -13"><span class='ocrx_word' id='word_1_106' title='bbox 228 1483 366 1539; x_wconf 76' lang='lat' dir='ltr'><strong>Isaiae</strong></span> <span class='ocrx_word' id='word_1_107' title='bbox 387 1484 724 1547; x_wconf 77' lang='lat' dir='ltr'><strong>vaticinium,</strong></span> <span class='ocrx_word' id='word_1_108' title='bbox 753 1481 1192 1552; x_wconf 82' lang='lat' dir='ltr'><strong>multiplicabitur</strong></span> <span class='ocrx_word' id='word_1_109' title='bbox 1214 1481 1330 1551; x_wconf 84' lang='lat' dir='ltr'><strong>ejus</strong></span> <span class='ocrx_word' id='word_1_110' title='bbox 1380 1482 1661 1550; x_wconf 86' lang='lat' dir='ltr'><strong>imperium</strong></span> <span class='ocrx_word' id='word_1_111' title='bbox 1689 1520 1706 1546; x_wconf 93' lang='lat'><strong>,</strong></span> <span class='ocrx_word' id='word_1_112' title='bbox 1751 1488 1801 1535; x_wconf 81' lang='lat' dir='ltr'><strong>et</strong></span> 
     </span>
    </p>
   </div>
   <div class='ocr_carea' id='block_1_16' title="bbox 224 1569 1800 1643">
    <p class='ocr_par' dir='ltr' id='par_1_16' title="bbox 224 1569 1800 1643">
     <span class='ocr_line' id='line_1_16' title="bbox 224 1569 1800 1643; baseline -0.003 -17"><span class='ocrx_word' id='word_1_113' title='bbox 224 1575 356 1643; x_wconf 80' lang='lat' dir='ltr'><strong>pacis</strong></span> <span class='ocrx_word' id='word_1_114' title='bbox 381 1590 486 1627; x_wconf 82' lang='lat' dir='ltr'><strong>non</strong></span> <span class='ocrx_word' id='word_1_115' title='bbox 510 1574 610 1628; x_wconf 84' lang='lat' dir='ltr'><strong>erit</strong></span> <span class='ocrx_word' id='word_1_116' title='bbox 654 1573 777 1642; x_wconf 88' lang='lat' dir='ltr'><strong>ﬁnis</strong></span> <span class='ocrx_word' id='word_1_117' title='bbox 805 1571 946 1643; x_wconf 86' lang='lat' dir='ltr'><strong>(lsa.</strong></span> <span class='ocrx_word' id='word_1_118' title='bbox 971 1571 1070 1642; x_wconf 82' lang='lat' dir='ltr'><strong>rx),</strong></span> <span class='ocrx_word' id='word_1_119' title='bbox 1097 1571 1254 1641; x_wconf 88' lang='lat' dir='ltr'><strong>signa</strong></span> <span class='ocrx_word' id='word_1_120' title='bbox 1283 1569 1541 1640; x_wconf 72' lang='lat' dir='ltr'><strong>potentia:</strong></span> <span class='ocrx_word' id='word_1_121' title='bbox 1563 1585 1673 1624; x_wconf 69' lang='lat' dir='ltr'><strong>suae</strong></span> <span class='ocrx_word' id='word_1_122' title='bbox 1702 1584 1800 1640; x_wconf 90' lang='lat' dir='ltr'><strong>per</strong></span> 
     </span>
    </p>
   </div>
   <div class='ocr_carea' id='block_1_17' title="bbox 222 1663 1792 1734">
    <p class='ocr_par' dir='ltr' id='par_1_17' title="bbox 222 1663 1792 1734">
     <span class='ocr_line' id='line_1_17' title="bbox 222 1663 1792 1734; baseline -0.001 -15"><span class='ocrx_word' id='word_1_123' title='bbox 222 1665 448 1719; x_wconf 79' lang='lat' dir='ltr'><strong>fidelium</strong></span> <span class='ocrx_word' id='word_1_124' title='bbox 487 1679 650 1720; x_wconf 89' lang='lat' dir='ltr'><strong>voces</strong></span> <span class='ocrx_word' id='word_1_125' title='bbox 687 1673 742 1719; x_wconf 87' lang='lat' dir='ltr'><strong>et</strong></span> <span class='ocrx_word' id='word_1_126' title='bbox 775 1679 942 1734; x_wconf 85' lang='lat' dir='ltr'><strong>opera</strong></span> <span class='ocrx_word' id='word_1_127' title='bbox 977 1665 1032 1718; x_wconf 94' lang='lat' dir='ltr'><strong>in</strong></span> <span class='ocrx_word' id='word_1_128' title='bbox 1062 1679 1126 1718; x_wconf 91' lang='lat' dir='ltr'><strong>ea</strong></span> <span class='ocrx_word' id='word_1_129' title='bbox 1153 1663 1414 1733; x_wconf 76' lang='lat' dir='ltr'><strong>lquotidie</strong></span> <span class='ocrx_word' id='word_1_130' title='bbox 1443 1663 1792 1718; x_wconf 87' lang='lat' dir='ltr'><strong>demonstret.</strong></span> 
     </span>
    </p>
   </div>
   <div class='ocr_carea' id='block_1_18' title="bbox 216 1752 1794 1824">
    <p class='ocr_par' dir='ltr' id='par_1_18' title="bbox 216 1752 1794 1824">
     <span class='ocr_line' id='line_1_18' title="bbox 216 1752 1794 1824; baseline -0.001 -15"><span class='ocrx_word' id='word_1_131' title='bbox 216 1756 339 1809; x_wconf 86' lang='lat' dir='ltr'><strong>Item</strong></span> <span class='ocrx_word' id='word_1_132' title='bbox 361 1757 418 1810; x_wconf 87' lang='lat' dir='ltr'><strong>in</strong></span> <span class='ocrx_word' id='word_1_133' title='bbox 449 1755 702 1810; x_wconf 85' lang='lat' dir='ltr'><strong>Simeone</strong></span> <span class='ocrx_word' id='word_1_134' title='bbox 722 1753 1052 1824; x_wconf 76' lang='lat' dir='ltr'><strong>generaliter</strong></span> <span class='ocrx_word' id='word_1_135' title='bbox 1073 1752 1253 1809; x_wconf 84' lang='lat' dir='ltr'><strong>omnis</strong></span> <span class='ocrx_word' id='word_1_136' title='bbox 1272 1753 1638 1808; x_wconf 86' lang='lat' dir='ltr'><strong>obedientium</strong></span> <span class='ocrx_word' id='word_1_137' title='bbox 1661 1754 1794 1808; x_wconf 90' lang='lat' dir='ltr'><strong>ordo</strong></span> 
     </span>
    </p>
   </div>
   <div class='ocr_carea' id='block_1_19' title="bbox 1906 571 3492 644">
    <p class='ocr_par' dir='ltr' id='par_1_19' title="bbox 1906 571 3492 644">
     <span class='ocr_line' id='line_1_19' title="bbox 1906 571 3492 644; baseline 0.006 -17"><span class='ocrx_word' id='word_1_138' title='bbox 1906 573 2101 644; x_wconf 85' lang='lat' dir='ltr'><strong>gando,</strong></span> <span class='ocrx_word' id='word_1_139' title='bbox 2125 573 2179 627; x_wconf 92' lang='lat' dir='ltr'><strong>in</strong></span> <span class='ocrx_word' id='word_1_140' title='bbox 2224 573 2543 643; x_wconf 85' lang='lat' dir='ltr'><strong>semetipsos</strong></span> <span class='ocrx_word' id='word_1_141' title='bbox 2583 571 2893 628; x_wconf 87' lang='lat' dir='ltr'><strong>interﬁcere</strong></span> <span class='ocrx_word' id='word_1_142' title='bbox 2931 573 3150 644; x_wconf 76' lang='lat' dir='ltr'><strong>satagit,</strong></span> <span class='ocrx_word' id='word_1_143' title='bbox 3195 579 3492 636; x_wconf 86' lang='lat' dir='ltr'><strong>secundum</strong></span> 
     </span>
    </p>
   </div>
   <div class='ocr_carea' id='block_1_20' title="bbox 1905 662 3490 734">
    <p class='ocr_par' dir='ltr' id='par_1_20' title="bbox 1905 662 3490 734">
     <span class='ocr_line' id='line_1_20' title="bbox 1905 662 3490 734; baseline 0.004 -16"><span class='ocrx_word' id='word_1_144' title='bbox 1905 663 2033 718; x_wconf 91' lang='lat' dir='ltr'><strong>illud</strong></span> <span class='ocrx_word' id='word_1_145' title='bbox 2059 663 2413 733; x_wconf 87' lang='lat' dir='ltr'><strong>apostolicum</strong></span> <span class='ocrx_word' id='word_1_146' title='bbox 2433 683 2444 718; x_wconf 89' lang='lat'><strong>:</strong></span> <span class='ocrx_word' id='word_1_147' title='bbox 2463 663 2698 734; x_wconf 86' lang='lat' dir='ltr'><strong>Castigo,</strong></span> <span class='ocrx_word' id='word_1_148' title='bbox 2732 662 2932 733; x_wconf 87' lang='lat' dir='ltr'><strong>inquit,</strong></span> <span class='ocrx_word' id='word_1_149' title='bbox 2953 679 3143 734; x_wconf 80' lang='lat' dir='ltr'><strong>corpus</strong></span> <span class='ocrx_word' id='word_1_150' title='bbox 3158 682 3331 721; x_wconf 84' lang='lat' dir='ltr'><strong>meum</strong></span> <span class='ocrx_word' id='word_1_151' title='bbox 3355 680 3402 722; x_wconf 87' lang='lat' dir='ltr'><strong>et</strong></span> <span class='ocrx_word' id='word_1_152' title='bbox 3434 671 3490 724; x_wconf 91' lang='lat' dir='ltr'><strong>in</strong></span> 
     </span>
    </p>
   </div>
   <div class='ocr_carea' id='block_1_21' title="bbox 1903 754 3494 832">
    <p class='ocr_par' dir='ltr' id='par_1_21' title="bbox 1903 754 3494 832">
     <span class='ocr_line' id='line_1_21' title="bbox 1903 754 3494 832; baseline 0.005 -24"><span class='ocrx_word' id='word_1_153' title='bbox 1903 755 2198 810; x_wconf 75' lang='lat' dir='ltr'><strong>servitutem</strong></span> <span class='ocrx_word' id='word_1_154' title='bbox 2213 757 2394 826; x_wconf 85' lang='lat' dir='ltr'><strong>subigo</strong></span> <span class='ocrx_word' id='word_1_155' title='bbox 2410 769 2427 806; x_wconf 91' lang='lat'><em>:</em></span> <span class='ocrx_word' id='word_1_156' title='bbox 2445 773 2508 810; x_wconf 88' lang='lat' dir='ltr'><strong>ne</strong></span> <span class='ocrx_word' id='word_1_157' title='bbox 2532 755 2668 826; x_wconf 75' lang='lat' dir='ltr'><strong>forte</strong></span> <span class='ocrx_word' id='word_1_158' title='bbox 2691 754 2812 809; x_wconf 88' lang='lat' dir='ltr'><strong>aliis</strong></span> <span class='ocrx_word' id='word_1_159' title='bbox 2833 756 3152 826; x_wconf 73' lang='lat' dir='ltr'><strong>prwdicans,</strong></span> <span class='ocrx_word' id='word_1_160' title='bbox 3183 761 3292 829; x_wconf 88' lang='lat' dir='ltr'><strong>ipse</strong></span> <span class='ocrx_word' id='word_1_161' title='bbox 3315 777 3494 832; x_wconf 86' lang='lat' dir='ltr'><strong>repro-</strong></span> 
     </span>
    </p>
   </div>
   <div class='ocr_carea' id='block_1_22' title="bbox 1905 845 3491 919">
    <p class='ocr_par' dir='ltr' id='par_1_22' title="bbox 1905 845 3491 919">
     <span class='ocr_line' id='line_1_22' title="bbox 1905 845 3491 919; baseline 0.003 -17"><span class='ocrx_word' id='word_1_162' title='bbox 1905 845 1997 902; x_wconf 82' lang='lat' dir='ltr'><strong>bus</strong></span> <span class='ocrx_word' id='word_1_163' title='bbox 2026 847 2262 902; x_wconf 85' lang='lat' dir='ltr'><strong>inveniar</strong></span> <span class='ocrx_word' id='word_1_164' title='bbox 2285 846 2336 919; x_wconf 91' lang='lat' dir='ltr'><strong>(I</strong></span> <span class='ocrx_word' id='word_1_165' title='bbox 2360 847 2482 901; x_wconf 86' lang='lat' dir='ltr'><strong>Cor.</strong></span> <span class='ocrx_word' id='word_1_166' title='bbox 2517 845 2614 917; x_wconf 79' lang='lat' dir='ltr'><strong>Ix).</strong></span> <span class='ocrx_word' id='word_1_167' title='bbox 2645 846 2713 902; x_wconf 83' lang='lat' dir='ltr'><strong>In</strong></span> <span class='ocrx_word' id='word_1_168' title='bbox 2736 847 2873 902; x_wconf 83' lang='lat' dir='ltr'><strong>tribu</strong></span> <span class='ocrx_word' id='word_1_169' title='bbox 2898 847 3152 903; x_wconf 82' lang='lat' dir='ltr'><strong>Issachar</strong></span> <span class='ocrx_word' id='word_1_170' title='bbox 3181 849 3491 908; x_wconf 82' lang='lat' dir='ltr'><strong>Natltanael</strong></span> 
     </span>
    </p>
   </div>
   <div class='ocr_carea' id='block_1_23' title="bbox 1899 935 3486 1009">
    <p class='ocr_par' dir='ltr' id='par_1_23' title="bbox 1899 935 3486 1009">
     <span class='ocr_line' id='line_1_23' title="bbox 1899 935 3486 1009; baseline 0.008 -20"><span class='ocrx_word' id='word_1_171' title='bbox 1899 935 2045 1005; x_wconf 86' lang='lat' dir='ltr'><strong>ﬁlius</strong></span> <span class='ocrx_word' id='word_1_172' title='bbox 2079 937 2223 992; x_wconf 90' lang='lat' dir='ltr'><strong>Suar</strong></span> <span class='ocrx_word' id='word_1_173' title='bbox 2265 939 2502 1008; x_wconf 84' lang='lat' dir='ltr'><strong>princeps</strong></span> <span class='ocrx_word' id='word_1_174' title='bbox 2533 938 2652 1008; x_wconf 80' lang='lat' dir='ltr'><strong>fuit.</strong></span> <span class='ocrx_word' id='word_1_175' title='bbox 2705 939 2953 996; x_wconf 89' lang='lat' dir='ltr'><strong>Issachar</strong></span> <span class='ocrx_word' id='word_1_176' title='bbox 2999 956 3229 1009; x_wconf 89' lang='lat' dir='ltr'><strong>merces,</strong></span> <span class='ocrx_word' id='word_1_177' title='bbox 3282 944 3486 1002; x_wconf 83' lang='lat' dir='ltr'><strong>Natha—</strong></span> 
     </span>
    </p>
   </div>
   <div class='ocr_carea' id='block_1_24' title="bbox 1899 1026 3481 1102">
    <p class='ocr_par' dir='ltr' id='par_1_24' title="bbox 1899 1026 3481 1102">
     <span class='ocr_line' id='line_1_24' title="bbox 1899 1026 3481 1102; baseline 0.005 -20"><span class='ocrx_word' id='word_1_178' title='bbox 1899 1026 2021 1082; x_wconf 91' lang='lat' dir='ltr'><strong>nael</strong></span> <span class='ocrx_word' id='word_1_179' title='bbox 2048 1029 2192 1083; x_wconf 90' lang='lat' dir='ltr'><strong>Deus</strong></span> <span class='ocrx_word' id='word_1_180' title='bbox 2219 1043 2373 1082; x_wconf 92' lang='lat' dir='ltr'><strong>meus</strong></span> <span class='ocrx_word' id='word_1_181' title='bbox 2395 1067 2410 1091; x_wconf 92' lang='lat'><strong>,</strong></span> <span class='ocrx_word' id='word_1_182' title='bbox 2441 1034 2500 1082; x_wconf 91' lang='lat' dir='ltr'><strong>ut</strong></span> <span class='ocrx_word' id='word_1_183' title='bbox 2529 1027 2718 1084; x_wconf 91' lang='lat' dir='ltr'><strong>domus</strong></span> <span class='ocrx_word' id='word_1_184' title='bbox 2745 1029 2862 1096; x_wconf 90' lang='lat' dir='ltr'><strong>Dei,</strong></span> <span class='ocrx_word' id='word_1_185' title='bbox 2893 1038 2950 1085; x_wconf 93' lang='lat' dir='ltr'><strong>et</strong></span> <span class='ocrx_word' id='word_1_186' title='bbox 2980 1030 3121 1086; x_wconf 89' lang='lat' dir='ltr'><strong>Suar</strong></span> <span class='ocrx_word' id='word_1_187' title='bbox 3148 1033 3374 1102; x_wconf 90' lang='lat' dir='ltr'><strong>pusillus</strong></span> <span class='ocrx_word' id='word_1_188' title='bbox 3397 1035 3481 1089; x_wconf 90' lang='lat' dir='ltr'><strong>in-</strong></span> 
     </span>
    </p>
   </div>
   <div class='ocr_carea' id='block_1_25' title="bbox 1897 1120 3489 1200">
    <p class='ocr_par' dir='ltr' id='par_1_25' title="bbox 1897 1120 3489 1200">
     <span class='ocr_line' id='line_1_25' title="bbox 1897 1120 3489 1200; baseline 0.007 -27"><span class='ocrx_word' id='word_1_189' title='bbox 1897 1126 2248 1190; x_wconf 89' lang='lat' dir='ltr'><strong>terpretatur.</strong></span> <span class='ocrx_word' id='word_1_190' title='bbox 2283 1120 2425 1190; x_wconf 87' lang='lat' dir='ltr'><strong>Ergo</strong></span> <span class='ocrx_word' id='word_1_191' title='bbox 2463 1122 2554 1190; x_wconf 89' lang='lat' dir='ltr'><strong>qui</strong></span> <span class='ocrx_word' id='word_1_192' title='bbox 2601 1121 3026 1179; x_wconf 89' lang='lat' dir='ltr'><strong>reminiscuntur</strong></span> <span class='ocrx_word' id='word_1_193' title='bbox 3051 1128 3226 1196; x_wconf 86' lang='lat' dir='ltr'><strong>pretio</strong></span> <span class='ocrx_word' id='word_1_194' title='bbox 3273 1129 3489 1200; x_wconf 86' lang='lat' dir='ltr'><strong>sangui-</strong></span> 
     </span>
    </p>
   </div>
   <div class='ocr_carea' id='block_1_26' title="bbox 1897 1207 3490 1290">
    <p class='ocr_par' dir='ltr' id='par_1_26' title="bbox 1897 1207 3490 1290">
     <span class='ocr_line' id='line_1_26' title="bbox 1897 1207 3490 1290; baseline 0.01 -29"><span class='ocrx_word' id='word_1_195' title='bbox 1897 1207 1982 1262; x_wconf 89' lang='lat' dir='ltr'><strong>nis</strong></span> <span class='ocrx_word' id='word_1_196' title='bbox 2007 1207 2212 1264; x_wconf 83' lang='lat' dir='ltr'><strong>Christi</strong></span> <span class='ocrx_word' id='word_1_197' title='bbox 2237 1223 2296 1264; x_wconf 89' lang='lat' dir='ltr'><strong>se</strong></span> <span class='ocrx_word' id='word_1_198' title='bbox 2334 1209 2664 1281; x_wconf 87' lang='lat' dir='ltr'><strong>redemptos,</strong></span> <span class='ocrx_word' id='word_1_199' title='bbox 2704 1219 2760 1266; x_wconf 91' lang='lat' dir='ltr'><strong>et</strong></span> <span class='ocrx_word' id='word_1_200' title='bbox 2796 1213 2852 1267; x_wconf 92' lang='lat' dir='ltr'><strong>in</strong></span> <span class='ocrx_word' id='word_1_201' title='bbox 2891 1213 3049 1270; x_wconf 86' lang='lat' dir='ltr'><strong>bonis</strong></span> <span class='ocrx_word' id='word_1_202' title='bbox 3078 1218 3288 1273; x_wconf 80' lang='lat' dir='ltr'><strong>actibus</strong></span> <span class='ocrx_word' id='word_1_203' title='bbox 3313 1221 3401 1290; x_wconf 86' lang='lat' dir='ltr'><strong>pie</strong></span> <span class='ocrx_word' id='word_1_204' title='bbox 3430 1235 3490 1278; x_wconf 86' lang='lat' dir='ltr'><strong>se</strong></span> 
     </span>
    </p>
   </div>
   <div class='ocr_carea' id='block_1_27' title="bbox 1897 1301 3489 1375">
    <p class='ocr_par' dir='ltr' id='par_1_27' title="bbox 1897 1301 3489 1375">
     <span class='ocr_line' id='line_1_27' title="bbox 1897 1301 3489 1375; baseline 0.008 -23"><span class='ocrx_word' id='word_1_205' title='bbox 1897 1308 2178 1366; x_wconf 81' lang='lat' dir='ltr'><strong>exercent,</strong></span> <span class='ocrx_word' id='word_1_206' title='bbox 2207 1308 2268 1354; x_wconf 92' lang='lat' dir='ltr'><strong>ut</strong></span> <span class='ocrx_word' id='word_1_207' title='bbox 2293 1301 2602 1356; x_wconf 89' lang='lat' dir='ltr'><strong>mercedem</strong></span> <span class='ocrx_word' id='word_1_208' title='bbox 2627 1303 2682 1354; x_wconf 89' lang='lat' dir='ltr'><strong>in</strong></span> <span class='ocrx_word' id='word_1_209' title='bbox 2710 1303 2962 1373; x_wconf 84' lang='lat' dir='ltr'><strong>supernis</strong></span> <span class='ocrx_word' id='word_1_210' title='bbox 2983 1305 3268 1375; x_wconf 86' lang='lat' dir='ltr'><strong>accipiant,</strong></span> <span class='ocrx_word' id='word_1_211' title='bbox 3299 1325 3489 1366; x_wconf 89' lang='lat' dir='ltr'><strong>eorum</strong></span> 
     </span>
    </p>
   </div>
   <div class='ocr_carea' id='block_1_28' title="bbox 1899 1390 3486 1465">
    <p class='ocr_par' dir='ltr' id='par_1_28' title="bbox 1899 1390 3486 1465">
     <span class='ocr_line' id='line_1_28' title="bbox 1899 1390 3486 1465; baseline 0.009 -23"><span class='ocrx_word' id='word_1_212' title='bbox 1899 1390 2156 1460; x_wconf 86' lang='lat' dir='ltr'><strong>princeps</strong></span> <span class='ocrx_word' id='word_1_213' title='bbox 2180 1401 2263 1445; x_wconf 90' lang='lat' dir='ltr'><strong>est</strong></span> <span class='ocrx_word' id='word_1_214' title='bbox 2305 1391 2607 1448; x_wconf 81' lang='lat' dir='ltr'><strong>Nathanael</strong></span> <span class='ocrx_word' id='word_1_215' title='bbox 2657 1392 2800 1450; x_wconf 87' lang='lat' dir='ltr'><strong>ﬁlius</strong></span> <span class='ocrx_word' id='word_1_216' title='bbox 2861 1393 3038 1449; x_wconf 89' lang='lat' dir='ltr'><strong>Suar:</strong></span> <span class='ocrx_word' id='word_1_217' title='bbox 3074 1398 3198 1465; x_wconf 85' lang='lat' dir='ltr'><strong>quia</strong></span> <span class='ocrx_word' id='word_1_218' title='bbox 3224 1398 3486 1459; x_wconf 84' lang='lat' dir='ltr'><strong>Dominus</strong></span> 
     </span>
    </p>
   </div>
   <div class='ocr_carea' id='block_1_29' title="bbox 1903 1478 3490 1561">
    <p class='ocr_par' dir='ltr' id='par_1_29' title="bbox 1903 1478 3490 1561">
     <span class='ocr_line' id='line_1_29' title="bbox 1903 1478 3490 1561; baseline 0.009 -27"><span class='ocrx_word' id='word_1_219' title='bbox 1903 1478 2175 1542; x_wconf 83' lang='lat' dir='ltr'><strong>Christus,</strong></span> <span class='ocrx_word' id='word_1_220' title='bbox 2215 1481 2426 1552; x_wconf 88' lang='lat' dir='ltr'><strong>quiper</strong></span> <span class='ocrx_word' id='word_1_221' title='bbox 2468 1483 2860 1540; x_wconf 82' lang='lat' dir='ltr'><strong>incarnationis</strong></span> <span class='ocrx_word' id='word_1_222' title='bbox 2901 1483 3361 1555; x_wconf 83' lang='lat' dir='ltr'><strong>dispensationem</strong></span> <span class='ocrx_word' id='word_1_223' title='bbox 3393 1508 3490 1561; x_wconf 91' lang='lat' dir='ltr'><strong>pu-</strong></span> 
     </span>
    </p>
   </div>
   <div class='ocr_carea' id='block_1_30' title="bbox 1903 1566 3488 1647">
    <p class='ocr_par' dir='ltr' id='par_1_30' title="bbox 1903 1566 3488 1647">
     <span class='ocr_line' id='line_1_30' title="bbox 1903 1566 3488 1647; baseline 0.011 -26"><span class='ocrx_word' id='word_1_224' title='bbox 1903 1566 2057 1622; x_wconf 90' lang='lat' dir='ltr'><strong>sillus</strong></span> <span class='ocrx_word' id='word_1_225' title='bbox 2085 1567 2226 1623; x_wconf 90' lang='lat' dir='ltr'><strong>inter</strong></span> <span class='ocrx_word' id='word_1_226' title='bbox 2270 1571 2518 1627; x_wconf 90' lang='lat' dir='ltr'><strong>homines</strong></span> <span class='ocrx_word' id='word_1_227' title='bbox 2561 1573 2830 1642; x_wconf 89' lang='lat' dir='ltr'><strong>apparuit,</strong></span> <span class='ocrx_word' id='word_1_228' title='bbox 2886 1575 3140 1647; x_wconf 86' lang='lat' dir='ltr'><strong>princeps</strong></span> <span class='ocrx_word' id='word_1_229' title='bbox 3193 1578 3488 1638; x_wconf 87' lang='lat' dir='ltr'><strong>electorum</strong></span> 
     </span>
    </p>
   </div>
   <div class='ocr_carea' id='block_1_31' title="bbox 1900 1657 3485 1737">
    <p class='ocr_par' dir='ltr' id='par_1_31' title="bbox 1900 1657 3485 1737">
     <span class='ocr_line' id='line_1_31' title="bbox 1900 1657 3485 1737; baseline 0.009 -25"><span class='ocrx_word' id='word_1_230' title='bbox 1900 1657 2141 1712; x_wconf 89' lang='lat' dir='ltr'><strong>omnium</strong></span> <span class='ocrx_word' id='word_1_231' title='bbox 2176 1674 2299 1716; x_wconf 90' lang='lat' dir='ltr'><strong>esse</strong></span> <span class='ocrx_word' id='word_1_232' title='bbox 2324 1662 2746 1729; x_wconf 90' lang='lat' dir='ltr'><strong>demonstratur,</strong></span> <span class='ocrx_word' id='word_1_233' title='bbox 2780 1666 2998 1735; x_wconf 86' lang='lat' dir='ltr'><strong>quando</strong></span> <span class='ocrx_word' id='word_1_234' title='bbox 3024 1668 3140 1737; x_wconf 90' lang='lat' dir='ltr'><strong>ipse</strong></span> <span class='ocrx_word' id='word_1_235' title='bbox 3164 1669 3217 1723; x_wconf 89' lang='lat' dir='ltr'><strong>in</strong></span> <span class='ocrx_word' id='word_1_236' title='bbox 3245 1671 3331 1724; x_wconf 89' lang='lat' dir='ltr'><strong>via</strong></span> <span class='ocrx_word' id='word_1_237' title='bbox 3359 1672 3485 1737; x_wconf 87' lang='lat' dir='ltr'><strong>dux,</strong></span> 
     </span>
    </p>
   </div>
   <div class='ocr_carea' id='block_1_32' title="bbox 1898 1748 3486 1819">
    <p class='ocr_par' dir='ltr' id='par_1_32' title="bbox 1898 1748 3486 1819">
     <span class='ocr_line' id='line_1_32' title="bbox 1898 1748 3486 1819; baseline 0.009 -15"><span class='ocrx_word' id='word_1_238' title='bbox 1898 1755 1952 1804; x_wconf 91' lang='lat' dir='ltr'><strong>et</strong></span> <span class='ocrx_word' id='word_1_239' title='bbox 1987 1748 2041 1802; x_wconf 94' lang='lat' dir='ltr'><strong>in</strong></span> <span class='ocrx_word' id='word_1_240' title='bbox 2077 1752 2430 1819; x_wconf 85' lang='lat' dir='ltr'><strong>perventione</strong></span> <span class='ocrx_word' id='word_1_241' title='bbox 2465 1754 2578 1808; x_wconf 90' lang='lat' dir='ltr'><strong>vita</strong></span> <span class='ocrx_word' id='word_1_242' title='bbox 2606 1755 2921 1810; x_wconf 89' lang='lat' dir='ltr'><strong>beatissima</strong></span> <span class='ocrx_word' id='word_1_243' title='bbox 2949 1766 3004 1811; x_wconf 92' lang='lat' dir='ltr'><strong>ct</strong></span> <span class='ocrx_word' id='word_1_244' title='bbox 3034 1775 3246 1814; x_wconf 88' lang='lat' dir='ltr'><strong>merces</strong></span> <span class='ocrx_word' id='word_1_245' title='bbox 3281 1760 3486 1818; x_wconf 87' lang='lat' dir='ltr'><strong>felicis-</strong></span> 
     </span>
    </p>
   </div>
   <div class='ocr_carea' id='block_1_33' title="bbox 212 1841 3485 1923">
    <p class='ocr_par' dir='ltr' id='par_1_33' title="bbox 212 1841 3485 1923">
     <span class='ocr_line' id='line_1_33' title="bbox 212 1841 3485 1923; baseline 0.002 -22"><span class='ocrx_word' id='word_1_246' title='bbox 212 1847 472 1917; x_wconf 86' lang='lat' dir='ltr'><strong>signatur.</strong></span> <span class='ocrx_word' id='word_1_247' title='bbox 496 1846 703 1901; x_wconf 82' lang='lat' dir='ltr'><strong>Florum</strong></span> <span class='ocrx_word' id='word_1_248' title='bbox 729 1860 861 1916; x_wconf 88' lang='lat' dir='ltr'><strong>ergo</strong></span> <span class='ocrx_word' id='word_1_249' title='bbox 882 1844 1135 1914; x_wconf 86' lang='lat' dir='ltr'><strong>princeps</strong></span> <span class='ocrx_word' id='word_1_250' title='bbox 1154 1851 1238 1898; x_wconf 87' lang='lat' dir='ltr'><strong>est</strong></span> <span class='ocrx_word' id='word_1_251' title='bbox 1261 1842 1538 1908; x_wconf 84' lang='lat' dir='ltr'><strong>Gamaliel,</strong></span> <span class='ocrx_word' id='word_1_252' title='bbox 1568 1841 1659 1911; x_wconf 89' lang='lat' dir='ltr'><strong>qui</strong></span> <span class='ocrx_word' id='word_1_253' title='bbox 1689 1842 1793 1896; x_wconf 89' lang='lat' dir='ltr'><strong>La-</strong></span> <span class='ocrx_word' id='word_1_254' title='bbox 1817 1846 1866 1910; x_wconf 86' lang='lat' dir='ltr'><strong>B</strong></span> <span class='ocrx_word' id='word_1_255' title='bbox 1894 1842 2028 1896; x_wconf 89' lang='lat' dir='ltr'><strong>sima</strong></span> <span class='ocrx_word' id='word_1_256' title='bbox 2057 1857 2278 1898; x_wconf 90' lang='lat' dir='ltr'><strong>suorum</strong></span> <span class='ocrx_word' id='word_1_257' title='bbox 2305 1852 2407 1899; x_wconf 90' lang='lat' dir='ltr'><strong>est.</strong></span> <span class='ocrx_word' id='word_1_258' title='bbox 2441 1844 2576 1900; x_wconf 91' lang='lat' dir='ltr'><strong>Item</strong></span> <span class='ocrx_word' id='word_1_259' title='bbox 2610 1845 2861 1901; x_wconf 89' lang='lat' dir='ltr'><strong>Issachar</strong></span> <span class='ocrx_word' id='word_1_260' title='bbox 2889 1863 2999 1903; x_wconf 88' lang='lat' dir='ltr'><strong>non</strong></span> <span class='ocrx_word' id='word_1_261' title='bbox 3038 1850 3338 1923; x_wconf 85' lang='lat' dir='ltr'><strong>incongrue</strong></span> <span class='ocrx_word' id='word_1_262' title='bbox 3368 1871 3485 1909; x_wconf 88' lang='lat' dir='ltr'><strong>mo-</strong></span> 
     </span>
    </p>
   </div>
   <div class='ocr_carea' id='block_1_34' title="bbox 211 1935 1790 2007">
    <p class='ocr_par' dir='ltr' id='par_1_34' title="bbox 211 1935 1790 2007">
     <span class='ocr_line' id='line_1_34' title="bbox 211 1935 1790 2007; baseline -0.002 -14"><span class='ocrx_word' id='word_1_263' title='bbox 211 1941 318 1993; x_wconf 86' lang='lat' dir='ltr'><strong>tine</strong></span> <span class='ocrx_word' id='word_1_264' title='bbox 344 1949 570 1995; x_wconf 85' lang='lat' dir='ltr'><strong>resonat</strong></span> <span class='ocrx_word' id='word_1_265' title='bbox 596 1938 907 1994; x_wconf 86' lang='lat' dir='ltr'><strong>retribuens</strong></span> <span class='ocrx_word' id='word_1_266' title='bbox 935 1937 1067 1992; x_wconf 90' lang='lat' dir='ltr'><strong>mihi</strong></span> <span class='ocrx_word' id='word_1_267' title='bbox 1101 1937 1264 2000; x_wconf 85' lang='lat' dir='ltr'><strong>Deus,</strong></span> <span class='ocrx_word' id='word_1_268' title='bbox 1292 1935 1396 2001; x_wconf 88' lang='lat' dir='ltr'><strong>vel,</strong></span> <span class='ocrx_word' id='word_1_269' title='bbox 1433 1943 1494 1990; x_wconf 91' lang='lat' dir='ltr'><strong>ut</strong></span> <span class='ocrx_word' id='word_1_270' title='bbox 1513 1951 1676 2006; x_wconf 89' lang='lat' dir='ltr'><strong>supra</strong></span> <span class='ocrx_word' id='word_1_271' title='bbox 1700 1951 1790 2007; x_wconf 85' lang='lat' dir='ltr'><strong>po-</strong></span> 
     </span>
    </p>
   </div>
   <div class='ocr_carea' id='block_1_35' title="bbox 209 2024 1790 2100">
    <p class='ocr_par' dir='ltr' id='par_1_35' title="bbox 209 2024 1790 2100">
     <span class='ocr_line' id='line_1_35' title="bbox 209 2024 1790 2100; baseline -0.001 -16"><span class='ocrx_word' id='word_1_272' title='bbox 209 2031 437 2094; x_wconf 87' lang='lat' dir='ltr'><strong>suimus,</strong></span> <span class='ocrx_word' id='word_1_273' title='bbox 469 2045 575 2100; x_wconf 70' lang='lat' dir='ltr'><strong>pax</strong></span> <span class='ocrx_word' id='word_1_274' title='bbox 599 2045 714 2083; x_wconf 86' lang='lat' dir='ltr'><strong>mea</strong></span> <span class='ocrx_word' id='word_1_275' title='bbox 748 2028 889 2082; x_wconf 86' lang='lat' dir='ltr'><strong>Deus</strong></span> <span class='ocrx_word' id='word_1_276' title='bbox 919 2041 938 2078; x_wconf 88' lang='lat'><em>:</em></span> <span class='ocrx_word' id='word_1_277' title='bbox 963 2027 1212 2097; x_wconf 91' lang='lat' dir='ltr'><strong>ﬁliusque</strong></span> <span class='ocrx_word' id='word_1_278' title='bbox 1241 2035 1325 2081; x_wconf 88' lang='lat' dir='ltr'><strong>est</strong></span> <span class='ocrx_word' id='word_1_279' title='bbox 1355 2024 1696 2092; x_wconf 86' lang='lat' dir='ltr'><strong>Surisaddai,</strong></span> <span class='ocrx_word' id='word_1_280' title='bbox 1735 2026 1790 2082; x_wconf 90' lang='lat' dir='ltr'><strong>id</strong></span> 
     </span>
    </p>
   </div>
   <div class='ocr_carea' id='block_1_36' title="bbox 211 2117 1790 2188">
    <p class='ocr_par' dir='ltr' id='par_1_36' title="bbox 211 2117 1790 2188">
     <span class='ocr_line' id='line_1_36' title="bbox 211 2117 1790 2188; baseline 0.001 -15"><span class='ocrx_word' id='word_1_281' title='bbox 211 2129 298 2174; x_wconf 89' lang='lat' dir='ltr'><strong>est</strong></span> <span class='ocrx_word' id='word_1_282' title='bbox 327 2161 342 2186; x_wconf 93' lang='lat'><strong>,</strong></span> <span class='ocrx_word' id='word_1_283' title='bbox 370 2121 700 2175; x_wconf 85' lang='lat' dir='ltr'><strong>continentis</strong></span> <span class='ocrx_word' id='word_1_284' title='bbox 729 2121 800 2173; x_wconf 88' lang='lat' dir='ltr'><strong>ab</strong></span> <span class='ocrx_word' id='word_1_285' title='bbox 848 2134 928 2184; x_wconf 90' lang='lat' dir='ltr'><strong>re,</strong></span> <span class='ocrx_word' id='word_1_286' title='bbox 971 2133 1094 2174; x_wconf 91' lang='lat' dir='ltr'><strong>cum</strong></span> <span class='ocrx_word' id='word_1_287' title='bbox 1125 2118 1217 2173; x_wconf 91' lang='lat' dir='ltr'><strong>ille</strong></span> <span class='ocrx_word' id='word_1_288' title='bbox 1243 2119 1337 2188; x_wconf 91' lang='lat' dir='ltr'><strong>qui</strong></span> <span class='ocrx_word' id='word_1_289' title='bbox 1377 2117 1586 2187; x_wconf 80' lang='lat' dir='ltr'><strong>justam</strong></span> <span class='ocrx_word' id='word_1_290' title='bbox 1627 2120 1790 2174; x_wconf 90' lang='lat' dir='ltr'><strong>retri-</strong></span> 
     </span>
    </p>
   </div>
   <div class='ocr_carea' id='block_1_37' title="bbox 204 2207 1790 2279">
    <p class='ocr_par' dir='ltr' id='par_1_37' title="bbox 204 2207 1790 2279">
     <span class='ocr_line' id='line_1_37' title="bbox 204 2207 1790 2279; baseline 0.002 -18"><span class='ocrx_word' id='word_1_291' title='bbox 204 2209 479 2262; x_wconf 84' lang='lat' dir='ltr'><strong>butionem</strong></span> <span class='ocrx_word' id='word_1_292' title='bbox 532 2208 629 2262; x_wconf 91' lang='lat' dir='ltr'><strong>Dei</strong></span> <span class='ocrx_word' id='word_1_293' title='bbox 668 2223 797 2277; x_wconf 89' lang='lat' dir='ltr'><strong>erga</strong></span> <span class='ocrx_word' id='word_1_294' title='bbox 843 2222 1032 2262; x_wconf 89' lang='lat' dir='ltr'><strong>omnes</strong></span> <span class='ocrx_word' id='word_1_295' title='bbox 1067 2208 1292 2278; x_wconf 85' lang='lat' dir='ltr'><strong>cogitat,</strong></span> <span class='ocrx_word' id='word_1_296' title='bbox 1350 2207 1516 2262; x_wconf 88' lang='lat' dir='ltr'><strong>corde</strong></span> <span class='ocrx_word' id='word_1_297' title='bbox 1557 2208 1790 2279; x_wconf 73' lang='lat' dir='ltr'><strong>paciﬁca</strong></span> 
     </span>
    </p>
   </div>
   <div class='ocr_carea' id='block_1_38' title="bbox 203 2298 1790 2370">
    <p class='ocr_par' dir='ltr' id='par_1_38' title="bbox 203 2298 1790 2370">
     <span class='ocr_line' id='line_1_38' title="bbox 203 2298 1790 2370; baseline 0.001 -18"><span class='ocrx_word' id='word_1_298' title='bbox 203 2299 544 2368; x_wconf 81' lang='lat' dir='ltr'><strong>tranquillam</strong></span> <span class='ocrx_word' id='word_1_299' title='bbox 579 2298 747 2352; x_wconf 80' lang='lat' dir='ltr'><strong>vitam</strong></span> <span class='ocrx_word' id='word_1_300' title='bbox 795 2314 980 2370; x_wconf 89' lang='lat' dir='ltr'><strong>agens,</strong></span> <span class='ocrx_word' id='word_1_301' title='bbox 1038 2313 1204 2368; x_wconf 91' lang='lat' dir='ltr'><strong>quam</strong></span> <span class='ocrx_word' id='word_1_302' title='bbox 1251 2298 1535 2355; x_wconf 89' lang='lat' dir='ltr'><strong>humilitas</strong></span> <span class='ocrx_word' id='word_1_303' title='bbox 1582 2315 1709 2354; x_wconf 89' lang='lat' dir='ltr'><strong>vera</strong></span> <span class='ocrx_word' id='word_1_304' title='bbox 1733 2308 1790 2354; x_wconf 91' lang='lat' dir='ltr'><strong>et</strong></span> 
     </span>
    </p>
   </div>
   <div class='ocr_carea' id='block_1_39' title="bbox 209 2389 1787 2460">
    <p class='ocr_par' dir='ltr' id='par_1_39' title="bbox 209 2389 1787 2460">
     <span class='ocr_line' id='line_1_39' title="bbox 209 2389 1787 2460; baseline 0.001 -17"><span class='ocrx_word' id='word_1_305' title='bbox 209 2389 362 2443; x_wconf 88' lang='lat' dir='ltr'><strong>timor</strong></span> <span class='ocrx_word' id='word_1_306' title='bbox 391 2389 488 2443; x_wconf 88' lang='lat' dir='ltr'><strong>Dei</strong></span> <span class='ocrx_word' id='word_1_307' title='bbox 508 2400 789 2460; x_wconf 88' lang='lat' dir='ltr'><strong>generant,</strong></span> <span class='ocrx_word' id='word_1_308' title='bbox 837 2391 894 2445; x_wconf 91' lang='lat' dir='ltr'><strong>in</strong></span> <span class='ocrx_word' id='word_1_309' title='bbox 921 2397 1069 2446; x_wconf 73' lang='lat' dir='ltr'><strong>cmtu</strong></span> <span class='ocrx_word' id='word_1_310' title='bbox 1097 2389 1339 2445; x_wconf 87' lang='lat' dir='ltr'><strong>ﬁdelium</strong></span> <span class='ocrx_word' id='word_1_311' title='bbox 1365 2391 1518 2444; x_wconf 90' lang='lat' dir='ltr'><strong>omni</strong></span> <span class='ocrx_word' id='word_1_312' title='bbox 1558 2403 1787 2444; x_wconf 89' lang='lat' dir='ltr'><strong>venera-</strong></span> 
     </span>
    </p>
   </div>
   <div class='ocr_carea' id='block_1_40' title="bbox 206 2480 1784 2552">
    <p class='ocr_par' dir='ltr' id='par_1_40' title="bbox 206 2480 1784 2552">
     <span class='ocr_line' id='line_1_40' title="bbox 206 2480 1784 2552; baseline 0.001 -18"><span class='ocrx_word' id='word_1_313' title='bbox 206 2480 345 2536; x_wconf 86' lang='lat' dir='ltr'><strong>tione</strong></span> <span class='ocrx_word' id='word_1_314' title='bbox 376 2480 574 2552; x_wconf 89' lang='lat' dir='ltr'><strong>dignus</strong></span> <span class='ocrx_word' id='word_1_315' title='bbox 609 2489 860 2552; x_wconf 83' lang='lat' dir='ltr'><strong>apparet;</strong></span> <span class='ocrx_word' id='word_1_316' title='bbox 893 2482 1041 2551; x_wconf 86' lang='lat' dir='ltr'><strong>quia,</strong></span> <span class='ocrx_word' id='word_1_317' title='bbox 1068 2480 1225 2550; x_wconf 90' lang='lat' dir='ltr'><strong>juxta</strong></span> <span class='ocrx_word' id='word_1_318' title='bbox 1262 2481 1523 2536; x_wconf 81' lang='lat' dir='ltr'><strong>Veritatis</strong></span> <span class='ocrx_word' id='word_1_319' title='bbox 1572 2496 1784 2547; x_wconf 91' lang='lat' dir='ltr'><strong>vocem,</strong></span> 
     </span>
    </p>
   </div>
   <div class='ocr_carea' id='block_1_41' title="bbox 210 2572 1784 2644">
    <p class='ocr_par' dir='ltr' id='par_1_41' title="bbox 210 2572 1784 2644">
     <span class='ocr_line' id='line_1_41' title="bbox 210 2572 1784 2644; baseline 0.001 -19"><span class='ocrx_word' id='word_1_320' title='bbox 210 2573 380 2625; x_wconf 81' lang='lat' dir='ltr'><strong>Omnis</strong></span> <span class='ocrx_word' id='word_1_321' title='bbox 401 2573 493 2642; x_wconf 87' lang='lat' dir='ltr'><strong>qui</strong></span> <span class='ocrx_word' id='word_1_322' title='bbox 515 2589 572 2626; x_wconf 85' lang='lat' dir='ltr'><strong>se</strong></span> <span class='ocrx_word' id='word_1_323' title='bbox 583 2572 800 2639; x_wconf 70' lang='lat' dir='ltr'><strong>exultat,</strong></span> <span class='ocrx_word' id='word_1_324' title='bbox 820 2573 1190 2628; x_wconf 82' lang='lat' dir='ltr'><strong>humiliabitur</strong></span> <span class='ocrx_word' id='word_1_325' title='bbox 1210 2591 1229 2638; x_wconf 89' lang='lat'><strong><em>;</em></strong></span> <span class='ocrx_word' id='word_1_326' title='bbox 1256 2582 1305 2627; x_wconf 83' lang='lat' dir='ltr'><strong>et</strong></span> <span class='ocrx_word' id='word_1_327' title='bbox 1325 2573 1416 2644; x_wconf 86' lang='lat' dir='ltr'><strong>qui</strong></span> <span class='ocrx_word' id='word_1_328' title='bbox 1437 2590 1492 2627; x_wconf 89' lang='lat' dir='ltr'><strong>se</strong></span> <span class='ocrx_word' id='word_1_329' title='bbox 1513 2572 1784 2639; x_wconf 84' lang='lat' dir='ltr'><strong>ltumiliat,</strong></span> 
     </span>
    </p>
   </div>
   <div class='ocr_carea' id='block_1_42' title="bbox 205 2663 1786 2737">
    <p class='ocr_par' dir='ltr' id='par_1_42' title="bbox 205 2663 1786 2737">
     <span class='ocr_line' id='line_1_42' title="bbox 205 2663 1786 2737; baseline 0.001 -21"><span class='ocrx_word' id='word_1_330' title='bbox 205 2663 512 2717; x_wconf 70' lang='lat' dir='ltr'><strong>exaltabitur</strong></span> <span class='ocrx_word' id='word_1_331' title='bbox 538 2663 691 2734; x_wconf 83' lang='lat' dir='ltr'><strong>(Luc.</strong></span> <span class='ocrx_word' id='word_1_332' title='bbox 725 2665 861 2735; x_wconf 76' lang='lat' dir='ltr'><strong>xlv).</strong></span> <span class='ocrx_word' id='word_1_333' title='bbox 890 2664 1049 2720; x_wconf 81' lang='lat' dir='ltr'><strong>Tales</strong></span> <span class='ocrx_word' id='word_1_334' title='bbox 1080 2678 1210 2737; x_wconf 87' lang='lat' dir='ltr'><strong>ergo</strong></span> <span class='ocrx_word' id='word_1_335' title='bbox 1259 2677 1476 2718; x_wconf 91' lang='lat' dir='ltr'><strong>omnem</strong></span> <span class='ocrx_word' id='word_1_336' title='bbox 1525 2663 1786 2718; x_wconf 90' lang='lat' dir='ltr'><strong>intentio-</strong></span> 
     </span>
    </p>
   </div>
   <div class='ocr_carea' id='block_1_43' title="bbox 210 2753 1787 2827">
    <p class='ocr_par' dir='ltr' id='par_1_43' title="bbox 210 2753 1787 2827">
     <span class='ocr_line' id='line_1_43' title="bbox 210 2753 1787 2827; baseline 0.002 -20"><span class='ocrx_word' id='word_1_337' title='bbox 210 2769 322 2810; x_wconf 88' lang='lat' dir='ltr'><strong>nem</strong></span> <span class='ocrx_word' id='word_1_338' title='bbox 356 2771 515 2810; x_wconf 90' lang='lat' dir='ltr'><strong>suam</strong></span> <span class='ocrx_word' id='word_1_339' title='bbox 545 2757 614 2811; x_wconf 90' lang='lat' dir='ltr'><strong>ad</strong></span> <span class='ocrx_word' id='word_1_340' title='bbox 645 2757 759 2812; x_wconf 88' lang='lat' dir='ltr'><strong>Deo</strong></span> <span class='ocrx_word' id='word_1_341' title='bbox 794 2757 1117 2827; x_wconf 88' lang='lat' dir='ltr'><strong>placendum</strong></span> <span class='ocrx_word' id='word_1_342' title='bbox 1153 2763 1478 2812; x_wconf 88' lang='lat' dir='ltr'><strong>convertunt</strong></span> <span class='ocrx_word' id='word_1_343' title='bbox 1513 2796 1528 2822; x_wconf 92' lang='lat'><strong>,</strong></span> <span class='ocrx_word' id='word_1_344' title='bbox 1556 2753 1787 2825; x_wconf 88' lang='lat' dir='ltr'><strong>ejusque</strong></span> 
     </span>
    </p>
   </div>
   <div class='ocr_carea' id='block_1_44' title="bbox 204 2846 1788 2918">
    <p class='ocr_par' dir='ltr' id='par_1_44' title="bbox 204 2846 1788 2918">
     <span class='ocr_line' id='line_1_44' title="bbox 204 2846 1788 2918; baseline 0.001 -18"><span class='ocrx_word' id='word_1_345' title='bbox 204 2847 504 2918; x_wconf 85' lang='lat' dir='ltr'><strong>magisterio</strong></span> <span class='ocrx_word' id='word_1_346' title='bbox 551 2849 850 2904; x_wconf 88' lang='lat' dir='ltr'><strong>secundum</strong></span> <span class='ocrx_word' id='word_1_347' title='bbox 901 2849 954 2903; x_wconf 88' lang='lat' dir='ltr'><strong>id</strong></span> <span class='ocrx_word' id='word_1_348' title='bbox 1000 2850 1145 2918; x_wconf 92' lang='lat' dir='ltr'><strong>quod</strong></span> <span class='ocrx_word' id='word_1_349' title='bbox 1174 2848 1228 2902; x_wconf 92' lang='lat' dir='ltr'><strong>in</strong></span> <span class='ocrx_word' id='word_1_350' title='bbox 1271 2847 1568 2917; x_wconf 89' lang='lat' dir='ltr'><strong>Scripturis</strong></span> <span class='ocrx_word' id='word_1_351' title='bbox 1615 2846 1788 2901; x_wconf 87' lang='lat' dir='ltr'><strong>sacris</strong></span> 
     </span>
    </p>
   </div>
   <div class='ocr_carea' id='block_1_45' title="bbox 202 2939 1786 3010">
    <p class='ocr_par' dir='ltr' id='par_1_45' title="bbox 202 2939 1786 3010">
     <span class='ocr_line' id='line_1_45' title="bbox 202 2939 1786 3010; baseline 0.001 -17"><span class='ocrx_word' id='word_1_352' title='bbox 202 2941 515 3007; x_wconf 78' lang='lat' dir='ltr'><strong>cotitinetur,</strong></span> <span class='ocrx_word' id='word_1_353' title='bbox 562 2955 756 3010; x_wconf 90' lang='lat' dir='ltr'><strong>parere</strong></span> <span class='ocrx_word' id='word_1_354' title='bbox 781 2956 840 2997; x_wconf 88' lang='lat' dir='ltr'><strong>se</strong></span> <span class='ocrx_word' id='word_1_355' title='bbox 878 2940 1202 2997; x_wconf 88' lang='lat' dir='ltr'><strong>ﬁducialiter</strong></span> <span class='ocrx_word' id='word_1_356' title='bbox 1225 2939 1568 3010; x_wconf 90' lang='lat' dir='ltr'><strong>promittunt,</strong></span> <span class='ocrx_word' id='word_1_357' title='bbox 1602 2939 1786 2994; x_wconf 90' lang='lat' dir='ltr'><strong>dicen-</strong></span> 
     </span>
    </p>
   </div>
   <div class='ocr_carea' id='block_1_46' title="bbox 203 3030 1785 3104">
    <p class='ocr_par' dir='ltr' id='par_1_46' title="bbox 203 3030 1785 3104">
     <span class='ocr_line' id='line_1_46' title="bbox 203 3030 1785 3104; baseline 0.001 -21"><span class='ocrx_word' id='word_1_358' title='bbox 203 3038 272 3086; x_wconf 87' lang='lat' dir='ltr'><strong>tes</strong></span> <span class='ocrx_word' id='word_1_359' title='bbox 319 3048 444 3088; x_wconf 89' lang='lat' dir='ltr'><strong>cum</strong></span> <span class='ocrx_word' id='word_1_360' title='bbox 492 3033 814 3104; x_wconf 88' lang='lat' dir='ltr'><strong>Propheta:</strong></span> <span class='ocrx_word' id='word_1_361' title='bbox 841 3031 925 3086; x_wconf 83' lang='lat' dir='ltr'><strong>Ad</strong></span> <span class='ocrx_word' id='word_1_362' title='bbox 963 3042 1013 3086; x_wconf 90' lang='lat' dir='ltr'><strong>te</strong></span> <span class='ocrx_word' id='word_1_363' title='bbox 1052 3033 1213 3087; x_wconf 80' lang='lat' dir='ltr'><strong>levavi</strong></span> <span class='ocrx_word' id='word_1_364' title='bbox 1261 3030 1438 3086; x_wconf 87' lang='lat' dir='ltr'><strong>oculos</strong></span> <span class='ocrx_word' id='word_1_365' title='bbox 1481 3047 1644 3097; x_wconf 85' lang='lat' dir='ltr'><strong>meos,</strong></span> <span class='ocrx_word' id='word_1_366' title='bbox 1692 3032 1785 3103; x_wconf 88' lang='lat' dir='ltr'><strong>qui</strong></span> 
     </span>
    </p>
   </div>
   <div class='ocr_carea' id='block_1_47' title="bbox 200 3123 1780 3181">
    <p class='ocr_par' dir='ltr' id='par_1_47' title="bbox 200 3123 1780 3181">
     <span class='ocr_line' id='line_1_47' title="bbox 200 3123 1780 3181; baseline 0.003 -6"><span class='ocrx_word' id='word_1_367' title='bbox 200 3124 390 3180; x_wconf 82' lang='lat' dir='ltr'><strong>habitas</strong></span> <span class='ocrx_word' id='word_1_368' title='bbox 419 3128 476 3180; x_wconf 92' lang='lat' dir='ltr'><strong>in</strong></span> <span class='ocrx_word' id='word_1_369' title='bbox 507 3125 678 3180; x_wconf 73' lang='lat' dir='ltr'><strong>caelis.</strong></span> <span class='ocrx_word' id='word_1_370' title='bbox 713 3125 851 3181; x_wconf 85' lang='lat' dir='ltr'><strong>Ecce</strong></span> <span class='ocrx_word' id='word_1_371' title='bbox 875 3126 1012 3180; x_wconf 80' lang='lat' dir='ltr'><strong>sicut</strong></span> <span class='ocrx_word' id='word_1_372' title='bbox 1034 3123 1176 3180; x_wconf 90' lang='lat' dir='ltr'><strong>oculi</strong></span> <span class='ocrx_word' id='word_1_373' title='bbox 1214 3142 1481 3181; x_wconf 86' lang='lat' dir='ltr'><strong>servorum</strong></span> <span class='ocrx_word' id='word_1_374' title='bbox 1516 3126 1573 3180; x_wconf 89' lang='lat' dir='ltr'><strong>in</strong></span> <span class='ocrx_word' id='word_1_375' title='bbox 1609 3125 1780 3181; x_wconf 85' lang='lat' dir='ltr'><strong>mani-</strong></span> 
     </span>
    </p>
   </div>
   <div class='ocr_carea' id='block_1_48' title="bbox 1892 1934 3482 2013">
    <p class='ocr_par' dir='ltr' id='par_1_48' title="bbox 1892 1934 3482 2013">
     <span class='ocr_line' id='line_1_48' title="bbox 1892 1934 3482 2013; baseline 0.009 -26"><span class='ocrx_word' id='word_1_376' title='bbox 1892 1934 2190 1988; x_wconf 90' lang='lat' dir='ltr'><strong>nachorum</strong></span> <span class='ocrx_word' id='word_1_377' title='bbox 2232 1942 2440 2004; x_wconf 85' lang='lat' dir='ltr'><strong>protest</strong></span> <span class='ocrx_word' id='word_1_378' title='bbox 2475 1937 2780 2007; x_wconf 86' lang='lat' dir='ltr'><strong>exprimere</strong></span> <span class='ocrx_word' id='word_1_379' title='bbox 2813 1955 3105 2009; x_wconf 86' lang='lat' dir='ltr'><strong>personam</strong></span> <span class='ocrx_word' id='word_1_380' title='bbox 3137 1961 3148 1996; x_wconf 88' lang='lat'>:</span> <span class='ocrx_word' id='word_1_381' title='bbox 3185 1945 3276 2013; x_wconf 85' lang='lat' dir='ltr'><strong>qui</strong></span> <span class='ocrx_word' id='word_1_382' title='bbox 3304 1947 3482 2001; x_wconf 90' lang='lat' dir='ltr'><strong>omni-</strong></span> 
     </span>
    </p>
   </div>
   <div class='ocr_carea' id='block_1_49' title="bbox 1892 2027 3478 2106">
    <p class='ocr_par' dir='ltr' id='par_1_49' title="bbox 1892 2027 3478 2106">
     <span class='ocr_line' id='line_1_49' title="bbox 1892 2027 3478 2106; baseline 0.007 -24"><span class='ocrx_word' id='word_1_383' title='bbox 1892 2027 1995 2082; x_wconf 86' lang='lat' dir='ltr'><strong>bus</strong></span> <span class='ocrx_word' id='word_1_384' title='bbox 2024 2027 2213 2081; x_wconf 90' lang='lat' dir='ltr'><strong>mundi</strong></span> <span class='ocrx_word' id='word_1_385' title='bbox 2245 2028 2480 2099; x_wconf 87' lang='lat' dir='ltr'><strong>negotiis</strong></span> <span class='ocrx_word' id='word_1_386' title='bbox 2501 2029 2720 2100; x_wconf 89' lang='lat' dir='ltr'><strong>penitus</strong></span> <span class='ocrx_word' id='word_1_387' title='bbox 2745 2032 2963 2102; x_wconf 89' lang='lat' dir='ltr'><strong>spretis,</strong></span> <span class='ocrx_word' id='word_1_388' title='bbox 3000 2033 3143 2089; x_wconf 92' lang='lat' dir='ltr'><strong>dono</strong></span> <span class='ocrx_word' id='word_1_389' title='bbox 3163 2035 3256 2090; x_wconf 89' lang='lat' dir='ltr'><strong>Dei</strong></span> <span class='ocrx_word' id='word_1_390' title='bbox 3287 2052 3478 2106; x_wconf 85' lang='lat' dir='ltr'><strong>regen-</strong></span> 
     </span>
    </p>
   </div>
   <div class='ocr_carea' id='block_1_50' title="bbox 1892 2117 3484 2192">
    <p class='ocr_par' dir='ltr' id='par_1_50' title="bbox 1892 2117 3484 2192">
     <span class='ocr_line' id='line_1_50' title="bbox 1892 2117 3484 2192; baseline 0.006 -20"><span class='ocrx_word' id='word_1_391' title='bbox 1892 2125 1970 2182; x_wconf 91' lang='lat' dir='ltr'><strong>te,</strong></span> <span class='ocrx_word' id='word_1_392' title='bbox 2014 2117 2119 2172; x_wconf 92' lang='lat' dir='ltr'><strong>hoc</strong></span> <span class='ocrx_word' id='word_1_393' title='bbox 2155 2126 2240 2173; x_wconf 91' lang='lat' dir='ltr'><strong>est</strong></span> <span class='ocrx_word' id='word_1_394' title='bbox 2290 2117 2500 2188; x_wconf 90' lang='lat' dir='ltr'><strong>Spiritu</strong></span> <span class='ocrx_word' id='word_1_395' title='bbox 2550 2127 2740 2175; x_wconf 89' lang='lat' dir='ltr'><strong>sancto</strong></span> <span class='ocrx_word' id='word_1_396' title='bbox 2768 2129 3120 2192; x_wconf 84' lang='lat' dir='ltr'><strong>protegente,</strong></span> <span class='ocrx_word' id='word_1_397' title='bbox 3175 2125 3484 2182; x_wconf 86' lang='lat' dir='ltr'><strong>mercedem</strong></span> 
     </span>
    </p>
   </div>
   <div class='ocr_carea' id='block_1_51' title="bbox 1891 2206 3477 2285">
    <p class='ocr_par' dir='ltr' id='par_1_51' title="bbox 1891 2206 3477 2285">
     <span class='ocr_line' id='line_1_51' title="bbox 1891 2206 3477 2285; baseline 0.004 -22"><span class='ocrx_word' id='word_1_398' title='bbox 1891 2206 2166 2265; x_wconf 67' lang='lat' dir='ltr'><strong>caelestem</strong></span> <span class='ocrx_word' id='word_1_399' title='bbox 2199 2208 2449 2264; x_wconf 89' lang='lat' dir='ltr'><strong>districta</strong></span> <span class='ocrx_word' id='word_1_400' title='bbox 2491 2209 2604 2264; x_wconf 88' lang='lat' dir='ltr'><strong>vita</strong></span> <span class='ocrx_word' id='word_1_401' title='bbox 2637 2224 2701 2265; x_wconf 92' lang='lat' dir='ltr'><strong>ac</strong></span> <span class='ocrx_word' id='word_1_402' title='bbox 2729 2211 3095 2268; x_wconf 88' lang='lat' dir='ltr'><strong>coarctatione</strong></span> <span class='ocrx_word' id='word_1_403' title='bbox 3143 2213 3477 2285; x_wconf 90' lang='lat' dir='ltr'><strong>voluptatum</strong></span> 
     </span>
    </p>
   </div>
   <div class='ocr_carea' id='block_1_52' title="bbox 1890 2301 3483 2376">
    <p class='ocr_par' dir='ltr' id='par_1_52' title="bbox 1890 2301 3483 2376">
     <span class='ocr_line' id='line_1_52' title="bbox 1890 2301 3483 2376; baseline 0.004 -23"><span class='ocrx_word' id='word_1_404' title='bbox 1890 2309 2171 2369; x_wconf 84' lang='lat' dir='ltr'><strong>quaerunt;</strong></span> <span class='ocrx_word' id='word_1_405' title='bbox 2203 2309 2259 2356; x_wconf 90' lang='lat' dir='ltr'><strong>et</strong></span> <span class='ocrx_word' id='word_1_406' title='bbox 2287 2316 2516 2371; x_wconf 87' lang='lat' dir='ltr'><strong>pompas</strong></span> <span class='ocrx_word' id='word_1_407' title='bbox 2561 2301 2748 2356; x_wconf 88' lang='lat' dir='ltr'><strong>mundi</strong></span> <span class='ocrx_word' id='word_1_408' title='bbox 2776 2305 3098 2374; x_wconf 90' lang='lat' dir='ltr'><strong>spernendo,</strong></span> <span class='ocrx_word' id='word_1_409' title='bbox 3135 2321 3200 2361; x_wconf 91' lang='lat' dir='ltr'><strong>ea</strong></span> <span class='ocrx_word' id='word_1_410' title='bbox 3236 2321 3356 2376; x_wconf 82' lang='lat' dir='ltr'><strong>quae</strong></span> <span class='ocrx_word' id='word_1_411' title='bbox 3383 2307 3483 2362; x_wconf 83' lang='lat' dir='ltr'><strong>hu-</strong></span> 
     </span>
    </p>
   </div>
   <div class='ocr_carea' id='block_1_53' title="bbox 1888 2387 3480 2466">
    <p class='ocr_par' dir='ltr' id='par_1_53' title="bbox 1888 2387 3480 2466">
     <span class='ocr_line' id='line_1_53' title="bbox 1888 2387 3480 2466; baseline 0.006 -26"><span class='ocrx_word' id='word_1_412' title='bbox 1888 2387 2036 2442; x_wconf 86' lang='lat' dir='ltr'><strong>milia</strong></span> <span class='ocrx_word' id='word_1_413' title='bbox 2059 2397 2220 2460; x_wconf 88' lang='lat' dir='ltr'><strong>atque</strong></span> <span class='ocrx_word' id='word_1_414' title='bbox 2235 2390 2490 2460; x_wconf 90' lang='lat' dir='ltr'><strong>despecta</strong></span> <span class='ocrx_word' id='word_1_415' title='bbox 2505 2406 2689 2445; x_wconf 88' lang='lat' dir='ltr'><strong>coram</strong></span> <span class='ocrx_word' id='word_1_416' title='bbox 2713 2391 3024 2447; x_wconf 85' lang='lat' dir='ltr'><strong>hominibus</strong></span> <span class='ocrx_word' id='word_1_417' title='bbox 3050 2404 3178 2450; x_wconf 90' lang='lat' dir='ltr'><strong>sunt</strong></span> <span class='ocrx_word' id='word_1_418' title='bbox 3199 2393 3480 2466; x_wconf 85' lang='lat' dir='ltr'><strong>eligentes,</strong></span> 
     </span>
    </p>
   </div>
   <div class='ocr_carea' id='block_1_54' title="bbox 1886 2478 3482 2560">
    <p class='ocr_par' dir='ltr' id='par_1_54' title="bbox 1886 2478 3482 2560">
     <span class='ocr_line' id='line_1_54' title="bbox 1886 2478 3482 2560; baseline 0.007 -27"><span class='ocrx_word' id='word_1_419' title='bbox 1886 2478 1998 2535; x_wconf 90' lang='lat' dir='ltr'><strong>Deo</strong></span> <span class='ocrx_word' id='word_1_420' title='bbox 2027 2481 2127 2536; x_wconf 90' lang='lat' dir='ltr'><strong>sibi</strong></span> <span class='ocrx_word' id='word_1_421' title='bbox 2149 2481 2378 2538; x_wconf 88' lang='lat' dir='ltr'><strong>interius</strong></span> <span class='ocrx_word' id='word_1_422' title='bbox 2396 2483 2613 2553; x_wconf 91' lang='lat' dir='ltr'><strong>placere</strong></span> <span class='ocrx_word' id='word_1_423' title='bbox 2638 2485 2878 2554; x_wconf 90' lang='lat' dir='ltr'><strong>cupiunt.</strong></span> <span class='ocrx_word' id='word_1_424' title='bbox 2905 2484 2968 2540; x_wconf 89' lang='lat' dir='ltr'><strong>In</strong></span> <span class='ocrx_word' id='word_1_425' title='bbox 2994 2486 3132 2540; x_wconf 84' lang='lat' dir='ltr'><strong>tribu</strong></span> <span class='ocrx_word' id='word_1_426' title='bbox 3161 2505 3365 2560; x_wconf 87' lang='lat' dir='ltr'><strong>quoque</strong></span> <span class='ocrx_word' id='word_1_427' title='bbox 3377 2488 3482 2544; x_wconf 86' lang='lat' dir='ltr'><strong>Za-</strong></span> 
     </span>
    </p>
   </div>
   <div class='ocr_carea' id='block_1_55' title="bbox 1889 2572 3482 2652">
    <p class='ocr_par' dir='ltr' id='par_1_55' title="bbox 1889 2572 3482 2652">
     <span class='ocr_line' id='line_1_55' title="bbox 1889 2572 3482 2652; baseline 0.007 -27"><span class='ocrx_word' id='word_1_428' title='bbox 1889 2572 2047 2628; x_wconf 85' lang='lat' dir='ltr'><strong>bulon</strong></span> <span class='ocrx_word' id='word_1_429' title='bbox 2075 2574 2314 2646; x_wconf 80' lang='lat' dir='ltr'><strong>princeps</strong></span> <span class='ocrx_word' id='word_1_430' title='bbox 2338 2587 2450 2630; x_wconf 76' lang='lat' dir='ltr'><strong>erat</strong></span> <span class='ocrx_word' id='word_1_431' title='bbox 2483 2575 2640 2631; x_wconf 87' lang='lat' dir='ltr'><strong>Eliab</strong></span> <span class='ocrx_word' id='word_1_432' title='bbox 2676 2576 2820 2646; x_wconf 87' lang='lat' dir='ltr'><strong>ﬁlius</strong></span> <span class='ocrx_word' id='word_1_433' title='bbox 2844 2576 3055 2634; x_wconf 82' lang='lat' dir='ltr'><strong>Helom.</strong></span> <span class='ocrx_word' id='word_1_434' title='bbox 3083 2579 3322 2635; x_wconf 88' lang='lat' dir='ltr'><strong>Zabulon</strong></span> <span class='ocrx_word' id='word_1_435' title='bbox 3341 2622 3355 2646; x_wconf 92' lang='lat'><strong>,</strong></span> <span class='ocrx_word' id='word_1_436' title='bbox 3387 2581 3482 2652; x_wconf 85' lang='lat' dir='ltr'><strong>qui</strong></span> 
     </span>
    </p>
   </div>
   <div class='ocr_carea' id='block_1_56' title="bbox 1886 2662 3485 2738">
    <p class='ocr_par' dir='ltr' id='par_1_56' title="bbox 1886 2662 3485 2738">
     <span class='ocr_line' id='line_1_56' title="bbox 1886 2662 3485 2738; baseline 0.004 -22"><span class='ocrx_word' id='word_1_437' title='bbox 1886 2662 2280 2733; x_wconf 88' lang='lat' dir='ltr'><strong>interpretatur</strong></span> <span class='ocrx_word' id='word_1_438' title='bbox 2304 2663 2676 2720; x_wconf 87' lang='lat' dir='ltr'><strong>habitaculum</strong></span> <span class='ocrx_word' id='word_1_439' title='bbox 2692 2664 3048 2731; x_wconf 79' lang='lat' dir='ltr'><strong>fortitudinis,</strong></span> <span class='ocrx_word' id='word_1_440' title='bbox 3072 2667 3371 2738; x_wconf 87' lang='lat' dir='ltr'><strong>principem</strong></span> <span class='ocrx_word' id='word_1_441' title='bbox 3392 2669 3485 2722; x_wconf 83' lang='lat' dir='ltr'><strong>ha-</strong></span> 
     </span>
    </p>
   </div>
   <div class='ocr_carea' id='block_1_57' title="bbox 1886 2754 3486 2828">
    <p class='ocr_par' dir='ltr' id='par_1_57' title="bbox 1886 2754 3486 2828">
     <span class='ocr_line' id='line_1_57' title="bbox 1886 2754 3486 2828; baseline 0.003 -19"><span class='ocrx_word' id='word_1_442' title='bbox 1886 2755 1980 2809; x_wconf 87' lang='lat' dir='ltr'><strong>bet</strong></span> <span class='ocrx_word' id='word_1_443' title='bbox 2005 2754 2179 2821; x_wconf 91' lang='lat' dir='ltr'><strong>Eliab,</strong></span> <span class='ocrx_word' id='word_1_444' title='bbox 2207 2757 2300 2825; x_wconf 86' lang='lat' dir='ltr'><strong>qui</strong></span> <span class='ocrx_word' id='word_1_445' title='bbox 2331 2757 2723 2826; x_wconf 88' lang='lat' dir='ltr'><strong>interpretatur</strong></span> <span class='ocrx_word' id='word_1_446' title='bbox 2753 2756 2895 2812; x_wconf 91' lang='lat' dir='ltr'><strong>Deus</strong></span> <span class='ocrx_word' id='word_1_447' title='bbox 2922 2773 3079 2812; x_wconf 91' lang='lat' dir='ltr'><strong>meus</strong></span> <span class='ocrx_word' id='word_1_448' title='bbox 3116 2769 3294 2828; x_wconf 89' lang='lat' dir='ltr'><strong>pater,</strong></span> <span class='ocrx_word' id='word_1_449' title='bbox 3317 2765 3373 2812; x_wconf 90' lang='lat' dir='ltr'><strong>et</strong></span> <span class='ocrx_word' id='word_1_450' title='bbox 3400 2766 3486 2813; x_wconf 91' lang='lat' dir='ltr'><strong>est</strong></span> 
     </span>
    </p>
   </div>
   <div class='ocr_carea' id='block_1_58' title="bbox 1889 2845 3484 2917">
    <p class='ocr_par' dir='ltr' id='par_1_58' title="bbox 1889 2845 3484 2917">
     <span class='ocr_line' id='line_1_58' title="bbox 1889 2845 3484 2917; baseline 0.002 -18"><span class='ocrx_word' id='word_1_451' title='bbox 1889 2845 2032 2900; x_wconf 87' lang='lat' dir='ltr'><strong>ﬁlius</strong></span> <span class='ocrx_word' id='word_1_452' title='bbox 2046 2846 2257 2912; x_wconf 82' lang='lat' dir='ltr'><strong>Helom,</strong></span> <span class='ocrx_word' id='word_1_453' title='bbox 2272 2847 2326 2900; x_wconf 89' lang='lat' dir='ltr'><strong>id</strong></span> <span class='ocrx_word' id='word_1_454' title='bbox 2341 2854 2445 2911; x_wconf 88' lang='lat' dir='ltr'><strong>est,</strong></span> <span class='ocrx_word' id='word_1_455' title='bbox 2459 2861 2694 2916; x_wconf 90' lang='lat' dir='ltr'><strong>quercus</strong></span> <span class='ocrx_word' id='word_1_456' title='bbox 2711 2865 2723 2900; x_wconf 91' lang='lat'>:</span> <span class='ocrx_word' id='word_1_457' title='bbox 2742 2847 2868 2916; x_wconf 89' lang='lat' dir='ltr'><strong>quia</strong></span> <span class='ocrx_word' id='word_1_458' title='bbox 2884 2846 3125 2902; x_wconf 86' lang='lat' dir='ltr'><strong>Ecclesia</strong></span> <span class='ocrx_word' id='word_1_459' title='bbox 3138 2855 3346 2912; x_wconf 85' lang='lat' dir='ltr'><strong>sancta,</strong></span> <span class='ocrx_word' id='word_1_460' title='bbox 3363 2862 3484 2917; x_wconf 63' lang='lat' dir='ltr'><strong>quae</strong></span> 
     </span>
    </p>
   </div>
   <div class='ocr_carea' id='block_1_59' title="bbox 1887 2935 3485 3008">
    <p class='ocr_par' dir='ltr' id='par_1_59' title="bbox 1887 2935 3485 3008">
     <span class='ocr_line' id='line_1_59' title="bbox 1887 2935 3485 3008; baseline 0.001 -17"><span class='ocrx_word' id='word_1_461' title='bbox 1887 2935 2254 2992; x_wconf 85' lang='lat' dir='ltr'><strong>habitaculum</strong></span> <span class='ocrx_word' id='word_1_462' title='bbox 2283 2936 2614 2993; x_wconf 83' lang='lat' dir='ltr'><strong>fortitudinis</strong></span> <span class='ocrx_word' id='word_1_463' title='bbox 2639 2945 2787 2992; x_wconf 90' lang='lat' dir='ltr'><strong>recte</strong></span> <span class='ocrx_word' id='word_1_464' title='bbox 2812 2938 2916 2992; x_wconf 88' lang='lat' dir='ltr'><strong>dici</strong></span> <span class='ocrx_word' id='word_1_465' title='bbox 2940 2945 3141 3008; x_wconf 89' lang='lat' dir='ltr'><strong>potest,</strong></span> <span class='ocrx_word' id='word_1_466' title='bbox 3169 2938 3273 2993; x_wconf 91' lang='lat' dir='ltr'><strong>hoc</strong></span> <span class='ocrx_word' id='word_1_467' title='bbox 3300 2946 3384 2993; x_wconf 92' lang='lat' dir='ltr'><strong>est</strong></span> <span class='ocrx_word' id='word_1_468' title='bbox 3403 2937 3485 2992; x_wconf 90' lang='lat' dir='ltr'><strong>in-</strong></span> 
     </span>
    </p>
   </div>
   <div class='ocr_carea' id='block_1_60' title="bbox 1889 3027 3482 3099">
    <p class='ocr_par' dir='ltr' id='par_1_60' title="bbox 1889 3027 3482 3099">
     <span class='ocr_line' id='line_1_60' title="bbox 1889 3027 3482 3099; baseline 0.003 -18"><span class='ocrx_word' id='word_1_469' title='bbox 1889 3027 2036 3083; x_wconf 88' lang='lat' dir='ltr'><strong>victa</strong></span> <span class='ocrx_word' id='word_1_470' title='bbox 2075 3028 2402 3099; x_wconf 90' lang='lat' dir='ltr'><strong>perdurans,</strong></span> <span class='ocrx_word' id='word_1_471' title='bbox 2434 3029 2503 3084; x_wconf 89' lang='lat' dir='ltr'><strong>ab</strong></span> <span class='ocrx_word' id='word_1_472' title='bbox 2545 3029 2820 3085; x_wconf 69' lang='lat' dir='ltr'><strong>hasreticis</strong></span> <span class='ocrx_word' id='word_1_473' title='bbox 2849 3038 2904 3083; x_wconf 90' lang='lat' dir='ltr'><strong>et</strong></span> <span class='ocrx_word' id='word_1_474' title='bbox 2936 3029 3303 3085; x_wconf 91' lang='lat' dir='ltr'><strong>schismaticis</strong></span> <span class='ocrx_word' id='word_1_475' title='bbox 3343 3028 3482 3086; x_wconf 88' lang='lat' dir='ltr'><strong>ﬁlios</strong></span> 
     </span>
    </p>
   </div>
   <div class='ocr_carea' id='block_1_61' title="bbox 1847 3119 3483 3193">
    <p class='ocr_par' dir='ltr' id='par_1_61' title="bbox 1847 3119 3483 3193">
     <span class='ocr_line' id='line_1_61' title="bbox 1847 3119 3483 3193; baseline 0.001 -19"><span class='ocrx_word' id='word_1_476' title='bbox 1847 3153 1857 3164; x_wconf 83' lang='lat'><strong>-</strong></span> <span class='ocrx_word' id='word_1_477' title='bbox 1892 3134 2020 3175; x_wconf 88' lang='lat' dir='ltr'><strong>suos</strong></span> <span class='ocrx_word' id='word_1_478' title='bbox 2049 3127 2300 3189; x_wconf 87' lang='lat' dir='ltr'><strong>potenter</strong></span> <span class='ocrx_word' id='word_1_479' title='bbox 2323 3119 2562 3177; x_wconf 81' lang='lat' dir='ltr'><strong>defendit</strong></span> <span class='ocrx_word' id='word_1_480' title='bbox 2602 3137 2666 3177; x_wconf 88' lang='lat' dir='ltr'><strong>ac</strong></span> <span class='ocrx_word' id='word_1_481' title='bbox 2697 3121 2954 3192; x_wconf 91' lang='lat' dir='ltr'><strong>protegit,</strong></span> <span class='ocrx_word' id='word_1_482' title='bbox 2984 3120 3288 3193; x_wconf 90' lang='lat' dir='ltr'><strong>principem</strong></span> <span class='ocrx_word' id='word_1_483' title='bbox 3315 3121 3483 3176; x_wconf 89' lang='lat' dir='ltr'><strong>habet</strong></span> 
     </span>
    </p>
   </div>
   <div class='ocr_carea' id='block_1_62' title="bbox 199 3195 3480 3286">
    <p class='ocr_par' dir='ltr' id='par_1_62' title="bbox 199 3195 3480 3286">
     <span class='ocr_line' id='line_1_62' title="bbox 199 3195 3480 3286; baseline 0.001 -20"><span class='ocrx_word' id='word_1_484' title='bbox 199 3215 281 3270; x_wconf 79' lang='lat' dir='ltr'><strong>bus</strong></span> <span class='ocrx_word' id='word_1_485' title='bbox 307 3217 654 3272; x_wconf 88' lang='lat' dir='ltr'><strong>dominorum</strong></span> <span class='ocrx_word' id='word_1_486' title='bbox 676 3234 918 3284; x_wconf 90' lang='lat' dir='ltr'><strong>suorum,</strong></span> <span class='ocrx_word' id='word_1_487' title='bbox 945 3226 990 3272; x_wconf 85' lang='lat' dir='ltr'><strong>et</strong></span> <span class='ocrx_word' id='word_1_488' title='bbox 1012 3218 1150 3272; x_wconf 80' lang='lat' dir='ltr'><strong>sicut</strong></span> <span class='ocrx_word' id='word_1_489' title='bbox 1177 3217 1318 3272; x_wconf 88' lang='lat' dir='ltr'><strong>oculi</strong></span> <span class='ocrx_word' id='word_1_490' title='bbox 1339 3216 1550 3272; x_wconf 66' lang='lat' dir='ltr'><strong>ancilla</strong></span> <span class='ocrx_word' id='word_1_491' title='bbox 1588 3218 1644 3272; x_wconf 91' lang='lat' dir='ltr'><strong>in</strong></span> <span class='ocrx_word' id='word_1_492' title='bbox 1671 3233 1785 3271; x_wconf 88' lang='lat' dir='ltr'><strong>ma-</strong></span> <span class='ocrx_word' id='word_1_493' title='bbox 1814 3195 1860 3258; x_wconf 70' lang='grc' dir='ltr'>Ο</span> <span class='ocrx_word' id='word_1_494' title='bbox 1891 3228 2054 3282; x_wconf 89' lang='lat' dir='ltr'><strong>super</strong></span> <span class='ocrx_word' id='word_1_495' title='bbox 2074 3229 2132 3270; x_wconf 92' lang='lat' dir='ltr'><strong>se</strong></span> <span class='ocrx_word' id='word_1_496' title='bbox 2160 3216 2365 3281; x_wconf 88' lang='lat' dir='ltr'><strong>Deum;</strong></span> <span class='ocrx_word' id='word_1_497' title='bbox 2397 3216 2492 3285; x_wconf 91' lang='lat' dir='ltr'><strong>qui</strong></span> <span class='ocrx_word' id='word_1_498' title='bbox 2522 3215 2684 3271; x_wconf 88' lang='lat' dir='ltr'><strong>Pater</strong></span> <span class='ocrx_word' id='word_1_499' title='bbox 2712 3224 2796 3270; x_wconf 90' lang='lat' dir='ltr'><strong>est</strong></span> <span class='ocrx_word' id='word_1_500' title='bbox 2821 3213 3081 3280; x_wconf 90' lang='lat' dir='ltr'><strong>ﬁdelium,</strong></span> <span class='ocrx_word' id='word_1_501' title='bbox 3115 3223 3172 3270; x_wconf 92' lang='lat' dir='ltr'><strong>et</strong></span> <span class='ocrx_word' id='word_1_502' title='bbox 3194 3215 3480 3286; x_wconf 86' lang='lat' dir='ltr'><strong>sempiter-</strong></span> 
     </span>
    </p>
   </div>
   <div class='ocr_carea' id='block_1_63' title="bbox 200 3307 1782 3375">
    <p class='ocr_par' dir='ltr' id='par_1_63' title="bbox 200 3307 1782 3375">
     <span class='ocr_line' id='line_1_63' title="bbox 200 3307 1782 3375; baseline 0.002 -16"><span class='ocrx_word' id='word_1_503' title='bbox 200 3307 335 3362; x_wconf 83' lang='lat' dir='ltr'><strong>nibus</strong></span> <span class='ocrx_word' id='word_1_504' title='bbox 359 3310 600 3364; x_wconf 70' lang='lat' dir='ltr'><strong>dominre</strong></span> <span class='ocrx_word' id='word_1_505' title='bbox 611 3326 744 3375; x_wconf 70' lang='lat' dir='ltr'><strong>sine,</strong></span> <span class='ocrx_word' id='word_1_506' title='bbox 768 3310 842 3363; x_wconf 89' lang='lat' dir='ltr'><strong>ita</strong></span> <span class='ocrx_word' id='word_1_507' title='bbox 861 3308 1000 3364; x_wconf 88' lang='lat' dir='ltr'><strong>oculi</strong></span> <span class='ocrx_word' id='word_1_508' title='bbox 1014 3311 1180 3364; x_wconf 86' lang='lat' dir='ltr'><strong>nostri</strong></span> <span class='ocrx_word' id='word_1_509' title='bbox 1209 3309 1279 3363; x_wconf 83' lang='lat' dir='ltr'><strong>ad</strong></span> <span class='ocrx_word' id='word_1_510' title='bbox 1295 3309 1585 3364; x_wconf 82' lang='lat' dir='ltr'><strong>Dominum</strong></span> <span class='ocrx_word' id='word_1_511' title='bbox 1611 3308 1782 3363; x_wconf 84' lang='lat' dir='ltr'><strong>Deum</strong></span> 
     </span>
    </p>
   </div>
   <div class='ocr_carea' id='block_1_64' title="bbox 199 3398 1782 3472">
    <p class='ocr_par' dir='ltr' id='par_1_64' title="bbox 199 3398 1782 3472">
     <span class='ocr_line' id='line_1_64' title="bbox 199 3398 1782 3472; baseline 0.003 -22"><span class='ocrx_word' id='word_1_512' title='bbox 199 3408 441 3466; x_wconf 82' lang='lat' dir='ltr'><strong>nostrum,</strong></span> <span class='ocrx_word' id='word_1_513' title='bbox 500 3400 671 3454; x_wconf 82' lang='lat' dir='ltr'><strong>donec</strong></span> <span class='ocrx_word' id='word_1_514' title='bbox 699 3401 1012 3455; x_wconf 84' lang='lat' dir='ltr'><strong>misereatur</strong></span> <span class='ocrx_word' id='word_1_515' title='bbox 1059 3402 1226 3456; x_wconf 88' lang='lat' dir='ltr'><strong>nostri</strong></span> <span class='ocrx_word' id='word_1_516' title='bbox 1267 3399 1440 3472; x_wconf 90' lang='lat' dir='ltr'><strong>(Psal.</strong></span> <span class='ocrx_word' id='word_1_517' title='bbox 1479 3399 1672 3471; x_wconf 78' lang='lat' dir='ltr'><strong>cxx&quot;).</strong></span> <span class='ocrx_word' id='word_1_518' title='bbox 1712 3398 1782 3454; x_wconf 85' lang='lat' dir='ltr'><strong>In</strong></span> 
     </span>
    </p>
   </div>
   <div class='ocr_carea' id='block_1_65' title="bbox 199 3489 1778 3562">
    <p class='ocr_par' dir='ltr' id='par_1_65' title="bbox 199 3489 1778 3562">
     <span class='ocr_line' id='line_1_65' title="bbox 199 3489 1778 3562; baseline 0.003 -22"><span class='ocrx_word' id='word_1_519' title='bbox 199 3489 326 3543; x_wconf 85' lang='lat' dir='ltr'><strong>tribu</strong></span> <span class='ocrx_word' id='word_1_520' title='bbox 352 3491 500 3545; x_wconf 80' lang='lat' dir='ltr'><strong>Iuda</strong></span> <span class='ocrx_word' id='word_1_521' title='bbox 556 3492 797 3562; x_wconf 83' lang='lat' dir='ltr'><strong>princeps</strong></span> <span class='ocrx_word' id='word_1_522' title='bbox 824 3502 937 3546; x_wconf 86' lang='lat' dir='ltr'><strong>erat</strong></span> <span class='ocrx_word' id='word_1_523' title='bbox 981 3491 1207 3546; x_wconf 86' lang='lat' dir='ltr'><strong>Naason</strong></span> <span class='ocrx_word' id='word_1_524' title='bbox 1253 3490 1397 3558; x_wconf 87' lang='lat' dir='ltr'><strong>ﬁlius</strong></span> <span class='ocrx_word' id='word_1_525' title='bbox 1457 3489 1778 3545; x_wconf 81' lang='lat' dir='ltr'><strong>Aminadab.</strong></span> 
     </span>
    </p>
   </div>
   <div class='ocr_carea' id='block_1_66' title="bbox 198 3576 1785 3654">
    <p class='ocr_par' dir='ltr' id='par_1_66' title="bbox 198 3576 1785 3654">
     <span class='ocr_line' id='line_1_66' title="bbox 198 3576 1785 3654; baseline 0.001 -23"><span class='ocrx_word' id='word_1_526' title='bbox 198 3576 354 3635; x_wconf 84' lang='lat' dir='ltr'><strong>Iudas</strong></span> <span class='ocrx_word' id='word_1_527' title='bbox 375 3595 531 3654; x_wconf 89' lang='lat' dir='ltr'><strong>ergo,</strong></span> <span class='ocrx_word' id='word_1_528' title='bbox 561 3585 628 3637; x_wconf 89' lang='lat' dir='ltr'><strong>de</strong></span> <span class='ocrx_word' id='word_1_529' title='bbox 654 3597 766 3651; x_wconf 88' lang='lat' dir='ltr'><strong>quo</strong></span> <span class='ocrx_word' id='word_1_530' title='bbox 789 3597 946 3652; x_wconf 88' lang='lat' dir='ltr'><strong>reges</strong></span> <span class='ocrx_word' id='word_1_531' title='bbox 968 3582 1286 3637; x_wconf 84' lang='lat' dir='ltr'><strong>oriebantur</strong></span> <span class='ocrx_word' id='word_1_532' title='bbox 1305 3589 1360 3634; x_wconf 94' lang='lat' dir='ltr'><strong>et</strong></span> <span class='ocrx_word' id='word_1_533' title='bbox 1395 3581 1785 3649; x_wconf 87' lang='lat' dir='ltr'><strong>interpretatur</strong></span> 
     </span>
    </p>
   </div>
   <div class='ocr_carea' id='block_1_67' title="bbox 196 3671 1788 3744">
    <p class='ocr_par' dir='ltr' id='par_1_67' title="bbox 196 3671 1788 3744">
     <span class='ocr_line' id='line_1_67' title="bbox 196 3671 1788 3744; baseline 0.001 -22"><span class='ocrx_word' id='word_1_534' title='bbox 196 3671 459 3728; x_wconf 86' lang='lat' dir='ltr'><strong>confessio</strong></span> <span class='ocrx_word' id='word_1_535' title='bbox 488 3673 606 3728; x_wconf 84' lang='lat' dir='ltr'><strong>sive</strong></span> <span class='ocrx_word' id='word_1_536' title='bbox 641 3673 901 3740; x_wconf 87' lang='lat' dir='ltr'><strong>laudatio,</strong></span> <span class='ocrx_word' id='word_1_537' title='bbox 951 3673 1209 3744; x_wconf 90' lang='lat' dir='ltr'><strong>populum</strong></span> <span class='ocrx_word' id='word_1_538' title='bbox 1247 3672 1685 3728; x_wconf 88' lang='lat' dir='ltr'><strong>ecclesiasticum</strong></span> <span class='ocrx_word' id='word_1_539' title='bbox 1714 3671 1788 3725; x_wconf 91' lang='lat' dir='ltr'><strong>si-</strong></span> 
     </span>
    </p>
   </div>
   <div class='ocr_carea' id='block_1_68' title="bbox 192 3763 1783 3838">
    <p class='ocr_par' dir='ltr' id='par_1_68' title="bbox 192 3763 1783 3838">
     <span class='ocr_line' id='line_1_68' title="bbox 192 3763 1783 3838; baseline 0.001 -21"><span class='ocrx_word' id='word_1_540' title='bbox 192 3763 441 3831; x_wconf 84' lang='lat' dir='ltr'><strong>gniﬁcat;</strong></span> <span class='ocrx_word' id='word_1_541' title='bbox 491 3766 648 3834; x_wconf 85' lang='lat' dir='ltr'><strong>cujus</strong></span> <span class='ocrx_word' id='word_1_542' title='bbox 684 3767 866 3838; x_wconf 89' lang='lat' dir='ltr'><strong>populi</strong></span> <span class='ocrx_word' id='word_1_543' title='bbox 921 3776 1084 3838; x_wconf 89' lang='lat' dir='ltr'><strong>caput</strong></span> <span class='ocrx_word' id='word_1_544' title='bbox 1115 3776 1200 3824; x_wconf 90' lang='lat' dir='ltr'><strong>est</strong></span> <span class='ocrx_word' id='word_1_545' title='bbox 1227 3767 1314 3823; x_wconf 91' lang='lat' dir='ltr'><strong>leo</strong></span> <span class='ocrx_word' id='word_1_546' title='bbox 1341 3767 1407 3822; x_wconf 90' lang='lat' dir='ltr'><strong>de</strong></span> <span class='ocrx_word' id='word_1_547' title='bbox 1447 3767 1595 3821; x_wconf 91' lang='lat' dir='ltr'><strong>tribu</strong></span> <span class='ocrx_word' id='word_1_548' title='bbox 1623 3763 1783 3831; x_wconf 88' lang='lat' dir='ltr'><strong>Juda,</strong></span> 
     </span>
    </p>
   </div>
   <div class='ocr_carea' id='block_1_69' title="bbox 191 3854 1785 3925">
    <p class='ocr_par' dir='ltr' id='par_1_69' title="bbox 191 3854 1785 3925">
     <span class='ocr_line' id='line_1_69' title="bbox 191 3854 1785 3925; baseline 0.004 -22"><span class='ocrx_word' id='word_1_549' title='bbox 191 3855 341 3907; x_wconf 85' lang='lat' dir='ltr'><strong>radix</strong></span> <span class='ocrx_word' id='word_1_550' title='bbox 373 3854 572 3918; x_wconf 85' lang='lat' dir='ltr'><strong>David,</strong></span> <span class='ocrx_word' id='word_1_551' title='bbox 608 3857 726 3925; x_wconf 86' lang='lat' dir='ltr'><strong>ipse</strong></span> <span class='ocrx_word' id='word_1_552' title='bbox 747 3857 955 3912; x_wconf 87' lang='lat' dir='ltr'><strong>scilicet</strong></span> <span class='ocrx_word' id='word_1_553' title='bbox 984 3859 1244 3912; x_wconf 86' lang='lat' dir='ltr'><strong>Dominus</strong></span> <span class='ocrx_word' id='word_1_554' title='bbox 1260 3856 1527 3912; x_wconf 87' lang='lat' dir='ltr'><strong>Christus.</strong></span> <span class='ocrx_word' id='word_1_555' title='bbox 1553 3857 1620 3910; x_wconf 90' lang='lat' dir='ltr'><strong>Et</strong></span> <span class='ocrx_word' id='word_1_556' title='bbox 1645 3857 1785 3910; x_wconf 88' lang='lat' dir='ltr'><strong>bene</strong></span> 
     </span>
    </p>
   </div>
   <div class='ocr_carea' id='block_1_70' title="bbox 189 3937 1786 4016">
    <p class='ocr_par' dir='ltr' id='par_1_70' title="bbox 189 3937 1786 4016">
     <span class='ocr_line' id='line_1_70' title="bbox 189 3937 1786 4016; baseline 0.003 -22"><span class='ocrx_word' id='word_1_557' title='bbox 189 3942 272 3998; x_wconf 87' lang='lat' dir='ltr'><strong>ille</strong></span> <span class='ocrx_word' id='word_1_558' title='bbox 299 3944 549 4014; x_wconf 89' lang='lat' dir='ltr'><strong>populus</strong></span> <span class='ocrx_word' id='word_1_559' title='bbox 569 3946 837 4001; x_wconf 84' lang='lat' dir='ltr'><strong>confessio</strong></span> <span class='ocrx_word' id='word_1_560' title='bbox 858 3949 974 4002; x_wconf 83' lang='lat' dir='ltr'><strong>sive</strong></span> <span class='ocrx_word' id='word_1_561' title='bbox 998 3937 1237 4001; x_wconf 80' lang='lat' dir='ltr'><strong>laudatio</strong></span> <span class='ocrx_word' id='word_1_562' title='bbox 1265 3955 1628 4016; x_wconf 87' lang='lat' dir='ltr'><strong>nuncupatur,</strong></span> <span class='ocrx_word' id='word_1_563' title='bbox 1655 3946 1786 4014; x_wconf 90' lang='lat' dir='ltr'><strong>quia</strong></span> 
     </span>
    </p>
   </div>
   <div class='ocr_carea' id='block_1_71' title="bbox 191 4037 1785 4103">
    <p class='ocr_par' dir='ltr' id='par_1_71' title="bbox 191 4037 1785 4103">
     <span class='ocr_line' id='line_1_71' title="bbox 191 4037 1785 4103; baseline 0.001 -14"><span class='ocrx_word' id='word_1_564' title='bbox 191 4052 310 4092; x_wconf 86' lang='lat' dir='ltr'><strong>vera</strong></span> <span class='ocrx_word' id='word_1_565' title='bbox 342 4037 630 4094; x_wconf 80' lang='lat' dir='ltr'><strong>confessio</strong></span> <span class='ocrx_word' id='word_1_566' title='bbox 665 4055 837 4095; x_wconf 60' lang='lat' dir='ltr'><strong>sacrae</strong></span> <span class='ocrx_word' id='word_1_567' title='bbox 863 4039 987 4095; x_wconf 89' lang='lat' dir='ltr'><strong>ﬁdei</strong></span> <span class='ocrx_word' id='word_1_568' title='bbox 1015 4039 1118 4094; x_wconf 89' lang='lat' dir='ltr'><strong>fuit</strong></span> <span class='ocrx_word' id='word_1_569' title='bbox 1136 4039 1390 4103; x_wconf 84' lang='lat' dir='ltr'><strong>laudatio,</strong></span> <span class='ocrx_word' id='word_1_570' title='bbox 1417 4038 1471 4094; x_wconf 89' lang='lat' dir='ltr'><strong>id</strong></span> <span class='ocrx_word' id='word_1_571' title='bbox 1499 4045 1605 4102; x_wconf 91' lang='lat' dir='ltr'><strong>est,</strong></span> <span class='ocrx_word' id='word_1_572' title='bbox 1631 4046 1785 4092; x_wconf 89' lang='lat' dir='ltr'><strong>recta</strong></span> 
     </span>
    </p>
   </div>
   <div class='ocr_carea' id='block_1_72' title="bbox 192 4125 1786 4194">
    <p class='ocr_par' dir='ltr' id='par_1_72' title="bbox 192 4125 1786 4194">
     <span class='ocr_line' id='line_1_72' title="bbox 192 4125 1786 4194; baseline -0.001 -12"><span class='ocrx_word' id='word_1_573' title='bbox 192 4127 509 4194; x_wconf 65' lang='lat' dir='ltr'><strong>praedicatio</strong></span> <span class='ocrx_word' id='word_1_574' title='bbox 540 4142 646 4182; x_wconf 89' lang='lat' dir='ltr'><strong>non</strong></span> <span class='ocrx_word' id='word_1_575' title='bbox 673 4128 781 4182; x_wconf 86' lang='lat' dir='ltr'><strong>nisi</strong></span> <span class='ocrx_word' id='word_1_576' title='bbox 810 4128 864 4183; x_wconf 91' lang='lat' dir='ltr'><strong>in</strong></span> <span class='ocrx_word' id='word_1_577' title='bbox 887 4128 1130 4184; x_wconf 88' lang='lat' dir='ltr'><strong>Ecclesia</strong></span> <span class='ocrx_word' id='word_1_578' title='bbox 1152 4127 1417 4183; x_wconf 89' lang='lat' dir='ltr'><strong>catholica</strong></span> <span class='ocrx_word' id='word_1_579' title='bbox 1437 4134 1542 4182; x_wconf 89' lang='lat' dir='ltr'><strong>est.</strong></span> <span class='ocrx_word' id='word_1_580' title='bbox 1572 4125 1786 4181; x_wconf 83' lang='lat' dir='ltr'><strong>Naason</strong></span> 
     </span>
    </p>
   </div>
   <div class='ocr_carea' id='block_1_73' title="bbox 195 4219 1786 4292">
    <p class='ocr_par' dir='ltr' id='par_1_73' title="bbox 195 4219 1786 4292">
     <span class='ocr_line' id='line_1_73' title="bbox 195 4219 1786 4292; baseline -0.001 -19"><span class='ocrx_word' id='word_1_581' title='bbox 195 4235 332 4290; x_wconf 86' lang='lat' dir='ltr'><strong>ergo,</strong></span> <span class='ocrx_word' id='word_1_582' title='bbox 357 4221 453 4292; x_wconf 89' lang='lat' dir='ltr'><strong>qui</strong></span> <span class='ocrx_word' id='word_1_583' title='bbox 488 4221 884 4290; x_wconf 81' lang='lat' dir='ltr'><strong>interpretatur</strong></span> <span class='ocrx_word' id='word_1_584' title='bbox 904 4221 1252 4292; x_wconf 87' lang='lat' dir='ltr'><strong>serpentinus</strong></span> <span class='ocrx_word' id='word_1_585' title='bbox 1271 4221 1356 4275; x_wconf 88' lang='lat' dir='ltr'><strong>vel</strong></span> <span class='ocrx_word' id='word_1_586' title='bbox 1393 4219 1702 4290; x_wconf 87' lang='lat' dir='ltr'><strong>augurium,</strong></span> <span class='ocrx_word' id='word_1_587' title='bbox 1730 4225 1786 4272; x_wconf 89' lang='lat' dir='ltr'><strong>et</strong></span> 
     </span>
    </p>
   </div>
   <div class='ocr_carea' id='block_1_74' title="bbox 198 4310 1785 4384">
    <p class='ocr_par' dir='ltr' id='par_1_74' title="bbox 198 4310 1785 4384">
     <span class='ocr_line' id='line_1_74' title="bbox 198 4310 1785 4384; baseline 0 -20"><span class='ocrx_word' id='word_1_588' title='bbox 198 4320 274 4366; x_wconf 86' lang='lat' dir='ltr'><strong>est</strong></span> <span class='ocrx_word' id='word_1_589' title='bbox 297 4313 440 4368; x_wconf 90' lang='lat' dir='ltr'><strong>ﬁlius</strong></span> <span class='ocrx_word' id='word_1_590' title='bbox 471 4313 803 4378; x_wconf 86' lang='lat' dir='ltr'><strong>Aminadab,</strong></span> <span class='ocrx_word' id='word_1_591' title='bbox 832 4313 1016 4384; x_wconf 92' lang='lat' dir='ltr'><strong>populi</strong></span> <span class='ocrx_word' id='word_1_592' title='bbox 1055 4313 1310 4368; x_wconf 88' lang='lat' dir='ltr'><strong>videlicet</strong></span> <span class='ocrx_word' id='word_1_593' title='bbox 1335 4310 1643 4381; x_wconf 90' lang='lat' dir='ltr'><strong>spontanei,</strong></span> <span class='ocrx_word' id='word_1_594' title='bbox 1671 4323 1785 4365; x_wconf 90' lang='lat' dir='ltr'><strong>me-</strong></span> 
     </span>
    </p>
   </div>
   <div class='ocr_carea' id='block_1_75' title="bbox 199 4401 1782 4477">
    <p class='ocr_par' dir='ltr' id='par_1_75' title="bbox 199 4401 1782 4477">
     <span class='ocr_line' id='line_1_75' title="bbox 199 4401 1782 4477; baseline -0.001 -20"><span class='ocrx_word' id='word_1_595' title='bbox 199 4405 290 4460; x_wconf 85' lang='lat' dir='ltr'><strong>rito</strong></span> <span class='ocrx_word' id='word_1_596' title='bbox 322 4408 439 4477; x_wconf 86' lang='lat' dir='ltr'><strong>ipse</strong></span> <span class='ocrx_word' id='word_1_597' title='bbox 498 4405 755 4466; x_wconf 87' lang='lat' dir='ltr'><strong>Salvator</strong></span> <span class='ocrx_word' id='word_1_598' title='bbox 782 4405 1104 4477; x_wconf 87' lang='lat' dir='ltr'><strong>intelligitur</strong></span> <span class='ocrx_word' id='word_1_599' title='bbox 1125 4447 1140 4471; x_wconf 92' lang='lat'><strong>,</strong></span> <span class='ocrx_word' id='word_1_600' title='bbox 1169 4405 1237 4460; x_wconf 91' lang='lat' dir='ltr'><strong>de</strong></span> <span class='ocrx_word' id='word_1_601' title='bbox 1276 4401 1621 4475; x_wconf 83' lang='lat' dir='ltr'><strong>patriarchis,</strong></span> <span class='ocrx_word' id='word_1_602' title='bbox 1669 4401 1782 4456; x_wconf 89' lang='lat' dir='ltr'><strong>Deo</strong></span> 
     </span>
    </p>
   </div>
   <div class='ocr_carea' id='block_1_76' title="bbox 200 4495 1780 4567">
    <p class='ocr_par' dir='ltr' id='par_1_76' title="bbox 200 4495 1780 4567">
     <span class='ocr_line' id='line_1_76' title="bbox 200 4495 1780 4567; baseline 0 -20"><span class='ocrx_word' id='word_1_603' title='bbox 200 4496 368 4566; x_wconf 89' lang='lat' dir='ltr'><strong>utique</strong></span> <span class='ocrx_word' id='word_1_604' title='bbox 391 4498 614 4552; x_wconf 88' lang='lat' dir='ltr'><strong>devotis</strong></span> <span class='ocrx_word' id='word_1_605' title='bbox 651 4497 886 4561; x_wconf 87' lang='lat' dir='ltr'><strong>famulis,</strong></span> <span class='ocrx_word' id='word_1_606' title='bbox 908 4496 1225 4567; x_wconf 79' lang='lat' dir='ltr'><strong>progenitus</strong></span> <span class='ocrx_word' id='word_1_607' title='bbox 1254 4536 1270 4562; x_wconf 95' lang='lat'><strong>,</strong></span> <span class='ocrx_word' id='word_1_608' title='bbox 1305 4495 1398 4564; x_wconf 89' lang='lat' dir='ltr'><strong>qui</strong></span> <span class='ocrx_word' id='word_1_609' title='bbox 1421 4509 1518 4564; x_wconf 88' lang='lat' dir='ltr'><strong>per</strong></span> <span class='ocrx_word' id='word_1_610' title='bbox 1545 4501 1780 4548; x_wconf 91' lang='lat' dir='ltr'><strong>mortem</strong></span> 
     </span>
    </p>
   </div>
   <div class='ocr_carea' id='block_1_77' title="bbox 199 4551 1858 4658">
    <p class='ocr_par' dir='ltr' id='par_1_77' title="bbox 199 4551 1858 4658">
     <span class='ocr_line' id='line_1_77' title="bbox 199 4551 1858 4658; baseline -0.002 -17"><span class='ocrx_word' id='word_1_611' title='bbox 199 4551 450 4646; x_wconf 74' lang='lat' dir='ltr'><strong>desiruxit</strong></span> <span class='ocrx_word' id='word_1_612' title='bbox 493 4605 630 4646; x_wconf 88' lang='lat' dir='ltr'><strong>eum</strong></span> <span class='ocrx_word' id='word_1_613' title='bbox 659 4590 750 4658; x_wconf 89' lang='lat' dir='ltr'><strong>qui</strong></span> <span class='ocrx_word' id='word_1_614' title='bbox 780 4551 945 4643; x_wconf 54' lang='lat' dir='ltr'><strong>habet</strong></span> <span class='ocrx_word' id='word_1_615' title='bbox 985 4551 1180 4644; x_wconf 69' lang='lat' dir='ltr'><strong>mortis</strong></span> <span class='ocrx_word' id='word_1_616' title='bbox 1226 4551 1533 4657; x_wconf 70' lang='lat' dir='ltr'><strong>imperium,</strong></span> <span class='ocrx_word' id='word_1_617' title='bbox 1588 4585 1642 4639; x_wconf 91' lang='lat' dir='ltr'><strong>id</strong></span> <span class='ocrx_word' id='word_1_618' title='bbox 1670 4589 1774 4648; x_wconf 89' lang='lat' dir='ltr'><strong>est,</strong></span> <span class='ocrx_word' id='word_1_619' title='bbox 1803 4551 1858 4612; x_wconf 70' lang='grc' dir='ltr'><strong><em>Β</em></strong></span> 
     </span>
    </p>
   </div>
   <div class='ocr_carea' id='block_1_78' title="bbox 199 4678 1780 4753">
    <p class='ocr_par' dir='ltr' id='par_1_78' title="bbox 199 4678 1780 4753">
     <span class='ocr_line' id='line_1_78' title="bbox 199 4678 1780 4753; baseline -0.001 -19"><span class='ocrx_word' id='word_1_620' title='bbox 199 4680 478 4739; x_wconf 85' lang='lat' dir='ltr'><strong>diabolum.</strong></span> <span class='ocrx_word' id='word_1_621' title='bbox 524 4684 670 4739; x_wconf 88' lang='lat' dir='ltr'><strong>Nam</strong></span> <span class='ocrx_word' id='word_1_622' title='bbox 699 4684 756 4737; x_wconf 88' lang='lat' dir='ltr'><strong>in</strong></span> <span class='ocrx_word' id='word_1_623' title='bbox 809 4691 1061 4753; x_wconf 86' lang='lat' dir='ltr'><strong>serpente</strong></span> <span class='ocrx_word' id='word_1_624' title='bbox 1085 4723 1100 4749; x_wconf 91' lang='lat'><strong>,</strong></span> <span class='ocrx_word' id='word_1_625' title='bbox 1129 4680 1272 4736; x_wconf 89' lang='lat' dir='ltr'><strong>unde</strong></span> <span class='ocrx_word' id='word_1_626' title='bbox 1299 4681 1540 4750; x_wconf 91' lang='lat' dir='ltr'><strong>primum</strong></span> <span class='ocrx_word' id='word_1_627' title='bbox 1584 4678 1780 4734; x_wconf 90' lang='lat' dir='ltr'><strong>mortis</strong></span> 
     </span>
    </p>
   </div>
   <div class='ocr_carea' id='block_1_79' title="bbox 195 4770 1781 4845">
    <p class='ocr_par' dir='ltr' id='par_1_79' title="bbox 195 4770 1781 4845">
     <span class='ocr_line' id='line_1_79' title="bbox 195 4770 1781 4845; baseline -0.001 -20"><span class='ocrx_word' id='word_1_628' title='bbox 195 4785 362 4841; x_wconf 84' lang='lat' dir='ltr'><strong>causa,</strong></span> <span class='ocrx_word' id='word_1_629' title='bbox 422 4777 534 4832; x_wconf 88' lang='lat' dir='ltr'><strong>hoc</strong></span> <span class='ocrx_word' id='word_1_630' title='bbox 583 4784 674 4831; x_wconf 89' lang='lat' dir='ltr'><strong>est</strong></span> <span class='ocrx_word' id='word_1_631' title='bbox 709 4783 1010 4845; x_wconf 83' lang='lat' dir='ltr'><strong>peccatum,</strong></span> <span class='ocrx_word' id='word_1_632' title='bbox 1042 4774 1098 4828; x_wconf 90' lang='lat' dir='ltr'><strong>in</strong></span> <span class='ocrx_word' id='word_1_633' title='bbox 1133 4770 1496 4843; x_wconf 89' lang='lat' dir='ltr'><strong>protoplastos</strong></span> <span class='ocrx_word' id='word_1_634' title='bbox 1527 4777 1781 4840; x_wconf 83' lang='lat' dir='ltr'><strong>parentes</strong></span> 
     </span>
    </p>
   </div>
   <div class='ocr_carea' id='block_1_80' title="bbox 195 4861 1782 4940">
    <p class='ocr_par' dir='ltr' id='par_1_80' title="bbox 195 4861 1782 4940">
     <span class='ocr_line' id='line_1_80' title="bbox 195 4861 1782 4940; baseline -0.001 -25"><span class='ocrx_word' id='word_1_635' title='bbox 195 4873 392 4922; x_wconf 87' lang='lat' dir='ltr'><strong>nostros</strong></span> <span class='ocrx_word' id='word_1_636' title='bbox 430 4867 753 4940; x_wconf 88' lang='lat' dir='ltr'><strong>processit,</strong></span> <span class='ocrx_word' id='word_1_637' title='bbox 807 4880 954 4920; x_wconf 89' lang='lat' dir='ltr'><strong>mors</strong></span> <span class='ocrx_word' id='word_1_638' title='bbox 982 4866 1096 4936; x_wconf 88' lang='lat' dir='ltr'><strong>ipsa</strong></span> <span class='ocrx_word' id='word_1_639' title='bbox 1136 4864 1365 4935; x_wconf 87' lang='lat' dir='ltr'><strong>ﬁgurata</strong></span> <span class='ocrx_word' id='word_1_640' title='bbox 1405 4869 1509 4917; x_wconf 88' lang='lat' dir='ltr'><strong>est.</strong></span> <span class='ocrx_word' id='word_1_641' title='bbox 1535 4861 1782 4930; x_wconf 89' lang='lat' dir='ltr'><strong>Denique</strong></span> 
     </span>
    </p>
   </div>
   <div class='ocr_carea' id='block_1_81' title="bbox 197 4951 1777 5026">
    <p class='ocr_par' dir='ltr' id='par_1_81' title="bbox 197 4951 1777 5026">
     <span class='ocr_line' id='line_1_81' title="bbox 197 4951 1777 5026; baseline -0.004 -15"><span class='ocrx_word' id='word_1_642' title='bbox 197 4967 326 5011; x_wconf 88' lang='lat' dir='ltr'><strong>mors</strong></span> <span class='ocrx_word' id='word_1_643' title='bbox 340 4958 549 5014; x_wconf 85' lang='lat' dir='ltr'><strong>Christi</strong></span> <span class='ocrx_word' id='word_1_644' title='bbox 581 4965 647 5013; x_wconf 87' lang='lat' dir='ltr'><strong>et</strong></span> <span class='ocrx_word' id='word_1_645' title='bbox 673 4964 875 5011; x_wconf 82' lang='lat' dir='ltr'><strong>sanctae</strong></span> <span class='ocrx_word' id='word_1_646' title='bbox 901 4956 1078 5010; x_wconf 85' lang='lat' dir='ltr'><strong>crucis</strong></span> <span class='ocrx_word' id='word_1_647' title='bbox 1105 4955 1422 5026; x_wconf 85' lang='lat' dir='ltr'><strong>mysterium</strong></span> <span class='ocrx_word' id='word_1_648' title='bbox 1447 4953 1517 5008; x_wconf 90' lang='lat' dir='ltr'><strong>ad</strong></span> <span class='ocrx_word' id='word_1_649' title='bbox 1544 4951 1777 5008; x_wconf 86' lang='lat' dir='ltr'><strong>salutem</strong></span> 
     </span>
    </p>
   </div>
   <div class='ocr_carea' id='block_1_82' title="bbox 196 5042 1780 5120">
    <p class='ocr_par' dir='ltr' id='par_1_82' title="bbox 196 5042 1780 5120">
     <span class='ocr_line' id='line_1_82' title="bbox 196 5042 1780 5120; baseline 0 -24"><span class='ocrx_word' id='word_1_650' title='bbox 196 5049 521 5104; x_wconf 88' lang='lat' dir='ltr'><strong>credentium</strong></span> <span class='ocrx_word' id='word_1_651' title='bbox 554 5055 872 5120; x_wconf 64' lang='lat' dir='ltr'><strong>praeparata</strong></span> <span class='ocrx_word' id='word_1_652' title='bbox 896 5054 1041 5100; x_wconf 91' lang='lat' dir='ltr'><strong>sunt.</strong></span> <span class='ocrx_word' id='word_1_653' title='bbox 1057 5045 1211 5100; x_wconf 88' lang='lat' dir='ltr'><strong>Unde</strong></span> <span class='ocrx_word' id='word_1_654' title='bbox 1223 5053 1279 5100; x_wconf 91' lang='lat' dir='ltr'><strong>et</strong></span> <span class='ocrx_word' id='word_1_655' title='bbox 1303 5046 1418 5115; x_wconf 89' lang='lat' dir='ltr'><strong>ipse</strong></span> <span class='ocrx_word' id='word_1_656' title='bbox 1437 5045 1702 5100; x_wconf 88' lang='lat' dir='ltr'><strong>Dominus</strong></span> <span class='ocrx_word' id='word_1_657' title='bbox 1723 5042 1780 5098; x_wconf 92' lang='lat' dir='ltr'><strong>in</strong></span> 
     </span>
    </p>
   </div>
   <div class='ocr_carea' id='block_1_83' title="bbox 196 5133 1781 5211">
    <p class='ocr_par' dir='ltr' id='par_1_83' title="bbox 196 5133 1781 5211">
     <span class='ocr_line' id='line_1_83' title="bbox 196 5133 1781 5211; baseline 0 -22"><span class='ocrx_word' id='word_1_658' title='bbox 196 5133 470 5211; x_wconf 83' lang='lat' dir='ltr'><strong>Evangelia</strong></span> <span class='ocrx_word' id='word_1_659' title='bbox 506 5143 590 5196; x_wconf 88' lang='lat' dir='ltr'><strong>ait</strong></span> <span class='ocrx_word' id='word_1_660' title='bbox 619 5158 636 5194; x_wconf 89' lang='lat'><strong>:</strong></span> <span class='ocrx_word' id='word_1_661' title='bbox 670 5138 822 5194; x_wconf 86' lang='lat' dir='ltr'><strong>Sicut</strong></span> <span class='ocrx_word' id='word_1_662' title='bbox 867 5137 1078 5207; x_wconf 77' lang='lat' dir='ltr'><strong>Moyses</strong></span> <span class='ocrx_word' id='word_1_663' title='bbox 1120 5136 1365 5190; x_wconf 73' lang='lat' dir='ltr'><strong>exultavit</strong></span> <span class='ocrx_word' id='word_1_664' title='bbox 1404 5147 1693 5207; x_wconf 79' lang='lat' dir='ltr'><strong>serpentem</strong></span> <span class='ocrx_word' id='word_1_665' title='bbox 1723 5137 1781 5189; x_wconf 88' lang='lat' dir='ltr'><strong>in</strong></span> 
     </span>
    </p>
   </div>
   <div class='ocr_carea' id='block_1_84' title="bbox 197 5225 1779 5300">
    <p class='ocr_par' dir='ltr' id='par_1_84' title="bbox 197 5225 1779 5300">
     <span class='ocr_line' id='line_1_84' title="bbox 197 5225 1779 5300; baseline 0.001 -22"><span class='ocrx_word' id='word_1_666' title='bbox 197 5225 401 5297; x_wconf 85' lang='lat' dir='ltr'><strong>deserto,</strong></span> <span class='ocrx_word' id='word_1_667' title='bbox 434 5235 514 5286; x_wconf 84' lang='lat' dir='ltr'><strong>ita</strong></span> <span class='ocrx_word' id='word_1_668' title='bbox 539 5229 780 5288; x_wconf 71' lang='lat' dir='ltr'><strong>exaltari</strong></span> <span class='ocrx_word' id='word_1_669' title='bbox 813 5237 1012 5300; x_wconf 87' lang='lat' dir='ltr'><strong>oportet</strong></span> <span class='ocrx_word' id='word_1_670' title='bbox 1042 5227 1214 5297; x_wconf 85' lang='lat' dir='ltr'><strong>ﬁlium</strong></span> <span class='ocrx_word' id='word_1_671' title='bbox 1243 5226 1490 5292; x_wconf 78' lang='lat' dir='ltr'><strong>hominis,</strong></span> <span class='ocrx_word' id='word_1_672' title='bbox 1521 5237 1576 5280; x_wconf 86' lang='lat' dir='ltr'><strong>ut</strong></span> <span class='ocrx_word' id='word_1_673' title='bbox 1609 5226 1779 5280; x_wconf 88' lang='lat' dir='ltr'><strong>omnis</strong></span> 
     </span>
    </p>
   </div>
   <div class='ocr_carea' id='block_1_85' title="bbox 195 5318 1779 5396">
    <p class='ocr_par' dir='ltr' id='par_1_85' title="bbox 195 5318 1779 5396">
     <span class='ocr_line' id='line_1_85' title="bbox 195 5318 1779 5396; baseline -0.003 -23"><span class='ocrx_word' id='word_1_674' title='bbox 195 5320 272 5386; x_wconf 81' lang='lat' dir='ltr'><strong>qui</strong></span> <span class='ocrx_word' id='word_1_675' title='bbox 295 5323 453 5378; x_wconf 82' lang='lat' dir='ltr'><strong>credit</strong></span> <span class='ocrx_word' id='word_1_676' title='bbox 474 5325 536 5379; x_wconf 91' lang='lat' dir='ltr'><strong>in</strong></span> <span class='ocrx_word' id='word_1_677' title='bbox 561 5326 742 5396; x_wconf 87' lang='lat' dir='ltr'><strong>ipsum</strong></span> <span class='ocrx_word' id='word_1_678' title='bbox 763 5338 869 5377; x_wconf 88' lang='lat' dir='ltr'><strong>non</strong></span> <span class='ocrx_word' id='word_1_679' title='bbox 896 5330 1089 5392; x_wconf 88' lang='lat' dir='ltr'><strong>pereat,</strong></span> <span class='ocrx_word' id='word_1_680' title='bbox 1118 5319 1210 5374; x_wconf 80' lang='lat' dir='ltr'><strong>sed</strong></span> <span class='ocrx_word' id='word_1_681' title='bbox 1234 5318 1421 5372; x_wconf 80' lang='lat' dir='ltr'><strong>habent</strong></span> <span class='ocrx_word' id='word_1_682' title='bbox 1445 5318 1604 5371; x_wconf 84' lang='lat' dir='ltr'><strong>vitam</strong></span> <span class='ocrx_word' id='word_1_683' title='bbox 1626 5330 1779 5371; x_wconf 69' lang='lat' dir='ltr'><strong>aster-</strong></span> 
     </span>
    </p>
   </div>
   <div class='ocr_carea' id='block_1_86' title="bbox 197 5409 1778 5488">
    <p class='ocr_par' dir='ltr' id='par_1_86' title="bbox 197 5409 1778 5488">
     <span class='ocr_line' id='line_1_86' title="bbox 197 5409 1778 5488; baseline 0.003 -29"><span class='ocrx_word' id='word_1_684' title='bbox 197 5424 304 5466; x_wconf 81' lang='lat' dir='ltr'><strong>uam</strong></span> <span class='ocrx_word' id='word_1_685' title='bbox 353 5414 542 5488; x_wconf 81' lang='lat' dir='ltr'><strong>(Joan.</strong></span> <span class='ocrx_word' id='word_1_686' title='bbox 575 5414 688 5486; x_wconf 83' lang='grc' dir='ltr'><strong>ιιι).</strong></span> <span class='ocrx_word' id='word_1_687' title='bbox 721 5414 953 5470; x_wconf 85' lang='lat' dir='ltr'><strong>Possunt</strong></span> <span class='ocrx_word' id='word_1_688' title='bbox 1001 5421 1056 5468; x_wconf 91' lang='lat' dir='ltr'><strong>et</strong></span> <span class='ocrx_word' id='word_1_689' title='bbox 1097 5411 1248 5468; x_wconf 69' lang='lat' dir='ltr'><strong>ludar,</strong></span> <span class='ocrx_word' id='word_1_690' title='bbox 1293 5410 1514 5466; x_wconf 85' lang='lat' dir='ltr'><strong>nomine</strong></span> <span class='ocrx_word' id='word_1_691' title='bbox 1566 5409 1778 5464; x_wconf 90' lang='lat' dir='ltr'><strong>censeri</strong></span> 
     </span>
    </p>
   </div>
   <div class='ocr_carea' id='block_1_87' title="bbox 196 5500 1778 5579">
    <p class='ocr_par' dir='ltr' id='par_1_87' title="bbox 196 5500 1778 5579">
     <span class='ocr_line' id='line_1_87' title="bbox 196 5500 1778 5579; baseline -0.002 -22"><span class='ocrx_word' id='word_1_692' title='bbox 196 5517 369 5564; x_wconf 89' lang='lat' dir='ltr'><strong>omnes</strong></span> <span class='ocrx_word' id='word_1_693' title='bbox 407 5510 503 5579; x_wconf 92' lang='lat' dir='ltr'><strong>qui</strong></span> <span class='ocrx_word' id='word_1_694' title='bbox 541 5513 700 5564; x_wconf 91' lang='lat' dir='ltr'><strong>recte</strong></span> <span class='ocrx_word' id='word_1_695' title='bbox 752 5506 1006 5561; x_wconf 88' lang='lat' dir='ltr'><strong>invocant</strong></span> <span class='ocrx_word' id='word_1_696' title='bbox 1044 5503 1259 5559; x_wconf 89' lang='lat' dir='ltr'><strong>Domini</strong></span> <span class='ocrx_word' id='word_1_697' title='bbox 1307 5516 1507 5558; x_wconf 90' lang='lat' dir='ltr'><strong>nomen</strong></span> <span class='ocrx_word' id='word_1_698' title='bbox 1541 5541 1558 5567; x_wconf 90' lang='lat'><strong>,</strong></span> <span class='ocrx_word' id='word_1_699' title='bbox 1586 5515 1687 5554; x_wconf 92' lang='lat' dir='ltr'><strong>nec</strong></span> <span class='ocrx_word' id='word_1_700' title='bbox 1722 5500 1778 5555; x_wconf 90' lang='lat' dir='ltr'><strong>in</strong></span> 
     </span>
    </p>
   </div>
   <div class='ocr_carea' id='block_1_88' title="bbox 195 5593 1779 5656">
    <p class='ocr_par' dir='ltr' id='par_1_88' title="bbox 195 5593 1779 5656">
     <span class='ocr_line' id='line_1_88' title="bbox 195 5593 1779 5656; baseline 0 -8"><span class='ocrx_word' id='word_1_701' title='bbox 195 5598 348 5654; x_wconf 88' lang='lat' dir='ltr'><strong>verbo</strong></span> <span class='ocrx_word' id='word_1_702' title='bbox 394 5599 735 5656; x_wconf 89' lang='lat' dir='ltr'><strong>dissentiunt</strong></span> <span class='ocrx_word' id='word_1_703' title='bbox 780 5614 811 5653; x_wconf 92' lang='lat' dir='ltr'><strong>a</strong></span> <span class='ocrx_word' id='word_1_704' title='bbox 835 5613 1024 5654; x_wconf 88' lang='lat' dir='ltr'><strong>norma</strong></span> <span class='ocrx_word' id='word_1_705' title='bbox 1071 5595 1194 5652; x_wconf 89' lang='lat' dir='ltr'><strong>ﬁdei</strong></span> <span class='ocrx_word' id='word_1_706' title='bbox 1221 5595 1523 5651; x_wconf 62' lang='lat' dir='ltr'><strong>catholicae.</strong></span> <span class='ocrx_word' id='word_1_707' title='bbox 1571 5593 1779 5648; x_wconf 81' lang='lat' dir='ltr'><strong>Horum</strong></span> 
     </span>
    </p>
   </div>
   <div class='ocr_carea' id='block_1_89' title="bbox 195 5689 1780 5764">
    <p class='ocr_par' dir='ltr' id='par_1_89' title="bbox 195 5689 1780 5764">
     <span class='ocr_line' id='line_1_89' title="bbox 195 5689 1780 5764; baseline -0.002 -17"><span class='ocrx_word' id='word_1_708' title='bbox 195 5696 378 5754; x_wconf 87' lang='lat' dir='ltr'><strong>merito</strong></span> <span class='ocrx_word' id='word_1_709' title='bbox 405 5695 630 5751; x_wconf 82' lang='lat' dir='ltr'><strong>Naason</strong></span> <span class='ocrx_word' id='word_1_710' title='bbox 674 5695 924 5764; x_wconf 88' lang='lat' dir='ltr'><strong>princeps</strong></span> <span class='ocrx_word' id='word_1_711' title='bbox 961 5700 1043 5748; x_wconf 91' lang='lat' dir='ltr'><strong>est</strong></span> <span class='ocrx_word' id='word_1_712' title='bbox 1068 5733 1083 5759; x_wconf 95' lang='lat'><strong>,</strong></span> <span class='ocrx_word' id='word_1_713' title='bbox 1135 5693 1188 5748; x_wconf 91' lang='lat' dir='ltr'><strong>id</strong></span> <span class='ocrx_word' id='word_1_714' title='bbox 1243 5700 1346 5759; x_wconf 89' lang='lat' dir='ltr'><strong>est,</strong></span> <span class='ocrx_word' id='word_1_715' title='bbox 1405 5690 1496 5746; x_wconf 87' lang='lat' dir='ltr'><strong>ille</strong></span> <span class='ocrx_word' id='word_1_716' title='bbox 1541 5689 1634 5762; x_wconf 89' lang='lat' dir='ltr'><strong>qui</strong></span> <span class='ocrx_word' id='word_1_717' title='bbox 1670 5702 1780 5744; x_wconf 91' lang='lat' dir='ltr'><strong>non</strong></span> 
     </span>
    </p>
   </div>
   <div class='ocr_carea' id='block_1_90' title="bbox 194 5782 1783 5858">
    <p class='ocr_par' dir='ltr' id='par_1_90' title="bbox 194 5782 1783 5858">
     <span class='ocr_line' id='line_1_90' title="bbox 194 5782 1783 5858; baseline -0.004 -14"><span class='ocrx_word' id='word_1_718' title='bbox 194 5785 361 5844; x_wconf 76' lang='lat' dir='ltr'><strong>solum</strong></span> <span class='ocrx_word' id='word_1_719' title='bbox 403 5789 532 5846; x_wconf 89' lang='lat' dir='ltr'><strong>aliis</strong></span> <span class='ocrx_word' id='word_1_720' title='bbox 587 5783 934 5858; x_wconf 84' lang='lat' dir='ltr'><strong>praedicando</strong></span> <span class='ocrx_word' id='word_1_721' title='bbox 975 5785 1360 5844; x_wconf 88' lang='lat' dir='ltr'><strong>documentum</strong></span> <span class='ocrx_word' id='word_1_722' title='bbox 1398 5785 1624 5856; x_wconf 71' lang='lat' dir='ltr'><strong>prebet,</strong></span> <span class='ocrx_word' id='word_1_723' title='bbox 1683 5782 1783 5839; x_wconf 89' lang='lat' dir='ltr'><strong>sed</strong></span> 
     </span>
    </p>
   </div>
   <div class='ocr_carea' id='block_1_91' title="bbox 1885 3305 3473 3378">
    <p class='ocr_par' dir='ltr' id='par_1_91' title="bbox 1885 3305 3473 3378">
     <span class='ocr_line' id='line_1_91' title="bbox 1885 3305 3473 3378; baseline 0 -19"><span class='ocrx_word' id='word_1_724' title='bbox 1885 3320 1957 3360; x_wconf 90' lang='lat' dir='ltr'><strong>na</strong></span> <span class='ocrx_word' id='word_1_725' title='bbox 1990 3314 2260 3376; x_wconf 88' lang='lat' dir='ltr'><strong>potestate</strong></span> <span class='ocrx_word' id='word_1_726' title='bbox 2290 3307 2472 3361; x_wconf 88' lang='lat' dir='ltr'><strong>omnia</strong></span> <span class='ocrx_word' id='word_1_727' title='bbox 2499 3307 2738 3378; x_wconf 90' lang='lat' dir='ltr'><strong>disponit</strong></span> <span class='ocrx_word' id='word_1_728' title='bbox 2781 3315 2944 3376; x_wconf 86' lang='lat' dir='ltr'><strong>atque</strong></span> <span class='ocrx_word' id='word_1_729' title='bbox 2979 3306 3197 3362; x_wconf 91' lang='lat' dir='ltr'><strong>ordinat</strong></span> <span class='ocrx_word' id='word_1_730' title='bbox 3231 3317 3288 3362; x_wconf 91' lang='lat' dir='ltr'><strong>et</strong></span> <span class='ocrx_word' id='word_1_731' title='bbox 3311 3305 3473 3378; x_wconf 91' lang='lat' dir='ltr'><strong>regit.</strong></span> 
     </span>
    </p>
   </div>
   <div class='ocr_carea' id='block_1_92' title="bbox 1883 3397 3478 3469">
    <p class='ocr_par' dir='ltr' id='par_1_92' title="bbox 1883 3397 3478 3469">
     <span class='ocr_line' id='line_1_92' title="bbox 1883 3397 3478 3469; baseline -0.001 -17"><span class='ocrx_word' id='word_1_732' title='bbox 1883 3397 2058 3454; x_wconf 82' lang='lat' dir='ltr'><strong>Aliter</strong></span> <span class='ocrx_word' id='word_1_733' title='bbox 2083 3397 2326 3454; x_wconf 89' lang='lat' dir='ltr'><strong>Zabulon</strong></span> <span class='ocrx_word' id='word_1_734' title='bbox 2350 3398 2667 3468; x_wconf 87' lang='lat' dir='ltr'><strong>patientium</strong></span> <span class='ocrx_word' id='word_1_735' title='bbox 2689 3397 2916 3469; x_wconf 89' lang='lat' dir='ltr'><strong>ﬁguram</strong></span> <span class='ocrx_word' id='word_1_736' title='bbox 2943 3398 3249 3469; x_wconf 88' lang='lat' dir='ltr'><strong>exprimere</strong></span> <span class='ocrx_word' id='word_1_737' title='bbox 3276 3403 3478 3468; x_wconf 90' lang='lat' dir='ltr'><strong>potest,</strong></span> 
     </span>
    </p>
   </div>
   <div class='ocr_carea' id='block_1_93' title="bbox 1887 3487 3478 3560">
    <p class='ocr_par' dir='ltr' id='par_1_93' title="bbox 1887 3487 3478 3560">
     <span class='ocr_line' id='line_1_93' title="bbox 1887 3487 3478 3560; baseline -0.001 -17"><span class='ocrx_word' id='word_1_738' title='bbox 1887 3489 1981 3558; x_wconf 92' lang='lat' dir='ltr'><strong>qui</strong></span> <span class='ocrx_word' id='word_1_739' title='bbox 2010 3489 2080 3544; x_wconf 91' lang='lat' dir='ltr'><strong>ad</strong></span> <span class='ocrx_word' id='word_1_740' title='bbox 2100 3489 2282 3543; x_wconf 91' lang='lat' dir='ltr'><strong>omnia</strong></span> <span class='ocrx_word' id='word_1_741' title='bbox 2298 3505 2418 3558; x_wconf 77' lang='lat' dir='ltr'><strong>qua:</strong></span> <span class='ocrx_word' id='word_1_742' title='bbox 2440 3490 2545 3544; x_wconf 88' lang='lat' dir='ltr'><strong>sibi</strong></span> <span class='ocrx_word' id='word_1_743' title='bbox 2571 3490 2886 3560; x_wconf 90' lang='lat' dir='ltr'><strong>irrogantur</strong></span> <span class='ocrx_word' id='word_1_744' title='bbox 2907 3489 3152 3552; x_wconf 87' lang='lat' dir='ltr'><strong>adversa,</strong></span> <span class='ocrx_word' id='word_1_745' title='bbox 3175 3487 3478 3541; x_wconf 85' lang='lat' dir='ltr'><strong>munimine</strong></span> 
     </span>
    </p>
   </div>
   <div class='ocr_carea' id='block_1_94' title="bbox 1885 3575 3480 3649">
    <p class='ocr_par' dir='ltr' id='par_1_94' title="bbox 1885 3575 3480 3649">
     <span class='ocr_line' id='line_1_94' title="bbox 1885 3575 3480 3649; baseline -0.001 -18"><span class='ocrx_word' id='word_1_746' title='bbox 1885 3578 2148 3632; x_wconf 89' lang='lat' dir='ltr'><strong>virtutum</strong></span> <span class='ocrx_word' id='word_1_747' title='bbox 2191 3578 2536 3644; x_wconf 86' lang='lat' dir='ltr'><strong>circumdati,</strong></span> <span class='ocrx_word' id='word_1_748' title='bbox 2583 3578 2772 3633; x_wconf 90' lang='lat' dir='ltr'><strong>invicti</strong></span> <span class='ocrx_word' id='word_1_749' title='bbox 2820 3585 3194 3649; x_wconf 90' lang='lat' dir='ltr'><strong>perseverant.</strong></span> <span class='ocrx_word' id='word_1_750' title='bbox 3236 3575 3480 3643; x_wconf 85' lang='lat' dir='ltr'><strong>Quorum</strong></span> 
     </span>
    </p>
   </div>
   <div class='ocr_carea' id='block_1_95' title="bbox 1887 3669 3484 3740">
    <p class='ocr_par' dir='ltr' id='par_1_95' title="bbox 1887 3669 3484 3740">
     <span class='ocr_line' id='line_1_95' title="bbox 1887 3669 3484 3740; baseline 0 -17"><span class='ocrx_word' id='word_1_751' title='bbox 1887 3671 2142 3739; x_wconf 89' lang='lat' dir='ltr'><strong>princeps</strong></span> <span class='ocrx_word' id='word_1_752' title='bbox 2169 3679 2254 3726; x_wconf 90' lang='lat' dir='ltr'><strong>est</strong></span> <span class='ocrx_word' id='word_1_753' title='bbox 2283 3671 2430 3726; x_wconf 84' lang='lat' dir='ltr'><strong>solus</strong></span> <span class='ocrx_word' id='word_1_754' title='bbox 2451 3673 2617 3736; x_wconf 89' lang='lat' dir='ltr'><strong>Deus,</strong></span> <span class='ocrx_word' id='word_1_755' title='bbox 2644 3672 2772 3740; x_wconf 84' lang='lat' dir='ltr'><strong>quia</strong></span> <span class='ocrx_word' id='word_1_756' title='bbox 2793 3671 2911 3724; x_wconf 89' lang='lat' dir='ltr'><strong>sine</strong></span> <span class='ocrx_word' id='word_1_757' title='bbox 2924 3669 3042 3738; x_wconf 89' lang='lat' dir='ltr'><strong>ejus</strong></span> <span class='ocrx_word' id='word_1_758' title='bbox 3053 3670 3195 3724; x_wconf 89' lang='lat' dir='ltr'><strong>dono</strong></span> <span class='ocrx_word' id='word_1_759' title='bbox 3209 3669 3484 3738; x_wconf 90' lang='lat' dir='ltr'><strong>nihilpos-</strong></span> 
     </span>
    </p>
   </div>
   <div class='ocr_carea' id='block_1_96' title="bbox 1889 3758 3484 3830">
    <p class='ocr_par' dir='ltr' id='par_1_96' title="bbox 1889 3758 3484 3830">
     <span class='ocr_line' id='line_1_96' title="bbox 1889 3758 3484 3830; baseline -0.001 -16"><span class='ocrx_word' id='word_1_760' title='bbox 1889 3767 2019 3814; x_wconf 89' lang='lat' dir='ltr'><strong>sunt</strong></span> <span class='ocrx_word' id='word_1_761' title='bbox 2045 3773 2228 3828; x_wconf 87' lang='lat' dir='ltr'><strong>agere,</strong></span> <span class='ocrx_word' id='word_1_762' title='bbox 2247 3761 2340 3814; x_wconf 90' lang='lat' dir='ltr'><strong>sed</strong></span> <span class='ocrx_word' id='word_1_763' title='bbox 2367 3759 2547 3814; x_wconf 91' lang='lat' dir='ltr'><strong>omnia</strong></span> <span class='ocrx_word' id='word_1_764' title='bbox 2567 3774 2666 3830; x_wconf 90' lang='lat' dir='ltr'><strong>per</strong></span> <span class='ocrx_word' id='word_1_765' title='bbox 2681 3758 2800 3828; x_wconf 90' lang='lat' dir='ltr'><strong>ejus</strong></span> <span class='ocrx_word' id='word_1_766' title='bbox 2810 3759 3041 3829; x_wconf 89' lang='lat' dir='ltr'><strong>gratiam</strong></span> <span class='ocrx_word' id='word_1_767' title='bbox 3065 3765 3286 3828; x_wconf 89' lang='lat' dir='ltr'><strong>sperant</strong></span> <span class='ocrx_word' id='word_1_768' title='bbox 3311 3773 3368 3812; x_wconf 89' lang='lat' dir='ltr'><strong>se</strong></span> <span class='ocrx_word' id='word_1_769' title='bbox 3392 3773 3484 3814; x_wconf 90' lang='lat' dir='ltr'><strong>su-</strong></span> 
     </span>
    </p>
   </div>
   <div class='ocr_carea' id='block_1_97' title="bbox 1886 3848 3484 3923">
    <p class='ocr_par' dir='ltr' id='par_1_97' title="bbox 1886 3848 3484 3923">
     <span class='ocr_line' id='line_1_97' title="bbox 1886 3848 3484 3923; baseline -0.004 -15"><span class='ocrx_word' id='word_1_770' title='bbox 1886 3867 2078 3923; x_wconf 86' lang='lat' dir='ltr'><strong>perare</strong></span> <span class='ocrx_word' id='word_1_771' title='bbox 2089 3867 2274 3923; x_wconf 90' lang='lat' dir='ltr'><strong>posse,</strong></span> <span class='ocrx_word' id='word_1_772' title='bbox 2288 3852 2531 3907; x_wconf 85' lang='lat' dir='ltr'><strong>dicentes</strong></span> <span class='ocrx_word' id='word_1_773' title='bbox 2543 3866 2666 3907; x_wconf 91' lang='lat' dir='ltr'><strong>cum</strong></span> <span class='ocrx_word' id='word_1_774' title='bbox 2677 3849 3098 3922; x_wconf 83' lang='lat' dir='ltr'><strong>Apostolo:Quis</strong></span> <span class='ocrx_word' id='word_1_775' title='bbox 3115 3865 3207 3903; x_wconf 87' lang='lat' dir='ltr'><strong>nos</strong></span> <span class='ocrx_word' id='word_1_776' title='bbox 3219 3848 3484 3918; x_wconf 84' lang='lat' dir='ltr'><strong>separabit</strong></span> 
     </span>
    </p>
   </div>
   <div class='ocr_carea' id='block_1_98' title="bbox 1886 3937 3482 4011">
    <p class='ocr_par' dir='ltr' id='par_1_98' title="bbox 1886 3937 3482 4011">
     <span class='ocr_line' id='line_1_98' title="bbox 1886 3937 3482 4011; baseline -0.004 -15"><span class='ocrx_word' id='word_1_777' title='bbox 1886 3961 1920 3997; x_wconf 94' lang='lat' dir='ltr'><strong>a</strong></span> <span class='ocrx_word' id='word_1_778' title='bbox 1931 3944 2188 3997; x_wconf 82' lang='lat' dir='ltr'><strong>charitate</strong></span> <span class='ocrx_word' id='word_1_779' title='bbox 2203 3942 2297 3996; x_wconf 88' lang='lat' dir='ltr'><strong>Dei</strong></span> <span class='ocrx_word' id='word_1_780' title='bbox 2315 3944 2339 3996; x_wconf 86' lang='lat'><strong><em>?</em></strong></span> <span class='ocrx_word' id='word_1_781' title='bbox 2353 3943 2625 3996; x_wconf 88' lang='lat' dir='ltr'><strong>tribulatio</strong></span> <span class='ocrx_word' id='word_1_782' title='bbox 2641 3943 2666 3995; x_wconf 84' lang='lat'><strong><em>?</em></strong></span> <span class='ocrx_word' id='word_1_783' title='bbox 2678 3958 2747 3995; x_wconf 89' lang='lat' dir='ltr'><strong>an</strong></span> <span class='ocrx_word' id='word_1_784' title='bbox 2769 3939 3017 4011; x_wconf 75' lang='lat' dir='ltr'><strong>angustia</strong></span> <span class='ocrx_word' id='word_1_785' title='bbox 3030 3940 3054 3994; x_wconf 86' lang='lat'><strong><em>?</em></strong></span> <span class='ocrx_word' id='word_1_786' title='bbox 3067 3957 3136 3992; x_wconf 90' lang='lat' dir='ltr'><strong>an</strong></span> <span class='ocrx_word' id='word_1_787' title='bbox 3147 3938 3438 4009; x_wconf 89' lang='lat' dir='ltr'><strong>persecutio</strong></span> <span class='ocrx_word' id='word_1_788' title='bbox 3454 3937 3482 3991; x_wconf 70' lang='grc'><em>2</em></span> 
     </span>
    </p>
   </div>
   <div class='ocr_carea' id='block_1_99' title="bbox 1889 4026 3478 4103">
    <p class='ocr_par' dir='ltr' id='par_1_99' title="bbox 1889 4026 3478 4103">
     <span class='ocr_line' id='line_1_99' title="bbox 1889 4026 3478 4103; baseline -0.003 -16"><span class='ocrx_word' id='word_1_789' title='bbox 1889 4032 2137 4102; x_wconf 80' lang='lat' dir='ltr'><strong>antfames</strong></span> <span class='ocrx_word' id='word_1_790' title='bbox 2152 4035 2176 4086; x_wconf 72' lang='lat'><strong>1’</strong></span> <span class='ocrx_word' id='word_1_791' title='bbox 2189 4050 2260 4086; x_wconf 89' lang='lat' dir='ltr'><strong>an</strong></span> <span class='ocrx_word' id='word_1_792' title='bbox 2284 4034 2495 4087; x_wconf 86' lang='lat' dir='ltr'><strong>nuditas</strong></span> <span class='ocrx_word' id='word_1_793' title='bbox 2514 4034 2620 4087; x_wconf 88' lang='lat' dir='ltr'><strong>?an</strong></span> <span class='ocrx_word' id='word_1_794' title='bbox 2632 4032 2924 4103; x_wconf 88' lang='lat' dir='ltr'><strong>periculum</strong></span> <span class='ocrx_word' id='word_1_795' title='bbox 2943 4032 2966 4084; x_wconf 88' lang='lat'><strong><em>?</em></strong></span> <span class='ocrx_word' id='word_1_796' title='bbox 2982 4048 3050 4085; x_wconf 88' lang='lat' dir='ltr'><strong>an</strong></span> <span class='ocrx_word' id='word_1_797' title='bbox 3064 4030 3276 4102; x_wconf 85' lang='lat' dir='ltr'><strong>gladius</strong></span> <span class='ocrx_word' id='word_1_798' title='bbox 3299 4026 3478 4100; x_wconf 83' lang='lat' dir='ltr'><strong>(Rom.</strong></span> 
     </span>
    </p>
   </div>
   <div class='ocr_carea' id='block_1_100' title="bbox 1887 4121 3467 4194">
    <p class='ocr_par' dir='ltr' id='par_1_100' title="bbox 1887 4121 3467 4194">
     <span class='ocr_line' id='line_1_100' title="bbox 1887 4121 3467 4194; baseline -0.001 -19"><span class='ocrx_word' id='word_1_799' title='bbox 1887 4121 2044 4194; x_wconf 78' lang='lat' dir='ltr'><strong>vui);</strong></span> <span class='ocrx_word' id='word_1_800' title='bbox 2069 4131 2124 4177; x_wconf 90' lang='lat' dir='ltr'><strong>et</strong></span> <span class='ocrx_word' id='word_1_801' title='bbox 2155 4123 2296 4178; x_wconf 90' lang='lat' dir='ltr'><strong>idem</strong></span> <span class='ocrx_word' id='word_1_802' title='bbox 2327 4143 2338 4177; x_wconf 92' lang='lat'>:</span> <span class='ocrx_word' id='word_1_803' title='bbox 2371 4122 2557 4177; x_wconf 85' lang='lat' dir='ltr'><strong>Certus</strong></span> <span class='ocrx_word' id='word_1_804' title='bbox 2588 4139 2706 4178; x_wconf 90' lang='lat' dir='ltr'><strong>sum</strong></span> <span class='ocrx_word' id='word_1_805' title='bbox 2747 4123 2885 4177; x_wconf 88' lang='lat' dir='ltr'><strong>enim</strong></span> <span class='ocrx_word' id='word_1_806' title='bbox 2930 4122 3055 4194; x_wconf 89' lang='lat' dir='ltr'><strong>quia</strong></span> <span class='ocrx_word' id='word_1_807' title='bbox 3091 4137 3256 4194; x_wconf 86' lang='lat' dir='ltr'><strong>neque</strong></span> <span class='ocrx_word' id='word_1_808' title='bbox 3301 4135 3467 4185; x_wconf 86' lang='lat' dir='ltr'><strong>mors,</strong></span> 
     </span>
    </p>
   </div>
   <div class='ocr_carea' id='block_1_101' title="bbox 1888 4213 3472 4287">
    <p class='ocr_par' dir='ltr' id='par_1_101' title="bbox 1888 4213 3472 4287">
     <span class='ocr_line' id='line_1_101' title="bbox 1888 4213 3472 4287; baseline -0.004 -16"><span class='ocrx_word' id='word_1_809' title='bbox 1888 4232 2053 4287; x_wconf 87' lang='lat' dir='ltr'><strong>neque</strong></span> <span class='ocrx_word' id='word_1_810' title='bbox 2079 4216 2207 4280; x_wconf 88' lang='lat' dir='ltr'><strong>vita,</strong></span> <span class='ocrx_word' id='word_1_811' title='bbox 2266 4231 2430 4286; x_wconf 88' lang='lat' dir='ltr'><strong>neque</strong></span> <span class='ocrx_word' id='word_1_812' title='bbox 2470 4213 2664 4285; x_wconf 88' lang='lat' dir='ltr'><strong>angeli,</strong></span> <span class='ocrx_word' id='word_1_813' title='bbox 2699 4231 2862 4286; x_wconf 85' lang='lat' dir='ltr'><strong>neque</strong></span> <span class='ocrx_word' id='word_1_814' title='bbox 2907 4213 3254 4285; x_wconf 88' lang='lat' dir='ltr'><strong>principatus,</strong></span> <span class='ocrx_word' id='word_1_815' title='bbox 3306 4228 3472 4283; x_wconf 86' lang='lat' dir='ltr'><strong>neque</strong></span> 
     </span>
    </p>
   </div>
   <div class='ocr_carea' id='block_1_102' title="bbox 1887 4302 3482 4377">
    <p class='ocr_par' dir='ltr' id='par_1_102' title="bbox 1887 4302 3482 4377">
     <span class='ocr_line' id='line_1_102' title="bbox 1887 4302 3482 4377; baseline -0.002 -17"><span class='ocrx_word' id='word_1_816' title='bbox 1887 4306 2162 4376; x_wconf 83' lang='lat' dir='ltr'><strong>fortitudo,</strong></span> <span class='ocrx_word' id='word_1_817' title='bbox 2198 4323 2361 4377; x_wconf 88' lang='lat' dir='ltr'><strong>neque</strong></span> <span class='ocrx_word' id='word_1_818' title='bbox 2382 4307 2661 4371; x_wconf 84' lang='lat' dir='ltr'><strong>instantia,</strong></span> <span class='ocrx_word' id='word_1_819' title='bbox 2690 4322 2853 4377; x_wconf 86' lang='lat' dir='ltr'><strong>neque</strong></span> <span class='ocrx_word' id='word_1_820' title='bbox 2877 4305 3078 4375; x_wconf 80' lang='lat' dir='ltr'><strong>futura,</strong></span> <span class='ocrx_word' id='word_1_821' title='bbox 3111 4319 3275 4374; x_wconf 87' lang='lat' dir='ltr'><strong>neque</strong></span> <span class='ocrx_word' id='word_1_822' title='bbox 3299 4302 3482 4356; x_wconf 87' lang='lat' dir='ltr'><strong>altitu-</strong></span> 
     </span>
    </p>
   </div>
   <div class='ocr_carea' id='block_1_103' title="bbox 1885 4390 3469 4470">
    <p class='ocr_par' dir='ltr' id='par_1_103' title="bbox 1885 4390 3469 4470">
     <span class='ocr_line' id='line_1_103' title="bbox 1885 4390 3469 4470; baseline -0.004 -20"><span class='ocrx_word' id='word_1_823' title='bbox 1885 4397 1975 4463; x_wconf 83' lang='lat' dir='ltr'><strong>do,</strong></span> <span class='ocrx_word' id='word_1_824' title='bbox 1999 4413 2163 4470; x_wconf 88' lang='lat' dir='ltr'><strong>neque</strong></span> <span class='ocrx_word' id='word_1_825' title='bbox 2193 4397 2542 4468; x_wconf 84' lang='lat' dir='ltr'><strong>profundum,</strong></span> <span class='ocrx_word' id='word_1_826' title='bbox 2567 4413 2732 4468; x_wconf 88' lang='lat' dir='ltr'><strong>neque</strong></span> <span class='ocrx_word' id='word_1_827' title='bbox 2765 4404 3010 4450; x_wconf 89' lang='lat' dir='ltr'><strong>creatura</strong></span> <span class='ocrx_word' id='word_1_828' title='bbox 3032 4394 3140 4445; x_wconf 85' lang='lat' dir='ltr'><strong>alia</strong></span> <span class='ocrx_word' id='word_1_829' title='bbox 3161 4390 3350 4460; x_wconf 88' lang='lat' dir='ltr'><strong>poterit</strong></span> <span class='ocrx_word' id='word_1_830' title='bbox 3375 4407 3469 4443; x_wconf 88' lang='lat' dir='ltr'><strong>nos</strong></span> 
     </span>
    </p>
   </div>
   <div class='ocr_carea' id='block_1_104' title="bbox 1886 4477 3474 4560">
    <p class='ocr_par' dir='ltr' id='par_1_104' title="bbox 1886 4477 3474 4560">
     <span class='ocr_line' id='line_1_104' title="bbox 1886 4477 3474 4560; baseline -0.007 -17"><span class='ocrx_word' id='word_1_831' title='bbox 1886 4506 2132 4560; x_wconf 86' lang='lat' dir='ltr'><strong>separare</strong></span> <span class='ocrx_word' id='word_1_832' title='bbox 2175 4506 2208 4542; x_wconf 91' lang='lat' dir='ltr'><strong>a</strong></span> <span class='ocrx_word' id='word_1_833' title='bbox 2251 4489 2508 4542; x_wconf 85' lang='lat' dir='ltr'><strong>charitate</strong></span> <span class='ocrx_word' id='word_1_834' title='bbox 2554 4488 2653 4542; x_wconf 90' lang='lat' dir='ltr'><strong>Dei</strong></span> <span class='ocrx_word' id='word_1_835' title='bbox 2695 4502 2812 4556; x_wconf 76' lang='lat' dir='ltr'><strong>qua:</strong></span> <span class='ocrx_word' id='word_1_836' title='bbox 2865 4493 2940 4538; x_wconf 86' lang='lat' dir='ltr'><strong>est</strong></span> <span class='ocrx_word' id='word_1_837' title='bbox 2992 4481 3049 4534; x_wconf 89' lang='lat' dir='ltr'><strong>in</strong></span> <span class='ocrx_word' id='word_1_838' title='bbox 3087 4479 3296 4534; x_wconf 85' lang='lat' dir='ltr'><strong>Christo</strong></span> <span class='ocrx_word' id='word_1_839' title='bbox 3342 4477 3474 4536; x_wconf 76' lang='lat' dir='ltr'><strong>Iesu</strong></span> 
     </span>
    </p>
   </div>
   <div class='ocr_carea' id='block_1_105' title="bbox 1885 4571 3472 4652">
    <p class='ocr_par' dir='ltr' id='par_1_105' title="bbox 1885 4571 3472 4652">
     <span class='ocr_line' id='line_1_105' title="bbox 1885 4571 3472 4652; baseline -0.007 -18"><span class='ocrx_word' id='word_1_840' title='bbox 1885 4580 2100 4652; x_wconf 83' lang='lat' dir='ltr'><strong>(Ibid.).</strong></span> <span class='ocrx_word' id='word_1_841' title='bbox 2125 4578 2389 4633; x_wconf 87' lang='lat' dir='ltr'><strong>Filiorum</strong></span> <span class='ocrx_word' id='word_1_842' title='bbox 2418 4587 2594 4631; x_wconf 87' lang='lat' dir='ltr'><strong>autem</strong></span> <span class='ocrx_word' id='word_1_843' title='bbox 2623 4576 2817 4645; x_wconf 73' lang='lat' dir='ltr'><strong>Ioseph</strong></span> <span class='ocrx_word' id='word_1_844' title='bbox 2847 4573 2912 4628; x_wconf 87' lang='lat' dir='ltr'><strong>de</strong></span> <span class='ocrx_word' id='word_1_845' title='bbox 2926 4571 3204 4643; x_wconf 84' lang='lat' dir='ltr'><strong>Ephraim,</strong></span> <span class='ocrx_word' id='word_1_846' title='bbox 3231 4571 3472 4642; x_wconf 88' lang='lat' dir='ltr'><strong>princeps</strong></span> 
     </span>
    </p>
   </div>
   <div class='ocr_carea' id='block_1_106' title="bbox 1883 4661 3471 4735">
    <p class='ocr_par' dir='ltr' id='par_1_106' title="bbox 1883 4661 3471 4735">
     <span class='ocr_line' id='line_1_106' title="bbox 1883 4661 3471 4735; baseline -0.007 -10"><span class='ocrx_word' id='word_1_847' title='bbox 1883 4680 1998 4725; x_wconf 90' lang='lat' dir='ltr'><strong>erat</strong></span> <span class='ocrx_word' id='word_1_848' title='bbox 2026 4669 2266 4723; x_wconf 77' lang='lat' dir='ltr'><strong>Elisama</strong></span> <span class='ocrx_word' id='word_1_849' title='bbox 2287 4709 2302 4734; x_wconf 91' lang='lat'><strong>,</strong></span> <span class='ocrx_word' id='word_1_850' title='bbox 2347 4666 2492 4735; x_wconf 88' lang='lat' dir='ltr'><strong>ﬁlius</strong></span> <span class='ocrx_word' id='word_1_851' title='bbox 2525 4665 2796 4720; x_wconf 81' lang='lat' dir='ltr'><strong>Ammiud.</strong></span> <span class='ocrx_word' id='word_1_852' title='bbox 2831 4661 3032 4732; x_wconf 85' lang='lat' dir='ltr'><strong>Joseph</strong></span> <span class='ocrx_word' id='word_1_853' title='bbox 3077 4662 3471 4732; x_wconf 87' lang='lat' dir='ltr'><strong>interpretatur</strong></span> 
     </span>
    </p>
   </div>
   <div class='ocr_carea' id='block_1_107' title="bbox 1884 4754 3474 4833">
    <p class='ocr_par' dir='ltr' id='par_1_107' title="bbox 1884 4754 3474 4833">
     <span class='ocr_line' id='line_1_107' title="bbox 1884 4754 3474 4833; baseline -0.006 -16"><span class='ocrx_word' id='word_1_854' title='bbox 1884 4769 2256 4833; x_wconf 89' lang='lat' dir='ltr'><strong>augmentum,</strong></span> <span class='ocrx_word' id='word_1_855' title='bbox 2277 4760 2536 4830; x_wconf 86' lang='lat' dir='ltr'><strong>Ephraim</strong></span> <span class='ocrx_word' id='word_1_856' title='bbox 2563 4757 2793 4829; x_wconf 82' lang='lat' dir='ltr'><strong>frugifer</strong></span> <span class='ocrx_word' id='word_1_857' title='bbox 2811 4756 2926 4812; x_wconf 91' lang='lat' dir='ltr'><strong>sive</strong></span> <span class='ocrx_word' id='word_1_858' title='bbox 2939 4769 3210 4822; x_wconf 89' lang='lat' dir='ltr'><strong>crescens,</strong></span> <span class='ocrx_word' id='word_1_859' title='bbox 3234 4754 3474 4811; x_wconf 87' lang='lat' dir='ltr'><strong>Elisama</strong></span> 
     </span>
    </p>
   </div>
   <div class='ocr_carea' id='block_1_108' title="bbox 1885 4847 3471 4921">
    <p class='ocr_par' dir='ltr' id='par_1_108' title="bbox 1885 4847 3471 4921">
     <span class='ocr_line' id='line_1_108' title="bbox 1885 4847 3471 4921; baseline -0.006 -13"><span class='ocrx_word' id='word_1_860' title='bbox 1885 4854 2030 4909; x_wconf 90' lang='lat' dir='ltr'><strong>Deus</strong></span> <span class='ocrx_word' id='word_1_861' title='bbox 2054 4868 2210 4908; x_wconf 89' lang='lat' dir='ltr'><strong>meus</strong></span> <span class='ocrx_word' id='word_1_862' title='bbox 2238 4852 2484 4917; x_wconf 89' lang='lat' dir='ltr'><strong>audiens,</strong></span> <span class='ocrx_word' id='word_1_863' title='bbox 2515 4858 2572 4905; x_wconf 89' lang='lat' dir='ltr'><strong>et</strong></span> <span class='ocrx_word' id='word_1_864' title='bbox 2607 4848 2821 4915; x_wconf 88' lang='lat' dir='ltr'><strong>Amiud,</strong></span> <span class='ocrx_word' id='word_1_865' title='bbox 2853 4847 3083 4921; x_wconf 91' lang='lat' dir='ltr'><strong>populus</strong></span> <span class='ocrx_word' id='word_1_866' title='bbox 3117 4863 3271 4903; x_wconf 87' lang='lat' dir='ltr'><strong>meus</strong></span> <span class='ocrx_word' id='word_1_867' title='bbox 3301 4847 3471 4916; x_wconf 84' lang='lat' dir='ltr'><strong>incly-</strong></span> 
     </span>
    </p>
   </div>
   <div class='ocr_carea' id='block_1_109' title="bbox 1883 4939 3472 5016">
    <p class='ocr_par' dir='ltr' id='par_1_109' title="bbox 1883 4939 3472 5016">
     <span class='ocr_line' id='line_1_109' title="bbox 1883 4939 3472 5016; baseline -0.007 -16"><span class='ocrx_word' id='word_1_868' title='bbox 1883 4953 1992 5002; x_wconf 92' lang='lat' dir='ltr'><strong>tus.</strong></span> <span class='ocrx_word' id='word_1_869' title='bbox 2017 4945 2159 5012; x_wconf 84' lang='lat' dir='ltr'><strong>Quid</strong></span> <span class='ocrx_word' id='word_1_870' title='bbox 2185 4943 2455 5016; x_wconf 85' lang='lat' dir='ltr'><strong>signiﬁcat</strong></span> <span class='ocrx_word' id='word_1_871' title='bbox 2490 4940 2693 5013; x_wconf 77' lang='lat' dir='ltr'><strong>Ioseph</strong></span> <span class='ocrx_word' id='word_1_872' title='bbox 2715 4981 2731 5009; x_wconf 95' lang='lat'><strong>,</strong></span> <span class='ocrx_word' id='word_1_873' title='bbox 2755 4955 2823 4995; x_wconf 86' lang='lat' dir='ltr'><strong>ex</strong></span> <span class='ocrx_word' id='word_1_874' title='bbox 2849 4954 2958 5010; x_wconf 90' lang='lat' dir='ltr'><strong>quo</strong></span> <span class='ocrx_word' id='word_1_875' title='bbox 2984 4939 3102 4995; x_wconf 67' lang='lat' dir='ltr'><strong>duae</strong></span> <span class='ocrx_word' id='word_1_876' title='bbox 3136 4939 3312 4994; x_wconf 91' lang='lat' dir='ltr'><strong>tribus</strong></span> <span class='ocrx_word' id='word_1_877' title='bbox 3336 4944 3472 4990; x_wconf 75' lang='lat' dir='ltr'><strong>orta:</strong></span> 
     </span>
    </p>
   </div>
   <div class='ocr_carea' id='block_1_110' title="bbox 1885 5031 3474 5108">
    <p class='ocr_par' dir='ltr' id='par_1_110' title="bbox 1885 5031 3474 5108">
     <span class='ocr_line' id='line_1_110' title="bbox 1885 5031 3474 5108; baseline -0.009 -14"><span class='ocrx_word' id='word_1_878' title='bbox 1885 5046 2031 5105; x_wconf 91' lang='lat' dir='ltr'><strong>sunt,</strong></span> <span class='ocrx_word' id='word_1_879' title='bbox 2055 5037 2161 5093; x_wconf 92' lang='lat' dir='ltr'><strong>nisi</strong></span> <span class='ocrx_word' id='word_1_880' title='bbox 2188 5037 2608 5108; x_wconf 85' lang='lat' dir='ltr'><strong>Redemptorem</strong></span> <span class='ocrx_word' id='word_1_881' title='bbox 2629 5041 2898 5098; x_wconf 90' lang='lat' dir='ltr'><strong>nostrum,</strong></span> <span class='ocrx_word' id='word_1_882' title='bbox 2929 5032 3020 5102; x_wconf 89' lang='lat' dir='ltr'><strong>qui</strong></span> <span class='ocrx_word' id='word_1_883' title='bbox 3045 5031 3275 5086; x_wconf 92' lang='lat' dir='ltr'><strong>duorum</strong></span> <span class='ocrx_word' id='word_1_884' title='bbox 3304 5043 3474 5100; x_wconf 90' lang='lat' dir='ltr'><strong>popu-</strong></span> 
     </span>
    </p>
   </div>
   <div class='ocr_carea' id='block_1_111' title="bbox 1881 5117 3469 5198">
    <p class='ocr_par' dir='ltr' id='par_1_111' title="bbox 1881 5117 3469 5198">
     <span class='ocr_line' id='line_1_111' title="bbox 1881 5117 3469 5198; baseline -0.009 -16"><span class='ocrx_word' id='word_1_885' title='bbox 1881 5129 2056 5185; x_wconf 90' lang='lat' dir='ltr'><strong>lorum</strong></span> <span class='ocrx_word' id='word_1_886' title='bbox 2082 5137 2240 5198; x_wconf 89' lang='lat' dir='ltr'><strong>pater</strong></span> <span class='ocrx_word' id='word_1_887' title='bbox 2282 5135 2369 5182; x_wconf 86' lang='lat' dir='ltr'><strong>est</strong></span> <span class='ocrx_word' id='word_1_888' title='bbox 2399 5145 2411 5181; x_wconf 93' lang='lat'><strong>:</strong></span> <span class='ocrx_word' id='word_1_889' title='bbox 2446 5125 2573 5196; x_wconf 88' lang='lat' dir='ltr'><strong>quia</strong></span> <span class='ocrx_word' id='word_1_890' title='bbox 2616 5121 2895 5196; x_wconf 89' lang='lat' dir='ltr'><strong>angularis</strong></span> <span class='ocrx_word' id='word_1_891' title='bbox 2933 5121 3072 5191; x_wconf 87' lang='lat' dir='ltr'><strong>lapis</strong></span> <span class='ocrx_word' id='word_1_892' title='bbox 3111 5119 3288 5176; x_wconf 88' lang='lat' dir='ltr'><strong>factus</strong></span> <span class='ocrx_word' id='word_1_893' title='bbox 3334 5117 3469 5170; x_wconf 89' lang='lat' dir='ltr'><strong>duos</strong></span> 
     </span>
    </p>
   </div>
   <div class='ocr_carea' id='block_1_112' title="bbox 1879 5204 3471 5292">
    <p class='ocr_par' dir='ltr' id='par_1_112' title="bbox 1879 5204 3471 5292">
     <span class='ocr_line' id='line_1_112' title="bbox 1879 5204 3471 5292; baseline -0.011 -17"><span class='ocrx_word' id='word_1_894' title='bbox 1879 5222 2117 5292; x_wconf 89' lang='lat' dir='ltr'><strong>parietes</strong></span> <span class='ocrx_word' id='word_1_895' title='bbox 2163 5235 2196 5276; x_wconf 89' lang='lat' dir='ltr'><strong>e</strong></span> <span class='ocrx_word' id='word_1_896' title='bbox 2231 5219 2449 5274; x_wconf 87' lang='lat' dir='ltr'><strong>diverso</strong></span> <span class='ocrx_word' id='word_1_897' title='bbox 2488 5218 2770 5274; x_wconf 89' lang='lat' dir='ltr'><strong>venientes</strong></span> <span class='ocrx_word' id='word_1_898' title='bbox 2820 5215 2876 5270; x_wconf 91' lang='lat' dir='ltr'><strong>in</strong></span> <span class='ocrx_word' id='word_1_899' title='bbox 2926 5213 3219 5280; x_wconf 89' lang='lat' dir='ltr'><strong>semetipso</strong></span> <span class='ocrx_word' id='word_1_900' title='bbox 3246 5204 3471 5273; x_wconf 89' lang='lat' dir='ltr'><strong>conjun-</strong></span> 
     </span>
    </p>
   </div>
   <div class='ocr_carea' id='block_1_113' title="bbox 1882 5297 3464 5381">
    <p class='ocr_par' dir='ltr' id='par_1_113' title="bbox 1882 5297 3464 5381">
     <span class='ocr_line' id='line_1_113' title="bbox 1882 5297 3464 5381; baseline -0.01 -15"><span class='ocrx_word' id='word_1_901' title='bbox 1882 5314 2002 5380; x_wconf 87' lang='lat' dir='ltr'><strong>xit;</strong></span> <span class='ocrx_word' id='word_1_902' title='bbox 2034 5313 2128 5368; x_wconf 87' lang='lat' dir='ltr'><strong>ubi</strong></span> <span class='ocrx_word' id='word_1_903' title='bbox 2145 5311 2408 5381; x_wconf 88' lang='lat' dir='ltr'><strong>Ephraim</strong></span> <span class='ocrx_word' id='word_1_904' title='bbox 2428 5309 2605 5366; x_wconf 91' lang='lat' dir='ltr'><strong>minor</strong></span> <span class='ocrx_word' id='word_1_905' title='bbox 2629 5316 2791 5365; x_wconf 57' lang='lat' dir='ltr'><strong>aetate</strong></span> <span class='ocrx_word' id='word_1_906' title='bbox 2803 5301 3164 5378; x_wconf 87' lang='lat' dir='ltr'><strong>primogenito</strong></span> <span class='ocrx_word' id='word_1_907' title='bbox 3190 5297 3464 5363; x_wconf 79' lang='lat' dir='ltr'><strong>Manasse,</strong></span> 
     </span>
    </p>
   </div>
   <div class='ocr_carea' id='block_1_114' title="bbox 1882 5385 3466 5474">
    <p class='ocr_par' dir='ltr' id='par_1_114' title="bbox 1882 5385 3466 5474">
     <span class='ocr_line' id='line_1_114' title="bbox 1882 5385 3466 5474; baseline -0.013 -16"><span class='ocrx_word' id='word_1_908' title='bbox 1882 5403 2054 5474; x_wconf 86' lang='lat' dir='ltr'><strong>patris</strong></span> <span class='ocrx_word' id='word_1_909' title='bbox 2108 5402 2334 5473; x_wconf 91' lang='lat' dir='ltr'><strong>judicio,</strong></span> <span class='ocrx_word' id='word_1_910' title='bbox 2388 5400 2710 5466; x_wconf 88' lang='lat' dir='ltr'><strong>antefertur,</strong></span> <span class='ocrx_word' id='word_1_911' title='bbox 2764 5397 2892 5468; x_wconf 90' lang='lat' dir='ltr'><strong>quia</strong></span> <span class='ocrx_word' id='word_1_912' title='bbox 2940 5391 3170 5466; x_wconf 88' lang='lat' dir='ltr'><strong>populus</strong></span> <span class='ocrx_word' id='word_1_913' title='bbox 3223 5385 3466 5459; x_wconf 85' lang='lat' dir='ltr'><strong>gentilis,</strong></span> 
     </span>
    </p>
   </div>
   <div class='ocr_carea' id='block_1_115' title="bbox 1880 5478 3462 5569">
    <p class='ocr_par' dir='ltr' id='par_1_115' title="bbox 1880 5478 3462 5569">
     <span class='ocr_line' id='line_1_115' title="bbox 1880 5478 3462 5569; baseline -0.017 -9"><span class='ocrx_word' id='word_1_914' title='bbox 1880 5499 1974 5568; x_wconf 82' lang='lat' dir='ltr'><strong>qui</strong></span> <span class='ocrx_word' id='word_1_915' title='bbox 2035 5506 2157 5569; x_wconf 90' lang='lat' dir='ltr'><strong>post</strong></span> <span class='ocrx_word' id='word_1_916' title='bbox 2215 5497 2671 5554; x_wconf 81' lang='lat' dir='ltr'><strong>resurrectionem</strong></span> <span class='ocrx_word' id='word_1_917' title='bbox 2736 5487 2938 5545; x_wconf 89' lang='lat' dir='ltr'><strong>Christi</strong></span> <span class='ocrx_word' id='word_1_918' title='bbox 2985 5493 3041 5540; x_wconf 85' lang='lat' dir='ltr'><strong>et</strong></span> <span class='ocrx_word' id='word_1_919' title='bbox 3090 5478 3462 5536; x_wconf 89' lang='lat' dir='ltr'><strong>ascensionem</strong></span> 
     </span>
    </p>
   </div>
   <div class='ocr_carea' id='block_1_116' title="bbox 1880 5574 3464 5660">
    <p class='ocr_par' dir='ltr' id='par_1_116' title="bbox 1880 5574 3464 5660">
     <span class='ocr_line' id='line_1_116' title="bbox 1880 5574 3464 5660; baseline -0.013 -14"><span class='ocrx_word' id='word_1_920' title='bbox 1880 5589 1998 5660; x_wconf 89' lang='lat' dir='ltr'><strong>ejus</strong></span> <span class='ocrx_word' id='word_1_921' title='bbox 2045 5591 2101 5646; x_wconf 94' lang='lat' dir='ltr'><strong>in</strong></span> <span class='ocrx_word' id='word_1_922' title='bbox 2149 5591 2338 5657; x_wconf 64' lang='lat' dir='ltr'><strong>caelos,</strong></span> <span class='ocrx_word' id='word_1_923' title='bbox 2369 5589 2438 5646; x_wconf 89' lang='lat' dir='ltr'><strong>ad</strong></span> <span class='ocrx_word' id='word_1_924' title='bbox 2498 5588 2661 5646; x_wconf 85' lang='lat' dir='ltr'><strong>ﬁdem</strong></span> <span class='ocrx_word' id='word_1_925' title='bbox 2689 5579 2966 5646; x_wconf 82' lang='lat' dir='ltr'><strong>conﬂuxit,</strong></span> <span class='ocrx_word' id='word_1_926' title='bbox 3027 5574 3152 5631; x_wconf 86' lang='lat' dir='ltr'><strong>ﬁdei</strong></span> <span class='ocrx_word' id='word_1_927' title='bbox 3213 5574 3464 5629; x_wconf 90' lang='lat' dir='ltr'><strong>ubertate</strong></span> 
     </span>
    </p>
   </div>
   <div class='ocr_carea' id='block_1_117' title="bbox 1881 5662 3464 5753">
    <p class='ocr_par' dir='ltr' id='par_1_117' title="bbox 1881 5662 3464 5753">
     <span class='ocr_line' id='line_1_117' title="bbox 1881 5662 3464 5753; baseline -0.014 -14"><span class='ocrx_word' id='word_1_928' title='bbox 1881 5682 2294 5753; x_wconf 88' lang='lat' dir='ltr'><strong>multiplicatus,</strong></span> <span class='ocrx_word' id='word_1_929' title='bbox 2329 5679 2526 5753; x_wconf 78' lang='lat' dir='ltr'><strong>papula</strong></span> <span class='ocrx_word' id='word_1_930' title='bbox 2561 5673 2786 5731; x_wconf 80' lang='lat' dir='ltr'><strong>Iudaico</strong></span> <span class='ocrx_word' id='word_1_931' title='bbox 2819 5667 3124 5740; x_wconf 53' lang='lat' dir='ltr'><strong>praefertur.</strong></span> <span class='ocrx_word' id='word_1_932' title='bbox 3177 5665 3328 5724; x_wconf 90' lang='lat' dir='ltr'><strong>Unde</strong></span> <span class='ocrx_word' id='word_1_933' title='bbox 3358 5662 3464 5718; x_wconf 86' lang='lat' dir='ltr'><strong>Do-</strong></span> 
     </span>
    </p>
   </div>
   <div class='ocr_carea' id='block_1_118' title="bbox 1882 5757 3461 5846">
    <p class='ocr_par' dir='ltr' id='par_1_118' title="bbox 1882 5757 3461 5846">
     <span class='ocr_line' id='line_1_118' title="bbox 1882 5757 3461 5846; baseline -0.017 -11"><span class='ocrx_word' id='word_1_934' title='bbox 1882 5777 2062 5834; x_wconf 84' lang='lat' dir='ltr'><strong>minus</strong></span> <span class='ocrx_word' id='word_1_935' title='bbox 2102 5777 2159 5832; x_wconf 91' lang='lat' dir='ltr'><strong>in</strong></span> <span class='ocrx_word' id='word_1_936' title='bbox 2190 5774 2504 5846; x_wconf 83' lang='lat' dir='ltr'><strong>Evangelio,</strong></span> <span class='ocrx_word' id='word_1_937' title='bbox 2532 5766 2759 5824; x_wconf 84' lang='lat' dir='ltr'><strong>laudans</strong></span> <span class='ocrx_word' id='word_1_938' title='bbox 2781 5760 3118 5820; x_wconf 87' lang='lat' dir='ltr'><strong>centurionis</strong></span> <span class='ocrx_word' id='word_1_939' title='bbox 3135 5757 3321 5824; x_wconf 86' lang='lat' dir='ltr'><strong>ﬁdem,</strong></span> <span class='ocrx_word' id='word_1_940' title='bbox 3343 5757 3419 5811; x_wconf 91' lang='lat' dir='ltr'><strong>ait</strong></span> <span class='ocrx_word' id='word_1_941' title='bbox 3446 5771 3461 5808; x_wconf 89' lang='lat'>:</span> 
     </span>
    </p>
   </div>
  </div>
