3892 6346
373 309 480 368 599

1035 303 1096 360 B.
1132 301 1390 359 RABANI
1425 292 1648 362 MAURI
1671 295 2005 357 ~ARGB'IEP.
2047 292 2356 356 MOGUNT.
2396 290 2682 356 OPERUM
2711 289 2901 353 Μιιε
2934 293 2980 350 l.

3535 293 3657 352 600

374 430 544 500 89m"
575 426 722 482 enim
749 424 916 480 ﬁeb‘“
945 424 1002 478 in
1029 425 1142 479 hac
1174 424 1452 479 hominum
1475 422 1643 477 mima
1667 435 1792 475 cum
1813 433 1957 474 00m“
1982 417 2029 478 Α
2056 427 2124 491 sit
2151 435 2396 505 ﬁdelibus
2415 478 2429 502 ,
2457 439 2512 490 in
2556 435 2731 503 verbo,
2753 437 2810 488 in
2836 433 3251 498 conversatione,
3274 431 3333 488 in
3363 434 3662 504 charitate,

371 525 715 593 putarentur.
747 516 994 586 Quinque
1013 515 1181 586 igitur
1207 516 1322 580 illa,
1355 514 1408 569 id
1429 522 1515 570 est
1532 553 1546 580 ,
1570 513 1956 585 cognationes,

372 613 566 667 domus
593 624 658 666 ac
687 608 907 664 familias
927 617 984 662 et
1013 607 1193 677 capita
1227 614 1285 662 et
1318 608 1538 662 nomina
1579 606 1951 676 singulorum;

371 709 429 756 et
448 701 552 756 ista
573 698 770 756 deinde
783 706 1036 768 quatuor,
1051 709 1234 760 sexus,
1255 703 1407 760 tetas,
1421 695 1617 761 virtus,
1632 694 1955 766 recognitio,

373 792 610 850 fortasse
637 792 694 846 in
726 791 842 862 ipso
872 806 1099 847 numero
1130 788 1334 859 aliquid
1357 787 1685 858 signiﬁcant.
1723 787 1780 842 Si
1811 787 1957 842 enim

373 887 569 941 horum
601 885 834 938 duorum
859 897 1232 946 numerorum,
1258 881 1311 934 id
1345 888 1449 946 est,
1475 880 1708 949 quinarii
1738 889 1796 935 et
1827 894 1960 949 qua-

375 975 600 1032 ternarii
619 975 760 1029 alter
785 973 1174 1043 multiplicetur
1198 989 1266 1028 ex
1286 971 1480 1037 altero,
1511 971 1564 1026 id
1590 980 1694 1036 est,
1719 978 1779 1025 ut
1803 971 1958 1040 quin-

375 1068 529 1136 quies
560 1067 847 1137 quaterni,
871 1074 965 1119 aut
1010 1072 1202 1135 quater
1244 1064 1395 1134 quini
1440 1065 1737 1128 ducantur,
1766 1061 1960 1128 viginti

377 1157 534 1211 ﬁunt.
563 1157 682 1223 Quo
707 1171 936 1213 numero
963 1157 1129 1212 etiam
1155 1155 1583 1211 adolescentium
1612 1162 1745 1209 aetas
1775 1153 1863 1208 illa
1895 1153 1961 1208 si-

376 1256 593 1317 gnatur,
627 1248 718 1316 qui
751 1262 1010 1301 numerus
1032 1253 1511 1310 commemoratur,
1536 1253 1590 1299 et
1618 1246 1836 1314 quando
1878 1244 1962 1298 in-

375 1346 552 1396 tratur
579 1339 637 1392 in
663 1346 864 1392 terram
899 1336 1341 1408 repromissionis
1359 1376 1374 1401 ,
1404 1344 1461 1390 et
1477 1337 1681 1390 dicitur
1707 1336 1798 1390 illa
1827 1344 1961 1390 mtas

373 1429 572 1499 viginti.
592 1444 879 1494 annorum,
905 1445 1026 1498 quae
1052 1444 1162 1483 non
1197 1428 1548 1483 declinaverit
1579 1427 1634 1480 in
1681 1427 1963 1482 dexteram

375 1527 469 1584 aut
497 1519 796 1574 sinistram.
829 1519 931 1574 Ubi
975 1519 1110 1573 mihi
1139 1518 1392 1573 videntur
1440 1517 1733 1588 signiﬁcari
1788 1516 1962 1572 sancti

373 1607 561 1664 ﬁdeles
584 1624 652 1664 ex
679 1618 908 1678 utroque
938 1608 1286 1664 Testamento
1307 1609 1469 1664 ﬁdem
1481 1624 1670 1662 veram
1695 1615 1959 1664 tenentes.

375 1696 514 1756 Nam
529 1700 698 1756 Vetus
722 1699 1126 1755 Testamentum
1157 1699 1395 1769 quinque
1422 1699 1578 1752 libris
1598 1697 1769 1768 Moysi
1792 1697 1964 1752 maxi-

375 1806 463 1844 me
491 1791 732 1856 excellit,
758 1801 816 1846 et
841 1791 1052 1846 Novum
1077 1801 1311 1861 quatuor
1349 1790 1676 1861 Evangeliis.

1010 1881 1237 1936 CAPUT
1269 1882 1332 1936 ll.

375 1971 454 2025 De
475 1989 582 2028 non
609 1974 950 2045 numerandis
978 1973 1171 2029 Levitis
1193 1991 1311 2028 cum
1340 1973 1466 2043 filiis
1487 1972 1680 2028 Israel:
1693 1973 1782 2028 sed
1811 1989 1968 2045 super

597 2043 993 2100 tabernaculum
1029 2045 1312 2100 testimonii
1351 2045 1745 2099 constituendis.

449 2133 631 2207 (Ιιιιυ.)
656 2134 987 2207 Locutusque
1010 2144 1084 2189 est
1107 2136 1366 2190 Dominus
1393 2135 1462 2188 ad
1486 2133 1707 2200 Moysen
1728 2133 1906 2189 dicens
1946 2149 1965 2187 :

378 2223 594 2279 Tribum
615 2225 739 2280 Levi
762 2225 868 2280 noli
891 2243 1187 2292 numerare,
1215 2243 1378 2298 neque
1401 2242 1566 2295 ponas
1591 2241 1852 2280 summam
1880 2239 1968 2278 eo-

376 2331 494 2368 rum
519 2333 637 2370 cum
661 2317 788 2383 filiis
819 2316 1024 2383 Israel;
1066 2318 1157 2371 sed
1193 2319 1470 2372 constitues
1500 2333 1586 2371 eos
1616 2333 1770 2387 super
1791 2316 1965 2369 taber-

377 2407 624 2460 naculum
655 2407 1021 2472 testimonii,“
1045 2425 1203 2478 super
1224 2418 1410 2462 cuncta
1441 2425 1564 2463 vasa
1591 2409 1727 2479 ejus,
1743 2417 1789 2461 et
1817 2407 1970 2478 quid-

377 2502 504 2571 quid
532 2501 602 2553 ad
639 2502 977 2556 caeremonias
1004 2502 1248 2571 pertinet.
1275 2501 1388 2572 Ipsi
1408 2503 1690 2574 portabunt
1721 2501 1968 2556 taberna-

379 2593 558 2648 culum
587 2605 634 2648 et
661 2596 836 2648 omnia
871 2595 1116 2649 utensilia
1144 2595 1257 2666 ejus
1285 2610 1302 2646 :
1330 2604 1378 2650 et
1407 2604 1558 2650 erunt
1582 2595 1629 2648 ei
1654 2596 1710 2648 in
1737 2593 1970 2648 ministe—

379 2688 480 2754 rio,
506 2704 566 2741 ac
586 2705 678 2757 per
706 2703 890 2758 gyrum
920 2687 1246 2742 tabernaculi
1277 2688 1634 2742 metabuntur.
1667 2683 1800 2739 Cum
1848 2700 1972 2754 pro-

380 2780 721 2850 ﬁciscendum
765 2780 942 2848 fuerit,
978 2781 1251 2851 disponent
1293 2780 1485 2835 Levitte
1537 2775 1970 2842 tabernaculum;

382 2887 500 2925 cum
523 2880 699 2926 castra
719 2871 990 2938 metanda,
1013 2874 1233 2942 erigent.
1267 2871 1406 2940 Quid
1430 2872 1487 2926 in
1511 2870 1654 2925 tribu
1694 2868 1822 2924 Levi
1866 2867 1974 2922 nisi

381 2963 735 3018 sacerdotalis
764 2964 898 3018 ordo
944 2963 1306 3034 exprimitur,
1357 2962 1450 3032 qui
1512 2961 1840 3017 constitutus
1887 2964 1974 3012 est

380 3067 544 3121 super
572 3053 980 3107 tabernaculum
1009 3053 1308 3108 testimonii
1332 3093 1346 3117 ,
1369 3060 1431 3106 ut
1455 3060 1657 3108 sanctte
1692 3049 1971 3114 Ecclesiae,

381 3147 437 3200 in
464 3162 571 3215 qua
609 3155 934 3202 testamenta
960 3147 1144 3200 divina
1187 3147 1292 3200 rite
1339 3145 1558 3201 condita
1601 3151 1758 3208 sunt,
1785 3143 1974 3198 condi-
1999 3131 2046 3195 C

382 3252 548 3306 gnam
577 3252 766 3291 curam
795 3245 948 3306 gerat
983 3256 994 3289 :
1031 3245 1302 3306 quatenus
1324 3237 1508 3305 omnia
1540 3250 1671 3291 vasa
1695 3233 1845 3302 ejus,
1870 3235 1974 3289 hoc

381 3335 468 3381 est
500 3327 700 3396 quique
733 3326 920 3380 ﬁdeles
946 3333 1002 3380 et
1030 3326 1205 3382 sancti
1231 3327 1335 3380 viri
1365 3327 1458 3394 qui
1484 3341 1614 3380 vasa
1654 3326 1764 3380 Deo
1802 3324 1976 3379 electa

383 3425 530 3482 sunt,
562 3424 687 3485 apta
716 3417 783 3470 ad
812 3416 1178 3470 ministerium
1206 3414 1509 3486 spirituale,
1542 3414 1748 3484 absque
1789 3429 1978 3468 errore

383 3516 439 3564 et
464 3508 716 3563 sordibus
742 3507 1027 3573 vitiorum,
1059 3507 1224 3563 illaesa
1265 3507 1653 3575 permaneant?
1703 3504 1803 3560 Hic
1843 3505 1978 3561 ordo

385 3601 650 3671 quidquid
677 3599 746 3654 ad
766 3598 1117 3654 caeremonias
1138 3598 1276 3668 legis
1300 3597 1396 3651 Dei
1422 3595 1660 3666 pertinet
1679 3611 1980 3666 procurare

387 3694 567 3760 debet,
587 3693 715 3764 quia
746 3693 848 3763 ipsi
880 3693 1321 3748 commendatum
1352 3700 1436 3748 est
1464 3700 1524 3746 ut
1547 3691 1745 3761 populo
1776 3690 1873 3746 Dei
1897 3690 1980 3744 in-

386 3786 569 3842 sinuet
624 3786 862 3855 qualiter
920 3784 1218 3840 secundum
1272 3783 1447 3854 legem
1503 3783 1600 3837 Dei
1641 3783 1976 3846 incedentes,

387 3879 615 3934 honeste
643 3887 700 3933 et
733 3877 1030 3933 secundum
1073 3877 1323 3932 ordinem
1354 3877 1408 3930 in
1443 3875 1691 3932 Ecclesia
1720 3875 1818 3930 Dei
1847 3890 1979 3930 con—

386 3978 694 4025 versentur.
726 3967 834 4038 Ipsi
880 3969 1177 4037 portabunt
1227 3965 1640 4021 tabernaculum
1689 3974 1747 4020 et
1795 3965 1982 4020 omnia

388 4061 645 4124 utensilia
678 4059 817 4126 ejus,
849 4060 976 4128 quia
1027 4074 1125 4130 per
1174 4059 1608 4129 compassionem
1639 4058 1981 4113 inﬁrmorum

389 4162 572 4204 mores
601 4148 906 4211 tolerando,
934 4155 990 4200 et
1037 4148 1246 4202 solatiis
1290 4147 1608 4216 opportunis
1654 4145 1980 4214 adjuvando,

392 4250 638 4297 sanctam
663 4237 956 4293 Ecclesium
973 4238 1126 4306 quasi
1151 4239 1393 4292 humeris
1415 4238 1616 4293 laboris
1641 4246 1694 4293 et
1708 4239 1984 4307 patientiae

391 4339 631 4404 portant.
671 4330 735 4386 Hi
764 4343 982 4400 quoque
1031 4344 1131 4400 per
1173 4345 1366 4401 gyrum
1418 4329 1756 4384 tabernaculi
1808 4338 1980 4384 meta-

390 4427 613 4492 buntur,
639 4426 766 4496 quia
792 4441 862 4481 ne
885 4423 1064 4495 aliqua
1086 4439 1213 4494 pars
1237 4422 1617 4478 insidiantibus
1639 4423 1888 4478 hostibus
1913 4425 1981 4478 ad

393 4486 757 4574 invadendum
786 4486 1002 4588 pateat,
1031 4486 1162 4571 cura
1210 4514 1469 4586 pastorali
1516 4515 1753 4584 undique
1800 4513 1983 4585 provi-
2007 4486 2061 4546 D

394 4610 541 4663 dent.
568 4609 674 4678 lpsi
702 4610 976 4678 deponunt
1001 4606 1414 4664 tabernaculum
1461 4622 1584 4662 cum
1631 4605 1985 4675 proﬁciscen-

396 4705 524 4757 dum
550 4710 655 4767 est,
685 4710 741 4756 et
763 4718 886 4757 cum
917 4712 1099 4758 castra
1143 4703 1428 4768 metanda,
1459 4703 1698 4774 erigunt,
1725 4716 1851 4757 cum
1880 4701 1986 4769 ipsi

397 4807 650 4847 sermone
679 4792 837 4846 simul
878 4800 934 4846 et
974 4794 1220 4861 exemplo
1251 4793 1546 4862 disponunt
1574 4792 1809 4862 qualiter
1838 4790 1984 4860 quis-

399 4899 504 4954 que
532 4881 840 4938 humilitate
865 4891 1192 4949 prostratus,
1219 4885 1274 4938 in
1300 4883 1546 4952 profectu
1570 4884 1833 4937 virtutum
1862 4898 1986 4952 gra-

400 4972 604 5036 diatur,
637 4978 692 5024 et
719 4969 954 5039 qualiter
981 4985 1076 5039 spe
1100 4983 1317 5028 erectus
1352 4973 1408 5028 in
1455 4979 1602 5026 statu
1650 4979 1811 5025 rectae
1857 4970 1984 5026 ﬁdei

401 5071 459 5116 et
482 5062 787 5117 constantia
811 5060 1078 5114 bonorum
1115 5062 1347 5118 ﬁrmiter
1393 5062 1677 5118 consistat.
1731 5061 1798 5114 Et
1847 5061 1988 5116 bene

403 5151 605 5208 Levites
639 5165 765 5205 cum
793 5149 1008 5205 caeteris
1037 5150 1283 5206 tribubus
1323 5151 1602 5207 numerari
1624 5164 1733 5205 non
1763 5150 1990 5220 permit-

407 5252 611 5308 tuntur,
629 5242 757 5312 quia
776 5239 1026 5312 specialis
1054 5239 1212 5296 debet
1233 5256 1352 5296 esse
1373 5243 1714 5299 sacerdotum
1744 5241 1989 5297 doctrina

408 5343 462 5388 et
511 5333 854 5390 conversatio
882 5372 899 5398 ,
948 5345 1124 5400 neque
1187 5347 1311 5385 eum
1370 5332 1582 5402 plebeia
1641 5333 1987 5387 multitudine

407 5435 687 5504 permista.
716 5431 870 5490 Unde
905 5440 960 5486 et
1020 5429 1217 5486 Paulus
1254 5430 1511 5499 praecepit
1554 5433 1851 5500 episcopum
1885 5445 1993 5484 esse

409 5521 936 5592 irreprehensibilem,
963 5528 1011 5574 et
1037 5520 1286 5574 diaconos
1328 5517 1531 5572 nullum
1560 5521 1757 5573 crimen
1803 5520 1992 5575 habere

414 5612 469 5683 (ι
491 5601 642 5669 Τίνη.
671 5616 776 5686 ιιι).
828 5615 1113 5669 Timotheo
1152 5627 1370 5683 quoque
1395 5611 1588 5669 scribit
1612 5621 1668 5667 ut
1698 5613 1990 5684 exemplum

487 5741 516 5772 ι
553 5727 708 5799 Apud
735 5727 794 5784 S.
822 5729 989 5801 Aug.,
1016 5729 1381 5786 distenaendo.‘

1992 1772 2042 1833 B

2055 529 2112 580 in
2132 527 2238 596 ﬁde
2267 538 2314 581 et
2339 529 2575 582 castitate
2606 526 2658 600 (1
2683 523 2818 582 Tim.
2851 525 2947 599 ιν).
2975 525 3093 580 Non
3117 526 3264 581 enim
3285 526 3448 582 decet
3473 536 3541 582 ut
3565 531 3666 600 qui

2059 621 2306 691 superior
2329 629 2412 676 est
2441 623 2651 676 ueteris
2675 619 2868 692 gradu,
2886 617 3112 674 inferior
3135 619 3207 673 sit
3228 617 3507 674 bonorum
3532 637 3665 694 epe-

2057 730 2180 770 rum
2207 722 2382 786 gestu.
2403 713 2512 788 (Ea:
2535 712 2873 785 Augustino.)
2905 711 3062 780 Quod
3089 711 3167 766 ait
3195 713 3262 767 de
3288 713 3660 772 tabernaculo

2060 805 2433 876 distringendo
2470 816 2531 870 ι,
2566 802 2816 868 levando,
2848 801 3128 873 erigendo,
3163 801 3420 872 Quisquis
3479 815 3660 859 extra-

2061 915 2276 952 neorum
2302 897 2596 963 accesserit,
2614 895 2898 962 occidetur,
2917 896 3029 949 sive
3050 901 3110 948 ut
3132 895 3186 948 in
3220 892 3368 948 LXX
3396 893 3654 964 habetur,

2059 998 2107 1042 et
2145 988 2438 1057 alienigena
2470 989 2559 1059 qui
2581 987 2874 1052 accesserit,
2909 986 3190 1050 moriatur;
3217 985 3312 1040 hic
3344 985 3652 1058 alienigena

2062 1077 2443 1147 intelligendus
2475 1086 2558 1132 est
2587 1077 2754 1132 etiam
2782 1091 2849 1130 ex
2899 1075 3006 1131 illis
3053 1075 3178 1130 ﬁliis
3209 1075 3378 1130 Israel
3420 1077 3519 1147 qui
3556 1094 3654 1134 non

2063 1169 2131 1224 de
2161 1167 2250 1223 illa
2281 1170 2427 1224 tribu
2455 1167 2671 1223 fuerant
2699 1182 2863 1236 quam
2894 1165 3251 1221 tabernaculo
3279 1168 3497 1222 servire
3530 1184 3655 1237 prae-

2064 1259 2227 1328 cepit,
2255 1260 2310 1314 id
2351 1267 2459 1323 est,
2504 1258 2596 1327 qui
2646 1273 2753 1311 non
2795 1255 2958 1310 fuerit
2984 1257 3049 1311 de
3084 1256 3230 1311 tribu
3265 1256 3424 1311 Levi.
3467 1257 3652 1313 Mirum

2064 1352 2171 1405 hoc
2201 1347 2469 1419 quomodo
2498 1347 2720 1402 abusive
2747 1344 3046 1414 alienigena
3075 1345 3294 1410 dicitur,
3311 1347 3461 1417 quod
3490 1349 3654 1419 magis

2065 1441 2291 1496 alterius
2319 1438 2535 1508 generis
2559 1437 2835 1492 hominem
2862 1435 3151 1506 signiﬁcat,
3167 1435 3224 1490 id
3247 1444 3353 1501 est,
3369 1437 3651 1511 atto-mu,

2064 1542 2122 1590 et
2151 1549 2256 1588 non
2288 1532 2460 1601 magis
2492 1530 2779 1600 ἀλλόφυλος,
2809 1529 2956 1597 quod
3003 1528 3278 1599 signiﬁcat
3307 1528 3538 1583 alterius
3568 1531 3652 1582 tri-

2062 1625 2166 1680 bus
2195 1623 2468 1678 hominem
2495 1636 2603 1690 quo
2629 1620 2848 1674 nomine
2879 1619 3054 1690 magis
3083 1620 3256 1674 utitur
3291 1619 3576 1690 Scriptura
3601 1624 3648 1674 in

2070 1715 2298 1769 aliarum
2322 1713 2561 1783 gentium
2583 1710 2991 1776 hominibus,ut
3011 1710 3266 1781 allophyli
3297 1712 3646 1782 appellentur,

2069 1808 2224 1877 quasi
2253 1805 2478 1860 aliarum
2499 1804 2737 1859 tribuum
2765 1804 3036 1858 homines.
3060 1803 3290 1875 Mystice
3312 1812 3498 1859 autem
3519 1806 3649 1874 quis-

2068 1897 2191 1967 quis
2224 1897 2478 1967 indignus
2533 1897 2602 1950 ad
2659 1910 2875 1950 sacrum
2928 1895 3294 1950 ministerium
3348 1899 3645 1965 accesserit,

2068 1996 2226 2044 reatu
2273 1986 2713 2059 praesumptionis
2754 1986 3180 2056 constringitur,
3223 2000 3327 2041 nec
3359 1988 3550 2043 evadet
3574 2004 3651 2042 su-

2067 2083 2270 2154 perbiae
2297 2080 2615 2147 vindictam,
2650 2080 2696 2135 si
2739 2095 2846 2135 non
2877 2089 3035 2134 curat
3067 2081 3345 2151 propriam
3371 2096 3649 2151 agnoscere

2068 2189 2406 2231 mensuram.
2437 2172 2550 2228 Nec
2577 2172 2701 2243 quis
2744 2173 2847 2228 sibi
2898 2173 3061 2228 debet
3101 2188 3362 2242 usurpare
3409 2173 3644 2228 illicitum

2068 2268 2352 2332 honorem,
2376 2281 2477 2320 nec
2499 2273 2752 2336 appetere
2771 2281 2869 2335 per
2887 2265 3087 2341 fastum
3109 2265 3338 2334 gradum
3356 2265 3644 2331 celsiorem,

2070 2360 2161 2414 sed
2187 2359 2277 2430 qui
2301 2369 2512 2412 vocatus
2530 2367 2606 2412 est
2626 2375 2659 2410 a
2680 2357 2906 2411 Domino
2931 2367 3182 2428 tanquam
3205 2359 3385 2410 Aaron
3414 2355 3554 2428 (Hel.
3571 2355 3646 2427 ι’),

2069 2458 2125 2505 et
2175 2465 2312 2520 quos
2347 2449 2538 2505 electio
2575 2448 2755 2504 divina
2791 2449 3069 2519 praiscivit
3121 2464 3185 2504 ac
3236 2448 3643 2520 praedestinavit.

2073 2542 2227 2598 Unde
2278 2540 2439 2595 Ozias
2493 2557 2604 2607 rex,
2646 2541 2735 2610 qui
2788 2539 3081 2596 sacerdotii
3129 2530 3454 2608 dignitatem
3481 2547 3647 2593 contra

2073 2633 2244 2704 legem
2277 2633 2586 2702 appetebat,
2620 2631 2766 2704 lepra
2808 2648 3085 2702 percussus
3124 2631 3180 2686 in
3214 2631 3392 2702 fronte
3426 2630 3507 2702 (II
3530 2630 3644 2684 Par.

2072 2721 2247 2793 xxvi),
2269 2721 2528 2778 confusus
2550 2722 2676 2778 inde
2702 2723 3067 2778 abscesserat.

2694 2836 2924 2892 CAPUT
2957 2836 3043 2892 IIl.

2449 2929 2685 2999 ﬁliorum
2741 2926 2912 2999 Israel
2966 2945 3060 2999 per
3082 2943 3284 2999 gyrum
3346 2927 3648 2982 tabernaculi

2147 3001 2393 3072 flecteris,
2431 2996 2555 3072 quid
2605 2998 2915 3069 spiritaliter
2965 2996 3022 3062 in
3073 2996 3318 3052 Ecclesia
3380 2999 3648 3068 signiﬁcent

2148 3072 2470 3142 faciendum.

2149 3165 2300 3238 (Ου’.
2337 3163 2422 3235 ιι.)
2471 3163 2803 3234 Locutusque
2839 3171 2916 3218 est
2941 3160 3203 3216 Dominus
3245 3161 3317 3214 ad
3367 3161 3569 3232 Moysen
3604 3169 3646 3211 et

2077 3259 2260 3312 Aaron
2286 3258 2464 3312 dicens
2500 3271 2518 3308 :
2551 3254 2758 3325 Singuli
2801 3271 2894 3325 per
2939 3263 3141 3308 turmas
3172 3269 3300 3308 suas
3336 3255 3486 3325 signa
3514 3261 3649 3322 atque

2077 3348 2270 3404 vexilla
2289 3357 2338 3401 et
2361 3347 2545 3401 domos
2583 3345 2954 3416 cognationum
2997 3361 3241 3410 suarum,
3289 3354 3465 3400 castra
3508 3351 3652 3396 meta-

2081 3442 2275 3495 buntur
2301 3439 2400 3509 ﬁlii
2423 3437 2596 3492 Israel
2615 3453 2708 3508 per
2733 3453 2918 3508 gyrum
2940 3435 3267 3490 tabernaculi
3289 3435 3514 3505 faderis.
3541 3431 3654 3486 Sive

2073 3533 2231 3602 juxta
2291 3532 2450 3587 aliam
2493 3532 2820 3597 editionem,
2869 3529 3043 3584 Homo
3093 3530 3380 3584 secundum
3431 3527 3656 3583 ordinem

2081 3640 2257 3688 suum,
2278 3633 2325 3677 et
2354 3623 2642 3676 secundum
2672 3623 2824 3692 signa
2850 3637 2968 3685 sua,
2988 3620 3269 3674 secundum
3301 3619 3481 3670 domos
3503 3615 3655 3683 fanti-

2083 3714 2275 3768 liarum
2297 3722 2472 3767 castra
2495 3711 2746 3766 collocent
2781 3710 2882 3779 ﬁlii
2914 3709 3086 3764 Israel
3111 3723 3172 3763 ex
3193 3706 3407 3761 adverso
3460 3704 3515 3756 in
3560 3703 3658 3756 cir-

2083 3809 2228 3861 cuitu
2251 3803 2578 3860 tabernaculi
2600 3805 2902 3858 testimonii.
2935 3803 3148 3875 Moyses
3171 3799 3298 3856 dicit
3330 3816 3345 3852 :
3375 3796 3552 3854 Homo
3580 3811 3656 3850 se-

2083 3898 2319 3954 cundum
2353 3897 2603 3953 ordinem
2652 3913 2830 3962 suum,
2857 3902 2914 3952 et
2940 3894 3238 3952 secundum
3276 3892 3434 3962 signa
3468 3904 3578 3952 sua,
3605 3896 3652 3941 et

2083 3989 2381 4046 secundum
2411 3989 2602 4044 domos
2629 3987 2962 4041 familiarum
2992 3999 3214 4042 suarum
3249 3980 3466 4037 incedat
3488 3980 3536 4033 in
3561 3992 3650 4031 ca-

2085 4083 2249 4148 stris;
2285 4089 2340 4136 et
2369 4081 2570 4136 Paulus
2601 4079 2736 4134 dicit
2763 4095 2777 4131 :
2809 4077 3002 4132 Omnia
3045 4076 3263 4130 honeste
3309 4081 3358 4126 et
3393 4068 3654 4126 secundum

2085 4172 2319 4226 ordinem
2347 4171 2479 4239 ﬁant
2510 4168 2563 4241 (1
2593 4167 2716 4221 Cor.
2743 4166 2878 4239 xw).
2908 4167 2976 4220 Et
3011 4180 3119 4220 non
3158 4163 3260 4218 tibi
3292 4162 3509 4216 videtur
3534 4173 3657 4212 unus

2085 4276 2203 4316 esse
2219 4261 2454 4331 Spiritus
2473 4259 2570 4313 Dei
2590 4259 2680 4329 qui
2705 4266 2760 4313 et
2782 4257 2838 4312 in
2861 4257 3042 4327 Moyse
3062 4255 3308 4325 loquitur
3321 4261 3379 4309 et
3398 4253 3454 4308 in
3483 4247 3658 4306 Paulo?

2087 4351 2396 4406 Secundum
2415 4351 2662 4407 ordinem
2690 4350 2897 4420 Moyses
2922 4349 3100 4404 incedi
3122 4348 3350 4402 mandat
3373 4345 3429 4400 in
3461 4341 3654 4405 castris,

2087 4445 2382 4506 secundum
2434 4444 2678 4498 ordinem
2713 4444 2769 4497 in
2791 4442 3033 4497 Ecclesia
3062 4449 3257 4496 cuncta
3288 4440 3405 4510 geri
3439 4434 3660 4508 praecipit

2091 4534 2309 4593 Paulus.
2339 4535 2409 4591 Et
2437 4535 2645 4606 Moyses
2689 4534 2929 4605 quidem,
2961 4534 3054 4603 qui
3079 4533 3188 4605 legi
3219 4530 3586 4592 ministrabat,
3615 4526 3658 4580 in

2093 4631 2290 4686 castris
2335 4627 2597 4683 custodiri
2639 4627 2882 4681 ordinem
2903 4623 3084 4693 jubet;
3137 4624 3338 4678 Paulus
3380 4637 3540 4689 vero,
3560 4630 3661 4675 tan-

2093 4737 2257 4794 quam
2282 4719 2563 4791 Evangelii
2595 4719 2863 4782 minister,
2890 4732 2999 4772 non
3035 4716 3209 4772 solum
3239 4716 3295 4770 in
3324 4717 3565 4779 actibus,
3585 4709 3662 4766 sed

2091 4825 2147 4872 et
2169 4817 2226 4872 in
2259 4816 2378 4885 ipso
2401 4813 2589 4868 habitu
2627 4812 2938 4866 ordinatum
2974 4811 3092 4865 vult
3115 4825 3235 4867 esse
3281 4809 3660 4866 Christianum.

2093 4907 2160 4962 Et
2186 4907 2307 4962 ideo
2336 4905 2465 4960 dicit
2495 4922 2509 4957 :
2544 4901 2790 4956 Mulieres
2823 4901 3064 4956 similiter
3102 4903 3159 4956 in
3204 4900 3388 4955 habitu
3439 4901 3667 4954 ordinato

2095 4999 2219 5070 (Tit.
2252 4997 2334 5070 ιι).
2383 4995 2510 5052 [nde
2543 5008 2674 5066 ergo
2701 4995 2939 5050 arbitror
2964 4994 3108 5064 quod
3136 5007 3246 5049 non
3275 4992 3454 5048 solum
3488 4993 3545 5047 in
3571 4986 3669 5044 olli-

2094 5093 2194 5147 ciis
2216 5099 2270 5145 et
2294 5089 2484 5146 habitu
2516 5090 2719 5144 servari
2750 5087 2995 5142 ordinem
3040 5085 3251 5152 volunt,
3279 5086 3377 5140 sed
3422 5085 3558 5140 dant
3601 5082 3671 5136 in-

2096 5180 2285 5250 telligi,
2310 5179 2453 5248 quod
2481 5179 2552 5234 sit
2577 5177 2772 5248 aliquis
2803 5177 2970 5232 etiam
2993 5176 3051 5230 in
3088 5176 3271 5231 anima
3302 5175 3443 5231 ordo
3479 5175 3549 5230 de
3577 5185 3670 5242 quo

2099 5271 2468 5343 dicaturquod
2488 5270 2858 5340 unusquisque
2878 5269 3133 5324 incedere
3161 5267 3358 5323 debeat
3384 5265 3673 5322 secundum

2097 5365 2342 5418 ordinem
2376 5377 2554 5418 suum.
2582 5359 2685 5426 Qui
2710 5361 2845 5415 ordo
2871 5360 3144 5430 praecipue
3182 5357 3407 5428 quidem
3445 5372 3520 5411 ex
3561 5367 3677 5425 ope-

2098 5473 2219 5512 rum
2256 5453 2522 5510 fructibus
2547 5453 2836 5517 indicatur,
2859 5451 3212 5505 nihilominus
3240 5457 3425 5502 autem
3455 5461 3532 5501 ex
3573 5457 3676 5500 ma-

2098 5547 2406 5620 gniﬁcentia
2434 5559 2709 5599 sensuum.
2743 5541 2878 5597 Nam
2914 5556 3055 5611 saepe
3084 5538 3283 5595 accidit
3303 5546 3364 5592 ut
3389 5537 3438 5593 is
3461 5536 3563 5608 qui
3589 5535 3678 5589 hu-

2099 5639 2282 5710 milem
2307 5651 2525 5692 sensum
2550 5636 2690 5706 gerit
2717 5642 2772 5689 et
2797 5631 3062 5704 abiectum
3089 5640 3146 5687 et
3164 5630 3257 5699 qui
3281 5637 3505 5685 terrena
3529 5624 3676 5696 sapit,

2073 2931 2154 2986 De
2211 2929 2398 2985 castris
