3892 6346
139 369 218 428 tot
809 355 1345 418 ENARRA'HONES
1380 357 1453 416 IN
1487 312 1687 414 unus

1789 341 2353 414 ΝἩΠΕΒΟΒΠΜΕ
2385 354 2520 412 ΠΒ.
2557 353 2610 411 Ι.
3254 357 3362 416 60!

140 479 377 540 excelsum
420 474 712 534 sacerdotii
739 475 994 548 gradum,
1021 473 1105 530 vel
1145 473 1460 530 cathedram
1496 474 1680 529 docto—
1708 472 1762 534 Α
1783 486 1898 541 qua:
1919 470 1976 524 in
2003 479 2124 525 ante
2139 479 2260 524 sunt
2282 459 2628 526 extendamus
2647 461 3006 542 (Philimm),
3029 468 3087 525 in
3113 483 3359 529 resurre-

135 577 200 632 ris
221 570 486 633 obsideat;
522 575 578 622 et
617 567 702 621 ille
731 567 824 637 qui
855 564 1151 636 spiritualis
1176 573 1280 630 est,
1331 575 1387 620 et
1408 579 1438 617 a
1464 572 1680 619 terrena
1787 561 1965 616 ctione
1985 569 2342 627 mortuorum,
2362 563 2453 617 ubi
2481 563 2622 618 sicut
2649 561 2809 616 stella
2829 562 2898 616 ab
2925 560 3080 616 stella
3101 561 3282 618 diﬂert
3305 566 3360 619 in

133 657 512 721 conversatione
537 665 645 710 tam
669 656 824 720 liber,
852 663 913 710 ut
939 655 1111 724 possit
1135 655 1448 708 examinare
1475 654 1679 719 omnia,
1787 651 1978 722 gloria,
2005 653 2082 708 ita
2113 662 2170 709 et
2203 652 2630 721 uniuscujusque
2653 652 2848 708 merita
2876 652 3242 724 refulgebunt,
3269 668 3367 725 po-

133 761 177 807 et
211 751 311 819 ipse
340 764 371 801 a
399 747 612 802 nemine
634 745 894 817 iudicari,
936 745 1021 800 vel
1067 745 1341 800 inferioris
1386 744 1678 800 ministerii
1787 746 2013 802 terimus
2038 748 2226 817 utique
2268 747 2336 802 ab
2365 745 2718 802 inferioribus
2744 746 2813 802 ad
2839 746 3067 802 meliora
3107 748 3259 818 signa
3309 755 3368 803 et

132 845 346 900 ordinem
380 821 577 906 teneat,
605 839 691 895 vel
717 839 878 893 etiam
906 838 961 892 in
990 837 1200 908 plebeia
1226 838 1570 894 multitudine
1593 851 1680 891 re-
1786 839 2108 910 fulgentiora
2136 839 2442 905 transferri,
2467 849 2523 895 et
2562 841 3057 911 splendentioribus
3090 842 3364 899 sideribus

133 939 397 1006 linquatur.
438 932 545 989 Sed
585 933 688 990 hoc
711 941 794 988 est
831 939 885 987 et
924 930 1059 1002 legis
1082 939 1137 986 et
1168 930 1444 1001 Evangelii
1480 936 1680 984 statuta
1786 931 2090 1000 adaquari;
2143 941 2304 1001 atque
2329 932 2384 986 in
2415 939 2626 986 tantum
2655 941 2834 1002 potest
2859 933 2916 988 in
2953 934 3057 988 hac
3108 934 3220 988 vita
3265 935 3367 989 hu-

133 1036 471 1091 contemnere,
499 1032 553 1078 et
579 1023 712 1077 nihil
740 1023 1035 1079 secundum
1065 1021 1310 1076 ordinem
1339 1036 1544 1091 gerere.
1575 1019 1681 1076 Sed
1785 1036 1943 1076 mana
1972 1031 2165 1077 natura
2209 1022 2493 1090 proﬁcere,
2518 1031 2579 1076 ut
2605 1023 2662 1077 in
2688 1025 3091 1079 resurrectione
3116 1034 3364 1080 mortuo-

131 1117 476 1188 unusquisque
501 1124 746 1170 nostrum
775 1116 822 1170 si
851 1115 917 1170 de
943 1114 1067 1169 cibo
1089 1123 1144 1170 et
1161 1122 1289 1184 potu
1311 1113 1573 1168 sollicitus
1588 1113 1678 1178 sit,
1785 1127 1928 1178 rum,
1955 1128 2063 1168 non
2090 1113 2263 1170 solum
2296 1113 2573 1167 stellarum
2599 1115 2804 1184 gloria,
2825 1117 2920 1170 sed
2955 1125 3011 1170 et
3031 1116 3162 1171 solis
3189 1117 3368 1187 splen-

131 1218 172 1263 et
189 1223 392 1262 omnem
421 1222 608 1262 curam
636 1207 690 1260 in
719 1206 879 1261 rebus
912 1205 1262 1261 saecularibus
1307 1212 1481 1277 gerat,
1514 1218 1680 1258 unam
1786 1203 1904 1258 dori
1927 1202 2103 1257 valeat
2132 1204 2430 1273 exaequari,
2454 1203 2751 1257 secundum
2779 1204 2920 1272 quod
2942 1206 3206 1275 scriptum
3233 1216 3318 1261 est
3348 1226 3361 1260 :

130 1315 236 1354 vero
258 1308 351 1353 aut
377 1299 508 1352 duas
537 1298 701 1353 horas
729 1314 796 1353 ex
823 1299 1034 1369 integro
1057 1297 1144 1352 die
1173 1298 1337 1352 etiam
1365 1299 1477 1352 Deo
1513 1298 1682 1364 depu-
1789 1293 1926 1358 Quia
1938 1293 2074 1362 justi
2099 1292 2368 1362 fulgebunt
2387 1293 2520 1348 sicut
2533 1292 2614 1347 sol
2624 1294 2680 1346 in
2696 1310 2853 1363 regno
2875 1293 2970 1347 Dei
2993 1294 3206 1364 (Matth.
3223 1299 3366 1368 xm).

127 1397 269 1453 tet,et
293 1389 361 1443 ad
383 1389 678 1446 orationem
703 1391 758 1444 in
783 1389 1068 1446 ecclesiam
1095 1389 1299 1454 veniat,
1321 1388 1407 1440 vel
1433 1388 1488 1441 in
1508 1395 1686 1440 trans-
1788 1381 1927 1436 Hinc
1956 1397 2084 1451 ergo
2108 1390 2193 1438 est
2230 1384 2374 1454 quod
2427 1382 2776 1439 inferioribus
2823 1383 3044 1449 dieitur,
3073 1390 3366 1443 secundum

127 1479 189 1531 itu
232 1479 450 1533 verbum
481 1479 573 1534 Dei
603 1480 815 1544 audiat,
842 1481 943 1534 iste
968 1494 1075 1534 non
1103 1477 1336 1547 complet
1370 1477 1688 1531 mandatum
1793 1473 1944 1542 signa
2005 1489 2099 1528 sua
2148 1490 2247 1543 per
2300 1476 2490 1531 domos
2545 1475 2875 1531 familiarum
2921 1492 3163 1532 suarum.
3219 1480 3371 1546 Quod

126 1565 204 1620 Dei
229 1569 367 1638 quod
396 1569 529 1634 dicit
563 1578 623 1624 ut
670 1570 834 1624 homo
882 1569 1180 1624 secundum
1231 1566 1484 1622 ordinem
1531 1580 1688 1621 suum
1793 1561 1925 1616 dicit
1948 1577 2046 1632 per
2073 1563 2262 1619 domos
2285 1565 2612 1620 familiarum
2642 1582 2898 1633 suarum,
2925 1569 2980 1622 in
3016 1568 3205 1624 Graco
3234 1570 3374 1625 idem

124 1657 338 1726 incedat,
365 1661 450 1715 vel
476 1663 621 1732 quod
649 1661 780 1717 dicit
815 1670 876 1716 ut
907 1661 1088 1717 omnia
1119 1660 1414 1716 secundum
1444 1660 1690 1715 ordinem
1791 1670 1971 1711 sermo
2024 1657 2233 1726 positus
2277 1668 2380 1723 est,
2434 1674 2596 1728 quem
2653 1670 2711 1715 et
2763 1660 2836 1714 ibi
2888 1661 3180 1730 Apostolus
3221 1663 3372 1728 dicit,

121 1747 256 1802 ﬁant.
284 1748 428 1804 Ordo
459 1751 606 1805 enim
633 1760 718 1806 est
744 1759 981 1806 statutus
1009 1767 1040 1805 a
1071 1750 1564 1821 Christo,qurerere
1581 1750 1708 1820 pri-‘
1789 1745 1882 1799 ubi
1928 1745 2043 1799 ait:
2073 1743 2253 1813 Hujus
2287 1747 2362 1800 rei
2385 1749 2556 1822 gratia
2591 1765 2752 1802 curvo
2799 1765 2969 1819 genua
2997 1767 3112 1804 mea
3146 1750 3218 1803 ad
3267 1747 3377 1804 Pa-

118 1855 245 1892 mum
271 1857 486 1910 regnum
516 1840 616 1894 Dei
655 1851 702 1894 et
738 1841 1005 1911 justitiam
1053 1841 1167 1910 ejus
1215 1840 1428 1911 (Matth.
1465 1840 1542 1909 νι)
1565 1881 1579 1904 ,
1634 1849 1689 1895 et
1715 1828 1764 1890 Β
1791 1843 1920 1888 trem
1943 1833 2150 1888 Domini
2172 1838 2336 1890 nostri
2354 1836 2484 1891 Jesu
2505 1837 2722 1904 Christi,
2745 1856 2811 1894 ea:
2831 1858 2934 1912 quo
2958 1842 3124 1896 omnis
3146 1843 3379 1911 paterni-

113 1930 330 1986 credere
352 1932 497 2001 quod
520 1931 761 1986 secundo
787 1932 905 1987 loco
930 1932 1044 1987 hac
1071 1933 1226 1987 nobis
1253 1940 1594 2002 apponautur
1654 1947 1687 1988 a
1789 1936 1871 1981 tas
1894 1927 1950 1981 in
1973 1926 2121 1992 εωιο,
2150 1936 2198 1981 et
2228 1929 2284 1981 in
2309 1936 2451 1983 terra
2482 1931 2787 1985 nominatur
2833 1932 3050 2004 (Ephes.
3084 1935 3190 2006 ιιι).
3230 1934 3376 2001 Quas

110 2019 236 2074 Deo.
269 2022 545 2092 Agnoscat
573 2022 945 2092 unusquisque
973 2022 1135 2092 igitur
1153 2021 1399 2076 ordinem
1426 2037 1608 2087 suum,
1634 2030 1690 2077 et

106 2109 239 2178 quid
271 2111 491 2182 dignum
527 2112 598 2166 sit
624 2127 689 2167 eo
713 2112 899 2167 ordine
937 2127 1095 2182 quem
1128 2113 1366 2181 suscepit
1386 2113 1684 2182 intelligat,

108 2209 158 2255 et
184 2202 258 2254 ita
286 2201 476 2257 liberet
505 2212 659 2257 actus
681 2219 838 2269 suos;
871 2204 946 2258 ita
968 2205 1131 2259 etiam
1155 2219 1480 2270 sermonem,
1505 2206 1686 2261 inces-

1789 2033 1920 2088 ergo
1940 2018 2298 2087 paternitates
2324 2019 2415 2075 hic
2440 2019 2638 2075 Paulus
2659 2022 2809 2087 dicit,
2826 2023 2898 2078 ibi
2932 2024 3164 2092 familias
3195 2025 3378 2094 posuit

1789 2109 2016 2164 Latinus
2046 2109 2337 2178 interpres.
2380 2109 2486 2165 Sed
2532 2127 2672 2166 unus
2709 2122 2871 2182 atque
2895 2114 3038 2169 idem
3067 2131 3246 2170 sermo
3275 2117 3378 2170 ha-

1787 2200 1948 2255 betur
1969 2200 2022 2253 in
2054 2199 2261 2255 Graeco.
2287 2199 2408 2255 Ista
2428 2209 2555 2256 sunt
2574 2218 2702 2274 ergo
2723 2205 3081 2273 paternltates
3106 2207 3191 2260 vel
3219 2206 3376 2260 fami-

112 2308 222 2346 sum
263 2307 477 2362 quoque
523 2292 699 2362 ipsum
746 2303 801 2348 et
828 2295 1069 2349 habitum
1099 2295 1410 2350 moderetur
1453 2305 1512 2350 ut
1560 2313 1687 2352 cum

115 2382 311 2437 ordinis
347 2383 430 2436 sui
463 2381 800 2452 professione
826 2385 1146 2450 conveniat,
1171 2401 1240 2439 ne
1270 2386 1455 2460 audiat
1481 2386 1586 2442 dici
1619 2385 1689 2442 ad

118 2487 210 2526 sea
237 2471 368 2538 Deo,
396 2471 531 2537 Quia
561 2483 768 2544 propter
805 2491 892 2529 vos
934 2491 1121 2529 nomen
1155 2492 1330 2530 meum
1361 2475 1690 2546 blasphema-

120 2578 193 2621 tur
219 2570 272 2622 in
295 2571 533 2640 gentibus
562 2569 698 2641 (Isa.
730 2573 848 2643 ιιι).
877 2571 1018 2639 Quid
1045 2581 1227 2628 autem
1253 2583 1337 2629 est
1366 2577 1510 2644 quod
1533 2575 1684 2640 dicit,

119 2667 156 2712 et
184 2659 464 2713 secundum
491 2661 664 2731 signa,
681 2662 979 2718 videamus.
1006 2664 1119 2736 Ego
1145 2673 1274 2734 puto
1295 2665 1447 2736 signa
1477 2681 1597 2721 esse
1623 2682 1688 2721 ea

1788 2294 2068 2364 lia,quas
2122 2294 2323 2349 Paulus
2368 2295 2585 2363 quidem
2629 2297 2742 2366 jam
2795 2297 3033 2352 ostendit
3089 2299 3143 2352 in
3191 2297 3378 2365 calis,

1790 2385 2000 2458 Moyses
2025 2394 2207 2440 autem
2234 2387 2337 2441 sub
2367 2385 2555 2457 ﬁguris
2591 2388 2769 2443 adhuc
2810 2387 3076 2459 legalibus
3123 2387 3384 2445 describit

1790 2480 1847 2533 in
1874 2479 2059 2543 terris,
2088 2479 2385 2533 secundum
2430 2495 2566 2550 quas
2609 2480 2860 2536 incedere
2911 2496 3012 2536 nos
3061 2490 3266 2548 monet,
3320 2488 3381 2536 ut

1790 2571 2060 2642 possimus
2081 2569 2394 2624 ealestibus
2421 2570 2842 2639 paternitatibus
2871 2571 3089 2626 sociari.
3122 2571 3263 2626 Sunt
3287 2585 3381 2626 au-

1791 2671 1924 2728 tem,
1945 2670 2006 2717 ut
2048 2663 2246 2717 Paulus
2294 2663 2545 2732 superius
2580 2665 2984 2732 pronuntiavit,
3017 2665 3133 2719 sive
3161 2663 3382 2718 familia

120 2751 295 2820 quibus
337 2752 767 2822 uniuscujusque
801 2754 1106 2824 proprietas
1147 2755 1482 2827 designatur.
1523 2757 1690 2811 Verbi
1793 2756 1912 2811 ista
1929 2754 2173 2809 dicenda
2201 2761 2362 2819 sunt,
2391 2753 2504 2807 sive
2532 2755 2888 2823 paternitates
2912 2752 2966 2807 in
2996 2753 3157 2818 calo,
3180 2767 3246 2807 ex
3270 2753 3387 2820 qui-

120 2843 293 2910 gratia,
321 2859 519 2898 omnes
555 2842 776 2916 quidem
809 2844 1056 2900 homines
1105 2845 1309 2900 similes
1353 2861 1571 2911 sumus,
1598 2845 1693 2900 sed
1792 2848 1896 2901 bus
1927 2846 2069 2901 forte
2092 2854 2191 2909 est,
2220 2853 2276 2900 et
2296 2846 2388 2900 illa
2412 2861 2576 2915 quam
2600 2847 2657 2900 in
2683 2847 2790 2902 alio
2815 2847 2936 2900 loco
2965 2848 3211 2901 nominat
3237 2845 3381 2900 idem

121 2941 187 2985 est
211 2933 434 3002 propria
464 2934 712 3004 quadam
733 2934 1162 3006 uniuscujusque
1189 2936 1488 3001 distinctio,
1519 2935 1605 2990 vel
1637 2935 1693 2989 in
1794 2935 2244 3000 Paulus,ecclesia
2271 2936 2658 3004 primitivorum
2683 2937 2917 3004 ascripta
2939 2937 2996 2988 in
3022 2934 3162 2988 caelis
3193 2931 3382 3005 (Hebr.

121 3034 218 3088 ipso
265 3020 442 3085 vultu,
470 3020 554 3075 vel
605 3021 660 3075 in
707 3030 947 3090 statura,
976 3023 1060 3077 vel
1103 3024 1156 3077 in
1199 3025 1488 3094 positione,
1517 3024 1602 3079 vel
1637 3024 1694 3078 in
1794 3027 1916 3099 χιι),
1947 3028 2034 3081 cui
2076 3042 2175 3082 nos
2203 3025 2420 3082 eveniet
2446 3026 2664 3092 sociari,
2694 3027 2738 3080 si
2787 3025 3088 3081 secundum
3139 3026 3387 3082 ordinem

120 3112 282 3167 habitu
302 3129 409 3184 per
428 3128 609 3184 quem,
637 3114 786 3170 verbi
816 3113 1377 3185 gratia,Paulusjquia
1397 3116 1594 3172 Paulus
1621 3116 1693 3171 sit
1728 3181 1763 3190 _
1797 3120 2129 3184 incedamus,
2159 3126 2214 3172 et
2243 3117 2425 3174 omnia
2479 3117 2775 3173 secundum
2821 3116 3068 3172 ordinem
3101 3132 3387 3190 geramus;

121 3181 654 3274 designatum—Petrus
674 3206 801 3276 quia
820 3181 1020 3262 Petrus
1041 3207 1130 3272 sit,
1159 3216 1213 3262 et
1230 3181 1341 3262 non
1369 3208 1442 3262 sit
1468 3207 1686 3262 Paulus.
1719 3181 1766 3246 (δ
1797 3214 1843 3269 εἰ
1873 3212 2008 3268 nihil
2046 3181 2433 3277 inordinatum,
2470 3211 2604 3267 nihil
2641 3212 2966 3283 inquietum,
3001 3181 3135 3268 nihil
3163 3213 3389 3268 inhone-

120 3299 373 3356 lnterdum
401 3308 583 3356 autem
607 3301 774 3357 etiam
794 3316 904 3356 non
928 3301 1238 3358 videntibus
1265 3301 1693 3370 uniuscujusque
1797 3312 1940 3360 stum
1962 3304 2271 3360 inveniatur
2293 3304 2347 3358 in
2375 3305 2563 3370 nobis;
2597 3311 2722 3361 tunc
2745 3313 2801 3360 et
2821 3305 2960 3362 sicut
2983 3304 3385 3360 ﬁrmamentum

121 3394 239 3463 signi
273 3395 566 3450 diversitas
595 3395 774 3462 datur,
806 3403 868 3450 ut
893 3411 968 3452 ex
1000 3412 1132 3453 voce
1167 3405 1223 3452 et
1272 3395 1484 3466 loquela
1526 3409 1695 3466 agno-
1797 3396 2288 3467 resplendebimus,
2314 3403 2370 3452 et
2411 3398 2554 3453 sicut
2588 3397 2760 3453 stella
2789 3405 2847 3452 et
2891 3394 2972 3452 sol
2999 3396 3390 3469 refulgebimus

120 3493 219 3538 seat
249 3484 400 3540 illum
429 3501 572 3552 esse,
623 3485 708 3540 vel
760 3485 913 3542 illum
956 3487 1047 3556 qui
1097 3487 1358 3556 loquitur,
1388 3496 1442 3541 et
1495 3503 1691 3542 secun-
1805 3487 1860 3541 in
1891 3502 2059 3557 regno
2088 3487 2184 3543 Dei
2214 3501 2312 3557 per
2340 3487 2640 3543 Christum.

119 3573 236 3628 dum
287 3591 398 3631 sua
451 3576 802 3646 proprietatis
841 3577 1056 3648 signum
1102 3579 1474 3647 unusquisque
1525 3579 1694 3632 etiam
1868 3577 1949 3630 Ad
1982 3580 2232 3632 orientem
2261 3576 2433 3630 Iudas
2459 3577 2582 3647 ﬁget
2607 3578 2832 3632 tentoria
2853 3592 2945 3647 per
2969 3583 3170 3630 turmas
3193 3577 3390 3630 exerci-

120 3664 221 3720 sine
246 3665 520 3736 corporali
551 3665 758 3721 visione
784 3667 1150 3737 cognoscitur.
1200 3666 1315 3721 Hoc
1357 3668 1516 3722 modo
1551 3667 1698 3722 arbi-
1797 3678 1882 3722 tus
1911 3667 2014 3729 sui,
2062 3667 2262 3735 eritque
2285 3667 2523 3734 princeps
2573 3667 2808 3732 ﬁliorum
2853 3666 2967 3734 ejus
2997 3664 3218 3719 Naason
3246 3666 3393 3734 ﬁlius

123 3761 219 3808 tror
242 3771 369 3811 esse
390 3756 560 3812 etiam
588 3757 644 3812 in
673 3757 873 3812 animis
909 3757 1062 3829 signa
1092 3759 1340 3824 diversa;
1385 3767 1440 3813 et
1472 3757 1700 3813 alterius
1800 3757 2119 3822 Aminadab,
2137 3766 2380 3810 etomnes
2419 3757 2483 3809 de
2508 3757 2666 3825 stirpe
2690 3757 2805 3826 ejus
2825 3772 3028 3810 summa
3051 3757 3396 3826 pugnantium

121 3845 324 3912 quidem
355 3847 526 3900 animi
553 3857 731 3902 motus
756 3849 894 3904 livor
920 3859 1034 3916 est,
1060 3850 1231 3917 mitis,
1261 3850 1525 3919 placidus,
1549 3856 1701 3905 tran-
1809 3849 2142 3922 septuaginta
2172 3855 2403 3918 quatuor
2433 3845 2598 3900 millia
2645 3847 2893 3900 sexcenti.
2943 3844 3100 3901 Circa
3146 3846 3398 3902 taberna-

122 3935 328 4001 quillus,
370 3933 622 4003 aqualis;
667 3935 888 3991 alterius
913 3939 1179 4002 turbidus,
1209 3939 1402 4002 elatus,
1433 3940 1698 4008 asperior,
1801 3941 1981 3998 culum
2007 3954 2197 3995 omnes
2222 3938 2315 3992 ﬁlii
2346 3937 2510 3993 Israel
2541 3945 2720 3992 castra
2760 3938 3107 3992 metabantur
3132 3939 3270 3994 terni
3297 3953 3396 4010 per

124 4023 417 4088 incitatior,
439 4023 804 4094 petulantior;
848 4025 985 4082 alius
1009 4027 1457 4097 circumspectus,
1485 4037 1700 4095 cautus,
1804 4032 2045 4103 singulas
2070 4031 2256 4101 plagas
2273 4072 2287 4096 ,
2324 4038 2386 4084 ut
2437 4045 2545 4085 non
2570 4028 2947 4100 superfuisset,
2975 4037 3069 4084 aut
3099 4045 3208 4084 non
3235 4031 3396 4086 dees-

125 4117 388 4182 providus,
419 4115 707 4181 sollicitus,
747 4116 1006 4187 impiger;
1056 4117 1195 4173 alius
1241 4118 1568 4186 desidiosus,
1600 4135 1700 4176 ne-
1806 4133 1891 4180 set
1927 4123 2122 4192 aliquis
2144 4123 2211 4176 de
2239 4121 2362 4176 illis.
2391 4120 2557 4176 Judas
2584 4137 2712 4193 ergo
2747 4130 2802 4176 et
2824 4121 3044 4177 lsachar
3069 4131 3124 4177 et
3153 4122 3394 4178 Zabulon

128 4207 335 4278 gligens,
367 4208 642 4262 incautus.
674 4207 744 4262 Et
770 4208 825 4262 in
858 4209 946 4262 his
971 4207 1112 4264 alius
1152 4209 1293 4280 plus,
1319 4209 1458 4265 alius
1502 4211 1700 4266 minus.
1807 4217 1874 4271 ab
1923 4215 2134 4270 oriente
2166 4213 2400 4283 figebant
2447 4212 2793 4268 tabernacula
2824 4229 2838 4277 ;
2889 4212 3078 4267 Ruben
3129 4220 3310 4269 autem
3341 4219 3398 4269 et

131 4296 184 4349 Et
207 4298 378 4352 audeo
407 4296 763 4368 pronuntiare
783 4337 797 4361 ,
825 4297 952 4366 quia
992 4296 1244 4354 fortassis
1272 4307 1476 4368 quanta
1502 4299 1706 4370 speciei
1809 4306 2050 4370 Simeon,
2090 4311 2147 4359 et
2177 4303 2292 4359 Gad
2320 4304 2389 4358 ad
2433 4303 2712 4358 meridiem
2739 4319 2753 4367 ;
2787 4303 3063 4373 Ephraim,
3103 4311 3158 4358 et
3204 4305 3398 4375 Benja-

131 4389 288 4445 vultus
317 4391 465 4445 inest
485 4389 773 4444 diversitas
804 4389 1132 4456 hominibus,
1160 4398 1308 4446 tanta
1338 4397 1394 4446 et
1416 4390 1472 4445 in
1502 4391 1703 4451 animis
1806 4397 1944 4464 min,
1988 4405 2044 4450 et
2069 4395 2316 4450 Manasse
2365 4395 2433 4449 ad
2465 4394 2804 4450 occidentem
2833 4411 2846 4458 ;
2881 4393 3016 4458 Dan,
3050 4399 3107 4446 et
3131 4392 3287 4456 Aser,
3339 4401 3396 4448 et

133 4479 386 4538 invenitur
408 4499 532 4539 esse
553 4482 854 4539 differentia
887 4499 902 4539 :
930 4485 1072 4540 sicut
1109 4486 1569 4556 sapientissimum
1597 4486 1702 4542 Sa-
1726 4544 1778 4560 ﬁ
1806 4489 2146 4560 Nephthalim
2179 4489 2244 4542 ad
2271 4486 2598 4557 aquilonem.
2635 4483 2774 4552 Quid
2803 4491 2983 4538 autem
3010 4479 3280 4551 signiﬁcat
3315 4489 3396 4536 ta-

133 4568 380 4629 lomonem
405 4574 629 4628 memini
654 4575 889 4644 quodam
917 4575 1036 4631 loco
1073 4576 1342 4633 dicentem
1375 4595 1390 4630 :
1429 4576 1576 4631 Sicut
1620 4578 1704 4630 di-
1728 4568 1782 4605 ”
1806 4579 2155 4635 bernaculam
2185 4578 2239 4632 in
2266 4580 2369 4631 hoc
2403 4577 2546 4642 loco,
2576 4575 2683 4629 nisi
2712 4571 3009 4628 Ecclesiam
3049 4580 3160 4626 tam
3187 4571 3400 4629 Veteris

136 4665 244 4716 versi
263 4676 384 4719 sunt
414 4665 590 4719 vultus
611 4664 854 4729 vultibus,
880 4666 955 4719 ita
979 4674 1025 4719 et
1049 4667 1256 4721 diversa
1281 4677 1403 4721 sunt
1427 4667 1590 4722 corda
1613 4668 1705 4722 Ito-
1809 4686 1972 4741 quam
2002 4669 2136 4723 Novi
2176 4667 2554 4721 Testamenti?
2599 4664 2894 4718 Duodecim
2922 4663 3195 4735 principes
3219 4674 3398 4720 autem

137 4751 312 4806 minam
350 4754 541 4826 (Prov.
566 4753 688 4826 vn).
716 4754 824 4810 Sed
849 4757 1226 4826 unusquisque
1254 4766 1316 4812 ut
1361 4757 1441 4811 ait
1489 4758 1703 4830 Moyses
1810 4777 1939 4832 erga
1964 4757 2371 4813 tabernaculum
2400 4764 2577 4810 castra
2600 4761 2888 4820 metantes,
2913 4754 3255 4824 patriarchas
3283 4756 3398 4811 sive

135 4846 410 4902 secundum
446 4847 598 4917 signa
625 4861 722 4903 sua
758 4847 988 4915 incedat,
1018 4848 1072 4903 id
1098 4860 1200 4915 est,
1227 4864 1296 4905 ne
1329 4849 1377 4904 is
1409 4849 1564 4920 cujus
1605 4851 1706 4904 hu-
1812 4849 2084 4923 apostolos
2115 4846 2446 4918 signiﬁcant,
2495 4859 2728 4915 quorum
2777 4847 3028 4915 precibus
3055 4855 3109 4902 et
3151 4848 3398 4903 doctrina

139 4932 262 4988 milia
297 4944 352 4991 et
392 4937 651 5006 despecta
686 4945 812 4991 sunt
837 4937 1012 5008 signa,
1044 4939 1237 4994 elatior
1281 4939 1495 4995 incedat
1527 4948 1582 4994 et
1629 4939 1707 4993 al-
1813 4943 2057 4999 munitur
2081 4939 2346 4995 Ecclesia.
2406 4935 2512 4992 Sed
2560 4946 2616 4991 et
2654 4935 2783 4992 illud
2829 4939 2972 5008 quod
2996 4939 3398 4995 consociatione

140 5023 227 5078 tior
267 5044 433 5099 quam
480 5030 791 5084 animorum
820 5043 1044 5082 suorum
1074 5030 1227 5099 signa
1261 5030 1577 5101 deposcunt.
1604 5030 1711 5086 Po-
1806 5036 2041 5108 quadam
2076 5034 2315 5089 tribuum
2350 5040 2407 5086 et
2454 5030 2792 5086 connexione
2825 5038 3150 5098 castrorum,
3199 5029 3399 5102 positio

141 5125 434 5177 testantem
462 5121 600 5187 ﬁeri,
625 5130 685 5176 ut
708 5120 1052 5176 aemulatione
1095 5123 1358 5176 bonorum
1393 5139 1614 5194 operum
1642 5125 1710 5180 ab
1806 5137 1862 5184 et
1889 5125 2200 5182 metationis
2225 5123 2360 5178 ordo
2389 5122 2666 5187 scribitur,
2718 5123 2951 5192 pertinet
2985 5124 3104 5179 sine
3134 5122 3298 5179 dubio
3329 5121 3398 5180 ad

143 5210 476 5272 inferioribus
499 5215 670 5288 signis
695 5216 762 5270 ad
782 5214 1031 5278 meliora,
1058 5221 1114 5268 et
1148 5215 1218 5270 ad
1244 5216 1710 5286 magniﬁcentiora
1809 5218 2041 5286 aliquem
2073 5215 2127 5268 in
2156 5211 2558 5268 resurrectione
2600 5221 2937 5270 mortuorum
2967 5222 3192 5270 statum.
3243 5210 3396 5275 Quod

143 5307 427 5366 veniamus.
456 5311 512 5366 Si
541 5311 688 5366 enim
719 5318 864 5367 recte
888 5325 919 5365 a
944 5310 1101 5366 nobis
1122 5308 1456 5365 intellectum
1479 5311 1713 5375 est,hac
1810 5318 1922 5364 tres
1956 5308 2022 5362 ad
2065 5307 2331 5362 orientem
2361 5305 2638 5361 collocata
2685 5307 2940 5364 dicuntur
2983 5305 3176 5368 tribus,
3207 5309 3262 5356 et
3287 5308 3401 5356 tres

141 5400 306 5455 omnia
331 5417 454 5471 qua
480 5402 537 5456 in
571 5402 690 5474 lege
716 5402 921 5472 scripta
947 5409 1075 5457 sunt
1097 5400 1304 5458 formas
1344 5415 1466 5458 esse
1501 5400 1710 5457 futuro-
1811 5400 1880 5454 ad
1907 5398 2244 5453 occidentem
2266 5437 2281 5462 ,
2326 5403 2437 5453 tres
2465 5399 2631 5453 etiam
2661 5400 2726 5454 ad
2768 5412 2938 5463 mare,
2972 5403 3028 5450 et
3055 5404 3166 5449 tres
3195 5391 3398 5447 ultima

145 5501 251 5542 rum
277 5491 567 5559 bonorum,
599 5502 654 5548 et
683 5493 826 5549 illius
845 5492 1027 5549 saculi
1051 5493 1194 5563 quod
1218 5508 1286 5547 ex
1313 5490 1711 5548 resurrectione
1815 5492 1882 5547 ad
1913 5489 2242 5558 aquilonem,
2274 5489 2366 5558 qui
2392 5491 2559 5546 durus
2584 5491 2784 5545 dicitur
2809 5496 3022 5543 ventus.
3055 5485 3159 5540 Sed
3185 5490 3240 5537 et
3259 5482 3403 5553 quod

144 5592 433 5651 speramus,
467 5590 676 5640 certum
705 5584 888 5653 utique
919 5591 1026 5650 est,
1064 5583 1208 5653 quod
1254 5583 1301 5639 si
1353 5582 1412 5638 in
1452 5581 1711 5654 prasenti
1811 5585 1986 5642 tribus
2013 5581 2171 5650 Juda,
2197 5598 2318 5654 qua
2341 5585 2539 5656 regalis
2571 5593 2677 5650 est,
2709 5583 2777 5637 ad
2813 5581 3081 5637 orientem
3116 5579 3396 5648 statuitur,

146 5669 245 5726 vita
282 5676 631 5733 habuerimus
681 5677 920 5733 studium
959 5677 1265 5744 meliorum,
1309 5685 1367 5734 et
1415 5677 1715 5735 secundum
1817 5695 1881 5736 ex
1910 5692 2017 5748 qua
2043 5684 2195 5732 ortus
2221 5685 2306 5733 est
2321 5677 2580 5733 Dominus
2605 5681 2810 5737 noster,
2841 5687 2950 5727 non
2976 5679 3107 5742 puto
3133 5672 3392 5728 otiosum.

146 5762 376 5834 Apostoli
421 5771 744 5828 sententiam
787 5772 1074 5841 posteriora
1113 5771 1498 5840 obliviscentes,
1545 5773 1615 5828 ad
1653 5789 1718 5829 ea
1821 5773 1930 5831 Sed
1974 5772 2119 5845 quod
2141 5771 2358 5830 lsachar
2381 5772 2510 5829 huic
2525 5767 2777 5839 jungitur
2798 5773 2856 5822 et
2879 5765 3143 5836 Zabulon,
3172 5776 3229 5825 et
3254 5767 3401 5841 quod
