3892 6346
153 383 237 451 m
823 366 1362 431 ΣΝΑΒἎἈΤῙΟΝΕΒ
1391 365 1466 422 ἸΝ
1501 363 1698 422 LIBRI

1807 362 2271 423 κυωοιιωι.
2293 385 2382 411 εικ-
2413 364 2546 422 Lm.
2577 364 2624 422 ι.

3278 366 3390 424 ωϐ

155 514 276 562 tem
292 484 975 556 residensmecimullibus
999 495 1325 548 maneas,ne
1351 481 1407 534 in
1429 477 1694 535 demersis
1720 479 1776 543 Α
1799 476 2221 548 Scriptor-arum,
2251 481 2422 536 nostri
2459 479 2669 552 vigilias
2697 479 3044 550 interpretati
3070 487 3219 549 sunt,
3248 498 3386 553 quas

153 587 493 653 ethutnilibus
519 593 836 654 perseveres
865 577 1018 650 (Gen.
1056 575 1190 648 nx).
1220 573 1499 628 Leoabitur
1521 580 1698 625 autem

151 681 513 745 tabernaculum
535 673 814 731 testimonii
835 671 1104 742 pero/ﬁcia
1118 668 1416 723 Leeittmun
1432 674 1477 720 et
1496 674 1697 719 turmas

151 793 318 836 eorum.
336 771 611 840 Quantulo
625 765 939 838 erigeturita
951 772 1004 818 et
1019 763 1323 833 deponetur.
1338 756 1697 814 Tabernaculi

149 885 254 926 vero
263 866 457 923 erectio
478 870 530 919 et
543 860 812 932 depositio
823 858 1075 912 Ecclesia:
1089 855 1251 910 situm
1270 851 1560 922 signiﬁcat,
1579 864 1699 920 quae

149 967 190 1018 in
215 959 545 1016 credentibus
570 952 811 1024 quotidie
837 950 1084 1019 erigitur,
1105 955 1162 1001 et
1185 946 1241 998 in
1267 941 1592 1012 negantibus
1615 942 1700 993 de-

147 1057 349 1127 ponitur.
382 1053 437 1104 ln
467 1048 656 1104 electis
676 1057 773 1114 per
799 1044 1143 1098 sacerdotum
1163 1037 1337 1091 cilicia
1353 1035 1527 1089 sacris
1551 1033 1697 1086 ordi.

145 1148 276 1200 nibus
291 1136 869 1206 sublimat.tu',atque.itt
885 1133 1234 1203 peccantibus
1251 1127 1503 1184 similiter
1519 1140 1697 1179 sacer-

145 1239 298 1293 dotum
343 1235 546 1304 judicio
571 1241 672 1303 per
711 1227 1324 1284 emeunieat‘ionent
1347 1215 1691 1276 bumiiiatnr.

199 1330 334 1402 (Car.
379 1333 486 1397 ιιι.)
537 1321 637 1378 ﬂre
664 1331 784 1376 sunt
813 1322 1169 1392 genemtiones
1216 1318 1392 1369 Aaron
1420 1323 1466 1366 et
1502 1311 1693 1380 Moysi,

141 1427 183 1476 in
212 1422 284 1474 die
311 1435 414 1490 qua
447 1418 646 1470 locutas
677 1423 755 1467 est
786 1411 1040 1465 Dominus
1073 1408 1141 1460 ad
1193 1406 1408 1473 Moysen
1438 1403 1495 1454 in
1524 1409 1700 1451 monte

139 1512 275 1568 Sinni
299 1489 395 1576 ,iet
429 1511 538 1563 ha'c
593 1506 806 1560 nomina
847 1502 1082 1569 ﬁliorum
1118 1499 1317 1550 Aaron.
1377 1489 1704 1560 Primogeni-

135 1616 226 1670 tus,
282 1602 517 1667 Nadab;
573 1598 759 1652 deinde
806 1596 939 1648 Abin
991 1591 1300 1646 etEieazar
1349 1595 1399 1640 et
1435 1585 1697 1638 Ithamar.

133 1695 249 1748 Hrec
273 1705 392 1748 sunt
417 1694 631 1747 nomina
673 1690 905 1759 ﬁliorum
935 1687 1114 1738 Aaron
1137 1679 1466 1734 sacerdotum
1489 1676 1581 1747 qui
1605 1691 1701 1728 un-

127 1787 188 1837 cti
215 1794 356 1848 sunt,
381 1793 433 1836 et
462 1794 684 1853 quorum
712 1777 915 1848 «plene
937 1783 984 1827 et
1007 1780 1323 1826 consecratio
1343 1777 1463 1822 sunt
1485 1781 1695 1828 manus,

1800 575 1973 630 Graeci
2005 577 2223 648 φυλακάς
2267 584 2499 631 vocant:
2535 575 2625 630 ubi
2653 573 2799 629 nulla
2843 575 3110 630 dubitatio
3143 584 3230 631 est
3261 593 3382 648 spa-

1800 668 1874 721 tia
1907 669 2154 723 nocturni
2199 669 2456 738 temporis
2487 667 2833 736 signiﬁcare:
2871 667 3017 737 quod
3056 678 3191 738 puto
3215 679 3274 725 et
3299 670 3388 726 hic

1799 760 2191 828 accipiendum.
2238 760 2525 826 Quomodo
2558 759 2764 814 Leviue
2805 757 3066 829 iubentur
3089 763 3387 820 observare

1799 855 2070 908 custodias
2095 853 2276 908 Aaron
2307 861 2362 906 et
2391 853 2664 910 custodias
2707 853 2941 908 ﬁliorum
2985 854 3171 920 Israel,
3219 856 3271 910 id
3301 864 3389 911 est

1798 947 2058 1020 φυλακὰς,
2114 945 2217 999 nisi
2253 945 2481 998 fortasse
2519 945 2720 1000 dictum
2750 954 2835 1000 est
2858 983 2873 1010 ,
2922 961 2990 1000 ne
3019 954 3275 1016 putarem
3313 949 3385 1003 ab

1797 1037 2150 1092 observandis
2188 1036 2384 1104 vigiliis
2411 1049 2528 1106 quae
2553 1037 2768 1107 proprie
2799 1037 2853 1090 in
2875 1039 3074 1092 castris
3101 1039 3385 1093 observari

1795 1128 1990 1194 soloin,
2008 1137 2232 1200 propter
2254 1129 2513 1182 honorem
2542 1143 2649 1198 quo
2677 1129 2986 1183 serviebant
3009 1131 3384 1197 tabernaculo,

1796 1223 2062 1277 immunes
2091 1235 2210 1274 esse
2231 1220 2453 1283 debere,
2501 1234 2626 1272 cum
2665 1226 2721 1272 et
2765 1219 2912 1288 ipsos
2953 1228 3228 1289 oporteret
3256 1236 3388 1292 pm-

1795 1325 1914 1385 pter
1941 1329 2105 1384 opera
2129 1311 2463 1367 tabernaculi
2485 1328 2592 1366 non
2621 1312 2802 1366 minus
2828 1311 3066 1365 vicissim
3090 1314 3382 1367 observare

1799 1407 2038 1476 vigilias,
2078 1421 2197 1474 quae
2229 1406 2654 1458 observarentur
2705 1405 2759 1456 iu
2802 1401 2926 1455 aliis
2963 1403 3386 1475 circumquaque

1803 1495 1996 1549 castris
2028 1493 2262 1548 ﬁliorum
2285 1495 2474 1550 Israel.
2526 1493 2792 1549 Euenus
2819 1499 2994 1546 autem
3021 1493 3112 1564 qui
3135 1493 3204 1546 ad
3229 1496 3356 1548 mini
3375 1525 3389 1536 ς

1801 1587 2077 1642 stmnttum
2106 1589 2399 1653 accesserit,
2423 1588 2692 1641 morietur.
2735 1585 3095 1652 Quarendum
3121 1586 3392 1656 quomodo

1800 1680 1936 1734 dixit
1961 1676 2018 1732 in
2047 1679 2330 1734 Levitico:
2383 1679 2486 1746 Qui
2507 1679 2736 1750 tetigerit
2775 1676 3177 1731 tabernaculum
3199 1675 3395 1730 sancti-

1797 1771 2084 1840 ﬁcabitur;
2139 1785 2264 1825 cum
2323 1771 2412 1825 hic
2446 1771 2634 1826 dicat:
2683 1771 2990 1838 Alienigena
3032 1769 3121 1838 qui
3169 1767 3391 1836 tetigerit

121 1889 169 1931 ut
195 1843 490 1931 sacerdotio
517 1875 876 1944 fungerentur.
929 1863 1125 1920 Hormi
1148 1872 1266 1917 sunt
1295 1869 1472 1914 autem
1506 1859 1558 1912 Ν
1563 1858 1698 1910 adub
1730 1843 1776 1905 Β
1803 1864 2074 1928 maniam,
2105 1863 2292 1917 volens
2311 1877 2410 1917 eos
2439 1862 2663 1933 intelligi
2686 1863 2776 1932 qui
2803 1875 2909 1914 ηοη
2942 1866 3125 1914 essent
3150 1858 3216 1911 de
3246 1858 3390 1911 u-ibu

115 1977 158 2020 et
209 1967 346 2020 Abiu
399 1981 516 2019 cum
559 1961 805 2031 oﬂ‘erren't
847 1958 1021 2027 ignem
1065 1954 1290 2007 alienum
1334 1951 1386 2002 in
1419 1957 1697 2018 conspectu

108 2057 328 2113 Domini
385 2056 442 2109 in
493 2053 694 2107 deserto
740 2050 888 2104 Sinai
933 2048 1122 2116 absque
1163 2044 1384 2106 liberis;
1432 2041 1700 2110 {um-tique

108 2158 232 2201 sunt
259 2145 557 2201 sacerdotio
585 2143 809 2196 Eleazar
841 2149 889 2193 et
914 2139 1157 2192 Ithamar
1183 2149 1358 2189 coram
1404 2133 1582 2186 Aaron
1604 2149 1701 2202 pa-

113 2244 184 2293 tre
212 2255 332 2291 suo.
381 2233 629 2302 Qimtnor
667 2232 764 2286 filii
793 2233 973 2285 Aaron
1005 2244 1125 2283 cum
1154 2237 1307 2298 patre
1337 2225 1496 2280 simul
1523 2227 1578 2279 in
1606 2239 1696 2279 sa-

115 2327 407 2383 cerdotium
431 2324 587 2379 electi
615 2331 740 2377 sunt
763 2339 779 2389 ;
823 2320 919 2376 sed
943 2320 1154 2375 (limbus
1186 2319 1240 2372 in
1277 2323 1422 2372 s'ta'tu
1445 2331 1546 2371 suo
1573 2331 1700 2385 per-

119 2417 473 2480 manentibus,
515 2413 700 2469 caeteri
735 2412 914 2468 divino
937 2411 1114 2466 exusti
1137 2417 1266 2463 sunt
1293 2410 1436 2479 igne,
1465 2424 1532 2461 eo
1551 2409 1697 2477 quod

120 2509 264 2564 altari
313 2508 409 2562 Dei
449 2507 629 2576 ignem
680 2503 916 2558 alienum
962 2502 1331 2571 imponebant.
1369 2498 1492 2567 Quo
1525 2499 1694 2565 iacto,

121 2601 169 2654 ni
198 2599 374 2664 fallor,
421 2598 722 2661 intimatur,
771 2593 918 2666 quod
963 2593 1096 2647 licet
1135 2591 1298 2646 multi
1339 2603 1409 2645 ex
1459 2599 1699 2660 quatuor

119 2689 253 2744 orbis
277 2687 526 2758 partibus
548 2685 792 2752 collecti,
822 2694 877 2741 et
905 2685 965 2739 in
988 2679 1181 2738 divino
1227 2682 1528 2737 ministerio
1564 2683 1694 2736 sub-

118 2780 296 2845 limati,
347 2779 706 2850 prazsulamm
751 2777 812 2832 in
843 2774 1085 2831 Ecclesia
1139 2775 1340 2828 habere
1386 2773 1695 2835 videantur,

118 2872 184 2926 illi
213 2882 392 2927 tamen
431 2867 772 2926 solummodo
821 2869 928 2923 rite
951 2866 1008 2920 in
1038 2866 1340 2920 ministerio
1391 2877 1490 2917 suo
1525 2863 1700 2933 peni-

118 2971 284 3029 stunt,
343 2963 444 3034 qui
497 2973 626 3016 sana
664 2959 920 3015 doctrina
965 2959 1200 3014 duorum
1243 2962 1697 3010 testamentorum

117 3055 336 3126 Spiritus
374 3056 556 3112 sancti
585 3055 710 3124 igne
738 3052 1067 3120 examinata,
1094 3049 1539 3122 prmdicat‘ionem
1569 3061 1697 3103 con-

119 3151 328 3216 ﬁciunt;
380 3153 446 3205 εἳ
475 3156 697 3219 propter
718 3146 1058 3202 dilectionem
1105 3143 1199 3198 Dei
1225 3152 1280 3199 et
1300 3139 1536 3214 proximi
1578 3139 1694 3194 zelo

1799 1955 1950 2009 Levi.
1987 1953 2069 2008 An
2110 1953 2248 2008 forte
2293 1955 2403 2017 hic,
2447 1954 2694 2023 tetigerit,
2743 1952 2811 2006 ad
2839 1951 3158 2020 obsequium
3191 1949 3391 2003 dixerit

1800 2048 2096 2113 servitutis,
2141 2047 2286 2117 quod
2314 2061 2344 2101 a
2376 2047 2504 2102 solis
2548 2046 2754 2100 Levitis
2795 2045 2982 2100 deberi
3033 2041 3390 2100 tabernaculo

1798 2140 2090 2210 prmpit?
2119 2139 2246 2194 hinc
2271 2138 2417 2194 enim
2447 2137 2792 2207 loquebatur.

2419 2248 2650 2308 CAPUT
2683 2247 2750 2306 γ.

1797 2342 1876 2415 De
1913 2335 2105 2398 Levitis
2134 2343 2395 2415 quomodo
2419 2361 2514 2413 pro
2552 2342 2912 2414 primogenitis
2934 2336 3391 2415 ﬁliorumlsrael,

1849 2414 2104 2469 Dominus
2135 2413 2220 2468 eos
2249 2414 2369 2468 tulit
2405 2415 2472 2468 ad
2507 2413 2855 2468 ministerium
2878 2413 3203 2468 tabernaculi
3233 2414 3336 2467 sui.

1869 2507 2048 2580 Octb.)
2077 2507 2409 2580 Locutusque
2433 2519 2508 2562 est
2538 2505 2792 2561 Dominus
2823 2505 2892 2560 ad
2919 2506 3134 2577 Moysen
3171 2506 3348 2560 dicens
3373 2517 3392 2558 :

1800 2596 1913 2668 Ego
1947 2598 2045 2653 tuli
2075 2597 2281 2652 Levitas
2306 2617 2337 2653 a
2374 2599 2501 2669 ﬁliis
2531 2596 2721 2664 Israel,
2751 2615 2846 2669 pro
2871 2599 3013 2652 omni
3038 2597 3387 2668 primogenita

1796 2691 1886 2760 qui
1935 2691 2103 2760 aperit
2141 2689 2342 2745 vulvam
2389 2691 2443 2744 in
2474 2690 2600 2758 ﬁliis
2649 2687 2865 2754 Israel;
2905 2697 3158 2759 eruntque
3201 2687 3394 2742 Levita:

1797 2782 1920 2836 mei.
1973 2781 2148 2835 leum
2183 2791 2258 2837 est
2306 2783 2445 2836 enim
2485 2797 2636 2836 omne
2681 2781 3106 2851 primogenitum.
3162 2777 3246 2831 Ex
3290 2793 3392 2848 quo

1797 2875 2031 2945 percussi
2082 2875 2429 2945 primogenita
2476 2873 2532 2927 in
2575 2881 2717 2926 terra
2759 2871 2977 2941 Egi/pri
3003 2911 3017 2935 ,
3069 2865 3393 2936 sanctiﬁcat'i

1799 2966 1929 3019 mihi
1957 2965 2212 3036 quidquid
2249 2965 2477 3035 primum
2504 2964 2743 3018 nascitur
2767 2962 2822 3016 in
2849 2959 3041 3014 Israel.
3083 2959 3159 3013 Ab
3187 2958 3396 3012 homine

1799 3073 1962 3129 usque
1997 3058 2072 3111 ad
2101 3073 2258 3128 peras
2297 3053 2399 3110 mei
2429 3065 2592 3122 sunt;
2645 3071 2738 3126 ego
2777 3051 3055 3109 Dominus.
3079 3051 3194 3123 (Ea:
3219 3052 3397 3121 Augu-

1798 3149 1980 3222 stino.)
2051 3149 2192 3218 Quid
2249 3160 2333 3205 est
2383 3149 2527 3221 quod
2584 3147 2799 3204 Levitas
2855 3155 2958 3219 pro
3020 3143 3399 3217 primogenitis

117 3243 197 3296 Dei
229 3243 492 3306 accensi,
535 3241 591 3295 in
631 3239 1000 3310 proximorum
1032 3236 1212 3292 salute
1255 3231 1514 3306 quidquid
1569 3247 1694 3302 pos-

1802 3219 2033 3301 ﬁliorum
2063 3244 2230 3299 lsrael
2271 3243 2371 3299 sibi
2400 3219 2544 3300 Dens
2583 3241 2834 3314 deputat,
2883 3241 2959 3295 ita
3004 3247 3066 3294 ut
3093 3235 3398 3294 numeratis

116 3344 243 3398 sunt,
295 3335 586 3390 elaborare
635 3333 869 3387 student.
919 3330 1189 3385 Caeterum
1229 3330 1318 3400 qui
1369 3325 1575 3382 alienas
1599 3325 1695 3379 do-

113 3425 303 3480 ctrinas
331 3436 388 3481 ct
419 3425 734 3494 magisterio
757 3425 1009 3477 humanm
1038 3422 1390 3477 institutionis
1419 3419 1694 3475 confectas

115 3518 386 3585 inducunt,
442 3511 792 3586 sarculat’tquc
822 3515 1117 3586 cupiditate
1167 3507 1416 3577 accensi,
1463 3511 1695 3581 id'qnod

114 3609 345 3665 divinum
375 3622 467 3665 est
487 3609 712 3679 “indigne
742 3616 1134 3675 exsequuntur,
1163 3606 1291 3675 igne
1317 3595 1697 3671 ulﬁoriis'justc

116 3716 141 3753 a
166 3702 398 3760 Domino
427 3705 479 3759 in
503 3717 596 3759 eos
617 3695 831 3757 directo
856 3705 1252 3754 consumuntur

716 3807 943 3872 CAPUT
989 3813 1076 3870 1V.

116 3905 172 3961 De
194 3908 334 3977 ﬁliis
371 3907 552 3977 Aaron
588 3914 645 3977 et
677 3907 962 3977 ministerio
1007 3923 1226 3970 eorum;
1272 3899 1512 3960 similiter
1540 3911 1588 3958 et
1636 3903 1701 3958 de

474 3974 664 4028 Levitis
697 3985 849 4045 atque
879 3976 1118 4045 obsequio
1142 3992 1340 4028 eorum.

170 4068 324 4141 (Car.
362 4065 472 4137 In.)
509 4065 844 4135 Locutusque
880 4074 953 4119 est
995 4063 1250 4118 Dominus
1285 4064 1353 4117 ad
1381 4063 1595 4134 Moysen
1623 4063 1703 4117 di-

117 4180 216 4218 cens
243 4183 255 4216 :
290 4161 521 4232 Applica
552 4161 744 4213 tribum
775 4159 916 4225 Levi,
968 4169 1017 4212 et
1042 4161 1128 4229 fac
1169 4169 1312 4213 stare
1339 4161 1393 4213 in
1426 4167 1701 4228 conspectu

117 4255 278 4309 Aaron
305 4255 604 4309 sacerdotis
633 4263 686 4306 nt
729 4254 1022 4307 ministrent
1052 4253 1128 4317 ei,
1161 4262 1209 4306 et
1242 4252 1492 4306 ercubent
1526 4260 1575 4306 et
1611 4251 1702 4306 ob-

117 4361 298 4403 servent
326 4348 591 4418 quidquid
615 4347 684 4400 ad
731 4346 925 4400 cultant
971 4348 1192 4418 pertinet
1226 4346 1574 4400 multitudinis
1614 4363 1702 4400 co-

120 4457 215 4492 ram
241 4441 590 4496 tabernaculo
619 4440 919 4503 testimonii,
967 4450 1013 4493 et
1049 4440 1342 4494 custodiant
1376 4458 1497 4494 rasa
1527 4441 1700 4492 taber-

120 4533 278 4584 naculi
307 4532 593 4585 servientes
643 4531 694 4582 in
738 4532 1026 4583 ηιὶηἱειείὶο
1075 4531 1210 4600 ejus.
1260 4530 1521 4602 Dabisque
1559 4530 1696 4582 dono

1796 3338 2204 3412 primogenitis,
2247 3337 2431 3408 populi
2469 3337 2561 3408 qui
2587 3335 2787 3414 plures
2808 3332 3016 3390 inventi
3063 3338 3191 3396 sunt
3232 3344 3396 3402 quant

1797 3440 1914 3486 erat
1965 3444 2225 3486 numerus
2275 3429 2627 3493 Levitarum,
2693 3434 2919 3497 argento
2973 3421 3399 3488 redimerentur,

1799 3523 1938 3577 sicut
1972 3523 2027 3576 in
2062 3521 2519 3590 consequentibus
2546 3517 2709 3589 hujus
2737 3519 2865 3574 libri
2896 3516 3180 3587 Scriptura
3223 3524 3396 3568 testa-

1801 3627 1910 3682 tur,
1956 3619 2193 3686 quinquc
2225 3615 2372 3669 siclis
2407 3630 2506 3684 pro
2543 3629 2652 3668 uno
2680 3611 2844 3676 datis,
2893 3609 3035 3684 quod
3066 3623 3164 3679 pro
3186 3604 3401 3678 pecori-

1799 3708 1905 3761 bus
1934 3723 2038 3758 non
2082 3713 2165 3759 est
2214 3704 2417 3756 factum
2448 3718 2573 3755 cum
2619 3711 2897 3769 etpccora
2941 3699 3255 3751 Levitarum
3295 3708 3396 3764 pro

1798 3797 2176 3872 primogenitis
2205 3811 2460 3868 pecorum
2482 3793 2648 3848 Israel
2679 3792 2780 3848 sibi
2810 3805 2928 3845 esse
2951 3785 3225 3843 voluerit?
3263 3785 3402 3853 Quo-

1801 3893 1962 3950 modo
1989 3893 2242 3962 deinceps
2286 3888 2648 3960 primogenita
2689 3900 2878 3942 eorum
2910 3881 2992 3937 vel
3021 3895 3280 3952 pecorum
3311 3894 3403 3933 co—

1802 4003 1921 4042 rum
1951 3986 2297 4056 pertinebant
2319 3985 2385 4040 ad
2407 3983 2598 4048 Deum,
2624 3980 2712 4035 ubi
2738 3978 2903 4058 jussit
2918 3973 3281 4048 primogenita
3314 3969 3396 4026 vel

1803 4078 2039 4134 humana
2063 4077 2264 4132 mutari
2289 4075 2520 4133 ovibus?
2555 4071 2835 4141 Quomodo
2875 4086 2982 4124 non
3011 4068 3266 4138 deinceps
3300 4079 3398 4136 pro

1804 4171 1923 4227 istis
1967 4169 2342 4241 primogenitis
2394 4166 2853 4238 computabuntur
2904 4161 3000 4216 ﬁlii
3036 4155 3400 4214 chitarum?

1804 4263 2053 4317 Manebat
2083 4261 2226 4316 enim
2256 4261 2306 4316 in
2336 4259 2570 4330 posteris
2599 4252 2788 4311 eadem
2817 4254 3012 4314 tribus,
3065 4265 3184 4322 qum
3214 4256 3400 4319 posset

1800 4372 1898 4426 pro
1922 4353 2298 4426 primogenitis
2327 4350 2718 4422 posterioribus
2752 4343 3056 4414 computari
3085 4361 3097 4395 :
3139 4341 3242 4394 nisi
3271 4341 3396 4410 quia

1802 4443 1930 4500 illud
1951 4443 2157 4513 justum
2191 4443 2310 4508 fuit,
2350 4451 2410 4498 ut
2437 4442 2528 4513 qui
2558 4446 2912 4496 nascerentur
2940 4434 3007 4487 de
3041 4431 3145 4484 illis
3176 4429 3399 4498 quijam

1801 4539 1866 4592 ad
1897 4537 2201 4606 portionem
2229 4533 2442 4589 Domini
2471 4532 2814 4604 pertinebant
2841 4566 2855 4591 ,
2911 4523 3021 4576 dati
3068 4537 3166 4592 pro
3193 4519 3400 4591 primo-

118 4617 306 4676 Leritas
348 4625 560 4688 Aaron,
590 4632 636 4675 et
661 4620 760 4690 lilii
785 4622 895 4691 ejus
918 4621 1104 4692 quibus
1135 4621 1314 4674 traditi
1342 4631 1461 4675 sunt
1505 4640 1536 4676 α
1573 4621 1701 4692 ﬁliis
1728 4616 1782 4676 D
1807 4631 2002 4701 genitis
2043 4629 2133 4699 qui
2165 4627 2229 4682 de
2255 4626 2490 4696 ASgypto
2523 4623 2796 4683 exierunt,
2835 4616 2949 4686 jam
2974 4614 3117 4669 Deus
3149 4613 3399 4686 proprios

121 4711 289 4770 Israel.
348 4718 540 4770 Aaron
585 4723 832 4769 autemet
875 4713 1013 4784 ﬁlios
1055 4715 1169 4785 ejus
1207 4715 1486 4768 constitues
1544 4732 1700 4785 super

118 4806 296 4862 cultum
329 4807 652 4862 sacerdotis.
687 4805 1035 4876 Septuaginta
1069 4824 1082 4862 :
1141 4805 1210 4858 Et
1247 4804 1449 4859 loculus
1480 4815 1556 4860 est
1601 4805 1702 4859 Do-

118 4899 270 4952 minus
301 4901 370 4954 ad
403 4898 631 4970 Moysen
662 4897 877 4951 dicens:
911 4897 1097 4969 Accipe
1121 4897 1314 4950 tribum
1341 4896 1481 4961 Levi,
1522 4905 1568 4951 et
1599 4905 1702 4951 sta-

119 4999 214 5044 tues
257 5010 341 5047 eos
375 4994 441 5047 in
493 4999 767 5060 conspectu
818 4988 994 5042 Aaron
1041 4991 1326 5043 sacerdotis
1356 4999 1404 5044 et
1431 4990 1701 5043 ministra-

119 5080 226 5137 bant
253 5087 339 5152 ei;
389 5093 449 5139 et
483 5083 770 5136 custodient
797 5078 1060 5135 custodias
1101 5082 1332 5150 ﬁliorum
1365 5081 1536 5136 Israel
1582 5091 1702 5135 ante

119 5175 511 5229 tabernaculum
539 5174 839 5228 testimonii.
885 5171 1010 5245 (Ea:
1045 5171 1376 5244 Augustino.)
1426 5172 1572 5239 Quas
1599 5194 1698 5247 φυε

115 5265 254 5328 lanii;
277 5267 514 5324 Grmcus
546 5263 700 5330 dixit,
731 5263 834 5320 bas
864 5265 1034 5319 nostri
1065 5265 1387 5333 interpretes
1415 5264 1504 5317 alii
1528 5274 1703 5319 custo-

118 5360 242 5423 dias,
272 5363 364 5416 alii
393 5360 657 5416 cxcubias
685 5355 1021 5428 interpretati
1052 5365 1197 5412 sunt.
1249 5355 1354 5411 Sed
1384 5357 1578 5410 mirum
1601 5357 1702 5411 nisi

117 5449 300 5519 vigilia:
329 5452 535 5507 melius
565 5450 819 5505 dicuntur
841 5490 854 5514 ,
892 5466 1010 5519 qua
1035 5450 1206 5503 solent
1239 5457 1511 5503 ternarum
1542 5449 1702 5503 hora-

117 5544 228 5596 rum
283 5544 702 5600 observationes
755 5541 976 5599 babere.
1047 5542 1200 5598 Unde
1263 5544 1520 5614 scriptum
1574 5551 1698 5596 est:

120 5632 313 5698 Quarta
352 5647 536 5691 autem
585 5634 762 5708 vigilia
813 5637 978 5690 noctis
1028 5637 1160 5690 venit
1191 5635 1260 5689 ad
1292 5653 1378 5690 eos
1425 5635 1700 5691 ambulans

115 5740 260 5796 super
283 5745 436 5782 mare
461 5723 675 5799 (Matth.
707 5725 840 5801 xw),
873 5728 977 5789 hoc
999 5736 1104 5796 est,
1125 5736 1254 5800 post
1279 5745 1474 5786 nouam
1510 5731 1702 5786 horam

117 5820 308 5890 noctis,
336 5829 469 5900 post
501 5830 615 5879 tres
668 5817 913 5880 videlicet
959 5822 1190 5895 vigilias.
1237 5823 1306 5880 Et
1348 5823 1533 5881 multis
1568 5823 1702 5883 locis

1804 4723 2029 4775 haberet
2056 4729 2313 4787 tanquam
2355 4731 2481 4770 suos
2504 4715 2568 4767 de
2604 4712 2740 4775 suis,
2774 4725 2874 4765 nec
2897 4713 3119 4779 possent
3145 4721 3243 4776 pro
3293 4705 3398 4760 illis

1798 4813 1944 4883 juste
1973 4809 2306 4878 computari,
2350 4807 2441 4877 qui
2481 4806 2734 4874 deinceps
2765 4799 3110 4874 primogeniti
3151 4798 3265 4854 Deo
3295 4799 3392 4852 de-

1805 4904 2092 4958 bebantur.
2145 4903 2220 4956 De
2268 4899 2520 4955 universo
2555 4897 2751 4968 quippe
2794 4894 2991 4967 populo
3039 4901 3093 4947 ct
3131 4891 3396 4946 universis

1804 4995 2094 5066 pecoribus
2123 4993 2326 5067 populi,
2380 4991 2504 5046 data
2533 4997 2617 5045 est
2659 4989 2834 5060 portio
2865 4990 2974 5043 Deo
2999 5003 3100 5060 pro
3129 4986 3398 5056 primoge-

1805 5087 1969 5141 nitis:
2025 5094 2079 5142 et
2121 5087 2234 5140 lucc
2262 5083 2441 5156 portio
2470 5090 2585 5136 crat
2627 5081 2828 5136 Levita:
2858 5090 2912 5136 ct
2941 5094 3138 5150 pecora
3187 5093 3393 5134 eorum.

1804 5176 1924 5233 Jam
1967 5179 2011 5233 si
2062 5177 2191 5249 quid
2229 5176 2538 5248 genuissent
2575 5173 2671 5227 Dei
2705 5181 2851 5239 erat,
2897 5188 3002 5227 non
3043 5178 3254 5240 poterat
3297 5169 3396 5221 hoc

1807 5284 2064 5344 tanquam
2096 5287 2124 5323 a
2153 5267 2348 5339 populo
2394 5267 2530 5332 dari,
2565 5266 2708 5336 quod
2740 5266 2974 5322 alienum
3014 5271 3151 5316 erat.
3195 5258 3272 5311 Ac
3299 5272 3398 5326 per

1805 5366 1910 5420 hoc
1944 5363 2122 5417 debila
2155 5360 2409 5434 deinceps
2433 5359 2793 5430 primogenita
2831 5359 2939 5410 Deo
2979 5351 3127 5406 reddi
3173 5356 3393 5418 oporte-

1806 5458 1938 5523 bat;
1971 5472 2070 5510 ncc
2102 5469 2200 5526 pro
2223 5453 2309 5510 his
2350 5453 2651 5524 computari
2682 5460 2927 5522 posteros
2954 5443 3266 5512 Levitarum
3313 5437 3394 5492 vel

1802 5563 2058 5620 pecorum
2081 5561 2287 5602 eorum.
2324 5544 2390 5599 Et
2413 5554 2582 5608 erunt,
2611 5542 2804 5613 inquit,
2836 5537 3026 5591 Levita'
3050 5533 3149 5585 mei
3173 5545 3190 5582 .·
3218 5546 3395 5583 meum

1804 5643 1940 5698 enim
1991 5648 2065 5694 est
2097 5655 2246 5693 omne
2269 5638 2694 5710 primogenitum.
2759 5630 2844 5684 Ea:
2886 5627 2969 5680 die
3011 5641 3114 5696 qua
3163 5621 3398 5695 percussi

1805 5751 1953 5793 omne
1981 5733 2380 5808 primogenitum
2404 5733 2460 5786 in
2482 5740 2619 5785 terra
2647 5722 2717 5778 1E
2723 5721 2886 5793 gypii,
2911 5717 3040 5772 mihi
3065 5715 3391 5786 Sancti/icasi

1804 5843 1954 5884 omne
1973 5824 2310 5898 primitivum.
2343 5821 2541 5880 Notum
2563 5823 2645 5874 est
2670 5812 2813 5890 quod
2836 5810 3064 5871 historia
3086 5811 3392 5891 contineat,
