3892 6346
468 316 595 428 an

1105 353 1184 420 B.
1209 359 1464 420 RABANI
1501 357 1724 418 MAURI
1751 353 2082 416 'ARCHIEP.
2111 351 2432 414 ‘MOGUN'I‘.
2475 353 2761 413 ορειιυιι
2797 353 2983 412 PARS
3016 353 3060 414 I.

468 473 734 554 quomodo
773 477 1032 550 percussa
1084 478 1192 533 sint
1239 478 1598 549 primogenita
1647 473 2047 546 Egyptiomm,
2075 476 2126 534 Α
2152 473 2432 526 venienter
2470 472 2538 526 ad
2575 470 2912 526 tabernaculi
2943 469 3226 526 servitium
3271 480 3328 528 et
3383 486 3565 532 onera
3617 493 3736 548 ικπ.

467 589 588 631 cum
623 573 852 644 populus
877 571 1043 626 Israel
1082 571 1368 626 duceretur
1411 569 1476 623 de
1523 565 1778 639 Egypto.
1821 565 1934 620 Iloc
1965 571 2066 620 est

466 682 597 738 ergo
635 663 779 735 quod
807 664 861 719 in
911 665 1015 718 hoc
1063 661 1180 717 loco
1233 663 1535 716 indicatur:
1581 661 1706 729 quia
1745 675 1854 714 non
1897 658 2048 726 prius

466 755 789 812 sanctiﬁcati
825 762 952 808 sunt
979 752 1321 824 primogeniti
1364 750 1531 806 Israel
1559 791 1575 815 ,
1611 764 1774 820 quam
1801 754 2050 819 percute-

468 857 656 903 rentur
700 845 1077 919 Egyptiorum
1123 843 1488 916 primogeniti.
1539 843 1607 897 Et
1634 842 1787 912 quasi
1832 856 2049 896 causam

467 937 934 1002 sanctiﬁcationis,
967 936 1156 991 horam
1183 935 1240 990 in
1270 933 1493 989 interitu
1515 942 1570 988 et
1590 947 1722 986 nece
1746 931 1902 1002 ponit
1931 929 2052 986 illo-

468 1045 607 1085 rum.
650 1028 804 1083 Unde
831 1036 887 1082 et
922 1027 1012 1082 hic
1062 1025 1466 1096 intelligendum
1508 1031 1588 1079 est
1634 1037 1753 1078 esse
1789 1023 2050 1092 quosdam

466 1118 852 1190 primogenitos
879 1117 932 1171 in
956 1115 1225 1187 Egyptiis
1248 1117 1432 1181 etiam,
1464 1115 1518 1170 id
1546 1124 1647 1179 est,
1683 1114 1737 1168 in
1766 1113 2052 1169 contrariis

465 1207 827 1280 potestatibus
849 1207 1001 1277 quasi
1031 1205 1232 1261 electos
1257 1207 1312 1260 in
1336 1204 1564 1269 malitia,
1601 1211 1655 1257 et
1677 1202 1882 1272 primos
1911 1203 2056 1257 inter

469 1297 773 1352 daemones:
803 1297 894 1365 qui
922 1297 1024 1350 nisi
1052 1297 1294 1366 percussi
1325 1295 1589 1350 fuerint’et
1619 1294 1896 1360 exstincti,
1923 1307 2052 1348 san-

468 1387 850 1443 ctilicationem
871 1387 1151 1457 percipere
1183 1385 1548 1440 Israelitarum
1572 1384 1912 1455 primogeniti
1938 1399 2054 1438 om-

467 1482 597 1538 nino
625 1495 731 1533 non
764 1488 1012 1548 possunt.
1070 1478 1202 1546 Quis
1244 1493 1373 1550 ergo
1399 1486 1484 1533 est
1529 1478 1621 1548 qui
1663 1475 2054 1547 primogenitos

467 1570 865 1641 Egyptiorum,
914 1571 966 1626 id
995 1580 1096 1636 est,
1148 1569 1483 1641 principatus
1526 1578 1580 1622 ct
1620 1573 1919 1639 potestates
1947 1567 2056 1621 dte-

468 1677 688 1717 monum
723 1663 991 1732 percussit
1013 1665 1037 1716 ?
1068 1662 1256 1717 Nonne
1269 1663 1528 1716 Dominus
1556 1675 1710 1715 meus
1728 1659 1884 1714 Iesus
1905 1657 2056 1714 Chri-

2147 565 2331 629 tanda,
2378 579 2476 634 per
2505 579 2695 634 gyrum
2732 561 3064 617 tabernaculi
3094 572 3273 618 castra
3303 568 3568 621 metanda
3593 579 3732 641 apta-

2149 664 2369 721 rentur,
2413 655 2731 725 dispositum
2756 663 2860 711 est.
2907 653 3018 710 Nec
3044 655 3209 710 etiam
3237 657 3341 712 hoc
3391 659 3522 714 sine
3552 665 3732 731 grandi

2147 747 2408 817 mysterio
2458 745 2576 801 ﬁeri
2625 745 2951 801 credendum
3002 752 3106 800 est.
3166 745 3272 801 Sed
3319 763 3423 804 nos
3451 763 3635 818 pauca
3671 753 3731 812 de

2149 835 2333 892 multis
2356 850 2456 904 pro
2481 836 2748 906 parvitate
2771 849 2964 891 sensus
2984 837 3156 891 nostri
3193 837 3438 893 breviter
3461 839 3725 913 attingen-

2151 935 2234 982 tes
2276 925 2482 995 majora
2531 925 2948 995 perfectioribus
2991 926 3362 995 relinquemus
3392 935 3723 999 eXponenda.

2151 1019 2394 1074 Diximus
2423 1033 2550 1088 ergo
2574 1017 2789 1072 Levitas
2831 1016 3258 1072 ecclesiasticum
3285 1019 3546 1074 ordinem
3579 1022 3727 1091 signi-

2153 1109 2352 1164 ﬁcare:
2385 1110 2528 1178 quod
2550 1109 2688 1164 bene
2716 1109 2891 1177 ipsum
2919 1124 3115 1163 nomen
3152 1124 3248 1164 sua
3285 1111 3724 1180 interpretatione

2152 1199 2480 1254 manifestat.
2513 1199 2904 1269 Interpretatur
2929 1199 3085 1268 enim
3103 1199 3232 1254 Levi
3257 1201 3485 1256 additus
3523 1204 3632 1258 sive
3652 1223 3722 1259 as-

2152 1300 2406 1360 sumptus.
2460 1289 2783 1360 Assumptus
2837 1305 2968 1361 ergo
3016 1291 3132 1347 sive
3189 1293 3405 1348 additus
3455 1295 3719 1353 doctorum

2152 1385 2286 1439 ordo
2312 1390 2458 1437 recte
2481 1383 2664 1438 vocari
2686 1392 2882 1453 potest,
2913 1384 3039 1453 quia
3064 1399 3164 1453 per
3185 1385 3420 1455 gratiam
3447 1403 3717 1458 supernam

2154 1475 2220 1528 de
2247 1475 2450 1528 mundo
2477 1472 2652 1529 elatus
2698 1473 2767 1527 ad
2814 1473 3056 1529 divinum
3105 1473 3345 1530 ofﬁcium
3377 1477 3716 1546 implendam,

2153 1567 2318 1620 coetui
2367 1573 2678 1619 sanctorum
2721 1565 3035 1635 angelorum
3080 1566 3296 1622 additus
3345 1576 3520 1638 atque
3563 1574 3718 1626 unitas

2152 1667 2254 1714 est.
2284 1659 2437 1715 Unde
2449 1658 2698 1713 Salvator
2719 1659 2774 1712 in
2787 1658 3078 1728 Evangelia
3099 1661 3358 1728 apostolis
3382 1663 3467 1717 ait
3485 1680 3502 1715 :
3528 1663 3628 1733 Ego
3641 1681 3714 1717 eos

469 1759 602 1817 stus,
626 1752 717 1821 qui
748 1761 832 1808 est
860 1754 1250 1824 pt‘imogenitus
1275 1754 1454 1808 omnis
1481 1762 1764 1816 creaturae,
1782 1752 1873 1822 qui
1902 1751 2054 1822 prin-
2079 1821 2116 1824 _
2155 1751 2286 1822 elegi
2298 1751 2361 1805 de
2375 1751 2591 1816 mundo,
2616 1759 2671 1803 ut
2695 1751 2826 1804 eatis
2851 1759 2898 1803 et
2923 1749 3156 1818 fructum
3177 1751 3443 1818 olentis,
3466 1763 3520 1806 et
3544 1755 3714 1823 fruetus

469 1843 681 1912 cipatus
710 1851 766 1897 ct
795 1821 1090 1912 potestates
1130 1843 1385 1897 adversas
1415 1841 1670 1904 traduxit,
1716 1821 2052 1910 triumphans
2079 1821 2130 1882 Β
2155 1821 2316 1898 tester
2331 1850 2541 1896 maneat
2561 1839 2742 1911 (Joan.
2759 1838 2956 1910 xv).Et
2973 1839 3100 1895 alibi
3111 1839 3180 1894 de
3191 1821 3590 1898 resurrectione
3607 1859 3711 1899 vera

471 1948 566 1988 eos
593 1933 647 1988 in
672 1935 874 1990 cruce?
905 1936 1051 2001 Quos
1075 1935 1260 2004 utique
1286 1936 1392 1990 nisi
1418 1935 1506 1990 ille
1530 1937 1907 2004 percussisset,
1932 1950 2055 1991 san—

471 2025 729 2080 ctiﬁcatio
761 2027 828 2080 ad
855 2041 954 2081 nos
1000 2027 1344 2097 primitivalis
1393 2027 1577 2082 venir’e
1625 2027 1930 2082 nullatenus
1957 2041 2054 2096 po-

471 2115 682 2171 tuisset.
729 2115 802 2172 Ut
831 2123 1010 2171 autem
1039 2118 1195 2172 nobis
1227 2117 1626 2187 primitivorum
1651 2118 2056 2174 benedictiones

470 2204 716 2272 donaret,
770 2205 1005 2262 efﬁcitur
1054 2207 1206 2276 prius
1237 2207 1351 2277 ipse
1386 2209 1760 2278 primogenitus
1804 2226 1869 2263 ea:
1911 2225 2055 2263 mor-

470 2297 595 2363 tuis,
614 2306 671 2351 ut
698 2297 764 2352 sit
789 2299 845 2352 in
867 2299 1161 2353 hominibus
1187 2298 1296 2370 ipse
1315 2300 1599 2370 primatum
1622 2308 1801 2354 tenens
1827 2299 2051 2372 (Coloss.

468 2383 549 2456 ι);
592 2395 646 2441 et
687 2403 788 2443 nos
814 2389 1098 2442 credentes
1146 2390 1565 2444 resurrectionis
1599 2405 1710 2444 suae
1756 2399 2057 2446 assumeret

469 2490 569 2544 pro
596 2475 908 2544 primitivis,
953 2485 1007 2531 et
1031 2477 1085 2531 in
1115 2477 1514 2548 primitivorum
1545 2479 1794 2535 ordinem
1829 2482 2058 2537 colloca-

469 2575 575 2630 ret,
607 2565 653 2619 si
677 2575 854 2621 tamen
883 2567 1320 2622 benedictionum
1349 2569 1580 2638 gratiam
1606 2585 1779 2640 usque
1804 2571 1871 2625 ad
1893 2573 2056 2627 ﬁnem

471 2655 682 2710 ﬁrmam
711 2658 1060 2723 retineamus,
1111 2660 1279 2730 adjuti
1325 2661 1698 2716 misericordia
1741 2663 1910 2731 ipsius
1953 2664 2058 2720 Do-

468 2747 602 2801 mini
633 2749 805 2802 nostri
833 2749 960 2804 Jesu
979 2749 1200 2805 Christi.
1238 2750 1342 2806 Sed
1371 2760 1426 2806 et
1447 2755 1590 2822 quod
1612 2755 1707 2817 ait,
1745 2769 1844 2824 pro
1863 2756 2059 2826 primi-

467 2836 581 2891 tivo
607 2838 751 2907 quod
780 2839 956 2908 aperit
977 2841 1213 2907 vulvam,
1247 2842 1504 2899 continuo
1535 2844 1726 2914 dignus
1751 2846 2060 2902 sanctiﬁca-

469 2926 620 2981 tione
655 2928 1020 2998 primitivatus
1049 2931 1331 2988 habendus
1361 2942 1445 2988 est
1463 2975 1478 3000 ,
1518 2936 1646 3005 quia
1669 2936 1801 2992 etin
1830 2937 2059 2994 Psalmis

469 3015 719 3088 leginus,
773 3021 917 3089 quod
950 3020 1167 3076 alienati
1209 3035 1331 3079 sunt
1381 3036 1675 3095 peccatores
1704 3047 1737 3083 a
1777 3029 1950 3096 vulva,
1979 3046 2062 3084 er-

475 3117 722 3162 raverunt
761 3125 794 3162 a
836 3118 1034 3176 ventre,
1091 3113 1251 3168 locuti
1304 3124 1424 3170 sunt
1469 3116 1606 3186 falsa
1675 3115 1849 3188 (Psal.
1899 3119 2055 3190 Lvn).

2151 1940 2205 1988 et
2228 1940 2537 1987 sanctorum
2563 1930 2731 2002 gloria
2754 1931 3044 1997 disserens,
3071 1933 3405 1988 tentantibus
3424 1932 3615 1990 Judaeis
3638 1952 3709 1990 re-

2152 2023 2370 2095 spondit
2399 2041 2413 2076 :
2444 2022 2512 2076 In
2541 2023 2915 2077 resurrectione
2964 2024 3100 2076 enim
3148 2040 3314 2093 neque
3357 2026 3551 2079 nubent
3577 2044 3713 2096 neque

2154 2115 2428 2178 nubentur,
2457 2114 2548 2168 sed
2577 2122 2698 2167 sunt
2726 2114 2862 2167 sicut
2885 2113 3057 2183 angeli
3084 2113 3182 2167 Dei
3208 2115 3263 2168 in
3285 2115 3430 2170 celo.
3457 2117 3585 2172 Tres
3604 2133 3714 2188 ergo

2153 2203 2250 2258 lilii
2295 2203 2424 2258 Levi
2472 2204 2692 2258 eosdem
2742 2210 2960 2258 sanctos
3000 2203 3383 2273 praedicatum
3425 2206 3712 2276 designant,

2154 2302 2355 2349 sanctae
2407 2293 2690 2349 Trinitatis
2723 2293 3062 2350 confessione
3108 2295 3362 2366 insignes,
3407 2304 3561 2366 atque
3596 2300 3713 2362 ﬁde,

2155 2399 2249 2456 spe
2277 2393 2332 2438 et
2364 2383 2631 2440 charitate
2662 2385 2819 2440 valde
2851 2384 3222 2440 admirabiles.
3270 2385 3382 2440 Nec
3415 2386 3538 2440 huic
3564 2402 3716 2456 expo-

2156 2475 2358 2541 sitioni,
2399 2491 2588 2531 eorum
2623 2476 2903 2531 hominum
2946 2477 3327 2548 interpretatio
3363 2478 3540 2548 aliquo
3578 2481 3714 2535 modo

2156 2575 2444 2637 repugnat,
2479 2568 2576 2622 sed
2613 2566 2769 2622 valde
2815 2568 3129 2642 concordat.
3167 2569 3562 2640 Interpretatur
3591 2572 3714 2626 enim

2157 2658 2366 2714 Gerson
2396 2658 2628 2724 advena;
2671 2666 2728 2714 et
2753 2659 2923 2714 Caath
2962 2659 3217 2727 patientia
3248 2659 3336 2714 vel
3367 2661 3588 2715 molares
3612 2661 3715 2714 den-

2160 2757 2234 2800 tes
2248 2764 2267 2813 ;
2296 2747 2492 2802 Merari
2525 2764 2709 2802 amara
2748 2748 2861 2802 sive
2905 2748 3225 2802 amaritudo.
3258 2747 3573 2820 Quicunque
3593 2750 3714 2803 enim

2158 2840 2463 2896 ministerio
2494 2840 2675 2894 divino
2723 2841 2827 2896 rite
2870 2839 3232 2910 mancipatur,
3278 2839 3544 2897 advenam
3586 2858 3636 2896 se
3673 2850 3718 2896 et

2159 2932 2508 3002 peregrinum
2529 2931 2584 2985 in
2613 2931 2716 2986 hoc
2737 2930 2938 2986 mundo
2959 2945 3080 2985 esse
3096 2931 3376 3002 agnoscit;
3404 2940 3462 2986 et
3481 2932 3718 3003 patientia

2161 3036 2382 3091 operam
2426 3022 2580 3088 dans,
2631 3022 2858 3076 verbum
2903 3021 3142 3076 divinum
3195 3021 3361 3077 dente
3411 3022 3718 3080 discretionis

2163 3114 2368 3170 molere
2387 3121 2549 3184 atque
2571 3114 2939 3169 comminuere
2961 3115 3256 3170 secundum
3282 3115 3582 3171 auditorum
3605 3129 3719 3184 qua-

473 3197 628 3264 Quod
654 3199 840 3268 utique
868 3202 1164 3256 secundum
1209 3203 1444 3260 litteram
1469 3181 1626 3262 nullo
1673 3181 1834 3263 modo
1860 3181 2055 3278 potest.
2086 3181 2132 3247 σε
2163 3206 2370 3261 litatem
2413 3181 2520 3260 non
2561 3205 2850 3260 detractat.
2901 3205 3126 3276 Insuper
3173 3214 3229 3262 et
3272 3208 3376 3263 sibi
3419 3181 3721 3262 amareseete

475 3283 703 3351 Quando
726 3287 872 3340 enim
897 3290 1019 3356 quis
1046 3305 1232 3346 errare
1259 3295 1436 3362 potuit
1462 3311 1492 3350 a
1521 3297 1608 3350 via
1644 3296 1761 3360 Dei,
1793 3299 1977 3353 statim
2003 3308 2065 3355 ut

474 3377 544 3431 de
579 3383 768 3431 ventre
794 3380 984 3435 matris
1018 3383 1228 3437 exivit?
1271 3385 1382 3439 Aut
1404 3390 1674 3455 quomodo
1709 3391 1884 3458 potuit
1929 3391 2065 3448 falsa

479 3466 661 3536 loqui,
697 3469 789 3537 qui
821 3483 994 3540 nuper
1019 3472 1198 3528 editus
1233 3482 1316 3529 est
1343 3488 1497 3545 puer,
1521 3477 1606 3532 vel
1634 3479 2066 3552 qualemcunque

475 3559 725 3628 proferre
766 3562 1120 3618 sermonem?
1163 3564 1298 3621 Cum
1339 3582 1468 3638 ergo
1499 3569 1833 3639 impossibile
1881 3574 1952 3628 sit
1978 3575 2066 3630 vel

477 3665 662 3706 errare
684 3652 920 3722 aliquem
943 3669 972 3708 a
998 3665 1206 3721 ventre,
1231 3655 1315 3712 vel
1338 3657 1483 3728 loqui
1509 3657 1663 3727 falsa,
1697 3665 2066 3720 necessarium

477 3745 602 3809 erit,
653 3755 708 3800 ct
735 3754 976 3801 ventrem
1013 3756 1069 3802 et
1098 3749 1312 3804 vulvam
1347 3751 1510 3806 talem
1554 3754 1783 3822 requiri,
1824 3757 1910 3810 cui
1937 3771 2067 3811 con-

477 3837 662 3891 venire
696 3839 864 3907 possit
893 3838 1095 3893 dictum
1123 3841 1245 3906 hoc,
1274 3842 1417 3910 quod
1445 3843 1661 3896 alienati
1690 3855 1810 3898 sunt
1832 3857 2067 3915 peccato-

479 3941 561 3980 res
587 3943 621 3979 ιι
646 3926 818 3993 vulva,
845 3937 1148 3983 erraverunt
1171 3930 1236 3982 ab
1268 3938 1440 3995 utero,
1465 3929 1626 3984 locuti
1651 3943 1772 3986 sunt
1805 3933 1944 4002 falsa
1967 3952 1986 4000 ;
2014 3942 2068 3990 et

480 4014 571 4069 illa
615 4016 780 4070 etiam
810 4016 989 4083 vulva,
1040 4032 1205 4087 quam
1239 4021 1520 4091 adaperiat
1560 4023 1736 4077 omnis
1761 4025 2068 4093 primitivus

481 4107 574 4175 qui
603 4107 992 4162 sanctiﬁcatur.
1026 4111 1322 4181 Adaperuit
1363 4113 1654 4184 aliquando
1685 4117 1828 4170 Deus
1852 4118 2065 4174 vulvam

484 4196 593 4249 Lina
621 4212 740 4266 quae
769 4206 887 4250 erat
916 4199 1120 4264 clausa,
1151 4212 1206 4256 et
1229 4207 1438 4274 peperit
1474 4208 1848 4276 patriarchas;
1879 4206 2070 4267 simili-

486 4299 571 4346 ter
602 4297 658 4346 et
685 4291 887 4346 Rachel
907 4303 968 4346 ut
994 4303 1210 4362 pareret
1235 4299 1401 4353 etiam
1434 4302 1569 4370 ipsa,
1597 4302 1750 4371 cujus
1783 4305 1928 4360 visus
1950 4315 2068 4361 erat

482 4383 767 4454 perspicax
800 4391 856 4437 et
895 4384 1122 4440 decorus
1157 4396 1424 4456 aspectus.
1485 4390 1591 4446 Sed
1639 4395 1694 4446 in
1737 4395 1920 4449 multis
1946 4397 2067 4452 aliis

486 4473 775 4544 Scriptura:
803 4476 937 4531 locis
983 4476 1227 4534 invenies
1255 4480 1522 4551 adaperiri
1567 4483 1772 4540 vulvas.
1825 4487 2063 4554 Quarum

483 4565 529 4616 si
558 4565 794 4633 singulas
837 4581 934 4635 per
973 4567 1091 4623 loca
1135 4569 1475 4639 consideres,
1525 4575 1767 4631 invenies
1801 4581 1962 4635 modo
2005 4592 2066 4637 ut

484 4663 667 4707 errent
693 4666 1005 4724 peccatores
1046 4677 1078 4716 a
1115 4664 1303 4728 vulva,
1338 4674 1393 4719 et
1429 4667 1516 4721 alii
1545 4669 1920 4739 adapericntes
1948 4674 2066 4729 vul-

486 4761 608 4799 vam
635 4749 1040 4807 sanctiﬁcentur
1069 4755 1123 4810 in
1151 4757 1419 4812 ordinem.

558 4833 882 4904 Locutusque
907 4851 981 4894 est
1007 4842 1261 4900 Dominus
1301 4847 1370 4899 ad
1402 4847 1618 4919 Moysen
1643 4852 1699 4904 in
1737 4851 1940 4906 deserto
1972 4853 2060 4909 Si—

486 4923 574 4975 καί
594 4923 770 4978 dicens
800 4939 818 4976 :
849 4925 1086 4984 Numera
1112 4933 1251 5000 ﬁlios
1279 4937 1661 5004 primitivorum
1700 4939 1822 4995 Levi
1850 4959 1943 5010 per
1964 4944 2064 4998 do-

485 5028 596 5065 mos
630 5022 840 5082 patrum
864 5032 1080 5070 suorum
1103 5031 1150 5073 et
1174 5023 1423 5091 fantilias,
1451 5043 1604 5081 omne
1624 5031 1972 5086 masculinum
1993 5035 2061 5088 ab

483 5117 590 5156 uno
621 5120 759 5158 anno
786 5116 833 5159 et
858 5123 1038 5176 supra.
1077 5109 1378 5170 Numeravit
1409 5129 1586 5174 autem
1615 5120 1822 5192 Moyses
1852 5132 1908 5176 ut
1931 5141 2062 5195 pm!-

484 5202 686 5282 ceperat
720 5193 998 5262 Dominus,
1024 5206 1071 5250 et
1101 5200 1292 5257 inventi
1321 5219 1438 5260 sunt
1462 5209 1562 5278 ﬁlii
1592 5209 1714 5265 Levi
1736 5227 1829 5282 per
1850 5193 2062 5271 nomina

484 5299 601 5347 sua,
636 5280 854 5351 Gerson,
877 5295 928 5340 et
957 5287 1147 5354 Caath,
1178 5303 1225 5345 et
1258 5294 1474 5352 Merari.
1524 5299 1653 5356 Filii
1681 5280 1900 5370 Gerson,
1927 5307 2062 5361 Lab-

486 5375 540 5426 ni
588 5385 637 5427 et
673 5373 865 5430 Semei.
893 5375 1023 5433 Filii
1047 5378 1215 5436 Caath
1241 5385 1495 5454 Amiram,
1522 5402 1568 5445 et
1592 5393 1839 5462 Gessaar,
1878 5397 2060 5454 Ebron

483 5473 532 5516 et
564 5463 730 5518 Oziel.
799 5464 930 5521 Filii
965 5467 1186 5536 Hermi,
1243 5472 1407 5529 Μυοιὶ
1449 5488 1498 5532 et
1544 5480 1707 5548 Muri,
1759 5493 1866 5540 etc.
1925 5488 2064 5545 Ecce

487 5551 665 5626 Moyse
708 5555 860 5624 jussu
908 5559 1004 5615 Dei
1052 5574 1375 5620 numerante
1421 5568 1620 5623 tribum
1667 5571 1796 5628 Levi
1841 5576 1910 5630 ab
1953 5593 2064 5633 uno

486 5661 670 5704 mense
697 5660 753 5705 et
777 5667 962 5722 supra,
991 5669 1091 5725 per
1121 5656 1354 5713 familias
1391 5661 1626 5732 singulas
1674 5665 1905 5724 ﬁliorum
1934 5669 2063 5726 Levi

487 5737 622 5793 ordo
643 5745 1033 5804 numerationis
1065 5748 1388 5808 distributas
1413 5761 1518 5820 est,
1557 5762 1615 5809 et
1640 5759 1908 5824 quomodo
1935 5775 2063 5817 con-

2089 4537 2143 4598 D

2163 3297 2420 3352 smculum
2443 3296 2755 3361 ostendens,
2787 3297 2922 3351 alios
2942 3313 2973 3352 a
3002 3298 3186 3352 mundi
3208 3298 3567 3370 voluptatibus
3589 3313 3723 3352 aver-

2163 3395 2299 3452 tere,
2349 3395 2510 3456 atque
2557 3402 2814 3442 revocare
2847 3402 2956 3442 non
3003 3398 3201 3443 cessat.
3253 3389 3319 3444 Hi
3365 3407 3493 3462 ergo
3528 3392 3593 3446 ab
3632 3405 3722 3444 uno

2163 3489 2350 3534 mense
2372 3478 2550 3532 aetatis
2575 3479 2630 3532 in
2660 3493 2947 3533 numerum
2980 3478 3292 3545 mittuntur,
3324 3482 3449 3550 quia
3477 3480 3622 3536 valde
3650 3479 3728 3534 de-

2163 3587 2297 3629 cens
2320 3579 2404 3628 est
2430 3581 2493 3627 ut
2525 3571 2738 3627 initium
2768 3574 3199 3630 conversationis
3226 3584 3530 3631 sanctorum
3559 3577 3730 3630 docto-

2167 3680 2286 3719 rum
2322 3664 2436 3720 Deo
2453 3665 2679 3729 dicetur,
2709 3681 2778 3720 ne
2799 3675 2923 3736 post
2951 3667 3120 3721 multa
3140 3666 3332 3723 scelera
3359 3667 3737 3736 vituperabiles

2165 3754 2363 3820 eil‘ecti,
2394 3755 2514 3814 aliis
2543 3771 2740 3811 nomen
2782 3757 2878 3812 Dei
2911 3758 3328 3830 blasphemantes
3362 3759 3733 3814 occcasionem

2167 3847 2427 3912 tribuant,
2458 3847 2504 3902 si
2535 3848 2603 3902 ad
2629 3863 2764 3917 opus
2807 3849 2911 3904 hoc
2951 3865 3168 3906 sacrum
3205 3850 3409 3922 indigni
3453 3851 3730 3922 eligantur.

2169 3937 2322 3994 Unde
2364 3946 2419 3990 et
2457 3936 2656 3991 Paulus
2688 3939 2942 4008 praecepit
2983 3941 3279 4010 episcopum
3323 3941 3733 4009 irreprehensibi-

2166 4026 2266 4082 lem
2295 4044 2427 4093 esse,
2455 4029 2611 4082 unius
2639 4029 2819 4082 uxoris
2849 4029 3036 4094 virum,
3079 4040 3306 4095 castum,
3336 4031 3572 4094 sobrium,
3613 4047 3734 4100 pru-

2166 4121 2393 4183 dentem,
2446 4119 2716 4190 pudicum,
2764 4129 3036 4188 ornatum,
3087 4122 3420 4191 hospitalem,
3462 4123 3730 4186 doctorem,

2169 4229 2274 4266 non
2298 4209 2639 4277 vinolentum,
2663 4228 2765 4266 non
2789 4228 3169 4282 percussorem,
3193 4215 3286 4268 sed
3312 4215 3614 4279 modestum,
3642 4230 3731 4267 non

2166 4301 2472 4373 litigiosum,
2528 4319 2630 4356 non
2682 4302 2949 4373 cupidum,
2997 4319 3109 4358 sua:
3159 4304 3344 4358 domui
3397 4307 3730 4375 prapositunt,

2165 4393 2303 4462 ﬁlios
2326 4396 2599 4450 habentem
2623 4397 2858 4451 subditos
2881 4413 3000 4452 cum
3019 4399 3161 4452 omni
3184 4400 3426 4454 castitate
3450 4401 3500 4470 (Ι
3527 4401 3730 4454 Timoth.

2169 4486 2273 4558 ιιι).
2303 4485 2575 4542 Praeterea
2607 4489 2750 4558 quod
2779 4491 2847 4544 de
2871 4491 3334 4546 castrimetatione
3365 4491 3594 4546 ﬁliorum
3621 4491 3732 4546 Levi

2168 4586 2650 4634 commemoratum
2678 4589 2790 4645 cst,
2818 4581 2954 4634 ordo
2979 4581 3395 4637 decentissimus
3422 4583 3478 4637 in
3510 4584 3608 4638 hoc
3635 4582 3735 4636 loco

2165 4670 2485 4734 ostenditur,
2536 4671 2590 4724 id
2645 4679 2750 4733 cst,
2797 4680 2859 4725 ut
2894 4672 2985 4740 qui
3022 4673 3182 4742 primi
3229 4681 3389 4726 erant
3435 4673 3492 4728 in
3545 4674 3733 4734 ordine,

2163 4759 2482 4815 orientalem
2513 4761 2723 4832 plagam
2753 4761 3128 4827 observarent,
3155 4771 3218 4816 ut
3251 4762 3466 4834 Moyses
3497 4773 3553 4818 et
3579 4765 3736 4818 Aaron

2164 4864 2287 4904 cum
2325 4850 2448 4905 ﬁliis
2475 4853 2588 4905 suis
2614 4852 2872 4908 habentes
2895 4853 3195 4909 custodiam
3225 4855 3527 4908 sanctuarii
3558 4855 3611 4908 in
3639 4866 3736 4907 me-

2163 4939 2254 4993 dio
2275 4939 2506 4994 ﬁliorum
2528 4939 2721 5008 Israel;
2751 4942 2945 4998 deinde
2971 4943 3258 5010 Caathitae,
3285 4944 3430 4999 unde
3466 4944 3674 5015 Moyses
3694 4951 3743 4996 et

2167 5029 2349 5082 Aaron
2375 5030 2482 5083 orti
2511 5028 2746 5098 fuerant,
2783 5033 3136 5089 meridianam
3177 5035 3396 5107 plagam
3435 5037 3746 5091 obtinebant

2167 5121 2269 5175 sub
2297 5135 2426 5175 cura
2455 5121 2631 5176 Eleari
2677 5125 2997 5192 sacerdotis,
3041 5127 3132 5196 qui
3175 5128 3349 5198 major
3395 5126 3504 5182 fuit
3542 5129 3600 5182 in
3635 5125 3747 5180 ﬁliis

2165 5211 2368 5266 Aaron.
2403 5211 2532 5268 Post
2555 5215 2655 5270 hos
2687 5215 2987 5271 Gersonitae
3016 5217 3084 5271 ad
3121 5217 3518 5273 occidentalem
3547 5219 3748 5288 plagam

2165 5309 2533 5361 castrametati
2579 5316 2723 5372 sunt,
2763 5309 3012 5364 similiter
3063 5311 3163 5364 sub
3201 5324 3332 5365 cura
3371 5310 3626 5366 Eleazari
3669 5325 3747 5363 sa-

2165 5400 2400 5454 cerdotis
2442 5401 2622 5470 positi.
2671 5400 2972 5458 Novissime
3015 5409 3196 5457 autem
3228 5401 3506 5457 Merarita
3560 5403 3632 5457 ad
3671 5416 3751 5455 se-

2157 5492 2570 5561 ptentrionalem
2601 5493 2813 5566 plagam
2845 5496 3391 5561 castrametabantur,
3431 5497 3542 5550 sub
3573 5505 3751 5550 custo-

2157 5584 2244 5636 dia
2273 5592 2330 5638 et
2367 5583 2721 5654 dispositione
2745 5586 2988 5642 Ithamar
3012 5587 3108 5641 lilii
3131 5589 3311 5642 Aaron
3334 5585 3608 5656 junioris.
3649 5586 3753 5641 Hoc

2156 5673 2412 5728 nimirum
2439 5677 2736 5733 secundum
2765 5678 3152 5735 mortalitatem
3197 5679 3438 5733 insinuat
3485 5679 3647 5734 salva
3683 5676 3754 5731 al-

2157 5764 2382 5834 legoria,
2405 5766 2546 5836 quod
2575 5768 2810 5827 ministri
2839 5767 3096 5828 Ecclesia
3126 5769 3348 5827 ordines
3369 5784 3507 5828 suos
3529 5772 3757 5828 honeste
