3892 6346
887 342 1422 403 ENABRATIONES
1441 343 1540 402 .lN.
1563 345 1755 404 LIBRI

1861 343 2340 408 κυωοιωω.
2376 373 2446 404 .—
2467 345 2614 408 ΜΒ.
2645 347 2691 406 ι.

3327 330 3452 424 ϐψ.

176 462 227 516 in
249 459 452 531 quibus
492 455 657 528 positi
699 463 826 518 sunt
865 465 1100 523 servent,
1137 473 1238 514 nec
1258 455 1464 526 majora
1501 463 1757 528 appetant
1780 459 1836 534 Α
1855 456 2054 527 genitos
2082 472 2238 514 sexus
2281 455 2560 511 masculini
2589 455 2652 510 de
2683 455 2810 524 ﬁliis
2840 453 3032 520 Israel,
3059 473 3092 512 a
3131 473 3304 516 mense
3329 479 3434 518 uno

172 565 336 618 quam
393 562 528 603 suus
569 546 722 602 locus
767 556 1048 616 exposcet.
1105 546 1328 618 Mystice
1376 555 1557 602 autem
1600 547 1756 618 plaga

172 638 452 698 orientalis
479 647 661 695 ortum
699 637 823 693 ﬁdei
857 639 1150 710 signiﬁcat,
1179 639 1269 694 ubi
1299 638 1512 710 Moyses
1547 631 1753 710 quiin-

171 740 500 802 terpretatur
519 731 582 785 de
604 747 746 800 aqua
763 738 1022 800 sumptus,
1047 737 1103 784 et
1124 728 1326 796 Aaron,
1351 730 1458 786 hoc
1481 740 1588 797 est,
1608 748 1754 787 mons

171 822 519 892 fortitudinis,
553 837 676 878 cum
721 819 846 876 ﬁliis
887 821 1002 876 suis
1042 822 1415 878 castrametari
1453 821 1751 890 iubentur:

170 917 298 985 quia
328 915 388 969 bi
413 915 506 984 qui
552 914 607 970 in
641 912 879 969 Ecclesia
913 912 1265 982 praesulatum
1302 921 1486 968 tenent
1528 914 1653 979 rite,
1701 921 1760 970 et

169 1009 367 1077 quibus
390 1006 568 1063 claves
589 1006 741 1078 regni
771 1004 1007 1061 caelestis
1027 1005 1332 1060 commissae
1356 1013 1502 1072 sunt,
1535 1005 1755 1076 dignum

167 1110 253 1158 est
292 1111 356 1156 ut
383 1101 662 1156 introitum
702 1108 760 1156 et
790 1098 1039 1155 ordinem
1067 1098 1171 1169 ipsi
1198 1100 1338 1154 bene
1381 1099 1653 1164 noverint,
1699 1105 1756 1155 et

166 1193 290 1248 aliis
314 1194 420 1249 hoc
448 1194 786 1250 incessanter
811 1193 1127 1264 praedicent.
1153 1191 1288 1260 Quia
1314 1202 1528 1262 oportet
1555 1209 1751 1249 unum-

166 1301 440 1362 quemque
472 1285 528 1340 in
573 1286 692 1341 luce
737 1285 863 1340 ﬁdei
891 1300 988 1356 per
1011 1294 1224 1357 portam
1263 1284 1618 1341 confessionis
1645 1300 1758 1354 ‘ca-

106 1443 117 1468 ’
165 1375 410 1441 ιιιοιὶοω,
465 1385 520 1432 et
565 1392 762 1447 aquam
811 1375 1152 1446 baptismatis
1195 1377 1428 1448 ingredi,
1477 1385 1540 1431 ut
1583 1376 1656 1432 sit
1691 1377 1759 1432 de

161 1481 309 1534 aqua
345 1475 589 1538 sumptus
625 1468 771 1523 ﬁlius
807 1468 1132 1536 adoptionis,
1178 1476 1235 1522 et
1274 1482 1374 1536 per
1417 1469 1586 1524 robur
1631 1483 1763 1523 con—

159 1556 378 1610 stantiae
407 1555 548 1612 ﬁlios
579 1558 845 1613 bonorum
875 1572 1098 1627 operum
1133 1557 1361 1628 gignens
1383 1595 1400 1620 ,
1431 1557 1556 1614 ﬁdei
1585 1556 1759 1612 intre—

159 1644 302 1699 itum
323 1661 422 1716 per
446 1661 608 1717 quem
633 1647 688 1702 in
717 1647 1018 1704 Ecclesiam
1048 1647 1327 1717 ingressus
1339 1653 1446 1713 est,
1467 1646 1756 1713 custodiat,

155 1750 230 1790 ne
267 1737 474 1792 otiosus
502 1745 558 1792 et
586 1737 792 1793 inutilis
829 1737 1027 1802 iactus,
1075 1737 1202 1791 inde
1246 1736 1548 1807 abjiciatur.
1599 1737 1758 1792 Meri-

1855 554 1903 600 et
1926 562 2105 617 supra,
2133 557 2180 602 et
2208 546 2416 602 habebis
2450 563 2711 604 summam
2745 564 2945 602 eorum.
2986 547 3256 621 Tallesque
3293 551 3440 609 Levi-

1855 646 1936 692 tas
1975 638 2101 694 mihi
2133 656 2228 709 pro
2272 641 2413 694 omni
2452 640 2796 710 primogenita
2832 639 3063 710 ﬁliorum
3108 639 3320 696 Israel:
3348 661 3441 715 ego

1855 727 2146 796 Dominus;
2183 739 2229 786 et
2257 746 2446 800 pecora
2470 746 2651 783 eorum
2677 747 2772 800 pro
2803 731 3060 786 universis
3083 733 3444 803 primogenitis

1855 837 2100 890 pecorum
2125 821 2354 891 ﬁliorum
2382 821 2572 876 Israel.
2599 822 2873 876 Recensuit
2896 823 3126 895 Moyses,
3149 835 3284 879 sicut
3305 843 3444 897 pra:-

1856 921 2061 982 ceperat
2093 913 2369 979 Dominus,
2393 914 2759 983 primogenilos
2787 913 3018 984 ﬁliorum
3041 915 3230 982 Israel,
3257 927 3305 972 et
3327 917 3445 986 fue-

1856 1011 1978 1056 runt
2009 1004 2285 1058 masculini
2308 1019 2400 1074 per
2415 1004 2624 1058 nomina
2651 1021 2770 1071 sua,
2800 1023 2832 1059 a
2858 1022 3030 1062 mense
3059 1024 3162 1062 uno
3187 1016 3235 1062 et
3257 1026 3440 1078 supra,

1854 1095 2034 1166 viginti
2063 1095 2170 1149 duo
2199 1094 2365 1149 millia
2395 1095 2603 1150 ducenti
2631 1098 2952 1167 septuaginta
2983 1108 3106 1154 tres.
3140 1100 3444 1157 Numeran-

1855 1193 1942 1239 tur
1967 1185 2135 1240 etiam
2161 1185 2362 1241 Levitae
2389 1201 2668 1253 seorsum;
2701 1202 2808 1241 non
2837 1189 2981 1244 enim
3010 1188 3225 1246 fuerant
3255 1208 3443 1248 recen-

1856 1276 1948 1332 siti
1982 1293 2106 1334 cum
2143 1277 2269 1332 ﬁliis
2295 1278 2500 1332 lsrael:
2533 1287 2590 1334 et
2619 1277 2851 1333 habetur
2892 1293 3082 1338 eorum
3129 1291 3446 1352 segregatus

1858 1369 2076 1436 quidem
2121 1384 2185 1423 ac
2221 1368 2527 1439 praecipuus
2563 1383 2676 1436 pra:
2711 1368 2921 1424 ueteris
2953 1384 3340 1440 numerusque
3365 1388 3449 1428 re-

1861 1458 2108 1513 feruntur
2133 1475 2320 1516 omnes
2359 1460 2520 1514 simul
2562 1459 2752 1530 viginti
2791 1460 2898 1514 duo
2925 1460 3091 1514 millia
3125 1463 3345 1530 reperti,
3374 1463 3447 1517 ita

1862 1556 1922 1602 ut
1944 1562 2116 1617 neque
2153 1548 2380 1618 amplius
2421 1547 2622 1618 aliquid
2667 1561 2842 1618 neque
2879 1549 3058 1603 minus
3091 1551 3194 1604 hoc
3225 1565 3450 1605 numero

1861 1638 2141 1694 inventum
2165 1640 2254 1696 sit.
2285 1638 2414 1694 Post
2441 1639 2557 1694 haec
2595 1641 2852 1711 praecepit
2877 1639 3141 1696 Dominus
3175 1640 3453 1696 numerari

1859 1729 2022 1786 etiam
2073 1733 2459 1802 primogenitos
2514 1732 2749 1787 ﬁliorum
2789 1732 2972 1799 lsrael,
3027 1734 3216 1788 eodem
3264 1735 3453 1790 ordine

153 1825 324 1880 diana
351 1842 484 1883 vero
509 1826 670 1898 plaga
694 1828 852 1898 juxta
879 1842 1044 1896 quam
1079 1825 1342 1883 Caatbitaa
1369 1829 1468 1883 sub
1491 1827 1754 1886 Eleazaro
1779 1827 1832 1890 Β
1854 1838 1959 1910 ιιιιό
1988 1821 2188 1879 Levita:
2216 1823 2430 1878 fuerant
2465 1825 2754 1887 numerati,
2794 1824 2848 1878 id
2874 1833 2977 1891 est,
3019 1825 3087 1880 ab
3114 1841 3222 1881 uno
3260 1841 3448 1882 mense

151 1917 452 1971 sacerdote
524 1925 1012 1983 castrametantur,
1065 1917 1336 1989 signiﬁcat
1388 1927 1513 1987 post
1581 1919 1760 1976 lucem

150 2004 412 2059 scientia:
462 2013 798 2074 perceptam,
831 2021 1098 2077 quemque
1142 2007 1417 2075 patientiae
1444 2008 1670 2064 verbum
1705 2018 1762 2066 et

151 2095 426 2152 solatium
471 2097 732 2166 proximis
769 2098 882 2154 suis
923 2098 1154 2154 discrete
1191 2099 1386 2154 debere
1420 2100 1757 2169 impendere,

146 2198 213 2243 et
242 2190 353 2245 hoc
378 2191 482 2246 sub
509 2191 788 2257 Eleazaro,
817 2193 871 2246 id
893 2201 995 2257 est,
1026 2193 1126 2248 sub
1161 2193 1426 2263 adjutorio
1451 2193 1572 2249 Dei.
1597 2195 1756 2263 Quia,

141 2280 312 2350 juxta
343 2282 648 2352 Psalmistae
677 2285 999 2339 sententiam
1025 2325 1040 2351 ,
1074 2283 1200 2340 Nisi
1232 2285 1492 2342 Dominus
1521 2287 1759 2356 (adiﬁca-

147 2373 291 2426 verit
305 2373 543 2439 domum,
558 2375 614 2427 in
634 2390 822 2430 vanum
837 2374 1205 2432 laboraverunt
1221 2378 1312 2449 qui
1331 2379 1598 2448 aediﬁcant
1617 2396 1755 2434 eam.

149 2463 289 2520 Nisi
309 2464 566 2520 Dominus
588 2466 890 2522 custodierit
917 2467 1199 2535 civitatem,
1226 2469 1283 2524 in
1305 2487 1496 2525 vanum
1518 2470 1760 2526 laborant

147 2556 251 2624 qui
279 2556 582 2610 custodiunt
634 2574 750 2612 eam
779 2556 953 2629 (Psal.
1000 2559 1207 2632 cxxvr).
1255 2561 1428 2617 Porro
1458 2560 1760 2618 Gersonitae

148 2649 255 2716 qui
287 2649 537 2704 similiter
573 2651 674 2705 sub
706 2651 951 2706 Eleazari
994 2669 1128 2708 cura
1167 2655 1470 2723 constituti,
1506 2656 1761 2712 occideno

148 2739 258 2793 tali
290 2739 449 2810 plaga
473 2739 567 2795 ubi
597 2741 680 2796 sol
708 2741 848 2796 diem
877 2741 1150 2811 claudere,
1179 2753 1235 2800 et
1259 2754 1403 2800 astra
1425 2745 1602 2800 solent
1629 2761 1762 2799 cun-

149 2839 249 2886 cta
284 2830 558 2898 occidere,
601 2840 783 2886 castra
820 2831 1155 2899 locaverunt,
1204 2833 1334 2890 illud
1377 2835 1636 2890 nimirum
1666 2849 1763 2903 per

147 2921 398 2993 ﬁguram
436 2921 768 2992 exprimunt,
812 2923 955 2991 quod
1000 2923 1237 2978 ministri
1270 2933 1325 2980 et
1363 2925 1616 2979 custodes
1643 2923 1762 2978 veri

148 3015 530 3082 tabernaculi,
558 3016 744 3072 mundi
787 3015 1283 3086 concupiscentiam
1312 3015 1521 3085 fugere,
1553 3023 1608 3071 et
1639 3031 1763 3071 car-

149 3106 311 3160 nalia
341 3106 611 3162 desideria
639 3121 739 3176 per
765 3105 860 3161 Dei
890 3105 1220 3174 adjutorium
1258 3106 1312 3161 in
1343 3121 1402 3161 se
1429 3105 1760 3162 mortiﬁcare

148 3196 400 3262 debent;
449 3197 636 3266 sicque
672 3196 814 3252 diem
859 3197 1112 3252 ultimum
1157 3212 1221 3254 ac
1261 3197 1427 3252 ﬁnem
1471 3199 1758 3269 praesentis

145 3287 369 3342 laboris
406 3295 743 3358 exspectare,
782 3289 1032 3359 quamvis
1069 3290 1272 3345 mundo
1312 3291 1509 3345 mortui
1551 3299 1610 3345 et
1645 3293 1757 3346 Deo

143 3383 433 3448 viventes,
467 3398 588 3438 cum
621 3382 789 3438 Paulo
837 3383 1081 3452 apostolo
1125 3384 1302 3439 dicere
1343 3384 1593 3453 possint:
1619 3383 1756 3439 Mihi

141 3485 341 3528 autem
372 3475 505 3528 absit
529 3474 767 3545 gloriari,
796 3477 899 3531 nisi
935 3478 989 3530 in
1009 3493 1163 3530 cruce
1184 3476 1398 3530 Domini
1432 3478 1599 3531 nostri
1625 3476 1757 3532 Iesu

140 3563 385 3628 Christi,
423 3581 517 3634 per
545 3581 696 3635 quem
726 3565 853 3618 mihi
893 3565 1118 3618 mundus
1149 3565 1431 3632 cruciﬁxus
1459 3576 1558 3631 est,
1589 3576 1635 3620 et
1663 3585 1756 3638 ego

140 3655 362 3708 mundo
401 3653 602 3726 (Galat.
647 3656 765 3725 vn).
799 3655 1040 3710 Extremi
1085 3670 1302 3726 quoque
1349 3656 1618 3712 Meraritrc
1658 3661 1758 3714 sub

135 3747 404 3804 Ithamar
438 3747 549 3802 ﬁlio
584 3747 789 3815 Aaron,
831 3749 923 3819 qui
963 3749 1352 3818 interpretatur
1391 3749 1479 3806 ubi
1521 3765 1755 3814 amarus,

137 3840 274 3894 sive
309 3839 402 3892 ubi
423 3838 623 3906 palma,
643 3839 857 3908 plagam
881 3840 1255 3909 aquilonarem
1283 3840 1457 3895 sortiti
1487 3849 1634 3906 sunt,
1665 3841 1756 3896 ubi

136 3925 385 4000 glaciali
411 3924 638 3979 horrore
664 3925 838 3980 hiems
859 3935 1120 3995 perpetua
1146 3927 1338 3980 durat:
1377 3927 1520 3995 quod
1555 3942 1650 3996 per
1681 3935 1759 3997 ty-

136 4033 292 4089 pum
323 4029 517 4071 omnes
547 4015 823 4082 admonet,
853 4015 1114 4070 Ecclesiae
1153 4015 1361 4070 scilicet
1401 4016 1656 4085 prtesules
1686 4017 1760 4072 si-

141 4107 273 4164 mul
324 4112 383 4160 et
419 4104 728 4172 ministros,
777 4115 1044 4176 quatenus
1083 4107 1374 4163 securitate
1415 4109 1608 4165 nociva
1650 4125 1760 4166 non

145 4206 437 4268 torpeant,
459 4197 588 4266 quia
611 4197 736 4253 licet
753 4212 852 4265 per
865 4196 1088 4267 januam
1108 4197 1236 4254 ﬁdei
1249 4197 1364 4268 jam
1382 4200 1436 4255 in
1459 4199 1756 4258 Ecclesiam

147 4286 509 4351 intraverint,
553 4285 668 4355 jam
719 4286 894 4342 lucem
946 4287 1187 4344 scientiae
1225 4291 1597 4359 perceperint,
1641 4291 1756 4362 jam

151 4381 348 4438 carnis
379 4379 642 4434 desideria
680 4378 737 4434 in
765 4394 824 4434 se
857 4377 1251 4445 cruciﬁxerint,
1296 4381 1533 4435 nondum
1574 4389 1755 4437 tamen

156 4473 229 4526 ad
260 4469 561 4540 perfectam
589 4470 930 4536 suavitatem,
965 4470 1018 4526 id
1050 4479 1154 4537 est,
1193 4472 1262 4526 ad
1293 4480 1556 4528 aeternam
1583 4474 1754 4531 beati-

159 4560 408 4616 tudinem
448 4569 830 4630 pervenerunt,
879 4562 976 4617 sed
1023 4563 1201 4618 adhuc
1254 4577 1498 4618 amarum
1551 4564 1754 4634 aliquid

158 4659 379 4706 restat:
412 4666 538 4706 cum
581 4650 673 4705 illo
718 4650 905 4720 utique
954 4651 1048 4720 qui
1091 4652 1162 4707 ad
1207 4652 1515 4721 aquilonem
1558 4655 1752 4710 solium

162 4758 326 4797 suum
354 4741 517 4811 erigit
541 4741 926 4798 decertandum
962 4748 1063 4807 est,
1095 4741 1248 4810 cujus
1277 4743 1535 4799 duritiam
1579 4743 1751 4802 emol-

164 4836 255 4891 liri
300 4851 412 4890 non
451 4844 535 4890 est
558 4834 734 4901 facile,
764 4835 874 4890 imo
911 4835 1264 4906 impossibile.
1301 4835 1454 4892 Unde
1493 4836 1753 4894 Dominus

162 4927 266 4982 sub
296 4934 424 4997 typo
451 4925 745 4982 leviathan
771 4925 841 4980 ad
871 4923 972 4980 Job
990 4925 1230 4996 loquitur
1253 4925 1476 4982 dicens:
1508 4925 1615 4982 Cor
1636 4927 1752 4998 ejus

159 5018 504 5074 indurabitur
539 5021 692 5091 quasi
716 5017 874 5089 lapis,
901 5027 951 5070 et
984 5018 1270 5088 stringetur
1295 5018 1447 5090 quasi
1472 5017 1751 5075 malleato-

163 5113 240 5165 ris
257 5113 412 5165 incus
441 5110 565 5181 (Job
586 5111 717 5184 xu).
744 5109 969 5177 Quando
996 5109 1145 5163 enim
1184 5109 1287 5164 iste
1310 5110 1564 5168 inimicus
1595 5125 1754 5181 supe-

165 5201 402 5265 rabitur,
438 5207 494 5257 et
530 5201 597 5255 de
623 5213 688 5255 eo
723 5197 965 5270 perfecte
993 5197 1377 5267 triumphatur,
1420 5207 1548 5254 tunc
1573 5199 1753 5256 exsul-

167 5291 412 5356 tandum,
443 5299 679 5361 tuncque
705 5289 1066 5360 gaudendum,
1099 5297 1226 5344 tunc
1257 5288 1418 5344 beate
1445 5290 1751 5361 vivendum,

163 5382 386 5450 quando
407 5382 696 5439 discrimen
719 5381 844 5437 vitae
859 5378 978 5451 jam
997 5396 1105 5436 non
1133 5380 1242 5436 erit
1267 5379 1456 5436 ullum.

241 5474 432 5531 Omnes
461 5475 652 5531 Lem'tat
671 5491 800 5546 quos
822 5485 1223 5530 numeraverunt
1247 5473 1455 5545 Moyses
1475 5482 1523 5529 et
1547 5473 1752 5542 Aaron,

161 5563 319 5634 juxta
347 5576 662 5637 praeceptum
699 5565 911 5620 Domini
942 5583 1033 5636 per
1061 5566 1294 5636 familias
1323 5582 1450 5622 suas
1480 5567 1535 5620 in
1570 5580 1754 5636 genere

170 5658 480 5725 masculina,
510 5677 545 5712 a
573 5676 745 5714 mense
764 5675 869 5713 uno
899 5667 948 5712 et
985 5674 1166 5729 supra,
1196 5659 1407 5727 fuerunt
1436 5658 1617 5729 uiginti
1647 5656 1753 5711 duo

167 5747 365 5805 millia.
391 5749 464 5806 Et
502 5751 578 5808 ait
605 5749 864 5822 Dominus
899 5750 968 5804 ad
998 5749 1257 5822 Moysen:
1291 5749 1529 5806 Numera
1559 5748 1753 5821 primo-

1858 1921 1914 1969 et
1940 1929 2125 1986 supra.
2158 1914 2226 1970 Et
2251 1915 2600 1971 inveniuntur
2626 1915 2974 1986 primogeniti
3013 1916 3244 1972 ﬁliorum
3281 1916 3449 1972 lsrael

1857 2009 2047 2079 viginti
2098 2009 2204 2064 duo
2239 2007 2407 2063 millia
2437 2007 2654 2064 ducenti
2683 2008 3020 2080 septuaginta
3051 2015 3182 2064 tres.
3214 2007 3451 2064 Putasne

1857 2115 1955 2173 per
1983 2100 2098 2156 haec
2134 2098 2305 2156 solam
2333 2099 2608 2156 numerari
2637 2099 2920 2154 historiam
2943 2099 3138 2155 docere
3162 2114 3262 2154 nos
3282 2098 3453 2154 voluit

1847 2181 2092 2263 Moyses,
2123 2199 2179 2246 et
2207 2190 2415 2245 nullum
2452 2191 2508 2246 in
2554 2191 2640 2246 bis
2670 2189 3076 2245 diversitatibus
3102 2205 3452 2245 numerorum

1857 2282 2122 2338 conclusit
2145 2281 2303 2338 solito
2326 2282 2432 2338 sibi
2461 2296 2615 2336 more
2649 2281 3009 2353 mysterium?
3038 2279 3184 2336 Nihil
3210 2298 3278 2336 ne
3301 2281 3450 2336 vide-

1858 2381 1948 2430 tur
1994 2373 2172 2428 inesse
2209 2373 2460 2438 rationis,
2507 2371 2652 2442 quod
2690 2371 2906 2426 ducenti
2953 2371 3293 2442 septuaginta
3343 2379 3454 2427 tres

1859 2471 2070 2518 tantum
2116 2463 2394 2520 abundare
2439 2461 2693 2518 dicuntur
2719 2461 2774 2516 in
2799 2461 3176 2532 primogenitis
3217 2461 3452 2517 ﬁliorum

1858 2554 2026 2612 lsrael
2045 2557 2068 2610 ‘I
2089 2565 2146 2612 et
2173 2557 2230 2612 in
2266 2555 2470 2612 Levitis
2511 2556 2580 2611 ad
2612 2554 2801 2626 viginti
2831 2555 2936 2610 duo
2963 2570 3140 2626 neque
3173 2555 3454 2610 abundare

1858 2654 2168 2724 quisquam,
2222 2670 2398 2724 neque
2450 2656 2640 2710 deesse
2680 2654 3068 2722 perscribitur?
3106 2655 3310 2724 Viginti
3348 2655 3455 2710 duo

1860 2745 2076 2813 quidem
2105 2762 2386 2813 numerus,
2411 2747 2466 2801 in
2497 2745 2797 2815 Scripturis
2827 2745 3022 2800 divinis
3053 2745 3099 2800 si
3126 2744 3249 2812 quis
3273 2744 3459 2797 obser-

1860 2845 2032 2900 varet,
2078 2838 2222 2906 quod
2266 2836 2660 2906 principalibus
2701 2835 3024 2904 quibusdam
3068 2834 3249 2888 causis
3284 2832 3456 2890 ascri-

1861 2937 1986 2998 ptus
2022 2929 2114 2992 sit,
2139 2927 2450 2996 frequenter
2479 2927 2734 2982 inveniet.
2765 2925 2903 2980 Nam
2929 2925 3122 2994 viginti
3150 2924 3256 2978 duo
3281 2923 3457 2993 primo

1862 3021 2006 3088 apud
2058 3017 2314 3072 Hebraeos
2365 3016 2630 3072 elementa
2685 3013 2904 3070 tradunt
2957 3028 3079 3070 esse
3128 3013 3453 3067 litterarum.

1864 3109 2064 3181 Viginti
2105 3112 2210 3165 duo
2253 3123 2440 3164 rursus
2481 3124 2512 3162 a
2562 3105 2898 3176 protoplasto
2941 3105 3116 3161 Adam
3164 3121 3340 3175 usque
3385 3106 3454 3160 ad

1785 3176 1830 3240 C
1860 3176 2049 3268 Jacob,
2077 3217 2143 3256 ex
2172 3201 2326 3270 cujus
2359 3201 2565 3258 semine
2596 3199 2813 3255 initium
2853 3200 3135 3256 duodecim
3166 3199 3338 3255 tribus
3367 3214 3457 3254 su-

1857 3302 2030 3359 munt,
2077 3301 2261 3363 patres
2307 3291 2473 3348 fuisse
2510 3279 2886 3346 numerantur.
2922 3289 3028 3346 Sed
3059 3289 3163 3346 alia
3202 3289 3370 3344 multa
3398 3288 3456 3342 in

1857 3383 2154 3453 Scripturis
2201 3383 2249 3438 si
2290 3383 2413 3453 quis
2459 3381 2770 3452 diligentius
2812 3389 3164 3450 exsequatur,
3206 3380 3306 3436 sub
3349 3379 3454 3434 hoc

1856 3490 2085 3531 numero
2129 3481 2448 3530 consecrata
2493 3473 2747 3544 reperiet.
2795 3469 3025 3540 Propter
3072 3471 3176 3527 boc
3221 3485 3351 3541 ergo
3380 3471 3451 3536 {et

1853 3564 2079 3629 Levitec,
2116 3565 2170 3618 id
2211 3572 2317 3628 est,
2347 3563 2440 3632 qui
2484 3562 2800 3616 deserviunt
2827 3560 2962 3626 Deo,
3007 3569 3066 3615 et
3107 3560 3455 3630 primogeniti

1861 3652 2095 3706 ﬁliorum
2119 3652 2282 3706 lsrael
2310 3652 2615 3706 admirabili
2642 3653 2747 3706 hoc
2769 3659 3090 3713 sacratoque
3116 3667 3345 3705 numero
3371 3660 3452 3704 at-

1863 3740 2166 3794 titulantur.
2208 3739 2310 3805 Qui
2353 3747 2535 3794 autem
2572 3736 2630 3793 in
2669 3737 2796 3793 ﬁliis
2826 3738 2992 3794 lsrael
3033 3739 3323 3804 adduntur,
3361 3739 3458 3793 du-

1860 3834 2005 3890 centi
2033 3831 2372 3904 septuaginta
2399 3841 2516 3888 tres
2555 3846 2736 3901 neque
2771 3831 3006 3887 otiosum
3048 3831 3184 3887 mihi
3219 3831 3456 3898 videtur,

1860 3946 2037 4002 neque
2063 3930 2418 3987 absolutionis
2458 3930 2604 3985 viam
2647 3928 2860 3984 facilem
2907 3942 3094 3994 cerno,
3137 3927 3245 3983 nisi
3275 3929 3456 3984 Domi-

1861 4037 1966 4076 nus
1990 4021 2240 4076 velamen
2281 4020 2410 4076 illud
2451 4019 2763 4091 impositum
2810 4019 2866 4074 in
2913 4017 3094 4089 Moyse
3134 4019 3220 4074 his
3258 4018 3454 4074 litteris

1862 4112 2141 4183 adaperire
2176 4111 2333 4168 nobis
2377 4112 2626 4184 dignetur
2670 4120 2726 4166 et
2766 4109 2999 4166 auferre.
3030 4111 3201 4180 igitur
3227 4111 3450 4166 burnani

1861 4204 2076 4274 generis
2105 4203 2162 4258 in
2187 4217 2354 4258 carne
2382 4202 2681 4274 generatio,
2711 4201 2851 4257 sicut
2881 4208 3135 4256 asserunt
3160 4202 3254 4272 qui
3285 4202 3339 4256 in
3367 4210 3450 4256 ta—

1860 4291 2000 4348 libus
2023 4292 2181 4362 periti
2203 4300 2350 4359 sunt,
2373 4307 2566 4348 novem
2588 4291 2805 4361 quidem
2834 4291 3114 4347 mensibus
3141 4291 3450 4348 continetur

1859 4383 1916 4439 in
1945 4382 2136 4448 vulva;
2183 4381 2278 4436 sed
2319 4396 2429 4437 non
2471 4381 2624 4452 prius
2657 4381 2866 4436 moveri
2903 4380 3080 4434 fertur
3109 4379 3177 4432 ad
3209 4387 3447 4446 partum,

1779 4519 1832 4582 Β
1861 4487 2022 4542 quam
2058 4470 2222 4526 etiam
2251 4470 2444 4526 decimi
2477 4471 2681 4526 mensis
2705 4469 2944 4524 triduum
2977 4473 3253 4531 transeat;
3285 4474 3339 4521 et
3373 4467 3449 4521 ita

1860 4563 1903 4582 2,4
1918 4563 2133 4582 -r-_!4___
2188 4563 2323 4582 μ---]
2345 4577 2600 4582 ..--..-..---
2625 4561 2726 4582 ξηιλ
2778 4559 2831 4582 2.]
2857 4566 2934 4582 ..-ι
2994 4557 3204 4582 Δηιιλκοζ
3235 4565 3416 4582 μίλακί-’Λ

1859 4563 2154 4629 invenitur,
2181 4563 2327 4632 quod
2344 4577 2605 4616 numerus
2625 4561 2750 4625 iste,
2778 4559 2834 4613 id
2853 4566 2958 4623 est,
2991 4557 3206 4616 ducenti
3234 4565 3450 4628 septua-

1860 4656 2011 4726 ginta
2038 4664 2151 4710 tres
2188 4654 2305 4709 dies
2334 4652 2456 4709 illos
2492 4653 2750 4717 indicent,
2797 4650 2891 4721 qui
2915 4665 2981 4706 ex
3023 4666 3218 4708 novem
3247 4653 3449 4709 mensi-

1857 4747 1960 4801 bus
1987 4753 2044 4800 et
2071 4744 2250 4798 triduo
2276 4743 2481 4798 mensis
2513 4743 2709 4798 decimi
2739 4741 3086 4812 colliguntur,
3116 4752 3169 4798 et
3205 4744 3342 4800 ﬁunt
3369 4745 3444 4800 si-

1857 4836 1974 4892 mul
2005 4835 2222 4891 ducenti
2243 4832 2583 4904 septuaginta
2609 4839 2722 4888 tres
2742 4832 2857 4888 dies
2878 4832 2969 4887 isti
2995 4834 3190 4903 quibus
3208 4835 3446 4893 humano

1857 4927 2043 5001 generi
2087 4927 2146 4982 in
2184 4927 2330 4983 hunc
2356 4927 2614 4982 mundum
2649 4925 2922 4995 praebetur
2949 4927 3244 4999 ingressus.
3273 4929 3341 4984 Et
3368 4930 3443 4983 ita

1853 5021 1911 5078 in
1948 5019 2136 5091 viginti
2165 5020 2388 5092 quidem
2410 5029 2466 5075 et
2490 5019 2697 5076 duobus
2725 5019 2986 5088 numeris,
3015 5022 3256 5077 omnium
3283 5021 3444 5078 simul

1856 5120 2230 5168 creaturarum
2277 5109 2579 5166 rationibus
2621 5109 2865 5181 mysticis
2897 5125 3110 5167 summa
3149 5111 3436 5184 colligitur.

1853 5200 1916 5257 In
1937 5203 2023 5257 his
2051 5215 2182 5256 vero
2204 5215 2326 5269 quae
2368 5213 2438 5254 ex
2479 5199 2772 5256 abundanti
2806 5201 2861 5255 in
2887 5201 3262 5273 primogenitis
3292 5202 3440 5253 inve-

1855 5291 2082 5347 niuntur
2109 5288 2298 5357 lsrael,
2325 5288 2487 5344 etiam
2517 5290 2836 5361 mysterium
2860 5289 3114 5346 humana:
3137 5289 3438 5357 generatio-

1854 5383 1943 5439 nis
1971 5381 2274 5451 exponitur.
2315 5379 2452 5447 Quia
2483 5396 2613 5451 ergo
2651 5381 2852 5439 Levita:
2894 5377 3323 5435 ecclesiasticum
3348 5391 3438 5430 or-

1850 5474 2033 5530 dinem
2061 5471 2366 5542 signiﬁcant
2391 5473 2483 5543 qui
2517 5473 2752 5530 deservit
2793 5473 2849 5526 in
2897 5469 3119 5532 sanctis,
3161 5473 3216 5521 et
3259 5465 3432 5536 legem

1850 5563 2064 5620 Domini
2091 5563 2384 5620 meditatur
2403 5572 2461 5620 et
2481 5564 2656 5630 docet,
2685 5548 2810 5632 apte
2842 5560 3000 5631 juxta
3040 5571 3328 5612 numerum
3354 5558 3434 5613 vi-

1850 5654 1988 5726 ginti
2026 5654 2133 5710 duo
2157 5653 2480 5721 attitulatur,
2507 5655 2655 5724 quia,
2690 5660 2749 5706 ut
2773 5665 2938 5721 supra
2968 5649 3169 5705 dictum
3195 5654 3299 5716 est,
3327 5645 3432 5705 ﬂe-

1849 5747 2120 5806 braearum
2151 5745 2456 5808 litterarum
2488 5757 2743 5805 numerus
2770 5742 2827 5801 in
2856 5740 3049 5814 viginti
3083 5740 3296 5803 duobus
3321 5741 3432 5801 ele-
