3892 6346
166 387 268 445 613

120 583 125 619 λ
158 608 247 650 rus
269 590 363 647 tibi
400 597 488 647 est
511 590 709 646 mentis
736 589 946 656 oculus,
986 594 1264 645 contuere.
1302 583 1367 643 Si
1392 584 1514 656 quis
1542 583 1736 655 dignus

108 694 120 709 '
155 693 232 743 est
256 700 321 741 ex
352 684 441 741 bis
469 684 563 755 qui
608 685 721 740 Deo
762 683 1103 751 ministrant,
1130 681 1315 738 divina
1348 674 1545 749 capere
1570 686 1629 736 et
1652 678 1735 735 vi-

154 778 277 834 ἀνθ
306 777 591 849 mysteria,
618 778 687 831 ad
722 775 1174 847 qumcontnenda
1212 771 1396 831 ceteri
1426 771 1611 827 minus
1643 784 1736 826 ca~

152 885 305 944 paces
350 878 497 935 sunt,
544 868 637 924 hic
668 869 849 923 Aaron
877 868 966 923 vel
1008 866 1154 922 ﬁlias
1179 864 1365 920 Aaron
1390 877 1511 920 esse
1537 860 1736 918 intelli-

150 973 315 1038 gatur,
363 964 459 1036 qui
492 963 705 1035 ingredi
738 969 915 1034 potest
948 963 1017 1018 ad
1052 976 1119 1017 ea
1145 974 1267 1033 qare
1307 958 1462 1014 adhic
1494 957 1621 1012 aliis
1650 954 1735 1012 fas

150 1070 249 1115 non
276 1066 381 1113 est.
436 1056 495 1113 Si
542 1057 664 1126 quis
700 1069 832 1129 ergo
874 1055 1003 1111 talis
1028 1063 1134 1122 est,
1178 1053 1307 1108 huic
1351 1052 1457 1111 soli
1495 1050 1732 1107 revelata

146 1158 292 1223 patet
329 1164 461 1206 arca
503 1149 810 1204 testamenti
842 1167 855 1202 :
887 1148 977 1205 hic
1012 1146 1163 1203 videt
1204 1159 1397 1201 urnam
1443 1143 1731 1199 habentem

146 1256 355 1308 manna,
376 1242 467 1298 hic
485 1241 795 1299 considerat
813 1249 869 1297 et
889 1239 1137 1312 intelligit
1165 1236 1618 1310 propitiatorium,
1642 1235 1733 1291 hic

145 1330 383 1388 intuetur
405 1340 461 1389 et
487 1333 770 1389 cherubim
787 1343 1099 1402 utrumque,
1121 1338 1178 1387 et
1196 1344 1443 1387 mensam
1463 1336 1732 1394 sanctam,

143 1424 606 1482 «candelabrum
653 1424 875 1480 luminis
906 1431 963 1480 et
990 1423 1164 1478 altare
1198 1419 1426 1475 incensi.
1468 1417 1579 1473 Iste
1618 1417 1737 1471 huic

142 1516 467 1585 considerat,
494 1526 549 1573 et
577 1515 832 1587 intelligit
862 1513 1199 1585 spiritaliter;
1231 1510 1289 1567 id
1314 1516 1421 1578 est,
1452 1508 1550 1579 qui
1570 1507 1738 1562 verbo

139 1604 232 1664 Dei
279 1616 337 1664 et
373 1609 653 1680 sapientiai
680 1607 959 1681 mysteriis
984 1618 1211 1677 operam
1238 1605 1351 1669 dat,
1382 1610 1441 1657 et
1478 1600 1593 1657 Deo
1636 1595 1736 1655 soli

136 1701 193 1757 in
236 1703 442 1759 sanctis
478 1709 659 1758 vacat.
693 1700 846 1757 Sciat
880 1712 1017 1754 sane
1052 1697 1141 1753 cui
1168 1696 1286 1750 haec
1322 1692 1649 1757 revehatur,
1680 1694 1734 1745 et

134 1794 456 1863 spiritaliter
496 1794 839 1864 inspiciendo
877 1792 1195 1855 creduntur,
1238 1801 1340 1843 nec
1374 1786 1475 1842 sibi
1522 1791 1729 1839 tantum

58 472 61 479 _
166 387 268 445 διδ
544 404 553 409 -
873 377 1411 447 ENARRATIONES
1446 376 1517 436 lN
1551 346 2314 439 Lmnou’uuimnonvn.
2352 406 2424 420 —
2462 346 2594 435 Lis.
2630 371 2673 433 l.

116 576 124 585 ‘
159 498 490 574 splendorem
513 497 787 570 mysterii,
806 504 863 555 et
887 497 1024 568 legis
1049 492 1535 585 spiritalislumen,
1562 492 1621 585 si
1641 506 1740 563 pu—
1764 498 1816 562 Ᾱ
1837 490 1985 585 ﬁlius
2026 492 2227 558 Aaron,
2272 490 2469 564 quibus
2508 490 2612 546 ista
2648 485 2969 547 conceditur
3005 487 3149 545 nuda
3191 498 3249 547 et
3279 504 3430 551 reve-

3319 356 3425 436 σὴ

1836 583 1944 643 lata
1972 585 2307 656 perspicere,
2346 591 2407 640 ut
2436 583 2611 640 sciant
2650 580 2755 637 sibi
2782 580 3012 639 velanda
3047 582 3164 639 haec
3206 590 3263 638 et
3303 599 3430 656 Ope-

1834 675 2055 744 rienda,
2093 675 2185 731 ubi
2234 674 2447 730 caeteris
2491 673 2611 728 dari
2655 686 2722 729 ca
2743 711 2763 740 ,
2813 681 2869 729 et
2915 672 2974 729 in
3020 688 3157 746 opus
3195 674 3428 747 proferri

1835 769 1977 824 ratio
2032 768 2359 840 poposcerit.
2428 766 2557 823 Post
2620 765 2737 822 haec
2796 765 2994 823 dicitur
3054 766 3125 823 de
3180 765 3424 839 Levitis,

1836 860 1965 931 quia
2009 860 2272 916 tolluntur
2319 874 2353 917 a
2392 856 2667 913 tricesimo
2705 870 2850 913 anno
2892 863 2950 913 et
2989 872 3153 932 supra
3176 898 3193 925 ,
3254 873 3428 929 usque

1833 952 1903 1007 ad
1930 951 2441 1023 quinquagesimum
2490 964 2712 1017 annum,
2760 964 2949 1021 omnes
2976 949 3073 1025 qui
3111 950 3426 1023 ingrediun-

1834 1053 1925 1099 tur
1960 1045 2029 1101 ad
2065 1044 2424 1100 ministerium
2455 1042 2784 1099 tabernaculi
2821 1036 3061 1111 foederis,
3092 1046 3207 1103 sive
3230 1062 3425 1105 secun-

1834 1136 1962 1195 dum
2007 1136 2303 1193 editionem
2347 1132 2515 1202 LXX,
2560 1134 2818 1190 tolluntur
2850 1134 3053 1201 Levius
3090 1152 3124 1192 a
3164 1137 3424 1195 vicesimo

1832 1233 2025 1303 quinto
2044 1247 2190 1289 anno
2216 1238 2275 1287 et
2297 1244 2485 1301 supra,
2515 1242 2685 1298 usque
2705 1227 2773 1283 ad
2798 1228 3301 1301 quinquagesimum
3327 1246 3423 1287 an.

1833 1324 1989 1391 num,
2038 1338 2229 1380 omnes
2257 1322 2352 1392 qui
2380 1320 2682 1393 procedunt
2706 1316 2774 1377 ad
2818 1332 2958 1389 opus
2990 1333 3237 1388 operum,
3274 1330 3333 1377 et
3355 1321 3425 1379 ad

1836 1429 2005 1484 opera
2040 1429 2165 1484 quae
2184 1420 2475 1484 portantur
2509 1410 2846 1468 tabernaculi
2874 1410 3195 1471 testimonii.
3234 1412 3427 1472 Obser-

1838 1524 1908 1563 va
1931 1509 1989 1564 in
2008 1508 2095 1565 his
2109 1509 2514 1566 distinctionem
2542 1520 2859 1565 sermonum
2892 1505 3192 1577 Scriptura:
3208 1508 3421 1567 divina.

1840 1598 1945 1656 Ubi
1972 1601 2041 1657 de
2063 1600 2322 1673 operibus
2364 1599 2600 1657 ﬁliorum
2644 1597 2813 1654 Israel
2853 1596 3123 1669 loquitur,
3157 1613 3269 1659 non
3293 1599 3429 1657 dixit

1836 1707 2002 1764 opera
2032 1707 2283 1763 operum,
2334 1692 2431 1751 sed
2457 1690 2574 1748 sola
2608 1706 2795 1763 opera.
2827 1690 2931 1749 Ubi
2952 1706 3085 1749 vero
3134 1690 3201 1748 de
3231 1691 3428 1748 ofﬁciis

1834 1783 2171 1849 Levitarum,
2200 1797 2310 1839 non
2331 1782 2446 1839 sola
2470 1796 2660 1852 Opera,
2687 1782 2787 1839 sed
2810 1794 2979 1852 opera
2997 1795 3243 1855 operum.
3271 1779 3425 1839 Sicut

131 1899 258 1941 esse
285 1887 502 1957 aperire
522 1887 662 1949 haec,
693 1892 749 1939 et
774 1881 1016 1954 pandere
1036 1880 1230 1951 quibus
1256 1892 1365 1932 non
1392 1876 1519 1931 licet
1545 1872 1729 1946 pandi,
1759 1870 1809 1934 B
1832 1877 1978 1934 enim
2003 1884 2131 1933 sunt
2154 1876 2403 1948 quauhm
2423 1883 2636 1941 sancta,
2665 1881 2794 1931 sunt
2822 1880 3009 1933 autem
3029 1880 3088 1931 et
3106 1872 3214 1929 alia
3229 1882 3421 1930 sancta

120 1979 219 2035 sed
251 1979 481 2050 operire
526 1977 687 2034 debet
730 1975 958 2048 singula,
990 1982 1046 2029 et
1083 1980 1267 2043 operta
1307 1970 1521 2026 exteris
1552 1968 1731 2023 minus

111 2070 430 2141 capacibus
478 2068 693 2124 tradere
739 2065 1005 2139 portanda
1051 2062 1293 2121 humeris
1330 2070 1385 2117 et
1429 2062 1731 2117 cervicibus

120 2162 487 2231 imponenda.
513 2160 645 2216 Cum
673 2161 814 2215 enim
847 2175 912 2215 ex
947 2157 1127 2213 verbis
1156 2154 1397 2226 mysticis
1439 2153 1640 2209 eruditi
1674 2160 1730 2210 et

122 2253 359 2325 perfecti
387 2253 586 2323 quique
622 2254 869 2308 doctores
896 2266 1061 2322 Opera
1095 2248 1305 2320 populis
1334 2247 1645 2319 iniungunt,
1674 2253 1731 2303 et

123 2343 280 2413 plebs
318 2343 426 2412 agit
472 2342 687 2412 quidem
732 2350 788 2398 et
818 2341 1005 2411 implet
1042 2355 1165 2409 qua:
1216 2341 1567 2404 mandantur,
1618 2353 1729 2395 non

125 2442 313 2490 tamen
340 2448 527 2489 eorum
554 2449 675 2504 quae
699 2441 961 2503 geruntur
1001 2431 1256 2503 intelligit
1279 2430 1571 2495 rationem,
1599 2430 1732 2500 quid

126 2530 269 2587 aliud
299 2531 530 2602 geritur,
555 2530 660 2585 nisi
684 2523 853 2599 opera
885 2535 941 2584 et
967 2527 1148 2583 velata
1180 2525 1386 2581 Sancta
1416 2533 1729 2581 sanctorum

126 2638 287 2695 super
318 2624 578 2680 humeros
605 2621 927 2694 portantur?
955 2620 1023 2674 Et
1048 2628 1109 2673 ut
1134 2617 1475 2673 manifestius
1504 2632 1624 2687 quae
1650 2615 1731 2672 di-

125 2726 327 2775 cuntur
358 2718 635 2784 advertas,
673 2713 935 2785 exemplis
962 2722 1015 2769 te
1040 2728 1107 2769 ex
1139 2711 1337 2768 divinis
1361 2711 1731 2767 voluminibus

125 2810 395 2867 adhibitis
416 2809 854 2866 informabimus.
887 2806 1098 2878 Moyses
1130 2805 1464 2876 intelligebat
1488 2804 1605 2860 sine
1640 2804 1733 2857 du-

123 2902 209 2960 bio
249 2914 386 2975 quae
423 2908 573 2958 esset
612 2916 742 2956 vera
790 2898 1156 2965 circumcisio,
1208 2898 1545 2968 intelligebat
1590 2897 1735 2966 quod

124 3003 260 3051 esset
302 3008 506 3051 verum
544 2995 779 3065 pascha;
820 2991 1026 3048 sciebat
1059 3005 1182 3061 quae
1209 2996 1395 3045 essent
1427 3002 1568 3043 verm
1607 3003 1733 3043 neo-

122 3088 346 3155 meniae,
376 3095 431 3143 et
457 3102 579 3158 qua:
601 3101 733 3142 vera
766 3086 1011 3142 sabbata.
1044 3080 1112 3138 Et
1139 3098 1261 3139 cum
1290 3083 1405 3139 haec
1430 3083 1613 3137 omnia
1642 3084 1729 3139 in-

126 3179 427 3235 tellexisset
472 3179 526 3234 in
575 3178 791 3250 spiritu,
838 3177 1020 3234 verbis
1068 3185 1255 3232 tamen
1299 3182 1355 3232 et
1400 3190 1501 3247 per
1546 3191 1729 3232 rerum

1831 1977 2168 2035 sanctorum,
2213 1969 2289 2025 ita
2311 1975 2439 2025 sunt
2464 1967 2713 2038 quaedam
2743 1980 2932 2037 opera,
2988 1971 3045 2021 et
3092 1964 3205 2027 alia
3250 1977 3417 2034 opera

1831 2077 2081 2134 operum.
2111 2061 2266 2118 Unde
2298 2061 2515 2116 videtur
2544 2059 2680 2115 mihi
2721 2058 2851 2128 quia
2885 2056 3099 2128 Moyses
3127 2056 3220 2113 ubi
3249 2056 3422 2113 sensit

1832 2169 1953 2211 esse
1979 2154 2227 2225 quaedam
2254 2166 2425 2223 opera
2447 2149 2683 2209 visibilis
2711 2149 2959 2220 quidem,
2997 2149 3093 2205 sed
3116 2148 3316 2217 quibus
3343 2147 3420 2203 in-

1831 2253 1978 2303 esset
2022 2244 2252 2300 interior
2298 2242 2407 2297 alia
2434 2241 2663 2313 mystica
2693 2247 2751 2296 et
2786 2238 3001 2296 occulta
3044 2237 3419 2308 intelligentia,

1831 2338 1949 2394 haec
2004 2350 2113 2392 non
2168 2335 2341 2391 solum
2376 2348 2569 2405 opera,
2615 2333 2713 2389 sed
2752 2344 2920 2402 opera
2945 2345 3174 2401 operum
3202 2328 3421 2387 dixerit.

1833 2429 1966 2497 Quae
2013 2442 2146 2483 vero
2191 2425 2501 2483 communia
2550 2431 2607 2481 et
2632 2423 2920 2495 praesentis
2949 2422 3125 2478 solum
3162 2419 3424 2490 Emporia

1833 2535 1998 2591 Opera
2021 2519 2308 2583 intellexit,
2336 2518 2456 2574 haec
2477 2515 2653 2574 solum
2683 2530 2847 2585 opera
2874 2513 3256 2571 nominaverit.
3284 2511 3426 2569 Sunt

1832 2623 1962 2681 ergo
2014 2609 2264 2681 quaedam
2310 2622 2475 2679 opera
2532 2621 2779 2676 operum,
2824 2619 2947 2675 qua:
2981 2619 3082 2676 ego
3132 2612 3266 2676 puto
3300 2615 3425 2660 esse

1831 2704 1948 2759 haec
1968 2703 2171 2768 omnia,
2195 2702 2263 2758 de
2285 2701 2479 2771 quibus
2501 2700 2587 2756 vel
2616 2700 2672 2755 in
2700 2698 2959 2773 praesenti
2977 2697 3230 2763 lectione,
3254 2696 3342 2753 vel
3368 2696 3425 2750 in

1833 2794 2040 2856 Exodo,
2067 2792 2203 2848 etin
2238 2789 2454 2847 czeteris
2492 2789 2627 2847 locis
2679 2789 2782 2847 sub
2832 2785 3063 2847 occultis
3112 2784 3428 2856 praecipitur

1833 2886 2147 2957 mysteriis;
2177 2891 2233 2938 et
2252 2896 2351 2951 pro
2370 2888 2527 2951 parte
2562 2875 2635 2934 in'
2654 2878 2937 2948 praesenti,
2967 2892 3071 2947 pro
3094 2888 3251 2946 parte
3286 2888 3419 2931 vero

1834 2976 2115 3049 explendis
2140 2976 2197 3031 in
2220 2973 2464 3028 futurum
2491 2985 2506 3025 :
2531 2985 2651 3040 qua:
2673 2978 2875 3035 tamen,
2900 2976 2963 3027 ut
2986 2968 3246 3033 diximus,
3257 2979 3425 3036 opera

1832 3086 2061 3145 operum
2107 3084 2219 3126 non
2280 3065 2524 3130 cuilibet,
2578 3062 2676 3120 sed
2730 3060 2911 3117 levitis
2969 3058 3101 3119 solis
3166 3056 3427 3117 tradenda

1833 3164 2195 3227 mandantur;
2225 3168 2283 3213 et
2308 3158 2453 3215 inter
2474 3154 2697 3212 Levites
2724 3151 2871 3222 ipsos
2895 3165 3005 3207 non
3035 3148 3188 3219 prius
3213 3149 3281 3204 ad
3310 3148 3428 3203 hac

124 3271 496 3345 corporalium
545 3238 752 3342 species
778 3238 1344 3340 uadumbrationesque
1384 3238 1619 3325 velabat.
1662 3268 1731 3324 Et

1834 3269 2001 3326 opera
2032 3252 2320 3324 quisquam
2380 3253 2628 3313 vocatur,
2667 3242 2773 3298 nisi
2816 3241 3074 3321 vicesimo
3118 3238 3337 3296 domum
3370 3243 3429 3293 et

123 3377 238 3433 cum
279 3364 459 3419 sciret
503 3378 693 3419 verum
738 3363 940 3434 pascha
986 3361 1375 3417 immolandum
1416 3376 1536 3417 esse
1565 3359 1723 3416 Chri—
1826 3349 2176 3421 quintoanno
2201 3329 3426 3434 νίωωω.υείιυθαάίιιιὶωξιιίιμξὶιξιυξυοξοά

122 3430 283 3521 atum,
310 3454 606 3531 corporale
652 3421 922 3509 immolari
963 3454 1186 3508 mandat
1220 3455 1445 3524 pascha.
1480 3453 1726 3524 Cumque
1826 3455 1938 3495 non
1958 3443 2113 3495 εᾶΐθι
2136 3442 2506 3498 sacramento:
2537 3446 2608 3487 ηθ
2652 3430 2770 3499 il)ne
2803 3427 3023 3497 (ιιιίάεω
3047 3423 3241 3531 νίςῐίηίί
3264 3421 3426 3523 ᾳυίιξ-

122 3550 288 3604 sciret
311 3548 459 3604 diem
489 3528 685 3604 foetum
710 3562 870 3618 agere
896 3547 1095 3602 debere
1122 3547 1177 3599 in
1206 3546 1413 3617 azymis
1433 3544 1724 3600 sincerita-

1833 3545 1935 3601 que
1960 3537 2015 3585 et
2040 3526 2435 3598 quinquaginta
2473 3536 2735 3579 numerus
2778 3531 3067 3572 annorum.
3102 3514 3242 3569 Nam
3268 3514 3325 3571 in
3346 3511 3426 3567 vi-

129 3640 197 3695 tis
225 3650 282 3696 et
308 3640 585 3707 veritatis,
611 3647 795 3694 tamen
823 3639 889 3693 de
911 3636 1102 3691 farinae
1127 3637 1332 3707 azymis
1356 3635 1726 3706 praecipiebat.

124 3727 242 3787 llaec
262 3744 402 3801 ergo
428 3739 485 3786 et
506 3729 816 3799 huiusmodi
838 3735 996 3784 erant
1018 3726 1217 3782 Sancta
1241 3733 1574 3780 sanctorum.
1600 3722 1729 3790 Quae

122 3834 236 3874 cum
270 3821 495 3891 Moyses
523 3820 787 3890 portanda
812 3818 1024 3873 creteris
1049 3818 1312 3882 traderet,
1346 3815 1402 3869 id
1429 3822 1533 3882 est,
1566 3814 1730 3871 rebus

124 3918 169 3963 et
214 3910 490 3979 cperibus
531 3908 827 3977 implenda,
859 3916 1113 3976 cooperta
1156 3914 1341 3960 tamen
1374 3920 1437 3959 ea
1469 3913 1525 3960 et
1551 3904 1730 3959 velata

127 4002 412 4060 communi
437 4014 755 4057 sermonum
777 4000 1022 4054 tradebat
1044 3998 1278 4068 eloquio.
1302 3997 1528 4051 Humeri
1553 4004 1733 4052 autem

126 4097 260 4166 quod
290 4108 525 4166 operum
560 4093 825 4149 indicium
856 4099 1099 4158 teneant,
1138 4092 1191 4145 in
1216 4090 1403 4145 multis
1437 4089 1735 4159 Scriptura:

126 4188 257 4246 locis
283 4202 438 4258 sape
467 4186 824 4243 ostendimus.
857 4185 963 4241 Sed
991 4185 1044 4239 in
1073 4184 1459 4240 ecclesiasticis
1482 4182 1735 4237 observa-

129 4278 368 4335 tionibus
394 4285 522 4333 sunt
544 4276 806 4333 nonnulla
835 4274 1167 4345 huiusmodi,
1194 4289 1317 4345 quae
1340 4272 1593 4328 omnibus
1619 4271 1735 4341 qui-

131 4374 245 4428 dem
280 4373 470 4428 facere
502 4384 726 4429 necesse
759 4376 863 4438 est,
909 4384 1011 4425 nec
1036 4377 1221 4424 tamen
1251 4366 1504 4421 omnibus
1541 4378 1731 4420 eorum

132 4474 273 4535 patet
289 4464 622 4521 intellectus.
650 4461 788 4519 Nam
816 4460 960 4533 quod
985 4460 1141 4518 verbi
1160 4459 1335 4532 gratia
1359 4472 1533 4529 genua
1565 4454 1732 4511 ﬂecti-

91 4572 99 4619 :
136 4572 247 4612 mus
274 4564 530 4623 orantes,
559 4564 615 4611 et
643 4554 787 4624 quod
812 4569 882 4609 ex
919 4551 1170 4607 omnibus
1194 4548 1319 4605 coeli
1339 4548 1514 4619 plagis
1545 4548 1614 4602 ad
1643 4560 1731 4602 so—

1829 3621 2036 3691 gesimo
2078 3618 2267 3686 quinto
2310 3627 2536 3671 numero
2561 3613 2804 3681 quinque
2853 3620 3113 3673 sensuum
3158 3601 3424 3674 perfectio

1832 3710 2167 3772 declaratur,
2239 3706 2315 3759 ita
2361 3711 2425 3758 ut
2469 3700 2758 3770 quinquies
2807 3698 2999 3766 quinto
3049 3699 3421 3749 numerentur.

1833 3802 1989 3870 Quod
2014 3800 2200 3869 utique
2224 3795 2426 3857 indicat
2452 3808 2577 3849 eum
2605 3789 2792 3847 vocari
2827 3788 2895 3842 ad
2920 3799 3087 3858 opera
3116 3797 3343 3855 operum
3363 3781 3419 3870 in

1832 3869 2137 3948 ministerio
2181 3882 2512 3957 peragenda,
2542 3880 2638 3951 qui
2680 3894 2747 3934 ex
2795 3877 2942 3933 omni
2984 3881 3139 3945 parte
3167 3869 3427 3941 multipli-

1834 3984 1972 4040 catis
1995 3989 2051 4037 et
2069 3978 2371 4049 purilicatis
2393 3974 2667 4037 sensibus,
2692 3969 2967 4025 invenitur
2988 3978 3111 4022 esse
3129 3961 3424 4037 perfectus.

1838 4075 1901 4131 Si
1929 4082 2111 4129 autem
2139 4068 2472 4126 voluerimus
2520 4065 2699 4135 legere
2744 4061 3083 4117 tricesimum
3114 4071 3423 4123 numerum,

1834 4176 1898 4226 ut
1926 4167 2028 4223 sub
2056 4180 2123 4222 eo
2166 4162 2541 4234 ingrediantur
2584 4156 2787 4212 Levita:
2841 4156 2909 4209 ad
2945 4152 3311 4209 ministerium
3346 4159 3425 4205 ta—

1835 4258 2136 4322 bernaculi,
2179 4255 2417 4311 sciamus
2441 4252 2546 4309 hoc
2580 4266 2691 4315 non
2721 4252 2841 4305 sine
2868 4262 3026 4304 sacro
3064 4258 3189 4301 esse
3216 4252 3422 4316 myste-

1833 4350 1936 4407 rio.
1969 4347 2301 4404 Tricesimus
2328 4343 2475 4400 enim
2516 4356 2776 4398 numerus
2805 4354 2912 4411 quo
2940 4339 3198 4400 denarius
3225 4350 3421 4390 nume,

1831 4455 1928 4495 rus
1951 4446 2034 4493 ter
2061 4444 2281 4494 constat
2298 4448 2420 4489 esse
2458 4431 2874 4501 multiplicatus,
2906 4426 3275 4495 integritatem
3299 4424 3425 4481 ﬁdei

1834 4531 2105 4605 signiﬁcat
2150 4544 2275 4585 cum
2318 4524 2657 4596 perfectione
2706 4522 2973 4579 honorum
3006 4531 3254 4586 operum,
3304 4516 3421 4572 sine

96 4609 100 4665 ἓ
137 4646 233 4702 lam
269 4609 753 4717 oﬁmtis'ﬂag‘am
797 4644 1043 4700 conversi
1081 4609 1386 4699 οηαοηεξη
1431 4609 1727 4705 "fundimus,
1757 4629 1812 4690 1)
1837 4626 2036 4695 quibus
2077 4621 2258 4676 nullus
2298 4625 2457 4687 aptus
2493 4623 2576 4670 est
2628 4613 2695 4668 ad
2746 4610 3108 4667 ministerium
3154 4609 3418 4713 divinum.

139 4752 235 4794 non
262 4738 416 4794 facili
447 4738 701 4808 cuiquam
743 4740 875 4806 puto
914 4735 1125 4789 ratione
1151 4740 1506 4801 compertum.
1542 4729 1648 4785 Sed
1672 4738 1727 4784 et

140 4830 481 4886 euehat-istim
515 4830 630 4885 sive
660 4826 1044 4898 percipiendae,
1089 4825 1204 4881 sive
1245 4837 1436 4879 eorum
1473 4821 1582 4875 ritu
1606 4834 1725 4891 quae

140 4922 343 4990 geritur
389 4921 750 4992 explicandae,
799 4918 885 4973 vel
935 4931 1127 4974 eorum
1190 4930 1310 4986 qua:
1354 4921 1617 4987 geruntur
1669 4912 1727 4967 in

141 5010 409 5083 baptismo
453 5014 740 5070 verborum
790 5017 1201 5081 gestorumque,
1248 5017 1307 5063 et
1342 5007 1596 5064 ordinum
1646 5013 1728 5060 air

144 5116 239 5171 que
273 5103 786 5174 interrogationum,
826 5098 948 5170 quis
984 5097 1144 5152 facile
1171 5097 1404 5167 explicet
1426 5095 1727 5152 rationem?

146 5192 209 5248 Et
248 5203 437 5250 tamen
482 5193 664 5250 omnia
708 5194 825 5249 hee
866 5202 1029 5261 opera
1071 5188 1202 5253 licet
1245 5196 1301 5244 et
1338 5190 1517 5244 velata
1550 5198 1730 5259 porta-

145 5299 261 5341 mus
293 5300 464 5357 super
496 5288 754 5345 humeros
790 5292 1026 5349 nostros,
1070 5295 1196 5336 cum
1235 5281 1311 5336 ita
1347 5280 1630 5350 iunplemus
1664 5295 1728 5336 ea

147 5388 203 5434 et
248 5382 627 5451 exsequimur,
674 5387 733 5434 ut
783 5394 814 5432 a
859 5392 1055 5448 magno
1092 5375 1362 5447 pontiﬁce
1413 5384 1573 5444 atque
1614 5373 1731 5443 ejus

150 5467 270 5526 ﬁliis
318 5472 522 5527 tradita
578 5479 634 5527 et
683 5468 1059 5526 commendata
1108 5468 1465 5538 suscepimus.
1526 5464 1730 5520 Cuncta

150 5578 277 5635 ergo
320 5566 442 5622 haec
481 5572 538 5620 et
578 5566 777 5620 horum
815 5562 1013 5619 similia
1056 5576 1179 5618 cum
1218 5560 1481 5632 gerimus,
1526 5573 1628 5614 nec
1663 5563 1739 5612 ta-

151 5670 274 5712 men
306 5671 498 5717 eorum
525 5657 866 5730 assequlmur
893 5655 1182 5722 rationem,
1218 5652 1462 5709 levamus
1495 5650 1740 5708 humeris

148 5754 355 5811 nostris
416 5763 473 5812 et
526 5761 805 5827 portamus
858 5751 1114 5822 adoperta
1170 5758 1225 5805 et
1281 5748 1497 5804 obtecta
1556 5744 1738 5802 divina

158 5846 417 5913 mysteria
461 5865 474 5878 ’
528 5845 633 5904 nisi
678 5844 726 5904 si
777 5842 898 5914 quis
954 5840 1033 5897 sit
1076 5839 1217 5897 inter
1261 5855 1361 5897 nos
1410 5836 1591 5894 Aaron
1644 5842 1738 5894 aut

1835 4717 1943 4774 Sed
1973 4724 2027 4769 et
2056 4711 2356 4769 innumeris
2383 4708 2678 4777 Scriptores
2709 4713 2912 4759 sanctae
2939 4702 3072 4758 locis
3098 4701 3424 4761 tricenarius

1834 4821 2112 4869 numerus,
2161 4800 2370 4859 Christi
2418 4808 2475 4855 et
2516 4796 2776 4853 Ecclesiae
2811 4797 3168 4855 sacramentis
3207 4803 3425 4866 aptatus

1834 4900 2131 4959 invenitur.
2188 4894 2328 4951 Nam
2379 4901 2436 4948 et
2470 4891 2672 4964 Joseph
2697 4891 2792 4965 qui
2819 4891 2875 4947 in
2905 4889 3133 4963 ﬁguram
3173 4904 3423 4948 resurrec-

1833 4992 2032 5051 ctionis
2050 4989 2297 5061 Novique
2314 4986 2647 5055 Testamenti
2670 4984 2944 5055 octoginta
2959 4984 3118 5055 annis
3134 4981 3422 5054 1Eng

1836 5102 1869 5145 a
1903 5086 2047 5140 fame
2071 5081 2335 5147 defendit,
2372 5078 2699 5134 tricenarius
2732 5076 2937 5132 ablutis
2968 5073 3227 5147 ergastuli
3256 5072 3427 5130 sordi-

1835 5178 1956 5243 bus,
1989 5177 2141 5247 regni
2185 5171 2556 5246 gubernacula
2609 5170 2877 5241 suscepit;
2922 5177 2980 5224 et
3012 5166 3182 5224 David
3230 5166 3420 5229 eadem

1834 5274 1997 5325 atate
2023 5279 2251 5336 regnum
2280 5262 2426 5332 quod
2469 5260 2937 5334 septuagenarius,
2960 5259 3067 5313 hoc
3093 5264 3203 5318 est,
3226 5264 3421 5321 perper

1838 5371 1929 5419 tua
1963 5360 2145 5430 quiete
2181 5359 2377 5430 dignus
2405 5357 2725 5429 compleret,
2755 5350 3047 5415 inchoavit,
3078 5357 3134 5404 et
3167 5342 3420 5411 Ezechiel

1836 5454 2059 5523 triginta
2096 5464 2386 5516 annorum,
2425 5449 2630 5519 apertis
2653 5446 2758 5504 sibi
2786 5436 3256 5514 εοειῑερεοριιεῑὶω
3280 5434 3421 5501 d0,“

1833 5545 2154 5619 promeruit.
2184 5544 2252 5599 Et
2264 5542 2391 5614 quia
2414 5556 2512 5614 per
2530 5541 2692 5597 ﬁdem
2712 5542 2768 5592 et
2786 5533 3013 5588 adversa
3034 5524 3421 5598 longanimiter

1833 5640 1989 5708 ferri,
2022 5646 2079 5696 et
2105 5637 2411 5695 sublimiter
2439 5635 2637 5692 debent
2661 5625 2882 5701 praemia
2916 5620 3153 5694 sperari,
3196 5626 3256 5677 et
3279 5631 3419 5681 arce
3448 5630 3453 5635 '

1834 5733 1918 5792 vel
1942 5729 2130 5802 templi
2158 5729 2411 5794 altitudo,
2437 5734 2495 5782 et
2522 5715 2860 5799 tabernaculi
2886 5710 3167 5786 longitudo
3192 5710 3416 5793 triginta

1835 5826 2035 5888 cubitis
2071 5830 2437 5884 mensuratur.
2479 5808 2971 5886 Quinquagesimus
3014 5813 3195 5866 autem
3229 5817 3419 5877 nume-5

3435 447 3448 495 ἱ
