3892 6346
481 314 594 374 Μῦ

1142 301 1206 358 Β.
1239 297 1506 376 unum!
1538 295 1766 358 munt
1785 297 2064 359 suanm]

2167 293 2464 355 MOGUNT.
2503 292 2788 352 OPERUM
2821 292 3004 350 PARS
3035 293 3080 349 Ι.

3657 300 3754 359 616

476 439 572 482 rus
603 423 750 494 quod
777 415 1221 489 ropromisslonis
1270 397 1622 486 indulgentiae,
1661 420 1844 468 teneat
1883 426 2066 468 sacra-
2089 422 2145 482 Α
2170 413 2442 468 cultorum
2470 409 2824 482 providentiae
2852 423 2964 465 suae
3003 415 3213 465 secreta
3242 407 3588 480 iudiciorum
3617 428 3753 470 oon)-

477 522 744 578 mentum,
769 511 825 565 in
856 507 1042 563 multis
1067 506 1472 576 Scripturarum
1501 505 1634 560 locis
1652 518 1794 574 saepe
1813 512 1870 560 et
1889 504 2061 558 abun-

475 607 672 660 danter
681 599 1039 658 ostendimus.
1064 597 1198 652 Nam
1222 607 1279 651 et
1293 597 1755 669 quinquagesimae
1771 611 1939 649 annus
1961 603 2059 661 est,

473 711 530 748 in
543 709 645 764 quo
662 701 710 748 et
723 690 1114 761 possessionum
1125 697 1174 742 et
1189 687 1454 741 servitutis
1470 697 1518 740 et
1539 686 1702 740 debiti
1714 687 1775 757 ﬁt
1791 683 2061 750 remissio;

474 793 531 842 et
566 781 1046 855 quinquagesimae
1070 780 1185 836 dies
1208 789 1334 850 post
1363 779 1590 846 Pascha,
1633 777 1800 833 festus
1831 777 2064 832 traditur

475 879 534 935 in
570 879 692 949 lege
710 874 902 947 (Leuit.
926 874 1078 946 xxv).
1113 872 1221 928 Sed
1245 873 1505 927 Dominus
1533 871 1589 926 in
1619 869 1913 942 Evangelio
1938 883 2064 924 cum

473 970 791 1044 parabolam
811 967 1248 1038 repromissionis
1269 967 1490 1021 doceret
1507 973 1561 1021 et
1586 963 1950 1035 indulgentiae,
1973 963 2068 1018 de-

475 1062 687 1120 bitores
715 1074 853 1131 quos
896 1057 1213 1124 introducit,
1251 1071 1419 1111 unum
1467 1057 1526 1110 in
1567 1055 1975 1126 quinquaginta,
2009 1059 2066 1107 et

477 1155 646 1210 alium
698 1151 1008 1222 quingentis
1054 1149 1295 1205 denariis
1335 1148 1504 1204 fuisse
1563 1147 1697 1203 dicit
1745 1147 2061 1203 obnoxium.

479 1243 884 1314 Quinquaginta
925 1248 1111 1295 autem
1135 1249 1190 1294 et
1214 1240 1517 1310 quingenti,
1556 1247 1819 1310 cognatus
1847 1247 1934 1294 est
1958 1252 2063 1292 nu—

481 1347 683 1388 merus.
717 1330 930 1386 Decade
957 1331 1106 1385 enim
1133 1331 1524 1402 quinquaginta
1564 1329 1772 1384 faciunt
1804 1330 2067 1400 quingen-

478 1429 584 1479 tos.-
599 1421 844 1478 ‘Sed'alia
870 1429 1024 1491 parte
1043 1433 1302 1476 numerus
1323 1422 1430 1477 iste
1446 1425 1692 1477 sacratus
1711 1428 1815 1477 est.
1846 1421 2067 1492 Septem

479 1514 625 1568 enirn
671 1512 988 1582 septimana:
1015 1511 1062 1566 si
1091 1512 1324 1566 addatur
1343 1512 1506 1566 unius
1531 1513 1744 1567 numeri
1781 1509 2066 1582 perfectio,

480 1604 875 1676 (minquaginta
905 1603 1111 1659 faciunt
1153 1605 1288 1659 dies.
1333 1603 1596 1660 Similiter
1623 1613 1679 1661 et
1723 1605 2067 1676 septuaginta

485 1697 828 1766 septimanis,
867 1696 914 1751 si
943 1697 1175 1751 addatur
1209 1697 1370 1752 unius
1390 1697 1611 1753 decadis
1648 1697 2064 1764 consummatio,

2162 503 2330 568 misit,
2376 515 2502 556 arca
2551 500 2866 555 testamenti
2914 499 3012 555 Dei
3063 498 3418 570 appellentur.
3460 499 3646 556 Porro
3673 505 3750 573 qui

2161 605 2287 646 cum
2323 589 2470 644 omni
2516 588 2714 644 ﬁducia
2766 603 2864 660 per
2890 589 3097 644 hostias
3141 603 3368 658 precum
3400 590 3749 659 supplicatio-

2161 696 2402 752 numque
2444 681 2692 736 victimas
2739 680 2910 736 Deum
2937 679 3252 735 hominibus
3290 682 3675 752 repropitiant,
3701 695 3750 740 et

2161 786 2262 843 pro
2276 772 2487 828 delictis
2499 772 2683 843 populi
2710 772 3102 838 interveniunt,
3123 773 3573 842 propitiatorium
3591 777 3747 832 nomi-

2163 871 2381 919 nentur.
2416 862 2487 918 At
2522 862 2615 932 qui
2661 870 2979 917 meruerunt
3029 861 3434 918 multitudinem
3495 866 3741 940 scientia,

2163 960 2220 1008 et
2264 954 2603 1008 abundantes
2644 954 2861 1009 divitias
2908 954 2964 1008 in
3001 955 3279 1025 agnitione
3327 955 3450 1021 Dei,
3498 957 3739 1014 cherubin

2165 1041 2393 1114 intelligi
2423 1050 2672 1112 possunt.
2717 1043 2995 1100 Cherubin
3037 1058 3252 1114 quoque
3279 1046 3332 1098 in
3357 1046 3555 1115 lingua
3578 1058 3736 1104 nostra

2164 1137 2448 1191 multitudo
2500 1138 2730 1192 scientia?
2778 1139 3186 1208 interpretatur.
3243 1138 3352 1194 Sed
3409 1140 3520 1194 bos
3574 1156 3734 1196 omnes

2166 1231 2257 1300 qui
2309 1245 2411 1301 per
2459 1230 2574 1286 haec
2619 1231 2831 1300 singula
2885 1245 3006 1300 quae
3054 1245 3218 1300 supra
3255 1242 3588 1288 enumerata
3627 1245 3730 1290 sunt

2167 1322 2540 1390 designantur,
2596 1322 2804 1391 portari
2850 1337 3073 1377 necesse
3102 1330 3206 1389 est,
3240 1332 3297 1378 et
3330 1324 3550 1398 portari
3584 1325 3633 1379 in
3654 1326 3734 1380 ha-

2167 1414 2353 1469 meris.
2379 1413 2530 1470 Unde
2560 1414 2906 1480 fortassis,ut
2935 1429 3035 1485 ego
3061 1415 3272 1484 opinor,
3293 1415 3476 1488 angeli
3501 1415 3592 1486 qui
3614 1418 3733 1471 ordi-

2168 1499 2285 1559 nati
2309 1509 2438 1559 sunt
2479 1513 2702 1576 pr0pter
2727 1521 2820 1560 eos
2846 1505 2940 1575 qui
2967 1505 3344 1560 hereditatem
3369 1507 3594 1576 capiunt
3618 1507 3731 1563 salta

2169 1597 2258 1664 tis,
2291 1597 2394 1667 ipsi
2445 1604 2571 1652 sunt
2623 1598 2714 1668 qui
2743 1596 2984 1669 singulos
3009 1599 3200 1653 eorum
3247 1613 3389 1669 quos
3423 1595 3585 1670 supra
3621 1600 3730 1654 dixi:

2170 1702 2311 1755 mus,
2345 1698 2584 1759 portant.
2617 1687 2751 1744 Cum
2782 1689 2927 1744 enim
2965 1689 3199 1744 solutum
3227 1688 3398 1744 fuerit
3435 1693 3726 1752 tabemacu-

479 1786 687 1842 faciunt
720 1787 1065 1857 quingentos.
1099 1786 1252 1854 Quod
1276 1789 1326 1843 si
1358 1789 1723 1844 abundantius
1766 1789 1941 1844 adhuc
1974 1804 2064 1844 sa-

2169 1780 2282 1836 lum
2323 1782 2449 1848 hoc,
2484 1789 2540 1836 et
2586 1781 2911 1852 cmperimus
2959 1781 3170 1851 ingredi
3224 1782 3294 1836 ad
3321 1780 3417 1836 illa
3450 1789 3646 1849 sancta,
3683 1791 3724 1837 et

476 1884 759 1932 (tramenta
779 1878 1172 1948 quinquaginta
1195 1887 1250 1932 et
1271 1877 1689 1947 quingentorum
1717 1879 1932 1935 numeri
1952 1880 2070 1952 pla-

478 1971 567 2020 cet
611 1963 814 2036 colligi,
845 1965 1111 2021 habemus
1138 1975 1196 2022 et
1223 1968 1279 2021 in
1326 1969 1430 2024 hoc
1458 1969 1577 2040 ipso
1597 1969 1690 2039 qui
1715 1971 1770 2024 in
1814 1971 2068 2026 manibus

478 2062 564 2110 est
577 2054 945 2115 Numerorum
973 2056 1134 2124 libro,
1166 2057 1256 2112 ubi
1279 2059 1347 2114 de
1372 2060 1612 2116 hostium
1641 2060 1828 2130 spoliis
1847 2060 2066 2131 quidam

477 2147 700 2217 quidem
727 2147 967 2204 oderunt
989 2151 1046 2205 in
1071 2151 1232 2206 domo
1251 2151 1375 2218 Dei,
1402 2155 1909 2224 quinquagesimam
1935 2170 2064 2225 por-

476 2238 680 2294 tionem
701 2241 797 2310 qui
816 2255 928 2296 non
951 2253 1342 2312 processerunt
1355 2245 1426 2299 ad
1448 2245 1674 2312 bellum,
1703 2248 1924 2316 quidam
1937 2263 2067 2304 vero

474 2330 991 2402 quingentesimum.
1042 2334 1112 2388 Et
1155 2337 1343 2402 utique
1373 2350 1482 2390 non
1513 2336 1748 2391 inaniter
1780 2339 1944 2393 etiam
1979 2338 2068 2393 hic

476 2419 961 2492 quinquagesimus
983 2439 1246 2480 numerus
1279 2428 1528 2481 habetur.
1571 2428 1680 2483 Sed
1701 2438 1757 2483 et
1788 2429 1842 2484 in
1870 2429 2067 2487 Genesi

478 2512 574 2567 ubi
597 2512 861 2570 Dominus
909 2518 1180 2572 tractabat
1216 2518 1282 2574 de
1314 2519 1646 2591 indulgentia
1683 2521 2065 2591 Sodomorum,

482 2603 530 2657 si
565 2601 710 2660 forte
752 2615 976 2677 possent
1024 2610 1092 2665 ad
1141 2612 1356 2666 veniam
1404 2614 1701 2683 pertinere,
1760 2615 2068 2684 hujusmodi

479 2697 867 2766 mysteriorum
891 2703 1141 2757 conscius
1179 2704 1492 2774 patriarcha
1518 2689 1818 2774 Abraham,
1860 2723 1892 2762 a
1915 2708 2069 2778 quin-

475 2790 794 2861 quagesimo
823 2807 1054 2850 numero
1092 2796 1280 2875 incipit
1322 2813 1422 2866 pro
1447 2798 1780 2867 indulgentia
1810 2799 2068 2855 Sodomo—

479 2895 602 2936 rum
647 2884 879 2940 Domino
907 2887 1214 2957 supplicare
1252 2899 1308 2944 et
1346 2889 1519 2945 dicit:
1547 2889 1606 2946 Si
1641 2893 1834 2947 inuenti
1870 2894 2069 2963 fuerint

476 2977 860 3050 quinquaginta
901 2981 959 3034 in
985 2982 1211 3049 civitate,
1262 2999 1366 3036 non
1401 2983 1628 3038 salvabis
1676 2995 1886 3055 propter
1915 2987 2068 3057 quin-

475 3069 729 3138 quaginta
775 3071 1079 3125 civitatem?
1120 3072 1274 3143 (Gen.
1307 3074 1445 3146 nx.)
1472 3075 1579 3131 Sed
1635 3077 1701 3131 ad
1730 3078 2069 3146 propositum

2169 1886 2398 1944 pergere
2426 1873 2495 1927 ad
2520 1872 2698 1928 locum
2737 1872 3197 1944 repromissionis,
3224 1872 3284 1930 bi
3304 1874 3399 1942 qui
3425 1887 3557 1930 vere
3583 1874 3723 1930 sancti

2169 1973 2317 2032 sunt,
2346 1971 2400 2020 et
2427 1973 2480 2019 In
2508 1964 2722 2020 Sanctis
2746 1973 3057 2020 sanctorum
3077 1966 3369 2033 habentur,
3407 1966 3608 2037 angelis
3631 1968 3722 2020 sine

2170 2058 2334 2113 dubio
2395 2057 2840 2113 subvectantibus
2883 2057 3180 2123 incedunt,
3233 2067 3291 2112 et
3335 2073 3608 2129 usquequo
3656 2074 3721 2112 rc-

2169 2149 2416 2220 quiescat
2479 2148 2889 2204 tabernaculum
2957 2149 3314 2219 deportantur
3378 2150 3436 2203 in
3491 2148 3719 2214 humeris,

2169 2241 2499 2297 extolluntur
2521 2242 2575 2296 in
2611 2241 2879 2296 manibus.
2908 2239 3063 2308 Quod
3099 2241 3434 2312 prospiciens
3469 2241 3523 2294 in
3549 2239 3724 2311 spiritu

2167 2334 2431 2405 propheta
2459 2333 2671 2388 dicebat
2696 2351 2707 2386 :
2737 2332 3001 2398 Quoniam
3029 2332 3229 2403 angelis
3255 2334 3362 2387 suis
3387 2331 3642 2385 mandarit
3668 2332 3725 2384 de

2169 2438 2238 2496 te,
2268 2437 2324 2481 ut
2346 2429 2402 2482 in
2426 2428 2666 2481 manibus
2693 2427 2879 2480 tollant
2906 2437 2974 2493 te,
3005 2443 3066 2480 ne
3094 2424 3228 2495 forte
3258 2427 3495 2496 oﬂ’endas
3521 2425 3582 2478 ad
3606 2423 3720 2492 lupi-

2168 2523 2286 2577 dem
2327 2522 2509 2593 pedem
2561 2531 2708 2574 tuum
2757 2517 2928 2592 (Psal.
2961 2520 3071 2592 xc).
3105 2520 3258 2587 Quod
3307 2519 3512 2573 dictum
3539 2519 3718 2588 quidem

2167 2613 2380 2684 putavit
2435 2612 2680 2668 diabolus
2741 2612 2806 2666 de
2868 2611 3151 2668 Salvatore
3205 2611 3604 2682 accipiendum;
3645 2608 3720 2662 sed

2168 2713 2472 2761 excmcatus
2519 2704 2745 2769 malitia,
2797 2718 2905 2758 non
2945 2703 3211 2758 intellexit
3245 2703 3466 2772 eloquia
3505 2701 3717 2774 mystica.

2168 2799 2356 2869 Neque
2394 2799 2539 2854 enim
2589 2798 2844 2852 Salvator
2872 2806 3060 2853 noster
3107 2797 3314 2868 angelis
3357 2797 3634 2869 indigebat,
3674 2799 3722 2844 ut

2169 2911 2280 2951 non
2328 2883 2625 2949 oii‘enderet
2679 2893 2745 2946 ad
2797 2891 3029 2962 lapidem
3075 2893 3269 2962 pedem
3309 2907 3493 2946 suum.
3548 2887 3719 2944 Calum-

2169 2989 2354 3042 niatur
2403 2985 2653 3041 diabolus
2694 2983 3036 3054 Scripturam
3091 2984 3353 3050 divinam,
3402 2983 3497 3053 qui
3544 2981 3642 3036 haec
3669 2979 3719 3033 de

2174 3078 2455 3132 Salvatore
2482 3076 2626 3131 dicta
2655 3074 2965 3146 protulerit,
2993 3088 3101 3127 non
3127 3074 3194 3128 de
3226 3072 3339 3138 illo,
3370 3072 3466 3127 sed
3488 3071 3550 3126 de
3573 3066 3720 3123 omni-

476 3167 837 3214 revertamnr.
873 3161 1101 3231 Oportet
1125 3179 1256 3234 ergo
1289 3167 1508 3235 operari
1534 3167 1755 3226 Levitas
1779 3169 1834 3223 in
1862 3169 2065 3224 sanctis
2093 3155 2138 3220 C
2168 3169 2272 3225 bus
2307 3168 2510 3222 sanctis
2536 3167 2654 3222 haec
2679 3166 2879 3221 dicitur
2908 3182 2920 3217 :
2955 3165 3093 3232 Quia
3121 3163 3328 3235 angelis
3351 3164 3467 3218 suis
3484 3158 3723 3217 mandavit

478 3263 654 3318 usque
702 3251 771 3304 ad
819 3253 1212 3321 quinquaginta
1258 3271 1449 3320 annos,
1509 3256 1796 3313 inferiores
1846 3259 2063 3328 quidem

477 3351 666 3408 opera,
715 3339 970 3395 meliores
999 3344 1218 3410 quidem
1249 3359 1413 3415 Opera
1449 3362 1710 3416 operum;
1746 3350 1940 3403 horum
1971 3365 2066 3405 au-

477 3436 590 3483 tem
617 3429 929 3499 superiores
971 3433 1307 3502 spiritalibus
1353 3437 1552 3493 ofﬁciis
1574 3439 1869 3507 deservire,
1902 3450 1958 3497 et
1984 3443 2066 3497 in-

478 3520 649 3574 troire
673 3521 732 3575 in
762 3519 964 3578 Sancta
987 3537 1323 3595 sanctorum,
1354 3529 1538 3600 ibique
1558 3533 1772 3601 operire
1796 3550 1916 3604 quae
1939 3552 2067 3606 ope-

480 3615 671 3671 rienda
691 3625 839 3684 sunt,
875 3627 931 3673 et
961 3621 1178 3676 tradere
1212 3621 1341 3678 ﬁliis
1369 3623 1541 3680 Caath
1580 3627 1844 3697 portanda
1876 3629 2067 3683 hume-

475 3707 554 3762 ris
576 3715 632 3763 et
655 3712 908 3766 manibus
943 3712 1244 3781 evehenda,
1287 3717 1383 3770 sed
1409 3724 1465 3771 et
1510 3718 1732 3788 reliquis
1777 3721 2066 3791 unicuique

476 3805 777 3860 secundum
811 3820 876 3860 ea
905 3821 1026 3876 qua:
1053 3804 1167 3874 jam
1197 3810 1447 3877 superius
1478 3826 1618 3880 saepe
1644 3812 1876 3867 disserta
1917 3822 2062 3868 sunt.

478 3889 679 3949 Verum
715 3912 785 3951 ne
831 3897 997 3951 nimia
1044 3900 1160 3954 hmc
1210 3901 1674 3969 operimentorum
1715 3903 2066 3975 velorumque

480 3987 693 4042 cautela
723 3988 1157 4059 desperationem
1178 3992 1469 4061 quamdam
1491 4003 1546 4048 et
1571 3997 1886 4052 mmstitiam
1911 4014 2066 4069 gene-

487 4087 570 4131 ret
608 4078 968 4146 auditoribus,
996 4097 1170 4152 pauca
1199 4083 1379 4154 aliqua
1409 4102 1530 4155 quae
1560 4095 1616 4142 et
1643 4090 1881 4160 pandere
1908 4091 2064 4146 nobis

476 4173 656 4220 tutum
703 4168 794 4233 sit,
831 4176 888 4222 et
935 4171 1091 4226 vobis
1139 4174 1209 4227 sit
1235 4173 1318 4229 fas
1348 4177 1590 4246 aspicere
1626 4181 2064 4252 quandoquidem

478 4262 540 4308 ut
559 4255 711 4325 prius
737 4256 995 4323 diximus,
1028 4274 1197 4328 genus
1227 4263 1410 4332 regale
1435 4275 1490 4319 et
1519 4271 1900 4337 sacerdotium,
1935 4287 2065 4341 gens

475 4355 696 4414 sancta,
741 4356 796 4405 et
840 4349 1072 4420 populus
1115 4351 1172 4406 in
1222 4356 1638 4423 acquisitionem
1685 4361 1814 4416 dicti
1853 4379 2058 4430 sumus,

478 4443 694 4514 aperire
731 4443 1085 4499 tentabimus.
1134 4442 1502 4517 lntelligamus
1553 4466 1682 4520 ergo
1743 4454 2063 4511 tabernacu-

473 4534 588 4589 lum
624 4537 921 4593 testimonii
971 4552 1160 4594 omnes
1197 4549 1436 4608 sanctos,
1480 4543 1575 4615 qui
1607 4547 1707 4602 sub
1735 4555 2060 4606 testamento
2084 4524 2140 4585 D

475 4625 575 4712 Dei
604 4637 931 4696 censentur;
972 4640 1028 4685 et
1053 4629 1108 4685 in
1134 4631 1241 4689 hoc
1271 4633 1626 4691 tabernaculo
1657 4654 1778 4694 esse
1799 4642 2062 4710 quosdam

476 4719 739 4777 celsiores
782 4725 994 4783 meritis
1024 4735 1079 4782 et
1113 4731 1289 4800 gratia
1311 4733 1639 4804 superiores,
1672 4745 1727 4791 et
1752 4752 1820 4792 ex
1846 4738 1932 4793 his
1963 4739 2061 4794 ali-

474 4815 614 4882 quos"
637 4815 853 4882 quidem
875 4821 1260 4879 candelabrum
1286 4825 1413 4892 dici,
1448 4827 1594 4899 ipsos
1626 4828 1766 4885 forte
1789 4832 2063 4901 apostolos

475 4902 571 4974 qui
621 4903 929 4961 illuminant
985 4913 1306 4970 accedentes
1335 4916 1403 4971 ad
1432 4917 1623 4973 Deum.
1669 4920 1778 4976 Sed
1819 4930 1873 4977 et
1899 4923 1944 4977 si
1970 4922 2063 4992 qui

481 4994 573 5048 alii
594 5003 721 5052 sunt
743 4997 837 5066 qui
859 4999 916 5052 in
939 4998 1045 5056 hoc
1071 5003 1422 5063 tabernaculo
1450 5009 1568 5076 Dei,
1601 5013 1854 5069 omnibus
1888 5015 2069 5084 ingre-

482 5084 758 5143 dientibus
814 5089 1056 5146 scientiae
1107 5103 1161 5148 et
1213 5096 1475 5154 doctrina:
1521 5100 1700 5156 lumen
1753 5105 2063 5172 ostendunt,

2169 3261 2313 3315 Deus
2366 3258 2588 3329 populo,
2645 3265 2707 3318 ut
2758 3273 2867 3312 non
2907 3255 3144 3310 offendat
3171 3256 3241 3309 ad
3295 3255 3526 3325 lapidem
3556 3250 3722 3321 pedem

2168 3365 2348 3405 suum.
2405 3348 2511 3403 Sed
2551 3355 2606 3401 et
2655 3347 2837 3402 omnia
2894 3361 3013 3416 qua:
3069 3345 3124 3400 in
3173 3345 3276 3400 hoc
3317 3345 3523 3416 psalmo
3550 3341 3724 3410 scripta

2169 3454 2316 3510 sunt,
2340 3443 2503 3513 justis
2529 3441 2831 3512 quibusque
2862 3441 3034 3512 magis
3059 3455 3223 3510 quam
3261 3438 3528 3494 Salvatori
3556 3449 3727 3492 conve-

2167 3533 2343 3587 niunt.
2367 3532 2590 3588 Liberat
2613 3532 2756 3586 enim
2779 3532 2921 3585 Deus
2948 3548 2979 3584 a
3005 3531 3183 3594 ruina,
3215 3538 3272 3584 et
3300 3529 3560 3584 daemonio
3594 3523 3731 3580 meri-

2169 3627 2332 3682 diano
2355 3643 2462 3682 non
2489 3626 2830 3682 Salvatorem
2867 3623 3044 3698 (Absit
3065 3641 3095 3678 a
3122 3625 3276 3679 nobis
3297 3623 3371 3678 ita
3398 3618 3731 3691 intelligere),

2170 3719 2264 3774 sed
2312 3736 2528 3776 onmem
2571 3718 2798 3789 justum.
2844 3716 2984 3772 Justi
3039 3718 3181 3772 enim
3223 3724 3343 3770 sunt
3371 3714 3460 3784 qui
3493 3712 3736 3782 indigent

2169 3811 2438 3881 adjutorio
2478 3811 2791 3879 angelorum
2821 3810 2937 3874 Dei,
2973 3819 3034 3865 ut
3061 3825 3160 3864 non
3181 3823 3210 3860 a
3258 3805 3591 3862 daemonibus
3619 3802 3733 3859 sub-

2168 3911 2421 3969 ruantur,
2477 3911 2534 3956 et
2557 3917 2625 3956 ne
2659 3902 2822 3958 corda
2853 3918 3040 3957 eorum
3063 3900 3257 3973 sagitta
3277 3897 3494 3952 volante
3525 3896 3579 3950 in
3601 3904 3730 3950 tene-

2168 3996 2283 4052 bris
2313 3996 2683 4052 tenebrcutur.
2715 3993 2821 4049 Per
2848 3995 2993 4065 ipsos
3023 3991 3244 4064 angelos
3265 3991 3369 4046 sub
3416 3986 3592 4044 eodem
3623 4000 3728 4055 my-

2165 4089 2333 4143 sterio
2385 4085 2585 4141 Paulus
2611 4087 2906 4156 portandos
2934 4099 3053 4140 esse
3079 4083 3349 4154 quosdam
3386 4077 3656 4135 conﬁrmat
3681 4075 3727 4127 iu

2165 4182 2400 4237 nubibus
2427 4197 2551 4238 cum
2579 4179 2712 4234 dicit
2750 4195 2762 4232 :
2799 4177 2901 4234 Sed
2935 4189 2982 4232 et
3020 4193 3112 4232 nos
3155 4176 3248 4247 qui
3285 4175 3528 4240 vivimus,
3559 4171 3640 4243 qui
3667 4183 3732 4221 re.

2165 4275 2477 4346 linquimur,
2501 4271 2658 4328 simul
2680 4288 2799 4327 cum
2819 4270 2925 4325 illis
2951 4271 3218 4342 rapiemur
3238 4270 3296 4322 in
3315 4266 3539 4322 nubibus
3555 4262 3728 4318 ebriam

2167 4365 2376 4420 Christo
2403 4367 2460 4420 in
2486 4381 2612 4419 aera
2635 4363 2689 4436 (Ι
2723 4362 2906 4418 Thess.
2949 4362 3048 4433 1v).
3075 4360 3387 4432 Rapiuntur
3416 4374 3546 4427 ergo
3567 4355 3630 4410 ab
3650 4369 3728 4408 an—

2167 4457 2302 4529 gelis
2336 4457 2394 4513 hi
2424 4456 2516 4529 qui
2566 4455 2782 4528 penitus
2832 4454 3048 4525 purgati
3073 4462 3131 4510 et
3156 4453 3305 4509 leves
3350 4451 3536 4510 eﬂ‘ecti
3565 4456 3728 4516 sunta

2167 4549 2397 4606 delictis.
2455 4548 2753 4604 Portantur
2779 4562 2910 4604 vero
2951 4548 3007 4604 hi
3037 4548 3132 4619 qui
3172 4546 3452 4618 aliquibus
3479 4545 3643 4601 adhuc
3662 4556 3730 4594 re-

2165 4643 2348 4713 liquiis
2399 4651 2830 4712 praegravantur.
2877 4639 3176 4696 Portantur
3220 4653 3352 4707 ergo
3383 4647 3442 4693 et
3483 4655 3519 4694 a
3547 4636 3733 4710 quibus-

2166 4735 2289 4789 dam
2312 4734 2578 4790 columna:
2613 4734 2974 4806 tabernaculi,
3010 4742 3066 4792 et
3097 4735 3241 4790 atria
3285 4741 3605 4807 mitemque
3635 4742 3734 4801 qua

2165 4842 2196 4881 a
2237 4825 2519 4896 Scriptura
2557 4827 2906 4894 referuntur;
2951 4835 3242 4898 portantur
3293 4834 3486 4882 autem
3536 4841 3637 4882 non
3681 4821 3734 4876 ab

2163 4917 2444 4985 lsraelitis,
2470 4918 2564 4973 sed
2583 4918 2849 4985 aLevitis,
2864 4920 3163 4974 secundum
3183 4919 3326 4978 hunc
3347 4932 3583 4974 sensum
3601 4928 3736 4986 quem

2165 5009 2221 5064 in
2250 5018 2571 5066 transcursu
2617 5009 2924 5066 videbimur
2967 5011 3206 5068 breviter
3232 5011 3565 5082 contigisse,
3600 5007 3739 5064 relin-

2163 5111 2392 5172 quentes
2433 5103 2683 5160 sensibus
2712 5103 3043 5160 auditorum.
3073 5105 3144 5160 Et
3187 5104 3238 5160 si
3275 5103 3402 5174 quis
3427 5105 3514 5162 de
3539 5106 3624 5162 bis
3644 5115 3740 5156 ma-

478 5190 670 5234 omnes
708 5177 798 5234 isti
825 5179 1212 5240 candelabrum
1237 5190 1523 5258 mysticum
1555 5193 1918 5248 nominentur.
1957 5195 2067 5252 Alii
2155 5195 2276 5264 jore
2340 5197 2613 5254 desiderio
2669 5195 3002 5270 ﬂagraverit,
3060 5199 3324 5255 accendat
3393 5198 3514 5256 sibi
3583 5198 3743 5252 lumen

477 5275 604 5324 sunt
628 5284 822 5327 mensa
852 5285 1008 5327 sacra
1055 5275 1148 5345 qui
1189 5291 1311 5332 cum
1339 5280 1544 5339 habent
1591 5300 1758 5354 panes
1787 5284 1909 5353 Dei,
1938 5288 2064 5344 reﬁ-

2163 5288 2425 5358 scientiae,
2455 5298 2512 5347 et
2536 5288 2742 5361 majora
2767 5289 2965 5346 horum
2987 5289 3153 5348 .oculo
3191 5290 3609 5363 perspicaciore
3635 5303 3746 5343 cna-

474 5361 625 5416 ciunt
665 5375 728 5417 ac
773 5374 1004 5434 pascunt
1054 5367 1265 5422 animas
1298 5374 1599 5430 esurientes
1618 5376 1908 5446 justitiam.
1948 5378 2056 5435 Alii
2158 5377 2331 5449 jiciat.

473 5459 601 5508 sunt
628 5452 797 5510 altare
819 5455 1047 5524 incensi,
1075 5459 1387 5530 quicunque
1401 5465 1738 5523 orationibus
1760 5478 1815 5524 et
1837 5468 2060 5541 jejuniis

475 5543 562 5599 die
595 5560 661 5601 ac
686 5555 848 5603 nocte
891 5559 1085 5605 vacant
1116 5550 1172 5605 in
1205 5553 1402 5624 templo
1428 5565 1651 5612 orantes
1676 5559 1794 5627 Dei,
1826 5579 1934 5619 non
1965 5580 2044 5621 soo

472 5629 586 5687 lunt
616 5650 714 5704 pro
741 5641 1066 5710 semetipsis,
1115 5641 1211 5696 scd
1239 5650 1296 5696 et
1323 5660 1423 5714 pro
1448 5645 1703 5703 universo
1736 5653 1953 5722 populo.
1988 5653 2055 5710 Hi

474 5732 607 5778 vero
629 5727 825 5795 quibus
875 5747 1074 5792 arcana
1107 5736 1366 5805 mysteria
1413 5740 1647 5797 credidit
1682 5744 1847 5814 Deus,
1878 5755 1934 5805 et
1963 5764 2056 5806 oo-

2758 5473 2986 5530 CAPUT
3024 5475 3134 5532 VII.

2514 5567 2593 5620 De
2619 5567 2876 5637 ejiciendo
2899 5567 3104 5639 leproso
3126 5586 3154 5624 e
3185 5571 3395 5623 castris.

2235 5656 2385 5725 (CAP.
2434 5655 2512 5726 ν.)
2561 5656 2888 5729 Locutusque
2915 5670 2991 5714 est
3018 5659 3281 5715 Dominus
3329 5659 3399 5712 ad
3429 5659 3661 5729 Moysen
3690 5653 3756 5706 de

2161 5762 2330 5805 cens:
2382 5740 2614 5819 l’rct'cipe
2659 5751 2785 5818 ﬁliis
2833 5752 3021 5818 Israel,
3075 5762 3132 5806 ut
3187 5752 3523 5827 ejiciantde
3578 5745 3757 5806 castra
