3892 6346
156 282 237 347 617

820 264 1359 333 ENARRATIONES
1393 263 1463 322 1N
1501 260 2259 323 LIBRUMNUHERORUH.
2290 290 2367 306 σι-
2397 261 2525 319 LIB.
2562 261 2607 317 l.

3246 270 3353 333 618

78 374 85 385 ’
347 388 633 461 lepram,
673 393 723 440 et
745 385 836 455 qui
857 383 1052 438 semine
1075 384 1213 453 ﬂuit,
1240 381 1571 453 pollutusque
1604 389 1679 435 est
1706 384 1755 445 Α
1780 379 2035 444 voluisse,
2072 379 2169 435 sed
2204 378 2272 434 de
2302 378 2421 449 ipso
2449 376 2670 435 homine
2690 375 2829 435 nihil
2875 377 3019 435 dixit

153 503 281 562 “per
296 490 517 546 mortuo,
540 488 648 533 tam
668 473 961 555 masculum
981 490 1138 543 quam
1151 472 1399 539 feminam
1421 471 1595 540 ejicite
1618 471 1683 525 de

154 580 326 640 castris,
363 590 437 629 ne
456 568 811 626 contaminent
857 582 921 622 ea
958 581 1076 620 cum
1128 564 1473 618 habitaverint
1514 562 1685 616 uobis-

154 687 264 731 eum.
288 664 331 720 F
333 671 642 733 eceruntque
655 658 757 731 ﬁlii
770 657 942 715 Israel
966 658 1063 722 ita,
1086 665 1134 711 et
1153 656 1413 724 eiecerunt
1424 672 1511 710 eos
1536 664 1685 709 extra

150 772 309 823 castra,
343 756 484 812 sicut
520 751 727 808 locutus
775 758 886 805 erat
939 747 1197 802 Dominus
1226 745 1419 815 Moysi.
1461 744 1687 814 Leprosi

152 853 227 925 qui
243 847 349 920 ejici
375 845 450 901 de
489 842 686 900 castris
704 839 989 910 jubentur,
1023 836 1268 893 haeretici
1295 843 1440 925 sunt,
1470 835 1562 904 qui
1588 849 1688 891 va-

150 922 229 999 riis
251 951 421 1003 rgum
452 932 678 989 maculis
703 929 893 1001 polluti
915 934 1065 992 sunt,
1112 940 1214 982 nec
1243 924 1569 980 uniformem
1598 922 1689 978 do-

151 1031 307 1091 ctrinae
339 1026 429 1083 vel
459 1024 583 1081 ﬁdei
606 1022 792 1078 volunt
839 1020 1042 1076 habere
1066 1017 1338 1084 colorem;
1374 1016 1467 1088 qui
1518 1014 1688 1072 solea-

152 1125 261 1178 tiam
285 1133 417 1176 verae
449 1116 577 1173 ﬁdei
604 1130 712 1169 non
740 1113 1025 1177 habentes,
1052 1110 1233 1165 varias
1257 1108 1532 1166 doctrinas
1557 1121 1687 1177 pro-

149 1215 336 1272 ﬁtentur
353 1206 580 1266 erroris.
606 1204 726 1262 Non
741 1205 887 1259 enim
904 1202 991 1256 vel
1006 1200 1343 1255 abscondunt
1360 1197 1687 1268 imperitiam

148 1319 295 1369 suam,
317 1300 403 1356 sed
424 1313 525 1371 pro
548 1311 758 1352 summa
778 1293 973 1365 peritia
1000 1290 1286 1363 proferunt
1314 1290 1369 1343 in
1400 1288 1604 1353 lucem,
1634 1294 1691 1342 et

141 1392 431 1466 jactantiam
487 1387 758 1445 sermonis
807 1384 1122 1441 ostendunt.
1162 1379 1319 1435 Nulla
1361 1392 1527 1466 porro
1553 1375 1693 1430 falsa

145 1464 362 1536 doctrina
404 1486 509 1544 est,
558 1492 679 1547 quae
723 1489 834 1530 non
887 1472 1071 1541 aliqua
1116 1482 1247 1522 vera
1303 1464 1711 1531 intermiseeat._

141 1570 262 1624 Vera
287 1582 410 1640 ergo
435 1566 587 1623 falsis
623 1563 931 1620 inordinate
962 1558 1243 1630 permista,
1284 1555 1342 1610 in
1370 1570 1478 1610 una
1509 1553 1694 1621 dispu-

138 1659 319 1714 tatione
348 1657 431 1713 vel
481 1654 793 1711 narratione
842 1648 1100 1715 hominis,
1159 1654 1422 1716 tanquam
1454 1644 1510 1699 in
1540 1643 1697 1697 unius

1785 466 2167 527 Verumtamen
2211 484 2336 525 cum
2369 469 2524 535 dicit,
2569 470 2619 525 si
2648 486 2755 525 non
2776 470 2826 524 ei
2869 469 3025 540 fuerit
3063 474 3379 542 proxima“.

1784 563 1887 619 sub
1935 562 2038 621 hac
2084 562 2353 618 brevitate
2383 561 2625 619 insinuat
2658 569 2787 617 tunc
2833 562 3002 631 qumri
3049 565 3360 635 pessimum

1784 653 1921 723 ejus,
1948 653 1997 711 si
2016 654 2133 725 ipse
2161 667 2269 708 non
2285 652 2483 717 fuerit;
2509 652 2561 707 si
2582 660 2769 707 autem
2791 667 2894 708 nec
2920 654 3203 723 proximus
3227 658 3357 724 erit,

1786 746 2016 804 Domino
2068 746 2411 811 restituetur,
2455 759 2526 800 ne
2556 744 2880 814 impunitum
2909 757 3190 807 remaneat
3213 751 3362 823 quod

1787 838 2045 899 amissum
2069 845 2174 896 est.
2208 836 2363 904 Quod
2390 845 2574 892 tamen
2600 850 2705 892 non
2742 837 2904 893 cedat
2920 837 2979 894 in
3001 838 3358 907 sacriﬁcium,

1785 927 1882 984 sed
1906 927 1979 983 sit
2020 926 2340 992 sacerdods,
2370 925 2450 982 sic
2473 940 2604 983 sane
2626 926 2792 982 verba
2824 925 3124 998 Scriptura
3168 929 3367 986 distin-

1783 1017 1997 1089 guenda
2042 1024 2189 1073 sunt.
2239 1015 2300 1072 Si
2327 1024 2503 1071 autem
2522 1032 2625 1071 non
2651 1016 2809 1085 fuerit
2834 1016 3037 1075 homini
3062 1021 3365 1090 proximus,

1781 1108 1937 1163 itaut
1968 1107 2155 1165 reddat
2197 1105 2278 1162 illi
2303 1105 2555 1161 delictum
2585 1106 2654 1160 ad
2702 1107 2894 1175 ipsum,
2934 1107 3226 1167 locutionis
3274 1119 3363 1168 est

1784 1196 1930 1253 enim
1974 1196 2118 1266 quod
2162 1195 2391 1260 addidit,
2436 1194 2506 1249 ad
2550 1194 2740 1265 ipsum.
2770 1194 2876 1251 Aut
2903 1197 3042 1254 forte
3088 1199 3158 1254 ad
3193 1201 3365 1269 ipsum

1787 1287 1946 1356 dixit,
1992 1290 2137 1358 quod
2162 1288 2231 1347 ad
2260 1289 2438 1359 ipsum
2471 1288 2765 1358 pertineat,
2800 1288 2985 1356 idest,
3031 1294 3151 1361 ipse
3192 1296 3369 1364 pomi.

1792 1377 1938 1437 deat.
1968 1378 2172 1433 Deinde
2221 1378 2467 1448 sequitur
2494 1396 2511 1433 ε
2540 1377 2964 1450 Delictsunquod
2986 1381 3224 1437 redditur
3236 1384 3389 1441 θυαε--

1793 1468 1962 1532 ntino,
2010 1467 2296 1523 sacerdotis
2342 1468 2462 1523 erit.
2520 1466 2787 1526 Delictum
2826 1480 3021 1527 autem
3064 1472 3205 1528 dicit
3248 1489 3395 1530 eum-

1793 1556 2045 1612 redditur
2072 1572 2138 1612 ea
2156 1572 2267 1623 res,
2298 1572 2421 1627 quae
2447 1572 2546 1628 per
2567 1557 2826 1617 delictum
2842 1560 3025 1616 ulna-ta
3054 1572 3158 1618 est.
3195 1564 3375 1629 Μή

1797 1653 1983 1703 autem
2016 1655 2199 1718 potest
2252 1648 2522 1718 quomodo
2568 1648 2630 1705 in
2674 1649 2862 1709 Exodo
2904 1651 3143 1709 dicitur:
3172 1655 3234 1711 Si
3254 1658 3393 1727 quia

129 1750 355 1820 corporis
390 1747 580 1803 colore
614 1742 953 1816 apparentia,
980 1737 1292 1810 signiﬁcant
1312 1735 1536 1806 lepram,
1573 1742 1694 1788 tan-
1718 1734 2004 1819 ﬁfuratus
2046 1735 2217 1794 fuerit
2258 1738 2487 1797 vitulum
2534 1748 2631 1795 aut
2662 1754 2847 1807 ovem,
2888 1742 3180 1801 restituere
3214 1746 3395 1803 delicti

120 1859 267 1913 quam
297 1840 454 1898 veris
478 1838 741 1906 falsisque
770 1832 1013 1890 colorum
1034 1830 1169 1886 locis
1202 1827 1439 1884 humana
1461 1838 1690 1894 corpora

112 1936 402 1991 variantem
464 1937 632 2000 atque
664 1924 1040 1982 maculantem.
1089 1921 1227 1976 Eum
1264 1926 1444 1974 autem
1485 1915 1577 1986 qui
1602 1928 1691 1970 se-

106 2027 246 2081 mine
270 2023 407 2089 ﬂuit,
458 2019 683 2075 fetidum
702 2012 1001 2071 libidinosis
1020 2007 1456 2081 cogitationibus,
1488 2011 1542 2060 et
1563 2002 1694 2058 luxu

104 2115 403 2172 carnalium
426 2108 837 2166 desideriorum
857 2109 1190 2163 aestuantem,
1208 2099 1466 2155 debemus
1489 2094 1693 2151 intelli-

103 2222 241 2280 gere.
276 2204 678 2267 Polluztumque
720 2209 882 2264 super
908 2200 1139 2256 mortuo,
1167 2188 1319 2245 illum
1341 2188 1434 2258 qui
1456 2195 1696 2242 mortuo-

104 2278 222 2354 rum
262 2296 321 2350 in
369 2288 630 2363 peccatis
678 2294 734 2341 et
762 2284 1039 2356 impietate
1062 2280 1311 2352 exempla
1344 2278 1611 2350 sequitur,
1639 2285 1696 2333 et

117 2386 366 2440 vitiorum
404 2378 666 2437 sordibus
706 2374 1105 2445 coinquinatur.
1128 2371 1225 2427 lsti
1248 2385 1440 2427 omnes
1464 2384 1592 2441 ergo
1614 2368 1696 2423 in-

127 2471 379 2529 fructuosi
418 2469 677 2541 cogitatu,
740 2463 1005 2522 immundi
1068 2477 1324 2519 sermone
1368 2469 1424 2517 et
1461 2458 1697 2515 morbidi

131 2572 389 2631 contactu,
439 2578 473 2618 a
515 2560 715 2617 castris
769 2557 1025 2614 Ecclesia:
1071 2554 1316 2628 separari
1359 2554 1576 2637 debent,
1630 2566 1699 2608 ne

130 2654 438 2725 contagione
475 2665 694 2708 morum
720 2640 962 2714 suorum,
990 2649 1159 2703 vitam
1175 2646 1418 2718 polluant
1440 2644 1701 2700 innocen-

132 2753 251 2813 tum,
293 2742 654 2815 quoadusque
690 2740 795 2814 ipsi
831 2755 862 2794 a
889 2738 1206 2794 criminibus
1231 2736 1345 2792 suis
1367 2750 1427 2791 se
1456 2733 1696 2789 abluant.

703 2853 933 2910 CAPUT
981 2852 1114 2907 Vill.

221 2929 295 2984 De
320 2927 557 3001 peccatis
592 2924 917 2996 negligentia
942 2923 1272 2978 sacerdotum
1303 2920 1595 2992 expiandis.

190 3019 361 3094 (ΙΒιυ.)
386 3019 733 3088 Locutusque
755 3023 831 3071 est
857 3014 1113 3070 Dominus
1137 3014 1205 3068 ad
1227 3013 1446 3083 Moysen
1475 3013 1652 3067 dicens
1682 3024 1701 3064 :

1794 1828 2032 1900 quinque
2082 1828 2279 1887 vitulos
2307 1829 2394 1886 vel
2437 1839 2675 1902 quatuor
2706 1847 2838 1889 oves
2878 1833 2926 1890 si
2978 1836 3245 1893 occiderit
3278 1848 3378 1894 aut

1796 1919 2137 1989 vendiderit;
2187 1921 2235 1978 si
2271 1930 2457 1977 autem
2505 1923 2651 1994 quod
2677 1924 2963 1982 abstulerit
3000 1927 3209 1984 salvum
3233 1930 3376 2001 apud

1796 2029 1923 2070 eum
1966 2014 2258 2083 reperitur,
2314 2012 2536 2084 duplum
2590 2030 2713 2073 esse
2762 2017 3157 2075 restituendum
3196 2036 3211 2078 :
3246 2036 3375 2076 cum

1796 2105 1888 2161 hic
1923 2104 2138 2161 restitui
2190 2105 2375 2176 iubeat
2419 2114 2586 2177 caput
2628 2115 2686 2163 et
2717 2108 2967 2178 quintam
2990 2128 3009 2164 :
3036 2112 3182 2180 quod
3218 2112 3381 2182 longe

1796 2203 1883 2251 est
1934 2196 2103 2251 etiam
2136 2210 2171 2250 a
2208 2194 2393 2266 duplo,
2446 2204 2653 2267 quanto
2695 2198 2869 2268 magis
2906 2213 2941 2253 a
2969 2200 3271 2269 quadruplo
3292 2199 3381 2255 vel

1798 2285 2085 2356 quinquies
2127 2294 2297 2350 tanto,
2356 2285 2463 2343 nisi
2518 2286 2662 2343 forte
2715 2287 2842 2356 quis
2868 2288 2960 2345 hic
3000 2289 3124 2344 ait:
3164 2287 3262 2344 Vir
3285 2299 3383 2344 aut

1801 2376 2012 2442 mulier,
2028 2379 2322 2449 quicunque
2346 2377 2525 2448 fecerit
2536 2378 2602 2434 ab
2615 2378 2856 2436 omnibus
2873 2381 3101 2451 peccatis
3111 2382 3381 2449 humanis,

1800 2474 2026 2536 peccata
2048 2465 2368 2538 ignorantia:
2401 2466 2573 2523 voluit
2607 2467 2837 2539 intelligi
2866 2469 3104 2525 humana
3130 2480 3377 2541 peccata.

1799 2556 1943 2612 Fieri
1990 2558 2133 2613 enim
2162 2565 2361 2627 potest,
2387 2566 2446 2614 ut
2471 2572 2665 2629 parum
2693 2558 3046 2626 attendendo,
3075 2575 3174 2632 per
3198 2562 3378 2633 negli—

1800 2648 2041 2719 gentiam
2088 2646 2345 2718 trajiciat
2370 2648 2534 2705 homo
2563 2663 2679 2704 rem
2712 2649 2942 2706 alienam
2973 2650 3031 2703 in
3058 2665 3175 2709 rem
3202 2667 3403 2706 suam.

1801 2737 1955 2806 Quod
1979 2739 2103 2795 ideo
2126 2747 2415 2811 peccatum
2446 2749 2552 2807 est,
2585 2740 2713 2812 quia
2736 2740 2783 2797 si
2827 2740 3117 2812 diligenter
3137 2743 3381 2796 attendo.

1802 2835 1976 2894 retur,
2009 2842 2118 2885 non
2166 2828 2564 2884 admitteretur.
2626 2828 2694 2884 Et
2747 2829 2866 2885 haec
2912 2829 3087 2886 voluit
3127 2830 3307 2901 capite
3330 2841 3388 2888 et

1804 2918 1996 2989 quinta
2026 2918 2260 2984 restitui,
2286 2919 2395 2974 non
2418 2919 2562 2975 sicut
2581 2918 2725 2975 furta
2755 2920 2977 2975 mutari.
3004 2919 3141 2983 Nam
3168 2920 3217 2977 si
3240 2919 3387 2978 furta

1804 3022 1859 3069 et
1881 3013 2103 3070 fraudes
2132 3014 2221 3069 hic
2256 3014 2706 3081 intellexerimus,
2733 3030 2853 3085 qua:
2876 3030 2984 3071 non
3002 3030 3102 3086 per
3128 3016 3411 3087 ignoran-~

128 3113 344 3184 Loquere
369 3112 442 3167 ad
485 3109 636 3182 ﬁlios
662 3107 834 3163 Israel
860 3119 880 3159 :
931 3104 1028 3161 Vir
1047 3106 1152 3160 sive
1180 3103 1389 3170 mulier,
1420 3121 1539 3157 cum
1569 3103 1704 3174 fece—
1730 3118 1776 3184 ρ
1807 3105 1938 3161 tiam
1983 3104 2351 3177 negligentiae,
2393 3104 2491 3161 sed
2541 3104 2758 3161 furandi
2793 3114 2848 3162 et
2867 3103 3156 3163 fraudandi
3203 3106 3389 3164 ultimo

128 3203 216 3258 rint
255 3220 322 3259 ea:
361 3200 615 3259 omnibus
659 3199 882 3271 peccatis
903 3212 1019 3269 qua:
1057 3195 1222 3250 solent
1241 3194 1535 3249 hominibus
1562 3193 1702 3248 acci-

126 3293 250 3359 dere,
277 3305 325 3349 et
346 3311 443 3365 per
463 3289 840 3365 negligentiam
861 3288 1148 3360 trangressi
1171 3282 1368 3356 fuerint
1389 3285 1700 3340 mandatum

122 3384 321 3441 Domini
372 3395 538 3458 atque
594 3381 929 3453 deliquerint,
987 3377 1372 3448 conﬁtebuntur
1426 3385 1700 3448 peccatum

120 3494 282 3547 suum,
309 3489 358 3533 et
383 3477 614 3534 reddent
634 3477 806 3548 ipsum
828 3482 1005 3542 caput,
1028 3473 1367 3542 quintamque
1387 3480 1588 3541 partem
1611 3469 1702 3524 de—

119 3586 265 3639 super
296 3571 342 3624 ei
368 3571 427 3624 in
454 3583 617 3642 quem
667 3563 1012 3638 peccaverint.
1047 3560 1142 3616 Sin
1178 3570 1353 3614 autem
1390 3577 1494 3614 non
1544 3558 1704 3628 fuerit

117 3658 193 3727 qui
244 3661 498 3730 recipiat,
565 3656 765 3711 dabunt
814 3653 1041 3709 Domino
1089 3659 1139 3707 et
1195 3661 1346 3706 erant
1391 3648 1701 3715 sacerdotis,

116 3758 311 3818 excepto
358 3750 538 3803 ariete
578 3746 668 3818 qui
697 3745 919 3815 offertur
938 3760 1035 3815 pro
1060 3742 1379 3815 expiatione,
1410 3750 1468 3795 ut
1497 3739 1564 3795 sit
1590 3735 1707 3811 pla-

113 3837 278 3891 cabilis
309 3836 523 3890 hostia.
562 3833 708 3888 LXX
734 3853 747 3887 :
788 3833 885 3887 Vir
907 3842 999 3887 aut
1021 3831 1543 3901 mulier,quicunque
1571 3826 1707 3898 fece—

113 3926 162 3978 n't
186 3929 256 3980 ab
296 3923 564 3979 omnibus
596 3921 819 3992 peccatis
863 3922 1131 3986 humanis,
1178 3930 1225 3974 et
1282 3919 1570 3990 despiciam
1617 3919 1707 3973 de-

108 4015 320 4084 spexerit
343 4022 398 4069 et
420 4011 739 4082 deliquerit,
763 4011 941 4064 anima
962 4008 1057 4062 illa
1080 4009 1415 4063 annuntiabit
1438 4016 1707 4078 peccatum

113 4107 231 4175 quod
258 4103 538 4177 peccavit,
569 4110 622 4155 et
666 4101 900 4155 restituet
922 4098 1191 4167 delictum,
1227 4108 1276 4153 et
1315 4099 1557 4170 quintam
1592 4097 1708 4169 ejus

113 4192 309 4262 adjiciet
328 4205 506 4260 super
538 4186 701 4255 illud,
722 4198 771 4243 et
794 4188 974 4242 reddet
995 4188 1044 4242 ei
1064 4188 1152 4241 cui
1170 4186 1410 4258 deliquit.
1440 4186 1504 4243 Si
1531 4194 1708 4241 autem

117 4298 205 4336 non
232 4284 395 4352 fuerit
424 4279 644 4336 homini
670 4278 963 4349 proximus,
986 4278 1064 4331 ita
1091 4287 1150 4331 ut
1173 4278 1360 4332 reddat
1389 4279 1437 4333 ei
1457 4277 1706 4333 delictum

117 4373 174 4427 ad
205 4375 375 4445 ipsum
435 4369 702 4427 delictum
747 4368 889 4439 quod
924 4367 1095 4423 reddit
1142 4366 1371 4424 Domino
1416 4367 1705 4423 sacerdotis

1805 3196 2245 3263 committuntur,
2300 3204 2356 3254 et
2388 3196 2509 3254 ideo
2542 3196 2687 3255 dicta
2734 3198 2974 3257 humana
3006 3200 3135 3270 quia
3186 3200 3245 3256 in
3282 3200 3411 3257 hor

1802 3289 1979 3346 mines
2004 3287 2165 3355 ﬁunt,
2191 3288 2301 3355 ille,
2333 3289 2391 3345 ni
2410 3288 2588 3358 fallor,
2614 3290 2722 3346 erit
2741 3291 2919 3349 exitus
2944 3292 3261 3354 quaestionis
3285 3293 3389 3350 hu-

1797 3381 1906 3453 jus,
1938 3388 1997 3435 ut
2036 3380 2159 3436 ideo
2202 3381 2296 3452 qui
2323 3379 2455 3438 fecit
2503 3396 2615 3438 non
2640 3382 2832 3438 reddat
2855 3386 2962 3439 nisi
2983 3383 3231 3454 duplum,
3257 3385 3387 3454 quia

1802 3486 1911 3525 non
1940 3471 2421 3542 comprehenditur
2448 3470 2535 3527 vel
2579 3472 2938 3535 convincitur,
2994 3474 3092 3529 sed
3138 3474 3390 3544 ignoran—

1803 3559 1949 3614 tibus
1984 3574 2015 3613 a
2056 3574 2165 3629 quo
2212 3559 2416 3614 factum
2462 3558 2536 3614 sit
2560 3558 2647 3614 vel
2687 3567 2872 3616 utrum
2901 3558 3106 3616 factum
3146 3561 3240 3626 sit,
3273 3560 3391 3632 ipse

1807 3648 2096 3701 annuntiat
2119 3646 2377 3701 delictum
2406 3660 2584 3700 suum.
2619 3644 2755 3700 Cum
2784 3647 2934 3702 enim
2962 3648 3190 3704 dixisset
3213 3647 3394 3720 Scrip-

1808 3745 1929 3792 tura
1959 3751 1972 3790 :
2015 3731 2109 3789 Vir
2135 3742 2228 3788 aut
2253 3733 2464 3801 mulier,
2503 3734 2797 3804 quicunque
2824 3732 3002 3803 fecerit
3047 3736 3112 3790 ab
3150 3735 3392 3792 omnibus

1806 3826 2031 3898 peccatis
2056 3824 2327 3892 humanis,
2353 3832 2403 3879 et
2445 3822 2733 3894 despiciens
2762 3823 3053 3894 despexerit
3078 3835 3127 3881 et
3155 3825 3394 3899 delique-

1810 3918 1901 3984 rit,
1942 3917 1997 3972 id
2038 3924 2145 3983 est,
2177 3914 2575 3972 contemnendo
2601 3914 2707 3971 ista
2756 3914 3112 3983 commiserit,
3146 3916 3396 3989 adiunxit

1808 4018 1866 4067 et
1892 4010 1969 4065 ait
2010 4028 2023 4065 :
2055 4010 2250 4065 Anima
2290 4006 2386 4065 illa
2410 4009 2743 4065 annuntiabit
2788 4019 3062 4081 peccatum
3107 4011 3248 4084 quod
3272 4028 3395 4083 pec.

1809 4101 1965 4168 cavit,
1998 4109 2048 4155 et
2087 4100 2319 4155 restituet
2382 4099 2652 4166 delictum,
2703 4109 2860 4168 caput
2894 4110 2943 4157 et
2985 4102 3221 4171 quintam
3252 4118 3395 4173 ejus.

1808 4190 1974 4248 Forte
1996 4206 2127 4264 ergo
2146 4200 2435 4263 propterea
2461 4198 2693 4257 tantum,
2723 4192 2847 4262 quia
2877 4191 2991 4261 ipse
3007 4194 3388 4251 annuntiavit:
3416 4230 3421 4237 -

1808 4290 1865 4338 et
1917 4282 2040 4338 ideo
2092 4298 2201 4338 non
2238 4297 2305 4337 eo
2351 4279 2549 4337 damno
2573 4281 2891 4353 plectendus
2928 4282 3031 4337 fuit
3060 4298 3169 4353 quo
3215 4283 3393 4345 furem
3424 4324 3425 4327 η

1809 4374 2258 4447 comprehensum
2318 4373 2406 4430 vel
2483 4373 2789 4430 convictum
2870 4372 3033 4445 plecti
3093 4379 3389 4442 oporteret.

118 4464 456 4536 erit,ea:cepto
498 4460 678 4517 ariete
717 4459 1031 4530 expiationis
1074 4475 1168 4531 per
1208 4474 1361 4531 quem
1386 4462 1622 4515 exoravit
1649 4461 1703 4516 in
1728 4474 1785 4537 1)
1807 4462 2032 4536 Mystice
2079 4473 2260 4519 autem
2295 4464 2401 4521 hoc
2448 4464 2747 4536 capitulum
2793 4477 2892 4519 nos
2943 4462 3219 4535 admonet,
3250 4465 3392 4531 utsi

118 4555 195 4609 illo
214 4574 305 4628 pro
319 4574 406 4613 eo.
436 4555 552 4613 Hic
573 4568 645 4610 ea
665 4562 891 4623 peccata
918 4550 1271 4624 intelligenda
1300 4560 1448 4620 sunt,
1470 4568 1705 4624 quorum

121 4647 167 4702 in
196 4650 276 4707 bis
312 4652 487 4708 rebus
537 4647 889 4722 perpetratio
938 4655 1045 4712 est,
1072 4661 1193 4717 quae
1217 4649 1450 4719 pecunia
1491 4647 1705 4705 restitui

117 4742 284 4807 possit.
312 4742 437 4800 Non
467 4741 632 4799 enim
660 4738 821 4793 aliter
848 4737 1053 4793 diceret
1077 4740 1347 4807 quomodo
1366 4738 1707 4795 restituenda

118 4843 246 4901 sunt,
272 4837 379 4892 nisi
410 4832 614 4892 damni
642 4830 949 4902 pecuniarii
979 4830 1227 4886 fuissent.
1267 4830 1534 4886 Jubentur
1558 4830 1708 4885 enim

119 4924 307 4983 restitui
336 4934 511 4998 caput
530 4933 595 4982 et
625 4920 847 4994 quinta,
867 4920 927 4975 id
951 4928 1052 4987 est,
1082 4931 1256 4977 totum
1284 4922 1413 4977 illud
1443 4921 1707 4992 quidquid

119 5021 205 5079 est,
238 5023 295 5070 et
328 5016 533 5086 quinta
570 5013 704 5085 ejus
750 5024 901 5080 pars,
929 5019 1160 5080 excepto
1188 5012 1357 5067 ariete
1402 5013 1495 5082 qui
1527 5011 1709 5067 fuerat

119 5101 512 5166 oﬂerendus‘in
547 5102 896 5162 sacriﬁcium
945 5100 1014 5155 ad
1048 5101 1377 5172 expiandum
1423 5104 1702 5158 delictum.

119 5191 258 5253 lubet
280 5210 470 5257 autem
507 5195 658 5254 illud
702 5192 848 5265 quod
884 5192 1196 5249 restituitur
1225 5193 1525 5247 sacerdotis
1561 5208 1704 5259 esse,

120 5283 168 5338 id
191 5298 286 5358 est,
314 5292 507 5363 ipsum
528 5292 717 5359 caput
741 5290 796 5340 et
821 5282 1087 5356 quintam,
1117 5283 1164 5338 si
1190 5297 1298 5338 non
1328 5291 1413 5338 est
1429 5283 1710 5352 proximus

120 5374 163 5427 ei
186 5377 239 5432 in
277 5395 443 5450 quem
484 5375 862 5436 commissum
907 5380 1010 5429 est.
1046 5373 1259 5444 Ubique
1290 5372 1475 5442 utique
1522 5371 1713 5426 intelli-

120 5474 261 5535 getur
292 5478 424 5528 tunc
458 5469 716 5526 Domino
758 5464 1092 5519 reddendum
1128 5465 1273 5534 quod
1295 5465 1366 5520 sit
1388 5463 1710 5531 sacerdotis,

120 5557 160 5609 si
208 5559 367 5618 homo
394 5563 521 5632 ipse
550 5572 675 5615 non
703 5556 939 5625 snpersit
956 5556 1049 5625 qui
1078 5556 1343 5611 damnum
1385 5570 1581 5626 passus
1607 5562 1711 5622 est,

121 5663 211 5707 nec
248 5655 545 5725 proximus
599 5647 730 5717 eius
765 5660 925 5718 quem
959 5656 1092 5716 puto
1154 5648 1424 5705 lueredem
1486 5646 1714 5719 intelligi

516 5745 813 5806 Pamon.
869 5738 1087 5801 CVIII.
1434 5762 1439 5767 ’
1636 5752 1649 5773 τ

1792 4550 2014 4624 aliquid
2069 4569 2169 4623 per
2215 4554 2596 4625 negligentiam
2658 4554 2875 4609 incaute
2934 4554 3395 4625 commiserimus,

1810 4658 1908 4714 per
1940 4641 2338 4699 ‘conl‘cssionem
2382 4651 2437 4697 et
2480 4642 2855 4712 pmnitentiam
2904 4643 3216 4703 studeamus
3263 4646 3428 4715 illud,

1813 4733 2124 4788 emendare.
2157 4732 2227 4786 Et
2250 4732 2388 4786 forte
2432 4732 2477 4787 si
2502 4741 2589 4788 est
2628 4731 2909 4802 proximus
2942 4733 3202 4794 adversus
3229 4754 3392 4811 quem
3426 4796 3431 4805 δ

1814 4820 2136 4890 deliquimus
2156 4820 2210 4875 in
2248 4818 2529 4899 inferendo
2552 4819 2631 4875 illi
2666 4819 2885 4892 aliquod
2913 4810 3191 4894 damnum,
3210 4830 3388 4899 paeni-

1813 4916 2038 4971 tentiam
2064 4929 2246 4971 coram
2272 4915 2364 4971 illo
2386 4931 2630 4987 agamus,
2658 4916 2993 4989 et‘damnum
3014 4906 3389 4978 reStituamus.

1815 5010 1873 5067 Si
1900 5020 2079 5066 autem
2126 5024 2234 5066 non
2284 5019 2529 5081 superest
2555 5008 2645 5066 ille
2684 5026 2848 5082 quem
2871 5011 3126 5078 laesimus,
3164 5013 3393 5071 Domino

1812 5119 1912 5173 pro
1942 5105 2046 5160 hoc
2068 5118 2167 5175 per
2214 5101 2612 5158 confessionem
2647 5115 2704 5159 et
2747 5104 3031 5176 condignae
3057 5105 3394 5177 patuitentia:
3420 5152 3429 5177 Α.

1812 5192 2041 5257 fructus,
2081 5200 2137 5246 et
2177 5190 2643 5262 eleemosynarum
2668 5208 2835 5267 Opera
2882 5195 3016 5251 satis
3054 5209 3213 5265 agere
3237 5205 3392 5247 eure-
3426 5238 3429 5267 τ

1815 5295 1955 5335 mus.
1987 5280 2090 5335 Per
2119 5280 2362 5350 quintam
2388 5291 2569 5337 autem
2599 5292 2812 5353 partem
2840 5299 3001 5352 quam
3032 5279 3395 5351 superaddere
3430 5340 3435 5345 ,

1820 5374 1887 5428 ad
1915 5388 2181 5428 summam
2224 5370 2408 5442 jussit,
2438 5354 2596 5431 docet
2619 5393 2719 5433 nos
2745 5384 2804 5431 ut
2836 5390 2933 5444 per
2957 5388 3171 5429 sensum
3199 5381 3392 5439 corpo-

1820 5466 1896 5520 ris
1920 5479 2016 5535 Per
2060 5481 2219 5537 quem
2246 5470 2587 5538 peccavimus
2627 5470 2827 5524 malum
2856 5464 3073 5535 aliquod
3098 5460 3394 5531 ingerendo

1790 5556 1793 5557 ⁷
1818 5568 1916 5626 per
1937 5554 2085 5609 illum
2118 5558 2245 5612 item
2267 5558 2406 5615 bona
2439 5576 2599 5631 agerc
2623 5569 2952 5627 satagamus.
2981 5552 3183 5608 Arietis
3209 5560 3392 5606 autem

1820 5647 2021 5704 oblatio
2050 5648 2317 5720 signiﬁcat
2352 5650 2553 5712 Clu-isti
2583 5648 2913 5720 passionem,
2944 5642 2997 5695 in
3024 5657 3130 5713 qua
3153 5642 3393 5731 maxime
