3892 6346
169 336 251 394 ω
865 331 1399 391 ENARRATIONES
1434 333 1503 390 1N
1541 332 1805 391 LIBRUM
1839 332 2302 392 NUMEROBUM.
2340 361 2413 375 —-
2445 332 2573 390 LIB.
2611 335 2659 391 l.

3429 410 3442 422 θ

168 449 266 506 seio
290 446 507 519 iustitiae
545 447 843 503 secundum
870 432 1137 519 pracepta
1163 447 1379 503 Domini
1404 428 1598 502 vium
1624 447 1708 502 in-
1733 459 1788 521 Α
1810 446 2005 510 mines,
2036 445 2260 502 umbras
2294 445 2558 514 quasdam
2597 453 2655 502 et
2689 444 2960 518 imagines
2996 432 3259 507 sintth
3286 451 3385 507 ba-

165 551 347 602 stanter
367 548 533 611 atque
556 542 805 597 ordinate
823 540 1094 611 persetpii.
1123 539 1323 596 Oil'eret
1344 554 1487 605 eam,
1510 539 1706 609 inquit,

168 633 390 689 sacerdos
413 671 429 698 ,
484 639 542 686 et
594 640 798 688 statuet
849 646 1035 687 coram
1074 632 1304 686 Domino
1365 638 1714 700 assumctquc

165 734 333 793 aquam
366 728 614 777 sanctam
656 723 711 777 in
741 736 872 778 vase
904 722 1081 788 ﬁctili,
1134 731 1193 778 et
1226 722 1520 793 pauxillum
1554 732 1715 780 terrm

164 816 219 871 de
268 813 570 884 pavimento
630 813 972 868 tabernaculi
1020 814 1201 869 mittet
1241 815 1297 868 in
1335 815 1549 880 eadem,
1603 822 1710 871 etc.

165 903 353 959 Btatuet
385 902 647 959 sacerdos
671 901 905 958 oﬂcrens
930 902 1214 958 mulierem
1255 918 1441 959 coram
1462 903 1713 970 Domino,

163 995 270 1063 quia
313 994 496 1048 divino
542 994 750 1064 judicio
800 992 1149 1062 dijudicando
1206 994 1390 1048 anima
1435 995 1713 1065 peccatrix

163 1084 461 1139 deccmitur.
505 1082 661 1152 Aqua
704 1090 895 1140 sancta
934 1084 995 1137 in
1039 1098 1168 1140 vase
1209 1083 1382 1149 ﬁctili,
1411 1085 1594 1140 divina
1631 1092 1716 1141 est

163 1176 401 1245 sapientia
430 1176 490 1230 in
516 1175 608 1229 vili
636 1174 816 1230 littera
854 1175 990 1245 legis
1024 1176 1434 1245 comprehensa.
1473 1177 1571 1232 Cui
1612 1178 1713 1233 mi-

162 1274 260 1320 scet
294 1266 545 1319 sacerdos
580 1266 881 1335 pauxillum
922 1274 1083 1321 terras
1103 1266 1171 1321 de
1195 1267 1505 1337 pavimento
1532 1267 1713 1323 taber-

159 1356 339 1422 naculi,
368 1371 492 1411 cum
516 1357 725 1412 Christi
753 1358 973 1413 decreto
1006 1360 1452 1413 commoratio
1479 1359 1707 1429 patriar-

157 1448 382 1512 charum,
406 1447 794 1518 prophetarum
810 1447 1380 1517 atqwapostoiorum,
1407 1447 1719 1503 intromissa

155 1540 203 1593 in
232 1552 292 1593 ea
328 1541 617 1609 reperitur.
665 1539 818 1593 Hanc
855 1554 986 1609 ergo
1024 1552 1227 1608 aquam
1253 1537 1540 1606 Scriptura
1590 1538 1720 1594 dicit

153 1629 535 1685 amariuimam
574 1637 799 1700 propter
835 1629 1048 1698 peccati
1089 1627 1389 1683 vindictam
1423 1641 1543 1696 quae
1572 1627 1629 1685 in
1653 1642 1717 1683 ea

149 1718 479 1774 manifestata
529 1727 616 1774 est
670 1718 855 1774 taliter
904 1715 1279 1781 commistam,
1328 1724 1490 1787 atque
1537 1716 1717 1773 divine

1812 539 1947 596 bere
1966 538 2247 593 virtutum.
2279 536 2397 594 Una
2424 553 2584 609 passa
2608 537 2690 595 illi
2710 540 3147 609 vescuntursqui
3171 548 3393 612 propter

1812 629 2078 687 humanos
2116 630 2304 687 oculos
2347 630 2691 688 abstinentia
2724 631 2929 703 pallore
2966 631 3305 701 inﬁciuntur,
3333 642 3396 709 ut

1813 723 2043 796 gloriam
2082 732 2308 796 captent
2346 723 2417 780 ab
2453 724 2788 783 hominibus.
2832 724 3064 785 Acetum
3107 732 3291 785 autem
3336 727 3396 789 hi

1812 816 2047 882 bibunt,
2093 816 2189 886 qni
2232 823 2357 886 post
2395 815 2519 872 vita:
2563 816 2906 877 sanctitatem
2966 817 3024 875 in
3069 825 3395 881 vetustatem

1812 906 2211 976 praeteritorum
2238 905 2497 962 vitiorum
2532 904 2806 973 labuntur,
2840 918 2901 963 et
2922 908 3273 979 corruptione
3300 924 3395 967 vo-

1815 994 1951 1051 tet-is
2001 994 2261 1065 nequitis
2297 994 2652 1051 delectantur.
2708 995 2971 1067 Praecepit
3016 998 3199 1069 itaque
3226 998 3391 1069 Deus,

1815 1091 1875 1138 ut
1905 1098 2002 1139 eos
2035 1085 2129 1153 qui
2161 1084 2470 1140 sanctitatis
2504 1084 2741 1139 indicent
2786 1085 3025 1153 titulum,
3054 1087 3267 1145 cunctis
3306 1087 3395 1146 his

1812 1182 2036 1230 careant
2060 1174 2226 1239 vitiis,
2264 1174 2574 1245 nullamque
2605 1175 2902 1245 bujusmodi
2929 1178 3395 1246 perturbationem

1813 1271 2088 1334 appetant.
2119 1263 2179 1318 in
2207 1264 2311 1320 hoc
2343 1274 2523 1321 autem
2558 1265 2703 1334 quod
2730 1265 2959 1321 addidit.
2992 1266 3264 1324 Novacula
3288 1286 3396 1325 non

1816 1354 2058 1408 transibit
2083 1370 2240 1424 super
2259 1364 2415 1424 caput
2446 1356 2563 1422 eius
2605 1371 2771 1426 usque
2801 1356 2868 1411 ad
2918 1356 3226 1427 completum
3258 1360 3398 1417 diem

1818 1458 1921 1513 quo
1941 1443 2165 1499 Domino
2191 1456 2548 1512 consecratur,
2574 1446 2833 1503 admonet
2858 1447 3008 1519 ipsos
3033 1450 3396 1516 continentes,

1820 1545 1892 1588 ne
1920 1531 2101 1588 dolum
2139 1541 2235 1589 aut
2270 1533 2534 1590 malitiam
2575 1536 2630 1605 in
2669 1543 2853 1595 mente
2881 1544 3131 1606 teneant,
3157 1554 3227 1596 ne
3261 1538 3401 1599 forte

1816 1620 2094 1696 polluatur
2125 1624 2377 1681 caesaries
2413 1626 2604 1696 capitis
2639 1640 2848 1694 eorum,
2876 1626 2931 1682 id
2966 1636 3071 1693 est,
3107 1629 3286 1687 omnis
3313 1645 3403 1691 co-

1816 1692 2022 1783 gitatiis
2062 1716 2259 1771 mentis
2298 1692 2516 1781 eorum;
2550 1718 2646 1772 sed
2673 1692 2847 1788 usque
2891 1719 2960 1790 a4
3188 1722 3396 1781 scilicet

145 1822 305 1877 opere
346 1817 739 1874 contestatam,
782 1809 932 1863 bibet
968 1807 1185 1873 mulier,
1237 1816 1299 1863 ut
1346 1807 1719 1865 mamrestetur
1742 1826 1790 1891 Β
1817 1802 2098 1871 praesentis
2123 1803 2266 1869 vitae,
2290 1805 2655 1861 innocentiam
2684 1816 2925 1875 teneant;
2952 1811 3080 1880 quia
3103 1811 3265 1869 aliter
3285 1812 3400 1870 Deo

142 1899 283 1955 illius
319 1908 689 1969 contemptus,
734 1901 851 1955 sive
894 1899 985 1954 hic
1023 1900 1093 1953 ad
1134 1899 1278 1969 ejus,
1325 1900 1440 1955 sive
1486 1900 1713 1961 aliorum

141 1993 567 2063 correptionem,
596 1993 716 2046 sive
750 1992 805 2046 in
833 1990 1017 2046 futuro
1043 1991 1111 2047 ad
1134 1987 1250 2060 ejus
1289 1990 1713 2057 damnationem,

140 2082 271 2149 quia
306 2080 604 2137 secundum
634 2080 888 2136 Veritatis
923 2094 1141 2135 vocem:
1169 2078 1322 2134 Nihil
1357 2089 1433 2135 cst
1457 2081 1715 2137 occultum

137 2171 283 2240 quod
317 2188 423 2225 non
444 2173 636 2225 scietur
655 2170 866 2242 (Matth.
896 2172 974 2241 ι).
1002 2172 1070 2225 Et
1096 2171 1257 2227 item:
1282 2169 1488 2238 Sermo,
1515 2173 1712 2242 inquit,

138 2276 287 2336 mm
311 2262 517 2316 (cuius
536 2278 654 2316 sum
677 2262 836 2327 vobis,
861 2261 948 2316 ille
970 2278 1056 2315 vos
1076 2262 1339 2331 judicabit
1360 2264 1414 2318 in
1437 2265 1714 2318 novissimo

140 2351 225 2406 die
270 2349 452 2421 (locu.
500 2347 621 2420 xu).
681 2349 865 2407 Semel
914 2351 1098 2419 itaque
1146 2353 1402 2409 sacerdos
1454 2354 1714 2424 pugillnm

436 2446 490 2495 et
518 2440 769 2496 inccndet
794 2440 925 2495 illud
951 2455 1114 2512 super
1139 2441 1332 2507 altare,
1363 2458 1486 2497 cum
1515 2450 1716 2499 sath

146 2534 415 2590 Trinitatis
446 2533 736 2590 confessio
787 2533 845 2588 in
897 2533 1031 2607 legis
1095 2534 1369 2591 invenitur
1416 2536 1712 2602 sacriﬁcio,

145 2641 255 2697 qua
298 2628 355 2682 in
404 2642 503 2682 ara
550 2626 675 2682 ﬁdei
724 2626 884 2696 digne
928 2626 1042 2682 Deo
1086 2626 1331 2683 otfcrtur.
1384 2627 1536 2696 Quod
1585 2643 1717 2700 ergo

144 2719 331 2774 scribet
357 2719 618 2774 sacerdos
654 2720 710 2773 in
752 2717 933 2773 libello
977 2718 1259 2774 maledicta
1294 2734 1412 2787 quae
1456 2719 1717 2775 adversus

146 2819 453 2881 paeantem
492 2810 737 2881 protulit,
765 2818 820 2864 et
853 2810 1053 2865 delebit
1083 2825 1147 2865 ea
1178 2811 1333 2880 aquis
1361 2810 1718 2866 amarissimis

145 2902 333 2971 inquas
344 2901 639 2969 maledicta
658 2901 950 2971 congessit,
970 2900 1241 2971 signiﬁcat
1257 2901 1403 2971 quod
1423 2914 1582 2970 plena
1596 2914 1719 2969 qua:

140 2994 483 3062 peccantibus
506 2992 689 3047 futura
749 2999 862 3056 est,
906 2992 960 3045 in
998 2990 1283 3060 Scriptura
1330 3005 1485 3045 sacra
1536 2989 1718 3058 expla-

142 3091 259 3139 nata
310 3082 611 3139 invenitur.
664 3082 744 3138 Ac
784 3082 977 3137 deinde
1032 3080 1337 3151 quicunque
1381 3080 1716 3151 Scriptorum

1819 1897 2001 1946 votum
2038 1892 2342 1949 sanctitatis
2378 1895 2711 1966 acccptabile
2745 1911 2855 1952 non
2894 1896 3145 1965 fecerint,
3174 1900 3281 1957 nisi
3307 1917 3401 1959 cu—

1814 1982 2048 2039 stodiam
2069 1983 2266 2038 mentis
2292 1984 2575 2055 diligenter
2603 1987 2909 2053 habuerint,
2934 1996 2990 2043 et
3017 1988 3073 2044 ia
3098 1991 3203 2051 hoc
3227 2006 3399 2063 usque

1815 2069 1884 2125 ad
1907 2072 2069 2127 linem
2088 2087 2439 2142 perseverare
2469 2077 2792 2141 stutlucrint,
2817 2077 2945 2147 quia
2970 2081 3264 2137 secundum
3289 2080 3398 2139 Ve-

1816 2162 1996 2219 ritatis
2013 2166 2343 2221 sententiam
2363 2184 2375 2219 :
2400 2165 2506 2232 Qui
2522 2171 2922 2237 perseveraverit
2948 2186 3109 2241 usque
3128 2171 3197 2227 ad
3215 2172 3397 2242 ﬁnem,

1812 2253 1897 2309 hic
1917 2255 2094 2309 salvus
2115 2257 2213 2311 erit
2233 2256 2451 2328 (Matth.
2474 2259 2598 2329 xu).
2622 2257 2780 2314 Omni
2804 2269 3033 2332 tempore
3052 2266 3403 2321 consecratio-

1815 2345 1896 2398 nis
1916 2361 2027 2399 sua:
2046 2363 2207 2416 super
2226 2356 2493 2403 mortuum
2514 2366 2618 2405 non
2639 2350 2980 2421 ingredietur,
3001 2369 3094 2409 nec
3131 2371 3290 2426 super
3304 2372 3403 2427 ρι-

1813 2434 1909 2488 tris
1932 2434 2161 2504 quidem,
2185 2445 2230 2489 et
2252 2438 2436 2492 matris
2466 2447 2516 2492 et
2534 2438 2719 2508 fratris
2741 2441 3042 2512 sororisque
3062 2441 3248 2513 funere
3274 2461 3401 2500 cou-

1816 2525 2178 2592 taminabitur,
2198 2528 2321 2596 quia
2350 2530 2670 2584 consecratio
2696 2529 2793 2583 Dei
2820 2533 2904 2586 sui
2926 2548 3084 2603 super
3104 2544 3260 2605 caput
3282 2535 3399 2607 ejus

1814 2624 1912 2670 est.
1939 2614 2194 2670 Omnibus
2219 2617 2399 2673 diebus
2427 2622 2775 2689 separationis
2797 2638 2907 2676 sua:
2928 2632 3142 2681 sanctus
3175 2627 3270 2681 erit
3291 2626 3402 2681 Do-

1815 2706 1981 2761 mino.
2014 2706 2123 2763 Cur
2151 2723 2279 2779 ergo
2306 2708 2621 2764 Nazarwnm
2662 2726 2825 2780 super
2869 2723 3144 2768 mortuum
3190 2714 3399 2785 ingredi

1814 2797 2091 2867 prohibet,
2141 2799 2244 2855 nisi
2270 2801 2395 2870 quia
2424 2801 2575 2857 illum
2600 2817 2711 2858 non
2736 2802 2850 2857 vult
2880 2804 2974 2873 qui
3010 2806 3401 2872 continentiam

1818 2903 1973 2945 suam
1989 2889 2100 2945 Deo
2123 2891 2290 2957 vovit,
2317 2902 2654 2947 mortuorum
2678 2895 2733 2948 in
2752 2896 2991 2964 peccatis
3011 2897 3257 2967 exempla
3282 2899 3405 2956 inti-

1817 2980 1945 3047 tari,
1992 2996 2094 3036 nec
2127 2982 2431 3052 iniquitatis
2478 3000 2668 3040 eorum
2698 2987 2843 3041 viam
2890 2988 3135 3058 ingredi?
3168 3004 3236 3046 ne
3264 2990 3405 3048 forte

1816 3071 2010 3140 perdat
2056 3072 2300 3129 laborem
2335 3089 2513 3142 suum,
2545 3083 2600 3131 et
2622 3091 2810 3133 omnes
2853 3087 3008 3136 actus
3051 3081 3195 3139 illius
3223 3099 3405 3155 repro-

142 3189 337 3231 Iacram
374 3175 549 3231 eosic
588 3174 679 3245 pio
707 3182 762 3229 et
802 3173 1021 3229 credulo
1052 3173 1323 3237 hauserit,
1354 3172 1719 3242 suppliciaque
1743 3177 1789 3241 C
1820 3163 2038 3232 bentur,
2058 3166 2115 3221 in
2133 3167 2330 3236 quibus
2348 3183 2407 3224 se
2429 3168 2633 3238 aliquid
2653 3172 2983 3241 acceptabile
2996 3174 3227 3231 Domino
3243 3184 3404 3234 antea

140 3280 477 3338 peccatorum
502 3284 624 3340 quas
648 3269 706 3324 in
745 3284 810 3323 ea
837 3276 1137 3325 narrantur
1164 3269 1515 3338 pertimescit,
1547 3276 1710 3338 atque

143 3376 249 3415 seu
278 3361 523 3431 peccatis
548 3360 823 3416 custodire
867 3360 1153 3423 studuerit,
1186 3375 1324 3430 aqua
1356 3359 1417 3414 ﬁt
1454 3360 1528 3414 illi
1566 3359 1711 3416 salu-

144 3451 267 3509 bris.
290 3453 397 3521 Qui
418 3460 606 3508 autem
632 3453 1028 3508 contemnendo
1052 3453 1230 3508 minas
1250 3453 1369 3517 Dei,
1399 3451 1709 3523 Scripturas

140 3555 319 3598 sacras
350 3542 625 3598 inutiliter
658 3542 840 3608 audit,
880 3540 1063 3598 inﬂato
1098 3550 1286 3597 ventre
1330 3542 1712 3611 computrescit

138 3627 308 3686 fanur
345 3631 491 3700 ejus,
532 3641 695 3701 atque
738 3632 795 3687 in
838 3630 1271 3688 maledictionem
1314 3641 1370 3687 et
1405 3633 1713 3701 exemplum

142 3722 235 3777 erit
260 3725 411 3779 omni
450 3723 694 3793 populo:
723 3722 850 3793 quia
887 3738 1013 3778 cum
1048 3721 1197 3791 justo
1232 3722 1330 3777 Dei
1362 3721 1572 3793 judicio
1610 3737 1711 3790 pu-

137 3812 313 3869 nietur
339 3815 707 3883 contemptrix
733 3816 930 3880 anima,
962 3816 1021 3870 in
1044 3814 1398 3884 opprobrium
1422 3812 1501 3869 illi
1522 3827 1713 3869 omnes

134 3902 248 3974 q’us
276 3910 441 3958 actus
464 3910 522 3957 et
540 3902 807 3958 desideria
831 3905 1171 3973 provenient.

760 4014 988 4070 CAPUT
1024 4015 1069 4069 Χ
1082 4055 1094 4067 .

404 4084 489 4139 De
514 4087 619 4138 ritu
644 4083 899 4140 Nasarwi
934 4095 982 4139 et
1012 4084 1273 4139 oblatione
1298 4099 1437 4154 ejus.

203 4177 350 4249 (Gn.
392 4176 497 4248 v1.)
540 4175 770 4231 Locutus
792 4186 870 4231 est
892 4176 1145 4231 Dominus
1172 4177 1243 4231 ad
1264 4176 1483 4247 Moysen
1504 4176 1714 4231 dicens:

144 4263 359 4338 Loquere
384 4266 458 4320 ad
480 4265 618 4335 ﬁlios
639 4265 836 4332 Israel,
860 4276 909 4321 et
932 4267 1071 4321 dices
1101 4266 1171 4321 ad
1195 4284 1281 4325 eos
1305 4284 1323 4321 :
1355 4266 1452 4322 Vir
1466 4266 1574 4321 sine
1600 4283 1717 4321 ntu-

147 4356 231 4411 lier
249 4376 365 4413 cum
383 4357 605 4428 fecerint
619 4368 795 4413 votum
811 4368 867 4412 ut
886 4359 1301 4428 sancti/iceram,
1320 4368 1369 4414 et
1386 4377 1444 4413 se
1461 4359 1717 4414 uoluerint

150 4446 351 4506 Dottsino
371 4466 702 4517 consecrare,
733 4467 766 4505 a
794 4450 912 4505 vino
938 4460 988 4504 et
1013 4451 1155 4504 omni
1177 4450 1317 4522 quod
1338 4450 1590 4505 inebriari
1616 4465 1713 4520 po-

1813 3257 1987 3329 egisse
2017 3258 2247 3315 Domino
2283 3260 2626 3317 conﬁdebat:
2655 3264 2783 3333 quia
2822 3279 2929 3320 non
2964 3267 3057 3336 qui
3099 3268 3266 3340 coepit
3305 3270 3401 3327 bo.
3444 3276 3461 3289 ‘

1810 3367 1959 3416 num,
1991 3352 2086 3408 sed
2112 3353 2205 3422 qui
2234 3363 2548 3423 perseverat
2568 3357 2622 3410 in
2649 3356 2808 3424 bono,
2832 3361 3208 3418 coronabitur.
3241 3363 3396 3423 Unde

1810 3450 1866 3495 et
1896 3458 1927 3496 a
1951 3444 2141 3512 patris,
2168 3444 2282 3499 sive
2323 3461 2355 3499 a
2377 3447 2586 3510 matris,
2613 3462 2711 3504 seu
2733 3447 2922 3505 fratris
2962 3453 3275 3523 sororisque
3311 3455 3398 3511 tu-

1812 3548 1941 3587 nere
1964 3535 2278 3601 retrahitur,
2306 3538 2434 3605 quia
2456 3538 2634 3593 onmis
2670 3539 2854 3595 carnis
2877 3539 3103 3597 affectus
3128 3545 3401 3612 amputari

1812 3622 1995 3688 debet,
2015 3624 2106 3680 ubi
2127 3624 2238 3680 Deo
2260 3626 2361 3680 soli
2382 3623 2595 3695 pln'cere
2619 3631 2985 3685 contenditur.
3013 3631 3124 3688 Nec
3146 3633 3253 3688 ulla
3283 3633 3398 3689 alli-

1815 3711 1960 3765 nitas
1990 3712 2359 3779 proximorum
2391 3729 2510 3782 quae
2539 3716 2608 3769 ad
2634 3726 2913 3783 peccatum
2950 3735 3049 3775 nos
3082 3722 3270 3787 trahit,
3301 3738 3398 3778 no-

1816 3801 2023 3856 biscum
2075 3801 2272 3855 sociari
2320 3803 2682 3870 permittitur;
2741 3806 2835 3861 sed
2873 3807 3029 3876 juxta
3069 3809 3196 3865 illud
3220 3812 3398 3868 Evan-

1814 3892 1937 3962 gelii
1965 3910 1978 3945 :
2002 3892 2066 3949 Si
2103 3893 2338 3959 dextera,
2368 3892 2566 3964 inquit,
2597 3911 2783 3952 manus
2819 3908 2913 3951 tua
2944 3898 3024 3953 vel
3050 3916 3140 3969 pes
3172 3903 3400 3958 scanda-

1817 3981 1941 4036 lizat
1966 3992 2036 4047 te,
2065 3982 2271 4038 abscide
2291 4001 2405 4038 eam
2440 3996 2487 4038 et
2506 3987 2707 4056 projice
2726 3988 2820 4043 abs
2842 3998 2912 4044 te.
2940 3990 3165 4062 Expedit
3196 3994 3313 4061 tibi,
3335 4004 3395 4052 ut

1812 4080 1990 4141 pereat
2018 4088 2180 4126 unum
2200 4073 2550 4129 membrorum
2583 4086 2813 4145 tuorum,
2833 4096 2994 4149 quam
3021 4090 3188 4138 totum
3207 4099 3397 4156 corpus

1817 4173 1965 4218 tuum
2009 4175 2092 4219 eat
2128 4166 2183 4219 in
2227 4166 2515 4235 gehennam
2558 4166 2772 4239 (Matth.
2798 4172 2871 4243 γ).
2931 4172 3118 4231 Omnis
3140 4191 3394 4248 persona,

1815 4259 1992 4314 omnis
2041 4258 2295 4329 dignitas,
2325 4259 2503 4315 omnis
2548 4265 3013 4335 consanguinitas,
3044 4277 3165 4338 post
3189 4269 3397 4327 Christi

1814 4363 2056 4403 amorem
2092 4349 2342 4418 ponenda
2386 4358 2491 4416 est,
2520 4366 2622 4407 nec
2660 4352 2863 4424 aliquid
2908 4356 3071 4413 debet
3112 4358 3393 4427 foederari,

1815 4437 1958 4507 quod
1986 4453 2086 4495 nos
2112 4454 2220 4495 non
2245 4440 2452 4510 patitur
2484 4456 2611 4496 cum
2639 4442 2858 4499 Christo
2892 4444 3057 4499 uniri.
3104 4444 3245 4510 Quia
3271 4465 3398 4503 con-

146 4546 226 4593 m:
240 4541 593 4596 animi,
620 4539 839 4594 Acetum
860 4555 925 4595 επ
956 4541 1073 4595 vim
1095 4549 1144 4595 ει
1162 4557 1227 4595 επ
1248 4539 1476 4611 qualibet
1498 4539 1608 4593 alia
1625 4554 1718 4609 ρο.
1821 4532 2063 4597 secratio,
2091 4532 2287 4602 inquit,
2319 4533 2418 4588 Dei
2443 4550 2601 4604 super
2621 4543 2777 4603 caput
2803 4535 2920 4603 ejus
2941 4542 3039 4598 est,
3066 4534 3120 4590 id
3142 4543 3247 4602 est,
3277 4536 3397 4609 Spi-

142 4628 281 4696 tions,
313 4630 641 4703 ctquidqnid
660 4630 727 4684 de
743 4645 844 4684 uua
878 4631 1188 4700 exprimitur
1220 4645 1328 4683 non
1355 4628 1545 4684 bibent.
1570 4626 1710 4682 Uvas

149 4731 350 4778 mentes
368 4724 647 4793 siccasque
670 4737 776 4776 non
809 4721 1073 4776 comedent
1101 4721 1301 4775 cunctis
1319 4720 1502 4775 diebus
1521 4719 1711 4790 quibus

145 4823 321 4870 αυαο
340 4814 578 4871 Domino
599 4823 986 4869 consecrantur.
1027 4812 1294 4885 Quidquid
1324 4828 1391 4867 ea:
1420 4813 1571 4866 vinea
1600 4826 1713 4865 esse

144 4912 310 4972 potest,
340 4908 408 4961 ab
430 4922 547 4961 uua
569 4921 728 4975 passa
761 4920 920 4975 usque
941 4904 1011 4960 ad
1048 4904 1262 4959 acinum
1291 4919 1398 4959 non
1421 4900 1709 4959 comedent.

146 4987 282 5048 Omni
304 5004 472 5067 tempe
483 5010 543 5049 rs
561 4994 908 5064 separationis
926 5010 1057 5059 suat,
1073 4993 1323 5049 nouacula
1345 5011 1451 5049 non
1469 4991 1714 5049 transibit

144 5095 225 5148 per
238 5094 387 5155 autut
421 5087 580 5161 eius,
596 5100 761 5155 usque
776 5083 848 5138 ad
869 5082 1175 5152 completum
1202 5085 1340 5139 diem
1361 5102 1464 5156 quo
1484 5084 1712 5140 Domino

144 5184 457 5233 «manu
470 5183 724 5229 :sanctus
745 5175 843 5228 erit
863 5180 1119 5227 crescente
1139 5175 1352 5228 casuris
1371 5175 1554 5244 capitis
1574 5173 1709 5243 ejus.

152 5256 273 5325 Quid
305 5280 433 5337 ergo
472 5262 865 5321 Nazareorum
906 5262 1125 5320 natiue
1172 5262 1282 5319 nisi
1329 5263 1712 5319 abstinentiam

148 5357 641 5429 nominandumque
663 5357 778 5413 vita
810 5356 1094 5429 signauit?
1139 5354 1238 5412 His
1262 5356 1319 5411 in
1349 5356 1474 5410 vino
1501 5355 1711 5411 luxnria

148 5446 470 5516 Mbetur,
498 5449 557 5504 in
586 5448 759 5504 siccra
782 5449 962 5505 omnis
985 5448 1233 5518 voluptas
1261 5458 1496 5505 terrena.
1524 5445 1711 5504 Sicera

156 5539 286 5595 enim
314 5556 387 5599 ex
406 5541 633 5598 diverso
670 5541 956 5598 conﬁcitur
1004 5557 1202 5614 genere
1226 5559 1239 5596 :
1268 5544 1348 5599 sic
1375 5542 1618 5612 voluptas
1645 5556 1715 5597 ex

158 5622 353 5685 diversa
386 5633 651 5689 vitiorum
682 5634 860 5691 oritur
898 5636 1167 5703 passione.
1214 5634 1295 5688 illi
1346 5635 1490 5689 enim
1528 5634 1714 5687 vinum

160 5716 354 5790 litauit,
395 5734 454 5783 α
485 5727 719 5785 sicomm
746 5726 959 5793 bibunt,
992 5725 1086 5795 qui
1120 5723 1191 5780 ad
1230 5725 1571 5797 decipiendos
1618 5725 1715 5781 ho-

1811 4620 1952 4675 ritus
1988 4621 2160 4676 sancti
2196 4623 2371 4691 gratia
2407 4622 2465 4677 in
2490 4622 2654 4678 corde
2690 4620 2809 4690 ejus
2834 4619 3027 4679 diffusa
3053 4631 3157 4681 est.
3180 4624 3315 4684 Inde
3341 4637 3397 4685 et

1811 4713 2014 4770 Paulus
2039 4714 2170 4769 dicit
2195 4727 2210 4766 :
2238 4713 2417 4771 Nolite
2447 4714 2757 4771 contristare
2779 4712 3037 4784 Spiritum
3056 4728 3316 4787 sanetum,
3339 4722 3396 4777 in

1813 4821 1916 4874 quo
1936 4804 2129 4874 signati
2152 4804 2275 4859 estis
2296 4804 2353 4857 in
2368 4803 2454 4857 die
2478 4803 2844 4873 redemptionis
2859 4803 3073 4876 (Epiros.
3091 4807 3189 4881 iv).
3205 4809 3397 4869 Omnis

1817 4895 1934 4952 dies
1980 4893 2338 4963 separationis
2364 4893 2479 4950 sive
2508 4901 2731 4951 sanctus
2755 4894 2864 4951 erit
2884 4896 3134 4957 Domino.
3171 4898 3398 4970 Oportet

1818 5000 1948 5057 ergo
1975 4984 2195 5041 omnino
2240 4993 2300 5043 ut
2338 4986 2442 5041 hoc
2466 4983 2562 5039 ﬁat
2606 4984 2725 5055 ejus
2759 4987 2904 5056 voti,
2947 4988 3052 5046 hoc
3079 4992 3265 5059 studii,
3290 4993 3397 5050 hoc

1816 5083 2038 5150 laboris,
2066 5090 2126 5138 ut
2149 5096 2313 5139 omne
2341 5089 2551 5152 tempus
2576 5096 2685 5152 quo
2706 5082 2937 5141 Domino
2963 5088 3271 5144 consectari
3298 5102 3399 5160 per

1816 5176 2201 5232 continentiam
2222 5175 2335 5231 sive
2352 5174 2739 5233 abstinmtiam
2748 5187 2920 5250 optat,
2938 5180 3056 5238 sine
3068 5183 3392 5238 contamina-

1818 5268 1963 5324 tienc
1984 5266 2195 5336 peccati
2220 5273 2389 5336 atque
2425 5266 2626 5335 delicti,
2652 5285 2826 5341 usque
2860 5272 2919 5327 in
2943 5271 3109 5325 ﬁnem
3145 5284 3395 5341 perseve-

1816 5374 1942 5417 rare
1966 5358 2279 5415 contendat.
2308 5357 2595 5430 Sequitur:

1889 5448 1990 5506 Sin
2025 5458 2201 5505 autem
2232 5458 2469 5506 mortuus
2508 5452 2671 5522 fuerit
2709 5452 2879 5507 subito
2913 5450 3173 5520 quium
3211 5465 3393 5509 cum

1815 5561 1896 5609 eo,
1939 5542 2200 5615 polluetur
2233 5553 2387 5615 caput
2429 5543 2835 5601 consecrationis
2878 5543 3014 5612 ejus.
3059 5541 3213 5607 Quod
3243 5545 3393 5601 radat

1816 5635 1989 5701 illico,
2029 5643 2079 5689 et
2116 5638 2173 5691 in
2214 5635 2393 5697 eadem
2430 5639 2519 5691 die
2550 5633 2875 5707 purgationis
2917 5648 3059 5700 sua,
3092 5645 3391 5695 et'rursum

1810 5726 2036 5797 septimo
2065 5725 2150 5789 die
2176 5728 2367 5784 iterum
2392 5726 2559 5784 rodet.
2595 5724 2665 5781 In
2682 5731 2864 5783 octavo
2888 5733 3065 5783 Mens
3092 5726 3181 5786 die
3208 5730 3389 5803 om
