  <div class='ocr_page' id='page_1' title='image "/cluster/home/n/w/nwhite01/storage/ocr_20150623/108/hvd.32044015466840/320.png"; bbox 0 0 3892 6346; ppageno 0'>
   <div class='ocr_carea' id='block_1_1' title="bbox 116 397 211 459">
    <p class='ocr_par' dir='ltr' id='par_1_1' title="bbox 116 397 211 459">
     <span class='ocr_line' id='line_1_1' title="bbox 116 397 211 459; baseline 0 0"><span class='ocrx_word' id='word_1_1' title='bbox 116 397 211 459; x_wconf 63' lang='grc' dir='ltr'><strong>θῖδ</strong></span> 
     </span>
    </p>
   </div>
   <div class='ocr_carea' id='block_1_2' title="bbox 815 347 2620 449">
    <p class='ocr_par' dir='ltr' id='par_1_2' title="bbox 815 347 2620 449">
     <span class='ocr_line' id='line_1_2' title="bbox 815 347 2620 449; baseline -0.005 0"><span class='ocrx_word' id='word_1_2' title='bbox 815 371 1349 449; x_wconf 71' lang='lat' dir='ltr'><strong>ENAnnA&#39;rtoNEs</strong></span> <span class='ocrx_word' id='word_1_3' title='bbox 1376 375 1453 446; x_wconf 74' lang='lat' dir='ltr'><strong>&quot;IN</strong></span> <span class='ocrx_word' id='word_1_4' title='bbox 1483 353 1756 446; x_wconf 24' lang='lat' dir='ltr'><strong>’Lmnuu</strong></span> <span class='ocrx_word' id='word_1_5' title='bbox 1797 347 2260 446; x_wconf 69' lang='lat' dir='ltr'><strong>unumunum.</strong></span> <span class='ocrx_word' id='word_1_6' title='bbox 2303 418 2372 428; x_wconf 89' lang='lat'><strong><em>—</em></strong></span> <span class='ocrx_word' id='word_1_7' title='bbox 2412 387 2540 443; x_wconf 87' lang='lat' dir='ltr'><strong>LIB.</strong></span> <span class='ocrx_word' id='word_1_8' title='bbox 2579 387 2620 441; x_wconf 86' lang='grc' dir='ltr'><strong>ι.</strong></span> 
     </span>
    </p>
   </div>
   <div class='ocr_carea' id='block_1_3' title="bbox 3249 391 3352 448">
    <p class='ocr_par' dir='ltr' id='par_1_3' title="bbox 3249 391 3352 448">
     <span class='ocr_line' id='line_1_3' title="bbox 3249 391 3352 448; baseline 0.019 -2"><span class='ocrx_word' id='word_1_9' title='bbox 3249 391 3352 448; x_wconf 65' lang='lat'><strong>696</strong></span> 
     </span>
    </p>
   </div>
   <div class='ocr_carea' id='block_1_4' title="bbox 119 502 3356 581">
    <p class='ocr_par' dir='ltr' id='par_1_4' title="bbox 119 502 3356 581">
     <span class='ocr_line' id='line_1_4' title="bbox 119 502 3356 581; baseline -0.003 -8"><span class='ocrx_word' id='word_1_10' title='bbox 119 517 284 575; x_wconf 85' lang='lat' dir='ltr'><strong>berem</strong></span> <span class='ocrx_word' id='word_1_11' title='bbox 319 523 481 581; x_wconf 86' lang='lat' dir='ltr'><strong>quem</strong></span> <span class='ocrx_word' id='word_1_12' title='bbox 511 509 566 563; x_wconf 87' lang='lat' dir='ltr'><strong>lu</strong></span> <span class='ocrx_word' id='word_1_13' title='bbox 593 506 691 563; x_wconf 87' lang='lat' dir='ltr'><strong>Del</strong></span> <span class='ocrx_word' id='word_1_14' title='bbox 726 507 948 563; x_wconf 87' lang='lat' dir='ltr'><strong>servitio</strong></span> <span class='ocrx_word' id='word_1_15' title='bbox 983 505 1191 572; x_wconf 83' lang='lat' dir='ltr'><strong>habuit,</strong></span> <span class='ocrx_word' id='word_1_16' title='bbox 1230 505 1668 560; x_wconf 90' lang='lat' dir='ltr'><strong>meditationem-</strong></span> <span class='ocrx_word' id='word_1_17' title='bbox 1697 509 1749 570; x_wconf 85' lang='grc' dir='ltr'><strong>Α</strong></span> <span class='ocrx_word' id='word_1_18' title='bbox 1774 504 1884 557; x_wconf 91' lang='lat' dir='ltr'><strong>ait:</strong></span> <span class='ocrx_word' id='word_1_19' title='bbox 1910 504 2074 558; x_wconf 89' lang='lat' dir='ltr'><strong>Omne</strong></span> <span class='ocrx_word' id='word_1_20' title='bbox 2111 504 2295 560; x_wconf 88' lang='lat' dir='ltr'><strong>datum</strong></span> <span class='ocrx_word' id='word_1_21' title='bbox 2345 504 2620 573; x_wconf 85' lang='lat' dir='ltr'><strong>optimum,</strong></span> <span class='ocrx_word' id='word_1_22' title='bbox 2661 510 2708 556; x_wconf 90' lang='lat' dir='ltr'><strong>et</strong></span> <span class='ocrx_word' id='word_1_23' title='bbox 2755 518 2907 557; x_wconf 86' lang='lat' dir='ltr'><strong>omne</strong></span> <span class='ocrx_word' id='word_1_24' title='bbox 2949 502 3148 562; x_wconf 80' lang='lat' dir='ltr'><strong><em>donum</em></strong></span> <span class='ocrx_word' id='word_1_25' title='bbox 3186 509 3356 576; x_wconf 70' lang='lat' dir='ltr'><strong>perfe-</strong></span> 
     </span>
    </p>
   </div>
   <div class='ocr_carea' id='block_1_5' title="bbox 119 594 1672 679">
    <p class='ocr_par' dir='ltr' id='par_1_5' title="bbox 119 594 1672 679">
     <span class='ocr_line' id='line_1_5' title="bbox 119 594 1672 679; baseline -0.007 -18"><span class='ocrx_word' id='word_1_26' title='bbox 119 617 212 679; x_wconf 82' lang='lat' dir='ltr'><strong>‘que</strong></span> <span class='ocrx_word' id='word_1_27' title='bbox 239 611 288 660; x_wconf 90' lang='lat' dir='ltr'><strong>et</strong></span> <span class='ocrx_word' id='word_1_28' title='bbox 309 599 746 670; x_wconf 79' lang='lat' dir='ltr'><strong>observationem</strong></span> <span class='ocrx_word' id='word_1_29' title='bbox 778 597 972 654; x_wconf 68' lang='lat' dir='ltr'><strong>divinm</strong></span> <span class='ocrx_word' id='word_1_30' title='bbox 1016 597 1149 669; x_wconf 86' lang='lat' dir='ltr'><strong>legis</strong></span> <span class='ocrx_word' id='word_1_31' title='bbox 1183 594 1412 651; x_wconf 87' lang='lat' dir='ltr'><strong>humani</strong></span> <span class='ocrx_word' id='word_1_32' title='bbox 1457 597 1672 669; x_wconf 84' lang='lat' dir='ltr'><strong>generis</strong></span> 
     </span>
    </p>
   </div>
   <div class='ocr_carea' id='block_1_6' title="bbox 119 687 1676 765">
    <p class='ocr_par' dir='ltr' id='par_1_6' title="bbox 119 687 1676 765">
     <span class='ocr_line' id='line_1_6' title="bbox 119 687 1676 765; baseline -0.008 -12"><span class='ocrx_word' id='word_1_33' title='bbox 119 695 426 765; x_wconf 67' lang='lat' dir='ltr'><strong>Redemptor</strong></span> <span class='ocrx_word' id='word_1_34' title='bbox 481 707 536 747; x_wconf 82' lang='lat' dir='ltr'><strong>tn</strong></span> <span class='ocrx_word' id='word_1_35' title='bbox 582 695 874 760; x_wconf 88' lang='lat' dir='ltr'><strong>conspectu</strong></span> <span class='ocrx_word' id='word_1_36' title='bbox 921 687 1222 744; x_wconf 76' lang='lat' dir='ltr'><strong>divinitatis</strong></span> <span class='ocrx_word' id='word_1_37' title='bbox 1277 687 1676 742; x_wconf 82' lang='lat' dir='ltr'><strong>remunerando</strong></span> 
     </span>
    </p>
   </div>
   <div class='ocr_carea' id='block_1_7' title="bbox 122 778 1675 858">
    <p class='ocr_par' dir='ltr' id='par_1_7' title="bbox 122 778 1675 858">
     <span class='ocr_line' id='line_1_7' title="bbox 122 778 1675 858; baseline -0.006 -15"><span class='ocrx_word' id='word_1_38' title='bbox 122 792 470 858; x_wconf 72' lang='lat' dir='ltr'><strong>repraesentat,</strong></span> <span class='ocrx_word' id='word_1_39' title='bbox 519 796 642 838; x_wconf 90' lang='lat' dir='ltr'><strong>eum</strong></span> <span class='ocrx_word' id='word_1_40' title='bbox 676 795 800 837; x_wconf 89' lang='lat' dir='ltr'><strong>eum</strong></span> <span class='ocrx_word' id='word_1_41' title='bbox 850 791 946 852; x_wconf 88' lang='lat' dir='ltr'><strong>per</strong></span> <span class='ocrx_word' id='word_1_42' title='bbox 995 780 1302 851; x_wconf 81' lang='lat' dir='ltr'><strong>ingressum</strong></span> <span class='ocrx_word' id='word_1_43' title='bbox 1333 778 1475 846; x_wconf 85' lang='lat' dir='ltr'><strong>vitae,</strong></span> <span class='ocrx_word' id='word_1_44' title='bbox 1516 785 1675 848; x_wconf 90' lang='lat' dir='ltr'><strong>pacto</strong></span> 
     </span>
    </p>
   </div>
   <div class='ocr_carea' id='block_1_8' title="bbox 117 869 1674 947">
    <p class='ocr_par' dir='ltr' id='par_1_8' title="bbox 117 869 1674 947">
     <span class='ocr_line' id='line_1_8' title="bbox 117 869 1674 947; baseline -0.008 -10"><span class='ocrx_word' id='word_1_45' title='bbox 117 879 231 940; x_wconf 81' lang='lat' dir='ltr'><strong>boni</strong></span> <span class='ocrx_word' id='word_1_46' title='bbox 274 877 456 947; x_wconf 89' lang='lat' dir='ltr'><strong>operis</strong></span> <span class='ocrx_word' id='word_1_47' title='bbox 502 872 814 942; x_wconf 75' lang='lat' dir='ltr'><strong>certamine,</strong></span> <span class='ocrx_word' id='word_1_48' title='bbox 855 870 1010 927; x_wconf 90' lang='lat' dir='ltr'><strong>donis</strong></span> <span class='ocrx_word' id='word_1_49' title='bbox 1047 869 1385 942; x_wconf 76' lang='lat' dir='ltr'><strong>spiritalibus</strong></span> <span class='ocrx_word' id='word_1_50' title='bbox 1423 870 1674 936; x_wconf 90' lang='lat' dir='ltr'><strong>ditatum,</strong></span> 
     </span>
    </p>
   </div>
   <div class='ocr_carea' id='block_1_9' title="bbox 121 958 1454 1042">
    <p class='ocr_par' dir='ltr' id='par_1_9' title="bbox 121 958 1454 1042">
     <span class='ocr_line' id='line_1_9' title="bbox 121 958 1454 1042; baseline -0.01 -14"><span class='ocrx_word' id='word_1_51' title='bbox 121 970 178 1028; x_wconf 85' lang='lat' dir='ltr'><strong>sd</strong></span> <span class='ocrx_word' id='word_1_52' title='bbox 198 958 697 1039; x_wconf 79' lang='lat' dir='ltr'><strong>contemplationem</strong></span> <span class='ocrx_word' id='word_1_53' title='bbox 721 965 816 1042; x_wconf 84' lang='lat' dir='ltr'><strong>Dei</strong></span> <span class='ocrx_word' id='word_1_54' title='bbox 842 962 1021 1019; x_wconf 88' lang='lat' dir='ltr'><strong>Patris</strong></span> <span class='ocrx_word' id='word_1_55' title='bbox 1054 963 1318 1033; x_wconf 82' lang='lat' dir='ltr'><strong>perducit.</strong></span> <span class='ocrx_word' id='word_1_56' title='bbox 1451 1030 1454 1032; x_wconf 12' lang='grc' dir='ltr'>γ</span> 
     </span>
    </p>
   </div>
   <div class='ocr_carea' id='block_1_10' title="bbox 179 1042 1676 1126">
    <p class='ocr_par' dir='ltr' id='par_1_10' title="bbox 179 1042 1676 1126">
     <span class='ocr_line' id='line_1_10' title="bbox 179 1042 1676 1126; baseline -0.003 -11"><span class='ocrx_word' id='word_1_57' title='bbox 179 1053 535 1116; x_wconf 70' lang='grc' dir='ltr'><strong>Ανίειεηιύενο</strong></span> <span class='ocrx_word' id='word_1_58' title='bbox 567 1042 1105 1112; x_wconf 73' lang='lat' dir='ltr'><strong>immolabithostiam</strong></span> <span class='ocrx_word' id='word_1_59' title='bbox 1129 1054 1406 1126; x_wconf 76' lang='lat' dir='ltr'><strong>paci/leam</strong></span> <span class='ocrx_word' id='word_1_60' title='bbox 1426 1053 1676 1121; x_wconf 86' lang='lat' dir='ltr'><strong>Domino,</strong></span> 
     </span>
    </p>
   </div>
   <div class='ocr_carea' id='block_1_11' title="bbox 122 1143 1677 1223">
    <p class='ocr_par' dir='ltr' id='par_1_11' title="bbox 122 1143 1677 1223">
     <span class='ocr_line' id='line_1_11' title="bbox 122 1143 1677 1223; baseline -0.004 -16"><span class='ocrx_word' id='word_1_61' title='bbox 122 1151 317 1223; x_wconf 60' lang='lat' dir='ltr'><strong>Merciis</strong></span> <span class='ocrx_word' id='word_1_62' title='bbox 349 1148 512 1206; x_wconf 89' lang='lat' dir='ltr'><strong>simul</strong></span> <span class='ocrx_word' id='word_1_63' title='bbox 543 1143 829 1204; x_wconf 73' lang='lat' dir='ltr'><strong>canistrum</strong></span> <span class='ocrx_word' id='word_1_64' title='bbox 856 1163 1160 1218; x_wconf 81' lang='lat' dir='ltr'><strong>azymorum</strong></span> <span class='ocrx_word' id='word_1_65' title='bbox 1187 1155 1233 1200; x_wconf 89' lang='lat' dir='ltr'><strong>et</strong></span> <span class='ocrx_word' id='word_1_66' title='bbox 1255 1146 1533 1214; x_wconf 78' lang='lat' dir='ltr'><strong>libamenta</strong></span> <span class='ocrx_word' id='word_1_67' title='bbox 1558 1163 1677 1219; x_wconf 75' lang='lat' dir='ltr'><strong>qua:</strong></span> 
     </span>
    </p>
   </div>
   <div class='ocr_carea' id='block_1_12' title="bbox 122 1237 1676 1308">
    <p class='ocr_par' dir='ltr' id='par_1_12' title="bbox 122 1237 1676 1308">
     <span class='ocr_line' id='line_1_12' title="bbox 122 1237 1676 1308; baseline -0.006 -10"><span class='ocrx_word' id='word_1_68' title='bbox 122 1239 180 1299; x_wconf 61' lang='lat' dir='ltr'><strong>sic</strong></span> <span class='ocrx_word' id='word_1_69' title='bbox 213 1259 346 1297; x_wconf 87' lang='lat' dir='ltr'><strong>more</strong></span> <span class='ocrx_word' id='word_1_70' title='bbox 374 1241 646 1296; x_wconf 78' lang='lat' dir='ltr'><strong>debentur.</strong></span> <span class='ocrx_word' id='word_1_71' title='bbox 696 1239 920 1307; x_wconf 85' lang='lat' dir='ltr'><strong>Quando</strong></span> <span class='ocrx_word' id='word_1_72' title='bbox 945 1253 1066 1293; x_wconf 90' lang='lat' dir='ltr'><strong>eum</strong></span> <span class='ocrx_word' id='word_1_73' title='bbox 1095 1237 1316 1308; x_wconf 91' lang='lat' dir='ltr'><strong>dignum</strong></span> <span class='ocrx_word' id='word_1_74' title='bbox 1362 1251 1676 1291; x_wconf 89' lang='lat' dir='ltr'><strong>remunera-</strong></span> 
     </span>
    </p>
   </div>
   <div class='ocr_carea' id='block_1_13' title="bbox 1776 594 3358 672">
    <p class='ocr_par' dir='ltr' id='par_1_13' title="bbox 1776 594 3358 672">
     <span class='ocr_line' id='line_1_13' title="bbox 1776 594 3358 672; baseline 0.006 -22"><span class='ocrx_word' id='word_1_75' title='bbox 1776 607 1944 663; x_wconf 83' lang='lat' dir='ltr'><strong>ctum,</strong></span> <span class='ocrx_word' id='word_1_76' title='bbox 1993 599 2265 658; x_wconf 86' lang='lat' dir='ltr'><strong>desursum</strong></span> <span class='ocrx_word' id='word_1_77' title='bbox 2308 608 2406 663; x_wconf 90' lang='lat' dir='ltr'><strong>est,</strong></span> <span class='ocrx_word' id='word_1_78' title='bbox 2448 595 2764 652; x_wconf 72' lang='lat' dir='ltr'><strong>descendens</strong></span> <span class='ocrx_word' id='word_1_79' title='bbox 2793 614 2828 649; x_wconf 89' lang='lat' dir='ltr'><strong>a</strong></span> <span class='ocrx_word' id='word_1_80' title='bbox 2868 594 3030 652; x_wconf 81' lang='lat' dir='ltr'><strong>Patre</strong></span> <span class='ocrx_word' id='word_1_81' title='bbox 3072 599 3358 672; x_wconf 58' lang='lat' dir='ltr'><strong>luminum,</strong></span> 
     </span>
    </p>
   </div>
   <div class='ocr_carea' id='block_1_14' title="bbox 1777 690 3359 763">
    <p class='ocr_par' dir='ltr' id='par_1_14' title="bbox 1777 690 3359 763">
     <span class='ocr_line' id='line_1_14' title="bbox 1777 690 3359 763; baseline 0.001 -19"><span class='ocrx_word' id='word_1_82' title='bbox 1777 691 1917 763; x_wconf 90' lang='lat' dir='ltr'><strong>apud</strong></span> <span class='ocrx_word' id='word_1_83' title='bbox 1955 707 2105 762; x_wconf 86' lang='lat' dir='ltr'><strong>quem</strong></span> <span class='ocrx_word' id='word_1_84' title='bbox 2145 707 2248 746; x_wconf 88' lang='lat' dir='ltr'><strong>non</strong></span> <span class='ocrx_word' id='word_1_85' title='bbox 2294 700 2369 746; x_wconf 87' lang='lat' dir='ltr'><strong>est</strong></span> <span class='ocrx_word' id='word_1_86' title='bbox 2413 690 2808 756; x_wconf 74' lang='lat' dir='ltr'><strong>transmutatio,</strong></span> <span class='ocrx_word' id='word_1_87' title='bbox 2847 707 2939 746; x_wconf 81' lang='lat' dir='ltr'><strong>nec</strong></span> <span class='ocrx_word' id='word_1_88' title='bbox 2981 691 3359 750; x_wconf 66' lang='lat' dir='ltr'><strong>vicissitudinis</strong></span> 
     </span>
    </p>
   </div>
   <div class='ocr_carea' id='block_1_15' title="bbox 1777 779 3360 854">
    <p class='ocr_par' dir='ltr' id='par_1_15' title="bbox 1777 779 3360 854">
     <span class='ocr_line' id='line_1_15' title="bbox 1777 779 3360 854; baseline 0.003 -18"><span class='ocrx_word' id='word_1_89' title='bbox 1777 782 2102 836; x_wconf 73' lang='lat' dir='ltr'><strong>obumbratio</strong></span> <span class='ocrx_word' id='word_1_90' title='bbox 2130 780 2340 854; x_wconf 71' lang='lat' dir='ltr'><strong>(Iacob.</strong></span> <span class='ocrx_word' id='word_1_91' title='bbox 2369 781 2432 853; x_wconf 84' lang='grc' dir='ltr'><strong>ι).</strong></span> <span class='ocrx_word' id='word_1_92' title='bbox 2483 779 2774 838; x_wconf 77' lang='lat' dir='ltr'><strong>Videamus</strong></span> <span class='ocrx_word' id='word_1_93' title='bbox 2809 796 2939 854; x_wconf 88' lang='lat' dir='ltr'><strong>ergo</strong></span> <span class='ocrx_word' id='word_1_94' title='bbox 2985 783 3116 853; x_wconf 89' lang='lat' dir='ltr'><strong>quid</strong></span> <span class='ocrx_word' id='word_1_95' title='bbox 3155 784 3224 841; x_wconf 88' lang='lat' dir='ltr'><strong>de</strong></span> <span class='ocrx_word' id='word_1_96' title='bbox 3247 784 3360 840; x_wconf 72' lang='lat' dir='ltr'><strong>Na~</strong></span> 
     </span>
    </p>
   </div>
   <div class='ocr_carea' id='block_1_16' title="bbox 1769 868 3352 948">
    <p class='ocr_par' dir='ltr' id='par_1_16' title="bbox 1769 868 3352 948">
     <span class='ocr_line' id='line_1_16' title="bbox 1769 868 3352 948; baseline 0.001 -22"><span class='ocrx_word' id='word_1_97' title='bbox 1769 885 1954 948; x_wconf 66' lang='lat' dir='ltr'><strong>samo</strong></span> <span class='ocrx_word' id='word_1_98' title='bbox 1983 877 2099 942; x_wconf 67' lang='lat' dir='ltr'><strong>post</strong></span> <span class='ocrx_word' id='word_1_99' title='bbox 2159 868 2488 926; x_wconf 88' lang='lat' dir='ltr'><strong>oblationem</strong></span> <span class='ocrx_word' id='word_1_100' title='bbox 2546 870 2843 942; x_wconf 83' lang='lat' dir='ltr'><strong>perfectam</strong></span> <span class='ocrx_word' id='word_1_101' title='bbox 2871 871 3153 944; x_wconf 86' lang='lat' dir='ltr'><strong>Scriptura</strong></span> <span class='ocrx_word' id='word_1_102' title='bbox 3182 873 3352 930; x_wconf 83' lang='lat' dir='ltr'><strong>dicat.</strong></span> 
     </span>
    </p>
   </div>
   <div class='ocr_carea' id='block_1_17' title="bbox 1785 960 3358 1032">
    <p class='ocr_par' dir='ltr' id='par_1_17' title="bbox 1785 960 3358 1032">
     <span class='ocr_line' id='line_1_17' title="bbox 1785 960 3358 1032; baseline 0.001 -14"><span class='ocrx_word' id='word_1_103' title='bbox 1785 961 1909 1018; x_wconf 86' lang='lat' dir='ltr'><strong>Post</strong></span> <span class='ocrx_word' id='word_1_104' title='bbox 1948 960 2090 1027; x_wconf 67' lang='lat' dir='ltr'><strong>haec,</strong></span> <span class='ocrx_word' id='word_1_105' title='bbox 2133 960 2338 1032; x_wconf 88' lang='lat' dir='ltr'><strong>inquit,</strong></span> <span class='ocrx_word' id='word_1_106' title='bbox 2385 970 2550 1032; x_wconf 80' lang='lat' dir='ltr'><strong>potest</strong></span> <span class='ocrx_word' id='word_1_107' title='bbox 2595 962 2764 1018; x_wconf 82' lang='lat' dir='ltr'><strong>bibere</strong></span> <span class='ocrx_word' id='word_1_108' title='bbox 2811 960 3110 1020; x_wconf 74' lang='lat' dir='ltr'><strong>Nazarteus</strong></span> <span class='ocrx_word' id='word_1_109' title='bbox 3156 964 3358 1020; x_wconf 80' lang='lat' dir='ltr'><strong>vinum.</strong></span> 
     </span>
    </p>
   </div>
   <div class='ocr_carea' id='block_1_18' title="bbox 1777 1053 3358 1126">
    <p class='ocr_par' dir='ltr' id='par_1_18' title="bbox 1777 1053 3358 1126">
     <span class='ocr_line' id='line_1_18' title="bbox 1777 1053 3358 1126; baseline 0.001 -15"><span class='ocrx_word' id='word_1_110' title='bbox 1777 1054 1907 1114; x_wconf 89' lang='lat' dir='ltr'><strong>Post</strong></span> <span class='ocrx_word' id='word_1_111' title='bbox 1950 1055 2066 1112; x_wconf 66' lang='lat' dir='ltr'><strong>haec</strong></span> <span class='ocrx_word' id='word_1_112' title='bbox 2105 1069 2254 1126; x_wconf 81' lang='lat' dir='ltr'><strong>ergo,</strong></span> <span class='ocrx_word' id='word_1_113' title='bbox 2303 1053 2357 1112; x_wconf 90' lang='lat' dir='ltr'><strong>id</strong></span> <span class='ocrx_word' id='word_1_114' title='bbox 2402 1061 2510 1120; x_wconf 88' lang='lat' dir='ltr'><strong>est,</strong></span> <span class='ocrx_word' id='word_1_115' title='bbox 2554 1061 2678 1123; x_wconf 89' lang='lat' dir='ltr'><strong>post</strong></span> <span class='ocrx_word' id='word_1_116' title='bbox 2724 1062 2929 1114; x_wconf 85' lang='lat' dir='ltr'><strong>rectam</strong></span> <span class='ocrx_word' id='word_1_117' title='bbox 2975 1055 3358 1119; x_wconf 77' lang='lat' dir='ltr'><strong>intentionem,</strong></span> 
     </span>
    </p>
   </div>
   <div class='ocr_carea' id='block_1_19' title="bbox 1775 1144 3362 1222">
    <p class='ocr_par' dir='ltr' id='par_1_19' title="bbox 1775 1144 3362 1222">
     <span class='ocr_line' id='line_1_19' title="bbox 1775 1144 3362 1222; baseline 0 -20"><span class='ocrx_word' id='word_1_118' title='bbox 1775 1155 1902 1222; x_wconf 88' lang='lat' dir='ltr'><strong>post</strong></span> <span class='ocrx_word' id='word_1_119' title='bbox 1935 1144 2315 1206; x_wconf 84' lang='lat' dir='ltr'><strong>rationabilem</strong></span> <span class='ocrx_word' id='word_1_120' title='bbox 2363 1144 2804 1216; x_wconf 82' lang='lat' dir='ltr'><strong>promissionem,</strong></span> <span class='ocrx_word' id='word_1_121' title='bbox 2849 1156 2972 1216; x_wconf 89' lang='lat' dir='ltr'><strong>post</strong></span> <span class='ocrx_word' id='word_1_122' title='bbox 3019 1147 3144 1204; x_wconf 89' lang='lat' dir='ltr'><strong>boni</strong></span> <span class='ocrx_word' id='word_1_123' title='bbox 3178 1149 3362 1217; x_wconf 82' lang='lat' dir='ltr'><strong>operis</strong></span> 
     </span>
    </p>
   </div>
   <div class='ocr_carea' id='block_1_20' title="bbox 1775 1236 3360 1311">
    <p class='ocr_par' dir='ltr' id='par_1_20' title="bbox 1775 1236 3360 1311">
     <span class='ocr_line' id='line_1_20' title="bbox 1775 1236 3360 1311; baseline 0.001 -17"><span class='ocrx_word' id='word_1_124' title='bbox 1775 1237 2187 1311; x_wconf 81' lang='lat' dir='ltr'><strong>perfectionem,</strong></span> <span class='ocrx_word' id='word_1_125' title='bbox 2230 1245 2288 1292; x_wconf 91' lang='lat' dir='ltr'><strong>et</strong></span> <span class='ocrx_word' id='word_1_126' title='bbox 2314 1246 2435 1308; x_wconf 86' lang='lat' dir='ltr'><strong>post</strong></span> <span class='ocrx_word' id='word_1_127' title='bbox 2462 1237 2632 1296; x_wconf 84' lang='lat' dir='ltr'><strong>totius</strong></span> <span class='ocrx_word' id='word_1_128' title='bbox 2655 1236 2862 1294; x_wconf 87' lang='lat' dir='ltr'><strong>laboris</strong></span> <span class='ocrx_word' id='word_1_129' title='bbox 2887 1237 3074 1304; x_wconf 86' lang='lat' dir='ltr'><strong>finem,</strong></span> <span class='ocrx_word' id='word_1_130' title='bbox 3103 1255 3170 1296; x_wconf 84' lang='lat' dir='ltr'><strong>ac</strong></span> <span class='ocrx_word' id='word_1_131' title='bbox 3195 1240 3360 1310; x_wconf 66' lang='lat' dir='ltr'><strong>iusta:</strong></span> 
     </span>
    </p>
   </div>
   <div class='ocr_carea' id='block_1_21' title="bbox 123 1318 3362 1403">
    <p class='ocr_par' dir='ltr' id='par_1_21' title="bbox 123 1318 3362 1403">
     <span class='ocr_line' id='line_1_21' title="bbox 123 1318 3362 1403; baseline -0.001 -16"><span class='ocrx_word' id='word_1_132' title='bbox 123 1331 249 1388; x_wconf 87' lang='lat' dir='ltr'><strong>tione</strong></span> <span class='ocrx_word' id='word_1_133' title='bbox 281 1339 554 1403; x_wconf 73' lang='lat' dir='ltr'><strong>perpetuae</strong></span> <span class='ocrx_word' id='word_1_134' title='bbox 590 1318 786 1402; x_wconf 81' lang='lat' dir='ltr'><strong>quietis</strong></span> <span class='ocrx_word' id='word_1_135' title='bbox 822 1329 1079 1392; x_wconf 87' lang='lat' dir='ltr'><strong>ostendit,</strong></span> <span class='ocrx_word' id='word_1_136' title='bbox 1132 1321 1230 1397; x_wconf 91' lang='lat' dir='ltr'><strong>pro</strong></span> <span class='ocrx_word' id='word_1_137' title='bbox 1273 1329 1580 1398; x_wconf 86' lang='lat' dir='ltr'><strong>principatu</strong></span> <span class='ocrx_word' id='word_1_138' title='bbox 1625 1335 1682 1383; x_wconf 90' lang='lat' dir='ltr'><strong>et</strong></span> <span class='ocrx_word' id='word_1_139' title='bbox 1779 1327 2047 1382; x_wconf 88' lang='lat' dir='ltr'><strong>mercedis</strong></span> <span class='ocrx_word' id='word_1_140' title='bbox 2100 1327 2511 1390; x_wconf 85' lang='lat' dir='ltr'><strong>retributionem</strong></span> <span class='ocrx_word' id='word_1_141' title='bbox 2537 1367 2555 1391; x_wconf 95' lang='lat'><strong>,</strong></span> <span class='ocrx_word' id='word_1_142' title='bbox 2622 1334 2806 1396; x_wconf 70' lang='lat' dir='ltr'><strong>potest.</strong></span> <span class='ocrx_word' id='word_1_143' title='bbox 2852 1326 3362 1390; x_wconf 60' lang='lat' dir='ltr'><strong>biberemus-aius</strong></span> 
     </span>
    </p>
   </div>
   <div class='ocr_carea' id='block_1_22' title="bbox 123 1409 1681 1500">
    <p class='ocr_par' dir='ltr' id='par_1_22' title="bbox 123 1409 1681 1500">
     <span class='ocr_line' id='line_1_22' title="bbox 123 1409 1681 1500; baseline -0.005 -22"><span class='ocrx_word' id='word_1_144' title='bbox 123 1423 298 1478; x_wconf 77' lang='lat' dir='ltr'><strong>ducatu</strong></span> <span class='ocrx_word' id='word_1_145' title='bbox 324 1416 432 1492; x_wconf 85' lang='lat' dir='ltr'><strong>quo</strong></span> <span class='ocrx_word' id='word_1_146' title='bbox 457 1411 808 1500; x_wconf 80' lang='lat' dir='ltr'><strong>semetipsum</strong></span> <span class='ocrx_word' id='word_1_147' title='bbox 853 1421 990 1474; x_wconf 83' lang='lat' dir='ltr'><strong>bene</strong></span> <span class='ocrx_word' id='word_1_148' title='bbox 1038 1433 1248 1485; x_wconf 81' lang='lat' dir='ltr'><strong>regere,</strong></span> <span class='ocrx_word' id='word_1_149' title='bbox 1298 1428 1352 1496; x_wconf 86' lang='lat' dir='ltr'><strong>et</strong></span> <span class='ocrx_word' id='word_1_150' title='bbox 1392 1409 1446 1494; x_wconf 87' lang='lat' dir='ltr'><strong>in</strong></span> <span class='ocrx_word' id='word_1_151' title='bbox 1491 1416 1681 1500; x_wconf 79' lang='lat' dir='ltr'><strong>semita</strong></span> 
     </span>
    </p>
   </div>
   <div class='ocr_carea' id='block_1_23' title="bbox 1784 1417 3361 1490">
    <p class='ocr_par' dir='ltr' id='par_1_23' title="bbox 1784 1417 3361 1490">
     <span class='ocr_line' id='line_1_23' title="bbox 1784 1417 3361 1490; baseline 0.003 -20"><span class='ocrx_word' id='word_1_152' title='bbox 1784 1432 1994 1490; x_wconf 79' lang='lat' dir='ltr'><strong>vinum,</strong></span> <span class='ocrx_word' id='word_1_153' title='bbox 2024 1419 2128 1474; x_wconf 88' lang='lat' dir='ltr'><strong>hoc</strong></span> <span class='ocrx_word' id='word_1_154' title='bbox 2153 1427 2235 1476; x_wconf 88' lang='lat' dir='ltr'><strong>est</strong></span> <span class='ocrx_word' id='word_1_155' title='bbox 2261 1419 2507 1489; x_wconf 74' lang='lat' dir='ltr'><strong>spiritale</strong></span> <span class='ocrx_word' id='word_1_156' title='bbox 2532 1419 2756 1490; x_wconf 76' lang='lat' dir='ltr'><strong>haurire</strong></span> <span class='ocrx_word' id='word_1_157' title='bbox 2786 1417 2946 1489; x_wconf 59' lang='lat' dir='ltr'><strong>piae</strong></span> <span class='ocrx_word' id='word_1_158' title='bbox 2977 1420 3361 1488; x_wconf 62' lang='lat' dir='ltr'><strong>donum-Quia</strong></span> 
     </span>
    </p>
   </div>
   <div class='ocr_carea' id='block_1_24' title="bbox 123 1497 3364 1582">
    <p class='ocr_par' dir='ltr' id='par_1_24' title="bbox 123 1497 3364 1582">
     <span class='ocr_line' id='line_1_24' title="bbox 123 1497 3364 1582; baseline 0 -16"><span class='ocrx_word' id='word_1_159' title='bbox 123 1505 252 1568; x_wconf 61' lang='lat' dir='ltr'><strong>recta</strong></span> <span class='ocrx_word' id='word_1_160' title='bbox 299 1509 676 1567; x_wconf 82' lang='lat' dir='ltr'><strong>mandatorum</strong></span> <span class='ocrx_word' id='word_1_161' title='bbox 722 1497 822 1564; x_wconf 82' lang='lat' dir='ltr'><strong>Dei</strong></span> <span class='ocrx_word' id='word_1_162' title='bbox 885 1507 1084 1562; x_wconf 88' lang='lat' dir='ltr'><strong>dueere</strong></span> <span class='ocrx_word' id='word_1_163' title='bbox 1146 1507 1463 1572; x_wconf 86' lang='lat' dir='ltr'><strong>consuevit,</strong></span> <span class='ocrx_word' id='word_1_164' title='bbox 1518 1497 1686 1560; x_wconf 83' lang='lat' dir='ltr'><strong>vitam</strong></span> <span class='ocrx_word' id='word_1_165' title='bbox 1787 1516 1991 1578; x_wconf 87' lang='lat' dir='ltr'><strong>quanto</strong></span> <span class='ocrx_word' id='word_1_166' title='bbox 2028 1508 2269 1572; x_wconf 88' lang='lat' dir='ltr'><strong>liberius,</strong></span> <span class='ocrx_word' id='word_1_167' title='bbox 2305 1519 2458 1566; x_wconf 88' lang='lat' dir='ltr'><strong>tanto</strong></span> <span class='ocrx_word' id='word_1_168' title='bbox 2487 1510 2722 1574; x_wconf 79' lang='lat' dir='ltr'><strong>felicius,</strong></span> <span class='ocrx_word' id='word_1_169' title='bbox 2761 1520 2820 1566; x_wconf 85' lang='lat' dir='ltr'><strong>et</strong></span> <span class='ocrx_word' id='word_1_170' title='bbox 2849 1522 3055 1581; x_wconf 67' lang='lat' dir='ltr'><strong>quiante</strong></span> <span class='ocrx_word' id='word_1_171' title='bbox 3090 1515 3364 1582; x_wconf 75' lang='lat' dir='ltr'><strong>capacius,</strong></span> 
     </span>
    </p>
   </div>
   <div class='ocr_carea' id='block_1_25' title="bbox 119 1595 1685 1670">
    <p class='ocr_par' dir='ltr' id='par_1_25' title="bbox 119 1595 1685 1670">
     <span class='ocr_line' id='line_1_25' title="bbox 119 1595 1685 1670; baseline -0.005 -12"><span class='ocrx_word' id='word_1_172' title='bbox 119 1595 256 1658; x_wconf 80' lang='lat' dir='ltr'><strong>suam</strong></span> <span class='ocrx_word' id='word_1_173' title='bbox 303 1603 509 1658; x_wconf 81' lang='lat' dir='ltr'><strong>scilicet</strong></span> <span class='ocrx_word' id='word_1_174' title='bbox 578 1600 881 1657; x_wconf 89' lang='lat' dir='ltr'><strong>ordinando</strong></span> <span class='ocrx_word' id='word_1_175' title='bbox 940 1599 1238 1653; x_wconf 90' lang='lat' dir='ltr'><strong>secundum</strong></span> <span class='ocrx_word' id='word_1_176' title='bbox 1281 1595 1685 1670; x_wconf 88' lang='lat' dir='ltr'><strong>Scripturarum</strong></span> 
     </span>
    </p>
   </div>
   <div class='ocr_carea' id='block_1_26' title="bbox 118 1675 1688 1770">
    <p class='ocr_par' dir='ltr' id='par_1_26' title="bbox 118 1675 1688 1770">
     <span class='ocr_line' id='line_1_26' title="bbox 118 1675 1688 1770; baseline -0.006 -21"><span class='ocrx_word' id='word_1_177' title='bbox 118 1691 382 1749; x_wconf 80' lang='lat' dir='ltr'><strong>saerarum</strong></span> <span class='ocrx_word' id='word_1_178' title='bbox 427 1689 748 1755; x_wconf 78' lang='lat' dir='ltr'><strong>doctrinam,</strong></span> <span class='ocrx_word' id='word_1_179' title='bbox 783 1697 837 1744; x_wconf 89' lang='lat' dir='ltr'><strong>et</strong></span> <span class='ocrx_word' id='word_1_180' title='bbox 881 1675 1117 1760; x_wconf 81' lang='lat' dir='ltr'><strong>gratiam</strong></span> <span class='ocrx_word' id='word_1_181' title='bbox 1161 1679 1523 1764; x_wconf 78' lang='lat' dir='ltr'><strong>spiritualium</strong></span> <span class='ocrx_word' id='word_1_182' title='bbox 1564 1685 1688 1770; x_wconf 73' lang='lat' dir='ltr'><strong>elia-</strong></span> 
     </span>
    </p>
   </div>
   <div class='ocr_carea' id='block_1_27' title="bbox 115 1773 405 1839">
    <p class='ocr_par' dir='ltr' id='par_1_27' title="bbox 115 1773 405 1839">
     <span class='ocr_line' id='line_1_27' title="bbox 115 1773 405 1839; baseline -0.003 -2"><span class='ocrx_word' id='word_1_183' title='bbox 115 1773 405 1839; x_wconf 71' lang='lat' dir='ltr'><strong>risuiatum.</strong></span> 
     </span>
    </p>
   </div>
   <div class='ocr_carea' id='block_1_28' title="bbox 116 1855 1680 1938">
    <p class='ocr_par' dir='ltr' id='par_1_28' title="bbox 116 1855 1680 1938">
     <span class='ocr_line' id='line_1_28' title="bbox 116 1855 1680 1938; baseline -0.006 -7"><span class='ocrx_word' id='word_1_184' title='bbox 116 1873 314 1931; x_wconf 65' lang='lat' dir='ltr'><strong>&quot;&#39;Tunc</strong></span> <span class='ocrx_word' id='word_1_185' title='bbox 347 1875 499 1930; x_wconf 75' lang='lat' dir='ltr'><strong>rodet</strong></span> <span class='ocrx_word' id='word_1_186' title='bbox 529 1863 834 1928; x_wconf 34' lang='lat' dir='ltr'><strong>Nasardzus‘</strong></span> <span class='ocrx_word' id='word_1_187' title='bbox 861 1857 979 1926; x_wconf 80' lang='lat' dir='ltr'><strong>ante</strong></span> <span class='ocrx_word' id='word_1_188' title='bbox 1016 1855 1205 1925; x_wconf 81' lang='lat' dir='ltr'><strong>ostium</strong></span> <span class='ocrx_word' id='word_1_189' title='bbox 1238 1855 1559 1936; x_wconf 74' lang='lat' dir='ltr'><strong>tabernaculi</strong></span> <span class='ocrx_word' id='word_1_190' title='bbox 1589 1869 1680 1938; x_wconf 75' lang='lat' dir='ltr'><strong>{az-</strong></span> 
     </span>
    </p>
   </div>
   <div class='ocr_carea' id='block_1_29' title="bbox 100 1949 1680 2032">
    <p class='ocr_par' dir='ltr' id='par_1_29' title="bbox 100 1949 1680 2032">
     <span class='ocr_line' id='line_1_29' title="bbox 100 1949 1680 2032; baseline -0.005 -10"><span class='ocrx_word' id='word_1_191' title='bbox 100 1963 234 2022; x_wconf 69' lang='lat' dir='ltr'><strong>déris</strong></span> <span class='ocrx_word' id='word_1_192' title='bbox 274 1949 550 2021; x_wconf 68' lang='lat' dir='ltr'><strong>ca’sariem</strong></span> <span class='ocrx_word' id='word_1_193' title='bbox 580 1957 986 2017; x_wconf 62' lang='lat' dir='ltr'><strong>consecrationis</strong></span> <span class='ocrx_word' id='word_1_194' title='bbox 1022 1959 1164 2025; x_wconf 61' lang='lat' dir='ltr'><strong>suae;</strong></span> <span class='ocrx_word' id='word_1_195' title='bbox 1191 1959 1433 2028; x_wconf 88' lang='lat' dir='ltr'><strong>tolletque</strong></span> <span class='ocrx_word' id='word_1_196' title='bbox 1460 1957 1680 2032; x_wconf 80' lang='lat' dir='ltr'><strong>capillos</strong></span> 
     </span>
    </p>
   </div>
   <div class='ocr_carea' id='block_1_30' title="bbox 97 2035 1683 2127">
    <p class='ocr_par' dir='ltr' id='par_1_30' title="bbox 97 2035 1683 2127">
     <span class='ocr_line' id='line_1_30' title="bbox 97 2035 1683 2127; baseline -0.006 -16"><span class='ocrx_word' id='word_1_197' title='bbox 97 2057 232 2127; x_wconf 83' lang='lat' dir='ltr'><strong>ejus,</strong></span> <span class='ocrx_word' id='word_1_198' title='bbox 259 2063 305 2110; x_wconf 87' lang='lat' dir='ltr'><strong>et</strong></span> <span class='ocrx_word' id='word_1_199' title='bbox 343 2063 504 2126; x_wconf 82' lang='lat' dir='ltr'><strong>ponet</strong></span> <span class='ocrx_word' id='word_1_200' title='bbox 531 2057 686 2124; x_wconf 78' lang='lat' dir='ltr'><strong>super</strong></span> <span class='ocrx_word' id='word_1_201' title='bbox 709 2053 898 2123; x_wconf 83' lang='lat' dir='ltr'><strong>ignem,</strong></span> <span class='ocrx_word' id='word_1_202' title='bbox 925 2053 1011 2123; x_wconf 85' lang='lat' dir='ltr'><strong>qui</strong></span> <span class='ocrx_word' id='word_1_203' title='bbox 1039 2061 1111 2104; x_wconf 89' lang='lat' dir='ltr'><strong>est</strong></span> <span class='ocrx_word' id='word_1_204' title='bbox 1139 2035 1494 2119; x_wconf 82' lang='lat' dir='ltr'><strong>superpositus</strong></span> <span class='ocrx_word' id='word_1_205' title='bbox 1516 2047 1683 2105; x_wconf 86' lang='lat' dir='ltr'><strong>sacri-</strong></span> 
     </span>
    </p>
   </div>
   <div class='ocr_carea' id='block_1_31' title="bbox 96 2133 1681 2219">
    <p class='ocr_par' dir='ltr' id='par_1_31' title="bbox 96 2133 1681 2219">
     <span class='ocr_line' id='line_1_31' title="bbox 96 2133 1681 2219; baseline -0.004 -17"><span class='ocrx_word' id='word_1_206' title='bbox 96 2149 217 2217; x_wconf 77' lang='lat' dir='ltr'><strong>ﬁcio</strong></span> <span class='ocrx_word' id='word_1_207' title='bbox 260 2145 629 2219; x_wconf 80' lang='lat' dir='ltr'><strong>paci/iceram.</strong></span> <span class='ocrx_word' id='word_1_208' title='bbox 686 2141 822 2210; x_wconf 79' lang='lat' dir='ltr'><strong>Quid</strong></span> <span class='ocrx_word' id='word_1_209' title='bbox 869 2133 953 2198; x_wconf 86' lang='lat' dir='ltr'><strong>est</strong></span> <span class='ocrx_word' id='word_1_210' title='bbox 1000 2139 1142 2212; x_wconf 89' lang='lat' dir='ltr'><strong>quod</strong></span> <span class='ocrx_word' id='word_1_211' title='bbox 1173 2137 1414 2196; x_wconf 84' lang='lat' dir='ltr'><strong>Nazaraei</strong></span> <span class='ocrx_word' id='word_1_212' title='bbox 1458 2141 1681 2212; x_wconf 82' lang='lat' dir='ltr'><strong>capillos</strong></span> 
     </span>
    </p>
   </div>
   <div class='ocr_carea' id='block_1_32' title="bbox 99 2219 1678 2310">
    <p class='ocr_par' dir='ltr' id='par_1_32' title="bbox 99 2219 1678 2310">
     <span class='ocr_line' id='line_1_32' title="bbox 99 2219 1678 2310; baseline -0.004 -18"><span class='ocrx_word' id='word_1_213' title='bbox 99 2237 361 2302; x_wconf 87' lang='lat' dir='ltr'><strong>nutriunt,</strong></span> <span class='ocrx_word' id='word_1_214' title='bbox 396 2237 506 2290; x_wconf 84' lang='lat' dir='ltr'><strong>nisi</strong></span> <span class='ocrx_word' id='word_1_215' title='bbox 543 2233 685 2305; x_wconf 89' lang='lat' dir='ltr'><strong>quod</strong></span> <span class='ocrx_word' id='word_1_216' title='bbox 720 2249 817 2304; x_wconf 90' lang='lat' dir='ltr'><strong>per</strong></span> <span class='ocrx_word' id='word_1_217' title='bbox 845 2233 1009 2310; x_wconf 82' lang='lat' dir='ltr'><strong>vitam</strong></span> <span class='ocrx_word' id='word_1_218' title='bbox 1057 2219 1267 2302; x_wconf 71' lang='lat' dir='ltr'><strong>magum</strong></span> <span class='ocrx_word' id='word_1_219' title='bbox 1312 2229 1678 2300; x_wconf 69' lang='lat' dir='ltr'><strong>continentiae,</strong></span> 
     </span>
    </p>
   </div>
   <div class='ocr_carea' id='block_1_33' title="bbox 101 2311 1682 2399">
    <p class='ocr_par' dir='ltr' id='par_1_33' title="bbox 101 2311 1682 2399">
     <span class='ocr_line' id='line_1_33' title="bbox 101 2311 1682 2399; baseline -0.004 -17"><span class='ocrx_word' id='word_1_220' title='bbox 101 2327 576 2399; x_wconf 70' lang='lat' dir='ltr'><strong>prtesumptionum</strong></span> <span class='ocrx_word' id='word_1_221' title='bbox 605 2311 958 2396; x_wconf 81' lang='lat' dir='ltr'><strong>cogitationes</strong></span> <span class='ocrx_word' id='word_1_222' title='bbox 987 2324 1270 2378; x_wconf 87' lang='lat' dir='ltr'><strong>crescunt?</strong></span> <span class='ocrx_word' id='word_1_223' title='bbox 1303 2320 1411 2377; x_wconf 87' lang='lat' dir='ltr'><strong>Sed</strong></span> <span class='ocrx_word' id='word_1_224' title='bbox 1439 2323 1568 2393; x_wconf 92' lang='lat' dir='ltr'><strong>quid</strong></span> <span class='ocrx_word' id='word_1_225' title='bbox 1597 2330 1682 2380; x_wconf 91' lang='lat' dir='ltr'><strong>est</strong></span> 
     </span>
    </p>
   </div>
   <div class='ocr_carea' id='block_1_34' title="bbox 110 2411 1677 2489">
    <p class='ocr_par' dir='ltr' id='par_1_34' title="bbox 110 2411 1677 2489">
     <span class='ocr_line' id='line_1_34' title="bbox 110 2411 1677 2489; baseline -0.003 -17"><span class='ocrx_word' id='word_1_226' title='bbox 110 2419 260 2489; x_wconf 79' lang='lat' dir='ltr'><strong>quod,</strong></span> <span class='ocrx_word' id='word_1_227' title='bbox 289 2417 574 2472; x_wconf 80' lang='lat' dir='ltr'><strong>devotione</strong></span> <span class='ocrx_word' id='word_1_228' title='bbox 604 2415 887 2487; x_wconf 89' lang='lat' dir='ltr'><strong>completa,</strong></span> <span class='ocrx_word' id='word_1_229' title='bbox 921 2424 1083 2485; x_wconf 90' lang='lat' dir='ltr'><strong>caput</strong></span> <span class='ocrx_word' id='word_1_230' title='bbox 1127 2411 1418 2470; x_wconf 80' lang='lat' dir='ltr'><strong>Nazaraeu&#39;s</strong></span> <span class='ocrx_word' id='word_1_231' title='bbox 1467 2417 1677 2480; x_wconf 85' lang='lat' dir='ltr'><strong>radere,</strong></span> 
     </span>
    </p>
   </div>
   <div class='ocr_carea' id='block_1_35' title="bbox 117 2503 1680 2579">
    <p class='ocr_par' dir='ltr' id='par_1_35' title="bbox 117 2503 1680 2579">
     <span class='ocr_line' id='line_1_35' title="bbox 117 2503 1680 2579; baseline -0.002 -16"><span class='ocrx_word' id='word_1_232' title='bbox 117 2505 434 2579; x_wconf 85' lang='lat' dir='ltr'><strong>capillosque</strong></span> <span class='ocrx_word' id='word_1_233' title='bbox 478 2505 531 2560; x_wconf 85' lang='lat' dir='ltr'><strong>in</strong></span> <span class='ocrx_word' id='word_1_234' title='bbox 579 2507 698 2578; x_wconf 85' lang='lat' dir='ltr'><strong>igne</strong></span> <span class='ocrx_word' id='word_1_235' title='bbox 747 2505 1002 2561; x_wconf 75' lang='lat' dir='ltr'><strong>sacrificii</strong></span> <span class='ocrx_word' id='word_1_236' title='bbox 1043 2519 1245 2575; x_wconf 91' lang='lat' dir='ltr'><strong>ponere</strong></span> <span class='ocrx_word' id='word_1_237' title='bbox 1288 2505 1531 2577; x_wconf 86' lang='lat' dir='ltr'><strong>jubetur,</strong></span> <span class='ocrx_word' id='word_1_238' title='bbox 1576 2503 1680 2560; x_wconf 90' lang='lat' dir='ltr'><strong>nisi</strong></span> 
     </span>
    </p>
   </div>
   <div class='ocr_carea' id='block_1_36' title="bbox 119 2598 1680 2672">
    <p class='ocr_par' dir='ltr' id='par_1_36' title="bbox 119 2598 1680 2672">
     <span class='ocr_line' id='line_1_36' title="bbox 119 2598 1680 2672; baseline -0.001 -18"><span class='ocrx_word' id='word_1_239' title='bbox 119 2601 244 2670; x_wconf 85' lang='lat' dir='ltr'><strong>quod</strong></span> <span class='ocrx_word' id='word_1_240' title='bbox 292 2608 419 2653; x_wconf 89' lang='lat' dir='ltr'><strong>tunc</strong></span> <span class='ocrx_word' id='word_1_241' title='bbox 466 2599 538 2654; x_wconf 88' lang='lat' dir='ltr'><strong>ad</strong></span> <span class='ocrx_word' id='word_1_242' title='bbox 581 2598 934 2669; x_wconf 85' lang='lat' dir='ltr'><strong>perfectionis</strong></span> <span class='ocrx_word' id='word_1_243' title='bbox 985 2613 1250 2652; x_wconf 88' lang='lat' dir='ltr'><strong>summam</strong></span> <span class='ocrx_word' id='word_1_244' title='bbox 1301 2599 1680 2672; x_wconf 86' lang='lat' dir='ltr'><strong>pertingimus,</strong></span> 
     </span>
    </p>
   </div>
   <div class='ocr_carea' id='block_1_37' title="bbox 120 2677 1684 2758">
    <p class='ocr_par' dir='ltr' id='par_1_37' title="bbox 120 2677 1684 2758">
     <span class='ocr_line' id='line_1_37' title="bbox 120 2677 1684 2758; baseline -0.004 -11"><span class='ocrx_word' id='word_1_245' title='bbox 120 2705 225 2749; x_wconf 85' lang='lat' dir='ltr'><strong>cum</strong></span> <span class='ocrx_word' id='word_1_246' title='bbox 255 2677 331 2747; x_wconf 87' lang='lat' dir='ltr'><strong>sic</strong></span> <span class='ocrx_word' id='word_1_247' title='bbox 356 2691 684 2746; x_wconf 80' lang='lat' dir='ltr'><strong>exteriorem</strong></span> <span class='ocrx_word' id='word_1_248' title='bbox 714 2691 883 2744; x_wconf 82' lang='lat' dir='ltr'><strong>vitam</strong></span> <span class='ocrx_word' id='word_1_249' title='bbox 915 2688 1201 2752; x_wconf 74' lang='lat' dir='ltr'><strong>vincimus,</strong></span> <span class='ocrx_word' id='word_1_250' title='bbox 1235 2696 1295 2742; x_wconf 91' lang='lat' dir='ltr'><strong>ut</strong></span> <span class='ocrx_word' id='word_1_251' title='bbox 1329 2687 1492 2742; x_wconf 87' lang='lat' dir='ltr'><strong>etiam</strong></span> <span class='ocrx_word' id='word_1_252' title='bbox 1537 2685 1684 2758; x_wconf 86' lang='lat' dir='ltr'><strong>cogi-</strong></span> 
     </span>
    </p>
   </div>
   <div class='ocr_carea' id='block_1_38' title="bbox 121 2778 1686 2854">
    <p class='ocr_par' dir='ltr' id='par_1_38' title="bbox 121 2778 1686 2854">
     <span class='ocr_line' id='line_1_38' title="bbox 121 2778 1686 2854; baseline -0.004 -16"><span class='ocrx_word' id='word_1_253' title='bbox 121 2785 332 2838; x_wconf 86' lang='lat' dir='ltr'><strong>tationes</strong></span> <span class='ocrx_word' id='word_1_254' title='bbox 376 2779 681 2854; x_wconf 83' lang='lat' dir='ltr'><strong>superﬂuas</strong></span> <span class='ocrx_word' id='word_1_255' title='bbox 720 2795 750 2833; x_wconf 90' lang='lat' dir='ltr'><strong>a</strong></span> <span class='ocrx_word' id='word_1_256' title='bbox 777 2787 956 2834; x_wconf 86' lang='lat' dir='ltr'><strong>mente</strong></span> <span class='ocrx_word' id='word_1_257' title='bbox 989 2793 1294 2834; x_wconf 82' lang='lat' dir='ltr'><strong>resecenius</strong></span> <span class='ocrx_word' id='word_1_258' title='bbox 1319 2796 1333 2831; x_wconf 88' lang='lat'><strong>:</strong></span> <span class='ocrx_word' id='word_1_259' title='bbox 1363 2795 1498 2849; x_wconf 86' lang='lat' dir='ltr'><strong>quas</strong></span> <span class='ocrx_word' id='word_1_260' title='bbox 1525 2778 1686 2832; x_wconf 87' lang='lat' dir='ltr'><strong>nimi-</strong></span> 
     </span>
    </p>
   </div>
   <div class='ocr_carea' id='block_1_39' title="bbox 122 2869 1689 2944">
    <p class='ocr_par' dir='ltr' id='par_1_39' title="bbox 122 2869 1689 2944">
     <span class='ocr_line' id='line_1_39' title="bbox 122 2869 1689 2944; baseline -0.004 -14"><span class='ocrx_word' id='word_1_261' title='bbox 122 2881 225 2930; x_wconf 87' lang='lat' dir='ltr'><strong>rum</strong></span> <span class='ocrx_word' id='word_1_262' title='bbox 244 2873 499 2930; x_wconf 77' lang='lat' dir='ltr'><strong>&#39;sacriftcii</strong></span> <span class='ocrx_word' id='word_1_263' title='bbox 523 2873 647 2944; x_wconf 86' lang='lat' dir='ltr'><strong>igne</strong></span> <span class='ocrx_word' id='word_1_264' title='bbox 671 2885 1040 2936; x_wconf 90' lang='lat' dir='ltr'><strong>concremare,</strong></span> <span class='ocrx_word' id='word_1_265' title='bbox 1058 2879 1139 2926; x_wconf 89' lang='lat' dir='ltr'><strong>est</strong></span> <span class='ocrx_word' id='word_1_266' title='bbox 1162 2869 1375 2924; x_wconf 85' lang='lat' dir='ltr'><strong>flamma</strong></span> <span class='ocrx_word' id='word_1_267' title='bbox 1401 2885 1494 2924; x_wconf 90' lang='lat' dir='ltr'><strong>eas</strong></span> <span class='ocrx_word' id='word_1_268' title='bbox 1519 2869 1689 2924; x_wconf 84' lang='lat' dir='ltr'><strong>divini</strong></span> 
     </span>
    </p>
   </div>
   <div class='ocr_carea' id='block_1_40' title="bbox 123 2965 1686 3032">
    <p class='ocr_par' dir='ltr' id='par_1_40' title="bbox 123 2965 1686 3032">
     <span class='ocr_line' id='line_1_40' title="bbox 123 2965 1686 3032; baseline -0.004 -10"><span class='ocrx_word' id='word_1_269' title='bbox 123 2968 301 3024; x_wconf 83' lang='lat' dir='ltr'><strong>amoris</strong></span> <span class='ocrx_word' id='word_1_270' title='bbox 327 2969 641 3032; x_wconf 87' lang='lat' dir='ltr'><strong>incendere,</strong></span> <span class='ocrx_word' id='word_1_271' title='bbox 666 2975 725 3020; x_wconf 88' lang='lat' dir='ltr'><strong>ut</strong></span> <span class='ocrx_word' id='word_1_272' title='bbox 749 2974 920 3020; x_wconf 90' lang='lat' dir='ltr'><strong>totum</strong></span> <span class='ocrx_word' id='word_1_273' title='bbox 948 2981 1042 3020; x_wconf 92' lang='lat' dir='ltr'><strong>cor</strong></span> <span class='ocrx_word' id='word_1_274' title='bbox 1069 2966 1123 3020; x_wconf 90' lang='lat' dir='ltr'><strong>in</strong></span> <span class='ocrx_word' id='word_1_275' title='bbox 1144 2966 1235 3021; x_wconf 87' lang='lat' dir='ltr'><strong>Dei</strong></span> <span class='ocrx_word' id='word_1_276' title='bbox 1261 2981 1446 3019; x_wconf 87' lang='lat' dir='ltr'><strong>amore</strong></span> <span class='ocrx_word' id='word_1_277' title='bbox 1477 2965 1686 3030; x_wconf 85' lang='lat' dir='ltr'><strong>ardeat,</strong></span> 
     </span>
    </p>
   </div>
   <div class='ocr_carea' id='block_1_41' title="bbox 124 3054 1688 3130">
    <p class='ocr_par' dir='ltr' id='par_1_41' title="bbox 124 3054 1688 3130">
     <span class='ocr_line' id='line_1_41' title="bbox 124 3054 1688 3130; baseline -0.001 -18"><span class='ocrx_word' id='word_1_278' title='bbox 124 3067 170 3113; x_wconf 88' lang='lat' dir='ltr'><strong>et</strong></span> <span class='ocrx_word' id='word_1_279' title='bbox 193 3060 545 3130; x_wconf 85' lang='lat' dir='ltr'><strong>cogitationes</strong></span> <span class='ocrx_word' id='word_1_280' title='bbox 575 3057 877 3129; x_wconf 89' lang='lat' dir='ltr'><strong>superfluas</strong></span> <span class='ocrx_word' id='word_1_281' title='bbox 907 3071 1284 3120; x_wconf 89' lang='lat' dir='ltr'><strong>coneremans,</strong></span> <span class='ocrx_word' id='word_1_282' title='bbox 1333 3057 1487 3126; x_wconf 90' lang='lat' dir='ltr'><strong>quasi</strong></span> <span class='ocrx_word' id='word_1_283' title='bbox 1517 3054 1688 3110; x_wconf 83' lang='lat' dir='ltr'><strong>Naza—</strong></span> 
     </span>
    </p>
   </div>
   <div class='ocr_carea' id='block_1_42' title="bbox 125 3145 1402 3217">
    <p class='ocr_par' dir='ltr' id='par_1_42' title="bbox 125 3145 1402 3217">
     <span class='ocr_line' id='line_1_42' title="bbox 125 3145 1402 3217; baseline -0.002 -15"><span class='ocrx_word' id='word_1_284' title='bbox 125 3147 202 3202; x_wconf 72' lang='grc' dir='ltr'><strong>ι·ιεί</strong></span> <span class='ocrx_word' id='word_1_285' title='bbox 223 3147 458 3217; x_wconf 78' lang='lat' dir='ltr'><strong>capillOs,</strong></span> <span class='ocrx_word' id='word_1_286' title='bbox 496 3145 800 3203; x_wconf 84' lang='lat' dir='ltr'><strong>devotionis</strong></span> <span class='ocrx_word' id='word_1_287' title='bbox 820 3145 1080 3216; x_wconf 78' lang='lat' dir='ltr'><strong>perfectio</strong></span> <span class='ocrx_word' id='word_1_288' title='bbox 1103 3155 1402 3201; x_wconf 89' lang='lat' dir='ltr'><strong>consumat.</strong></span> 
     </span>
    </p>
   </div>
   <div class='ocr_carea' id='block_1_43' title="bbox 1785 1601 3367 1675">
    <p class='ocr_par' dir='ltr' id='par_1_43' title="bbox 1785 1601 3367 1675">
     <span class='ocr_line' id='line_1_43' title="bbox 1785 1601 3367 1675; baseline 0.005 -21"><span class='ocrx_word' id='word_1_289' title='bbox 1785 1609 1942 1670; x_wconf 72' lang='lat' dir='ltr'><strong>tanto</strong></span> <span class='ocrx_word' id='word_1_290' title='bbox 1985 1601 2210 1656; x_wconf 86' lang='lat' dir='ltr'><strong>uberius</strong></span> <span class='ocrx_word' id='word_1_291' title='bbox 2238 1618 2433 1660; x_wconf 89' lang='lat' dir='ltr'><strong>munus</strong></span> <span class='ocrx_word' id='word_1_292' title='bbox 2483 1618 2731 1674; x_wconf 63' lang='lat' dir='ltr'><strong>supernae</strong></span> <span class='ocrx_word' id='word_1_293' title='bbox 2758 1605 2948 1674; x_wconf 80' lang='lat' dir='ltr'><strong>gratiae</strong></span> <span class='ocrx_word' id='word_1_294' title='bbox 2989 1606 3242 1675; x_wconf 80' lang='lat' dir='ltr'><strong>percipit,</strong></span> <span class='ocrx_word' id='word_1_295' title='bbox 3273 1621 3367 1662; x_wconf 79' lang='lat' dir='ltr'><strong>se-</strong></span> 
     </span>
    </p>
   </div>
   <div class='ocr_carea' id='block_1_44' title="bbox 1781 1690 3370 1774">
    <p class='ocr_par' dir='ltr' id='par_1_44' title="bbox 1781 1690 3370 1774">
     <span class='ocr_line' id='line_1_44' title="bbox 1781 1690 3370 1774; baseline 0.004 -31"><span class='ocrx_word' id='word_1_296' title='bbox 1781 1690 2021 1774; x_wconf 71' lang='lat' dir='ltr'><strong>cundum</strong></span> <span class='ocrx_word' id='word_1_297' title='bbox 2059 1690 2378 1762; x_wconf 81' lang='lat' dir='ltr'><strong>Apostolum</strong></span> <span class='ocrx_word' id='word_1_298' title='bbox 2415 1693 2750 1754; x_wconf 53' lang='lat' dir='ltr'><strong>dicentem;</strong></span> <span class='ocrx_word' id='word_1_299' title='bbox 2801 1693 2970 1754; x_wconf 64' lang='lat' dir='ltr'><strong>Nunc.</strong></span> <span class='ocrx_word' id='word_1_300' title='bbox 3003 1696 3370 1764; x_wconf 74' lang='lat' dir='ltr'><strong>uidemus-per</strong></span> 
     </span>
    </p>
   </div>
   <div class='ocr_carea' id='block_1_45' title="bbox 1708 1779 3364 1917">
    <p class='ocr_par' dir='ltr' id='par_1_45' title="bbox 1708 1779 3364 1917">
     <span class='ocr_line' id='line_1_45' title="bbox 1709 1779 3364 1854; baseline 0.002 -22"><span class='ocrx_word' id='word_1_301' title='bbox 1709 1809 1716 1818; x_wconf 78' lang='grc' dir='ltr'><em>ι</em></span> <span class='ocrx_word' id='word_1_302' title='bbox 1786 1779 2052 1854; x_wconf 85' lang='lat' dir='ltr'><strong>speculum</strong></span> <span class='ocrx_word' id='word_1_303' title='bbox 2085 1781 2139 1834; x_wconf 84' lang='lat' dir='ltr'><strong>in</strong></span> <span class='ocrx_word' id='word_1_304' title='bbox 2163 1781 2459 1851; x_wconf 72' lang='lat' dir='ltr'><strong>(enigmate,</strong></span> <span class='ocrx_word' id='word_1_305' title='bbox 2495 1792 2618 1836; x_wconf 84' lang='lat' dir='ltr'><strong>tunc</strong></span> <span class='ocrx_word' id='word_1_306' title='bbox 2640 1792 2820 1844; x_wconf 79' lang='lat' dir='ltr'><strong>autent</strong></span> <span class='ocrx_word' id='word_1_307' title='bbox 2859 1783 3008 1851; x_wconf 77' lang='lat' dir='ltr'><strong>facis.</strong></span> <span class='ocrx_word' id='word_1_308' title='bbox 3040 1785 3111 1838; x_wconf 72' lang='lat' dir='ltr'><strong>ad</strong></span> <span class='ocrx_word' id='word_1_309' title='bbox 3153 1784 3364 1852; x_wconf 60' lang='lat' dir='ltr'><strong>facian.</strong></span> 
     </span>
     <span class='ocr_line' id='line_1_46' title="bbox 1708 1805 3364 1917; baseline 0 0"><span class='ocrx_word' id='word_1_310' title='bbox 1708 1805 1755 1917; x_wconf 50' lang='grc' dir='ltr'>ὁ</span> <span class='ocrx_word' id='word_1_311' title='bbox 1786 1867 1942 1917; x_wconf 81' lang='lat' dir='ltr'><strong>Nunc</strong></span> <span class='ocrx_word' id='word_1_312' title='bbox 1977 1870 2335 1917; x_wconf 73' lang='lat' dir='ltr'><strong>cognoscimus</strong></span> <span class='ocrx_word' id='word_1_313' title='bbox 2371 1888 2434 1917; x_wconf 64' lang='lat' dir='ltr'><strong>ea:</strong></span> <span class='ocrx_word' id='word_1_314' title='bbox 2465 1884 2629 1917; x_wconf 65' lang='lat' dir='ltr'><strong>uarie-</strong></span> <span class='ocrx_word' id='word_1_315' title='bbox 2653 1884 2774 1917; x_wconf 71' lang='lat' dir='ltr'><strong>tunc</strong></span> <span class='ocrx_word' id='word_1_316' title='bbox 2805 1885 2980 1917; x_wconf 73' lang='grc' dir='ltr'><strong>ηιιιιηι</strong></span> <span class='ocrx_word' id='word_1_317' title='bbox 3001 1893 3364 1917; x_wconf 62' lang='lat' dir='ltr'><strong>Innuman</strong></span> 
     </span>
    </p>
   </div>
   <div class='ocr_carea' id='block_1_46' title="bbox 1785 1867 3368 1950">
    <p class='ocr_par' dir='ltr' id='par_1_46' title="bbox 1785 1867 3368 1950">
     <span class='ocr_line' id='line_1_47' title="bbox 1785 1867 3368 1950; baseline 0.006 -26"><span class='ocrx_word' id='word_1_318' title='bbox 1785 1867 1942 1950; x_wconf 63' lang='lat' dir='ltr'><strong>Nunc</strong></span> <span class='ocrx_word' id='word_1_319' title='bbox 1977 1870 2335 1942; x_wconf 82' lang='lat' dir='ltr'><strong>cognoscimus</strong></span> <span class='ocrx_word' id='word_1_320' title='bbox 2371 1888 2434 1926; x_wconf 72' lang='lat' dir='ltr'><strong>ex</strong></span> <span class='ocrx_word' id='word_1_321' title='bbox 2463 1884 2632 1943; x_wconf 84' lang='lat' dir='ltr'><strong>parte,</strong></span> <span class='ocrx_word' id='word_1_322' title='bbox 2652 1884 2774 1930; x_wconf 82' lang='lat' dir='ltr'><strong>tunc</strong></span> <span class='ocrx_word' id='word_1_323' title='bbox 2805 1885 2980 1934; x_wconf 80' lang='lat' dir='ltr'><strong>autem</strong></span> <span class='ocrx_word' id='word_1_324' title='bbox 3001 1893 3368 1946; x_wconf 61' lang='lat' dir='ltr'><strong>cognoscemus</strong></span> 
     </span>
    </p>
   </div>
   <div class='ocr_carea' id='block_1_47' title="bbox 1785 1961 2798 2035">
    <p class='ocr_par' dir='ltr' id='par_1_47' title="bbox 1785 1961 2798 2035">
     <span class='ocr_line' id='line_1_48' title="bbox 1785 1961 2798 2035; baseline 0.005 -21"><span class='ocrx_word' id='word_1_325' title='bbox 1785 1961 1914 2015; x_wconf 88' lang='lat' dir='ltr'><strong>sicut</strong></span> <span class='ocrx_word' id='word_1_326' title='bbox 1940 1971 1986 2015; x_wconf 90' lang='lat' dir='ltr'><strong>et</strong></span> <span class='ocrx_word' id='word_1_327' title='bbox 2005 1963 2197 2032; x_wconf 77' lang='lat' dir='ltr'><strong>cogniti</strong></span> <span class='ocrx_word' id='word_1_328' title='bbox 2217 1979 2396 2018; x_wconf 88' lang='lat' dir='ltr'><strong>sumus</strong></span> <span class='ocrx_word' id='word_1_329' title='bbox 2425 1963 2477 2033; x_wconf 84' lang='grc'><strong>(1</strong></span> <span class='ocrx_word' id='word_1_330' title='bbox 2498 1962 2619 2020; x_wconf 84' lang='lat' dir='ltr'><strong>Cor.</strong></span> <span class='ocrx_word' id='word_1_331' title='bbox 2653 1967 2798 2035; x_wconf 75' lang='lat' dir='ltr'><strong>xm).</strong></span> 
     </span>
    </p>
   </div>
   <div class='ocr_carea' id='block_1_48' title="bbox 2039 2075 2754 2133">
    <p class='ocr_par' dir='ltr' id='par_1_48' title="bbox 2039 2075 2754 2133">
     <span class='ocr_line' id='line_1_49' title="bbox 2039 2075 2754 2133; baseline 0.013 -11"><span class='ocrx_word' id='word_1_332' title='bbox 2039 2119 2041 2122; x_wconf 15' lang='lat' dir='ltr'><strong>r</strong></span> <span class='ocrx_word' id='word_1_333' title='bbox 2394 2075 2620 2133; x_wconf 78' lang='lat' dir='ltr'><strong>CAPUT</strong></span> <span class='ocrx_word' id='word_1_334' title='bbox 2661 2077 2754 2132; x_wconf 78' lang='lat' dir='ltr'><strong>XI.</strong></span> 
     </span>
    </p>
   </div>
   <div class='ocr_carea' id='block_1_49' title="bbox 1788 2141 3365 2221">
    <p class='ocr_par' dir='ltr' id='par_1_49' title="bbox 1788 2141 3365 2221">
     <span class='ocr_line' id='line_1_50' title="bbox 1788 2141 3365 2221; baseline 0.006 -23"><span class='ocrx_word' id='word_1_335' title='bbox 1788 2141 1886 2218; x_wconf 85' lang='lat' dir='ltr'><strong>Ubi</strong></span> <span class='ocrx_word' id='word_1_336' title='bbox 1917 2145 2171 2200; x_wconf 86' lang='lat' dir='ltr'><strong>Dominus</strong></span> <span class='ocrx_word' id='word_1_337' title='bbox 2189 2147 2339 2215; x_wconf 87' lang='lat' dir='ltr'><strong>jubet</strong></span> <span class='ocrx_word' id='word_1_338' title='bbox 2366 2148 2626 2217; x_wconf 88' lang='lat' dir='ltr'><strong>quomodo</strong></span> <span class='ocrx_word' id='word_1_339' title='bbox 2652 2149 3144 2221; x_wconf 75' lang='lat' dir='ltr'><strong>benedicanturﬁlii</strong></span> <span class='ocrx_word' id='word_1_340' title='bbox 3174 2151 3365 2208; x_wconf 75' lang='lat' dir='ltr'><strong>iamet.</strong></span> 
     </span>
    </p>
   </div>
   <div class='ocr_carea' id='block_1_50' title="bbox 1856 2234 3369 2312">
    <p class='ocr_par' dir='ltr' id='par_1_50' title="bbox 1856 2234 3369 2312">
     <span class='ocr_line' id='line_1_51' title="bbox 1856 2234 3369 2312; baseline 0.007 -24"><span class='ocrx_word' id='word_1_341' title='bbox 1856 2234 2032 2306; x_wconf 73' lang='lat'><strong>(1311).)</strong></span> <span class='ocrx_word' id='word_1_342' title='bbox 2077 2234 2406 2307; x_wconf 85' lang='lat' dir='ltr'><strong>Locutusque</strong></span> <span class='ocrx_word' id='word_1_343' title='bbox 2427 2248 2502 2292; x_wconf 92' lang='lat' dir='ltr'><strong>est</strong></span> <span class='ocrx_word' id='word_1_344' title='bbox 2526 2237 2784 2296; x_wconf 86' lang='lat' dir='ltr'><strong>Dominus</strong></span> <span class='ocrx_word' id='word_1_345' title='bbox 2809 2242 2877 2294; x_wconf 88' lang='lat' dir='ltr'><strong>ad</strong></span> <span class='ocrx_word' id='word_1_346' title='bbox 2905 2241 3126 2312; x_wconf 67' lang='lat' dir='ltr'><strong>Moysen</strong></span> <span class='ocrx_word' id='word_1_347' title='bbox 3147 2245 3369 2300; x_wconf 62' lang='lat' dir='ltr'><strong>dicens:</strong></span> 
     </span>
    </p>
   </div>
   <div class='ocr_carea' id='block_1_51' title="bbox 1784 2323 3370 2405">
    <p class='ocr_par' dir='ltr' id='par_1_51' title="bbox 1784 2323 3370 2405">
     <span class='ocr_line' id='line_1_52' title="bbox 1784 2323 3370 2405; baseline 0.008 -25"><span class='ocrx_word' id='word_1_348' title='bbox 1784 2323 2018 2396; x_wconf 86' lang='lat' dir='ltr'><strong>Loquere</strong></span> <span class='ocrx_word' id='word_1_349' title='bbox 2059 2327 2238 2382; x_wconf 83' lang='lat' dir='ltr'><strong>Aaron</strong></span> <span class='ocrx_word' id='word_1_350' title='bbox 2291 2337 2340 2382; x_wconf 90' lang='lat' dir='ltr'><strong>et</strong></span> <span class='ocrx_word' id='word_1_351' title='bbox 2381 2327 2509 2396; x_wconf 81' lang='lat' dir='ltr'><strong>ﬁliis</strong></span> <span class='ocrx_word' id='word_1_352' title='bbox 2553 2331 2668 2400; x_wconf 82' lang='lat' dir='ltr'><strong>ejus</strong></span> <span class='ocrx_word' id='word_1_353' title='bbox 2699 2346 2718 2383; x_wconf 91' lang='lat'><strong><em>:</em></strong></span> <span class='ocrx_word' id='word_1_354' title='bbox 2745 2331 2836 2385; x_wconf 88' lang='lat' dir='ltr'><strong>Sic</strong></span> <span class='ocrx_word' id='word_1_355' title='bbox 2895 2333 3203 2392; x_wconf 81' lang='lat' dir='ltr'><strong>benedtcstis</strong></span> <span class='ocrx_word' id='word_1_356' title='bbox 3243 2336 3370 2405; x_wconf 70' lang='lat' dir='ltr'><strong>ﬁliis</strong></span> 
     </span>
    </p>
   </div>
   <div class='ocr_carea' id='block_1_52' title="bbox 1784 2413 3372 2484">
    <p class='ocr_par' dir='ltr' id='par_1_52' title="bbox 1784 2413 3372 2484">
     <span class='ocr_line' id='line_1_53' title="bbox 1784 2413 3372 2484; baseline 0.009 -15"><span class='ocrx_word' id='word_1_357' title='bbox 1784 2413 1954 2469; x_wconf 86' lang='lat' dir='ltr'><strong>Israel</strong></span> <span class='ocrx_word' id='word_1_358' title='bbox 1984 2427 2031 2470; x_wconf 89' lang='lat' dir='ltr'><strong>et</strong></span> <span class='ocrx_word' id='word_1_359' title='bbox 2079 2417 2259 2472; x_wconf 84' lang='lat' dir='ltr'><strong>dicetis</strong></span> <span class='ocrx_word' id='word_1_360' title='bbox 2291 2418 2365 2473; x_wconf 81' lang='lat' dir='ltr'><strong>eis</strong></span> <span class='ocrx_word' id='word_1_361' title='bbox 2390 2432 2408 2470; x_wconf 89' lang='lat'><strong><em>:</em></strong></span> <span class='ocrx_word' id='word_1_362' title='bbox 2433 2418 2717 2478; x_wconf 80' lang='lat' dir='ltr'><strong>Benedicat</strong></span> <span class='ocrx_word' id='word_1_363' title='bbox 2754 2425 2848 2478; x_wconf 84' lang='lat' dir='ltr'><strong>tibi</strong></span> <span class='ocrx_word' id='word_1_364' title='bbox 2891 2424 3146 2482; x_wconf 76' lang='lat' dir='ltr'><strong>Domi-nus</strong></span> <span class='ocrx_word' id='word_1_365' title='bbox 3179 2438 3240 2482; x_wconf 69' lang='grc' dir='ltr'><em>ιι</em></span> <span class='ocrx_word' id='word_1_366' title='bbox 3277 2445 3372 2484; x_wconf 77' lang='lat' dir='ltr'><strong>cst-</strong></span> 
     </span>
    </p>
   </div>
   <div class='ocr_carea' id='block_1_53' title="bbox 1783 2507 3371 2583">
    <p class='ocr_par' dir='ltr' id='par_1_53' title="bbox 1783 2507 3371 2583">
     <span class='ocr_line' id='line_1_54' title="bbox 1783 2507 3371 2583; baseline 0.008 -21"><span class='ocrx_word' id='word_1_367' title='bbox 1783 2507 1977 2582; x_wconf 87' lang='lat' dir='ltr'><strong>stodiat</strong></span> <span class='ocrx_word' id='word_1_368' title='bbox 2004 2519 2070 2562; x_wconf 91' lang='lat' dir='ltr'><strong>te.</strong></span> <span class='ocrx_word' id='word_1_369' title='bbox 2100 2508 2353 2564; x_wconf 85' lang='lat' dir='ltr'><strong>Ostendat</strong></span> <span class='ocrx_word' id='word_1_370' title='bbox 2386 2510 2641 2567; x_wconf 84' lang='lat' dir='ltr'><strong>Dominus</strong></span> <span class='ocrx_word' id='word_1_371' title='bbox 2669 2514 2860 2583; x_wconf 79' lang='lat' dir='ltr'><strong>faciem</strong></span> <span class='ocrx_word' id='word_1_372' title='bbox 2886 2534 3044 2572; x_wconf 77' lang='lat' dir='ltr'><strong>suam</strong></span> <span class='ocrx_word' id='word_1_373' title='bbox 3063 2519 3158 2574; x_wconf 84' lang='lat' dir='ltr'><strong>tibi</strong></span> <span class='ocrx_word' id='word_1_374' title='bbox 3185 2529 3238 2573; x_wconf 82' lang='lat' dir='ltr'><strong>et</strong></span> <span class='ocrx_word' id='word_1_375' title='bbox 3268 2522 3371 2575; x_wconf 75' lang='lat' dir='ltr'><strong>sni-</strong></span> 
     </span>
    </p>
   </div>
   <div class='ocr_carea' id='block_1_54' title="bbox 1784 2601 3372 2668">
    <p class='ocr_par' dir='ltr' id='par_1_54' title="bbox 1784 2601 3372 2668">
     <span class='ocr_line' id='line_1_55' title="bbox 1784 2601 3372 2668; baseline 0.008 -16"><span class='ocrx_word' id='word_1_376' title='bbox 1784 2609 2022 2653; x_wconf 84' lang='lat' dir='ltr'><strong>sereatur</strong></span> <span class='ocrx_word' id='word_1_377' title='bbox 2054 2601 2166 2668; x_wconf 87' lang='lat' dir='ltr'><strong>tui;</strong></span> <span class='ocrx_word' id='word_1_378' title='bbox 2193 2612 2452 2656; x_wconf 76' lang='lat' dir='ltr'><strong>convertat</strong></span> <span class='ocrx_word' id='word_1_379' title='bbox 2491 2602 2748 2658; x_wconf 85' lang='lat' dir='ltr'><strong>Dominus</strong></span> <span class='ocrx_word' id='word_1_380' title='bbox 2795 2606 2990 2660; x_wconf 77' lang='lat' dir='ltr'><strong>uultum</strong></span> <span class='ocrx_word' id='word_1_381' title='bbox 3017 2626 3170 2662; x_wconf 76' lang='lat' dir='ltr'><strong>suum</strong></span> <span class='ocrx_word' id='word_1_382' title='bbox 3203 2610 3273 2663; x_wconf 86' lang='lat' dir='ltr'><strong>ad</strong></span> <span class='ocrx_word' id='word_1_383' title='bbox 3320 2619 3372 2665; x_wconf 74' lang='lat' dir='ltr'><strong>te</strong></span> 
     </span>
    </p>
   </div>
   <div class='ocr_carea' id='block_1_55' title="bbox 1785 2693 3374 2768">
    <p class='ocr_par' dir='ltr' id='par_1_55' title="bbox 1785 2693 3374 2768">
     <span class='ocr_line' id='line_1_56' title="bbox 1785 2693 3374 2768; baseline 0.006 -21"><span class='ocrx_word' id='word_1_384' title='bbox 1785 2701 1833 2747; x_wconf 87' lang='lat' dir='ltr'><strong>et</strong></span> <span class='ocrx_word' id='word_1_385' title='bbox 1870 2693 1953 2748; x_wconf 90' lang='lat' dir='ltr'><strong>det</strong></span> <span class='ocrx_word' id='word_1_386' title='bbox 2000 2693 2092 2746; x_wconf 88' lang='lat' dir='ltr'><strong>tibi</strong></span> <span class='ocrx_word' id='word_1_387' title='bbox 2125 2711 2324 2764; x_wconf 86' lang='lat' dir='ltr'><strong>pacem.</strong></span> <span class='ocrx_word' id='word_1_388' title='bbox 2361 2694 2498 2761; x_wconf 86' lang='lat' dir='ltr'><strong>Quid</strong></span> <span class='ocrx_word' id='word_1_389' title='bbox 2547 2710 2678 2766; x_wconf 83' lang='lat' dir='ltr'><strong>ergo</strong></span> <span class='ocrx_word' id='word_1_390' title='bbox 2704 2698 2757 2752; x_wconf 91' lang='lat' dir='ltr'><strong>in</strong></span> <span class='ocrx_word' id='word_1_391' title='bbox 2803 2698 2984 2768; x_wconf 80' lang='lat' dir='ltr'><strong>Moyse</strong></span> <span class='ocrx_word' id='word_1_392' title='bbox 3027 2701 3128 2756; x_wconf 86' lang='lat' dir='ltr'><strong>nisi</strong></span> <span class='ocrx_word' id='word_1_393' title='bbox 3168 2700 3274 2766; x_wconf 76' lang='lat' dir='ltr'><strong>lex,</strong></span> <span class='ocrx_word' id='word_1_394' title='bbox 3318 2709 3374 2756; x_wconf 88' lang='lat' dir='ltr'><strong>et</strong></span> 
     </span>
    </p>
   </div>
   <div class='ocr_carea' id='block_1_56' title="bbox 1788 2787 3374 2859">
    <p class='ocr_par' dir='ltr' id='par_1_56' title="bbox 1788 2787 3374 2859">
     <span class='ocr_line' id='line_1_57' title="bbox 1788 2787 3374 2859; baseline 0.004 -19"><span class='ocrx_word' id='word_1_395' title='bbox 1788 2787 1918 2859; x_wconf 90' lang='lat' dir='ltr'><strong>quid</strong></span> <span class='ocrx_word' id='word_1_396' title='bbox 1945 2787 1997 2844; x_wconf 84' lang='lat' dir='ltr'><strong>in</strong></span> <span class='ocrx_word' id='word_1_397' title='bbox 2036 2787 2218 2842; x_wconf 77' lang='lat' dir='ltr'><strong>Aaron</strong></span> <span class='ocrx_word' id='word_1_398' title='bbox 2243 2797 2298 2842; x_wconf 89' lang='lat' dir='ltr'><strong>et</strong></span> <span class='ocrx_word' id='word_1_399' title='bbox 2322 2789 2448 2842; x_wconf 90' lang='lat' dir='ltr'><strong>filiis</strong></span> <span class='ocrx_word' id='word_1_400' title='bbox 2475 2789 2612 2859; x_wconf 83' lang='lat' dir='ltr'><strong>ejus,</strong></span> <span class='ocrx_word' id='word_1_401' title='bbox 2657 2791 2758 2846; x_wconf 79' lang='lat' dir='ltr'><strong>nisi</strong></span> <span class='ocrx_word' id='word_1_402' title='bbox 2806 2790 3168 2846; x_wconf 80' lang='lat' dir='ltr'><strong>sacerdotium</strong></span> <span class='ocrx_word' id='word_1_403' title='bbox 3196 2790 3374 2847; x_wconf 79' lang='lat' dir='ltr'><strong>eccle-</strong></span> 
     </span>
    </p>
   </div>
   <div class='ocr_carea' id='block_1_57' title="bbox 1789 2877 3376 2950">
    <p class='ocr_par' dir='ltr' id='par_1_57' title="bbox 1789 2877 3376 2950">
     <span class='ocr_line' id='line_1_58' title="bbox 1789 2877 3376 2950; baseline 0.004 -20"><span class='ocrx_word' id='word_1_404' title='bbox 1789 2877 2071 2934; x_wconf 89' lang='lat' dir='ltr'><strong>siasticum</strong></span> <span class='ocrx_word' id='word_1_405' title='bbox 2091 2878 2444 2944; x_wconf 77' lang='lat' dir='ltr'><strong>exprimitur?</strong></span> <span class='ocrx_word' id='word_1_406' title='bbox 2469 2878 2690 2934; x_wconf 85' lang='lat' dir='ltr'><strong>Instruit</strong></span> <span class='ocrx_word' id='word_1_407' title='bbox 2720 2896 2852 2949; x_wconf 84' lang='lat' dir='ltr'><strong>ergo</strong></span> <span class='ocrx_word' id='word_1_408' title='bbox 2881 2880 3141 2936; x_wconf 85' lang='lat' dir='ltr'><strong>Dominus</strong></span> <span class='ocrx_word' id='word_1_409' title='bbox 3169 2894 3269 2950; x_wconf 87' lang='lat' dir='ltr'><strong>per</strong></span> <span class='ocrx_word' id='word_1_410' title='bbox 3291 2879 3376 2936; x_wconf 67' lang='grc' dir='ltr'><strong>κ-</strong></span> 
     </span>
    </p>
   </div>
   <div class='ocr_carea' id='block_1_58' title="bbox 1759 2969 3371 3041">
    <p class='ocr_par' dir='ltr' id='par_1_58' title="bbox 1759 2969 3371 3041">
     <span class='ocr_line' id='line_1_59' title="bbox 1759 2969 3371 3041; baseline 0.002 -18"><span class='ocrx_word' id='word_1_411' title='bbox 1759 2984 1930 3040; x_wconf 70' lang='grc' dir='ltr'><strong>σεειη,</strong></span> <span class='ocrx_word' id='word_1_412' title='bbox 1954 2976 2010 3024; x_wconf 90' lang='lat' dir='ltr'><strong>et</strong></span> <span class='ocrx_word' id='word_1_413' title='bbox 2033 2969 2188 3025; x_wconf 88' lang='lat' dir='ltr'><strong>docet</strong></span> <span class='ocrx_word' id='word_1_414' title='bbox 2203 2983 2304 3038; x_wconf 89' lang='lat' dir='ltr'><strong>per</strong></span> <span class='ocrx_word' id='word_1_415' title='bbox 2329 2971 2570 3026; x_wconf 89' lang='lat' dir='ltr'><strong>ordinem</strong></span> <span class='ocrx_word' id='word_1_416' title='bbox 2597 2973 2980 3041; x_wconf 83' lang='lat' dir='ltr'><strong>magistrorum</strong></span> <span class='ocrx_word' id='word_1_417' title='bbox 3008 2973 3371 3034; x_wconf 76' lang='lat' dir='ltr'><strong>sacerdotum.</strong></span> 
     </span>
    </p>
   </div>
   <div class='ocr_carea' id='block_1_59' title="bbox 1791 3059 3375 3134">
    <p class='ocr_par' dir='ltr' id='par_1_59' title="bbox 1791 3059 3375 3134">
     <span class='ocr_line' id='line_1_60' title="bbox 1791 3059 3375 3134; baseline 0.002 -18"><span class='ocrx_word' id='word_1_418' title='bbox 1791 3077 2020 3134; x_wconf 89' lang='lat' dir='ltr'><strong>quorum</strong></span> <span class='ocrx_word' id='word_1_419' title='bbox 2053 3059 2212 3116; x_wconf 85' lang='lat' dir='ltr'><strong>oflieii</strong></span> <span class='ocrx_word' id='word_1_420' title='bbox 2247 3069 2328 3116; x_wconf 89' lang='lat' dir='ltr'><strong>est</strong></span> <span class='ocrx_word' id='word_1_421' title='bbox 2353 3069 2414 3117; x_wconf 89' lang='lat' dir='ltr'><strong>ut</strong></span> <span class='ocrx_word' id='word_1_422' title='bbox 2439 3061 2694 3132; x_wconf 85' lang='lat' dir='ltr'><strong>populum</strong></span> <span class='ocrx_word' id='word_1_423' title='bbox 2745 3062 2842 3117; x_wconf 85' lang='lat' dir='ltr'><strong>Dei</strong></span> <span class='ocrx_word' id='word_1_424' title='bbox 2888 3077 3144 3124; x_wconf 72' lang='lat' dir='ltr'><strong>sermone</strong></span> <span class='ocrx_word' id='word_1_425' title='bbox 3181 3064 3375 3134; x_wconf 61' lang='lat' dir='ltr'><strong>pradi-</strong></span> 
     </span>
    </p>
   </div>
   <div class='ocr_carea' id='block_1_60' title="bbox 1793 3152 3375 3223">
    <p class='ocr_par' dir='ltr' id='par_1_60' title="bbox 1793 3152 3375 3223">
     <span class='ocr_line' id='line_1_61' title="bbox 1793 3152 3375 3223; baseline 0.003 -15"><span class='ocrx_word' id='word_1_426' title='bbox 1793 3152 2022 3208; x_wconf 82' lang='lat' dir='ltr'><strong>eationis</strong></span> <span class='ocrx_word' id='word_1_427' title='bbox 2081 3152 2368 3218; x_wconf 83' lang='lat' dir='ltr'><strong>aediﬁcent,</strong></span> <span class='ocrx_word' id='word_1_428' title='bbox 2421 3160 2583 3223; x_wconf 85' lang='lat' dir='ltr'><strong>atque</strong></span> <span class='ocrx_word' id='word_1_429' title='bbox 2632 3153 2950 3210; x_wconf 85' lang='lat' dir='ltr'><strong>assiduitate</strong></span> <span class='ocrx_word' id='word_1_430' title='bbox 2997 3155 3262 3210; x_wconf 77' lang='lat' dir='ltr'><strong>orationis</strong></span> <span class='ocrx_word' id='word_1_431' title='bbox 3309 3171 3375 3212; x_wconf 86' lang='lat' dir='ltr'><strong>ac</strong></span> 
     </span>
    </p>
   </div>
   <div class='ocr_carea' id='block_1_61' title="bbox 182 3213 3460 3314">
    <p class='ocr_par' dir='ltr' id='par_1_61' title="bbox 182 3213 3460 3314">
     <span class='ocr_line' id='line_1_62' title="bbox 182 3213 3460 3314; baseline 0.001 -18"><span class='ocrx_word' id='word_1_432' title='bbox 182 3240 244 3296; x_wconf 82' lang='lat' dir='ltr'><strong>Et</strong></span> <span class='ocrx_word' id='word_1_433' title='bbox 278 3257 483 3296; x_wconf 91' lang='lat' dir='ltr'><strong>armum</strong></span> <span class='ocrx_word' id='word_1_434' title='bbox 531 3250 733 3294; x_wconf 85' lang='lat' dir='ltr'><strong>coctum</strong></span> <span class='ocrx_word' id='word_1_435' title='bbox 775 3241 971 3305; x_wconf 82' lang='lat' dir='ltr'><strong>arietis,</strong></span> <span class='ocrx_word' id='word_1_436' title='bbox 1022 3249 1314 3311; x_wconf 88' lang='lat' dir='ltr'><strong>tortamque</strong></span> <span class='ocrx_word' id='word_1_437' title='bbox 1357 3239 1546 3311; x_wconf 87' lang='lat' dir='ltr'><strong>absque</strong></span> <span class='ocrx_word' id='word_1_438' title='bbox 1585 3213 1766 3310; x_wconf 64' lang='grc' dir='ltr'><strong>[εγ-ϐ</strong></span> <span class='ocrx_word' id='word_1_439' title='bbox 1794 3243 2186 3300; x_wconf 86' lang='lat' dir='ltr'><strong>benedictionis</strong></span> <span class='ocrx_word' id='word_1_440' title='bbox 2238 3243 2599 3309; x_wconf 82' lang='lat' dir='ltr'><strong>confirment,</strong></span> <span class='ocrx_word' id='word_1_441' title='bbox 2653 3243 2888 3314; x_wconf 79' lang='lat' dir='ltr'><strong>qualiter</strong></span> <span class='ocrx_word' id='word_1_442' title='bbox 2942 3243 3373 3302; x_wconf 77' lang='lat' dir='ltr'><strong>ecclesiasticum</strong></span> <span class='ocrx_word' id='word_1_443' title='bbox 3449 3237 3460 3250; x_wconf 50' lang='grc'>⁸</span> 
     </span>
    </p>
   </div>
   <div class='ocr_carea' id='block_1_62' title="bbox 126 3331 1688 3403">
    <p class='ocr_par' dir='ltr' id='par_1_62' title="bbox 126 3331 1688 3403">
     <span class='ocr_line' id='line_1_63' title="bbox 126 3331 1688 3403; baseline -0.001 -18"><span class='ocrx_word' id='word_1_444' title='bbox 126 3341 273 3387; x_wconf 81' lang='lat' dir='ltr'><strong>mento</strong></span> <span class='ocrx_word' id='word_1_445' title='bbox 303 3350 462 3388; x_wconf 82' lang='lat' dir='ltr'><strong>unam</strong></span> <span class='ocrx_word' id='word_1_446' title='bbox 498 3337 566 3386; x_wconf 88' lang='lat' dir='ltr'><strong>de</strong></span> <span class='ocrx_word' id='word_1_447' title='bbox 607 3333 856 3397; x_wconf 87' lang='lat' dir='ltr'><strong>canistro,</strong></span> <span class='ocrx_word' id='word_1_448' title='bbox 887 3340 935 3386; x_wconf 88' lang='lat' dir='ltr'><strong>et</strong></span> <span class='ocrx_word' id='word_1_449' title='bbox 973 3331 1220 3403; x_wconf 85' lang='lat' dir='ltr'><strong>laganum</strong></span> <span class='ocrx_word' id='word_1_450' title='bbox 1257 3347 1500 3402; x_wconf 79' lang='lat' dir='ltr'><strong>azymum</strong></span> <span class='ocrx_word' id='word_1_451' title='bbox 1526 3347 1688 3385; x_wconf 89' lang='lat' dir='ltr'><strong>unum</strong></span> 
     </span>
    </p>
   </div>
   <div class='ocr_carea' id='block_1_63' title="bbox 129 3424 1687 3497">
    <p class='ocr_par' dir='ltr' id='par_1_63' title="bbox 129 3424 1687 3497">
     <span class='ocr_line' id='line_1_64' title="bbox 129 3424 1687 3497; baseline 0.002 -22"><span class='ocrx_word' id='word_1_452' title='bbox 129 3425 273 3479; x_wconf 81' lang='lat' dir='ltr'><strong>tradet</strong></span> <span class='ocrx_word' id='word_1_453' title='bbox 318 3427 374 3481; x_wconf 90' lang='lat' dir='ltr'><strong>in</strong></span> <span class='ocrx_word' id='word_1_454' title='bbox 421 3425 666 3481; x_wconf 88' lang='lat' dir='ltr'><strong>manibus</strong></span> <span class='ocrx_word' id='word_1_455' title='bbox 696 3424 947 3479; x_wconf 80' lang='lat' dir='ltr'><strong>Nazartei</strong></span> <span class='ocrx_word' id='word_1_456' title='bbox 989 3437 1262 3497; x_wconf 81' lang='lat' dir='ltr'><strong>postquam</strong></span> <span class='ocrx_word' id='word_1_457' title='bbox 1313 3443 1488 3480; x_wconf 87' lang='lat' dir='ltr'><strong>rasum</strong></span> <span class='ocrx_word' id='word_1_458' title='bbox 1529 3425 1687 3496; x_wconf 80' lang='lat' dir='ltr'><strong>fuerit</strong></span> 
     </span>
    </p>
   </div>
   <div class='ocr_carea' id='block_1_64' title="bbox 127 3515 1738 3586">
    <p class='ocr_par' dir='ltr' id='par_1_64' title="bbox 127 3515 1738 3586">
     <span class='ocr_line' id='line_1_65' title="bbox 127 3515 1738 3586; baseline 0.001 -20"><span class='ocrx_word' id='word_1_459' title='bbox 127 3523 260 3582; x_wconf 81' lang='lat' dir='ltr'><strong>caput</strong></span> <span class='ocrx_word' id='word_1_460' title='bbox 300 3517 447 3586; x_wconf 74' lang='lat' dir='ltr'><strong>ejus;</strong></span> <span class='ocrx_word' id='word_1_461' title='bbox 496 3525 834 3584; x_wconf 84' lang='lat' dir='ltr'><strong>susceptaque</strong></span> <span class='ocrx_word' id='word_1_462' title='bbox 882 3530 1087 3568; x_wconf 86' lang='lat' dir='ltr'><strong>rursum</strong></span> <span class='ocrx_word' id='word_1_463' title='bbox 1134 3517 1197 3568; x_wconf 86' lang='lat' dir='ltr'><strong>ab</strong></span> <span class='ocrx_word' id='word_1_464' title='bbox 1239 3532 1319 3580; x_wconf 88' lang='lat' dir='ltr'><strong>eo,</strong></span> <span class='ocrx_word' id='word_1_465' title='bbox 1368 3515 1583 3570; x_wconf 83' lang='lat' dir='ltr'><strong>elevabit</strong></span> <span class='ocrx_word' id='word_1_466' title='bbox 1634 3517 1689 3580; x_wconf 85' lang='lat' dir='ltr'><strong>in</strong></span> <span class='ocrx_word' id='word_1_467' title='bbox 1731 3548 1738 3552; x_wconf 62' lang='grc' dir='ltr'>ι</span> 
     </span>
    </p>
   </div>
   <div class='ocr_carea' id='block_1_65' title="bbox 127 3604 1688 3674">
    <p class='ocr_par' dir='ltr' id='par_1_65' title="bbox 127 3604 1688 3674">
     <span class='ocr_line' id='line_1_66' title="bbox 127 3604 1688 3674; baseline 0.001 -18"><span class='ocrx_word' id='word_1_468' title='bbox 127 3616 378 3674; x_wconf 84' lang='lat' dir='ltr'><strong>conspectu</strong></span> <span class='ocrx_word' id='word_1_469' title='bbox 423 3605 669 3669; x_wconf 79' lang='lat' dir='ltr'><strong>Domini,</strong></span> <span class='ocrx_word' id='word_1_470' title='bbox 718 3615 764 3659; x_wconf 90' lang='lat' dir='ltr'><strong>et</strong></span> <span class='ocrx_word' id='word_1_471' title='bbox 810 3604 1138 3672; x_wconf 79' lang='lat' dir='ltr'><strong>sanctiﬁcata</strong></span> <span class='ocrx_word' id='word_1_472' title='bbox 1188 3606 1473 3659; x_wconf 82' lang='lat' dir='ltr'><strong>sacerdotis</strong></span> <span class='ocrx_word' id='word_1_473' title='bbox 1513 3614 1688 3671; x_wconf 87' lang='lat' dir='ltr'><strong>erunt,</strong></span> 
     </span>
    </p>
   </div>
   <div class='ocr_carea' id='block_1_66' title="bbox 128 3695 1692 3767">
    <p class='ocr_par' dir='ltr' id='par_1_66' title="bbox 128 3695 1692 3767">
     <span class='ocr_line' id='line_1_67' title="bbox 128 3695 1692 3767; baseline 0.001 -21"><span class='ocrx_word' id='word_1_474' title='bbox 128 3696 242 3748; x_wconf 79' lang='lat' dir='ltr'><strong>sicut</strong></span> <span class='ocrx_word' id='word_1_475' title='bbox 286 3696 651 3767; x_wconf 87' lang='lat' dir='ltr'><strong>pectusculum</strong></span> <span class='ocrx_word' id='word_1_476' title='bbox 697 3696 834 3766; x_wconf 86' lang='lat' dir='ltr'><strong>quod</strong></span> <span class='ocrx_word' id='word_1_477' title='bbox 878 3696 1114 3765; x_wconf 79' lang='lat' dir='ltr'><strong>separari</strong></span> <span class='ocrx_word' id='word_1_478' title='bbox 1157 3697 1366 3766; x_wconf 85' lang='lat' dir='ltr'><strong>jussum</strong></span> <span class='ocrx_word' id='word_1_479' title='bbox 1411 3706 1484 3750; x_wconf 87' lang='lat' dir='ltr'><strong>est</strong></span> <span class='ocrx_word' id='word_1_480' title='bbox 1529 3705 1576 3749; x_wconf 91' lang='lat' dir='ltr'><strong>et</strong></span> <span class='ocrx_word' id='word_1_481' title='bbox 1617 3695 1692 3763; x_wconf 19' lang='lat' dir='ltr'><strong>fe,-</strong></span> 
     </span>
    </p>
   </div>
   <div class='ocr_carea' id='block_1_67' title="bbox 129 3786 1690 3858">
    <p class='ocr_par' dir='ltr' id='par_1_67' title="bbox 129 3786 1690 3858">
     <span class='ocr_line' id='line_1_68' title="bbox 129 3786 1690 3858; baseline 0.002 -21"><span class='ocrx_word' id='word_1_482' title='bbox 129 3797 242 3853; x_wconf 72' lang='lat' dir='ltr'><strong>n&#39;ar,</strong></span> <span class='ocrx_word' id='word_1_483' title='bbox 270 3799 378 3844; x_wconf 88' lang='lat' dir='ltr'><strong>etc.</strong></span> <span class='ocrx_word' id='word_1_484' title='bbox 412 3792 640 3842; x_wconf 85' lang='lat' dir='ltr'><strong>Armum</strong></span> <span class='ocrx_word' id='word_1_485' title='bbox 677 3803 806 3858; x_wconf 88' lang='lat' dir='ltr'><strong>ergo</strong></span> <span class='ocrx_word' id='word_1_486' title='bbox 832 3796 1044 3843; x_wconf 89' lang='lat' dir='ltr'><strong>coctum</strong></span> <span class='ocrx_word' id='word_1_487' title='bbox 1076 3786 1262 3842; x_wconf 86' lang='lat' dir='ltr'><strong>arietis</strong></span> <span class='ocrx_word' id='word_1_488' title='bbox 1291 3787 1466 3842; x_wconf 88' lang='lat' dir='ltr'><strong>tradet</strong></span> <span class='ocrx_word' id='word_1_489' title='bbox 1508 3801 1690 3841; x_wconf 88' lang='lat' dir='ltr'><strong>sacer-</strong></span> 
     </span>
    </p>
   </div>
   <div class='ocr_carea' id='block_1_68' title="bbox 128 3873 1689 3950">
    <p class='ocr_par' dir='ltr' id='par_1_68' title="bbox 128 3873 1689 3950">
     <span class='ocr_line' id='line_1_69' title="bbox 128 3873 1689 3950; baseline 0.001 -19"><span class='ocrx_word' id='word_1_490' title='bbox 128 3873 202 3931; x_wconf 82' lang='lat' dir='ltr'><strong>dos</strong></span> <span class='ocrx_word' id='word_1_491' title='bbox 227 3879 280 3933; x_wconf 87' lang='lat' dir='ltr'><strong>in</strong></span> <span class='ocrx_word' id='word_1_492' title='bbox 311 3893 483 3932; x_wconf 89' lang='lat' dir='ltr'><strong>manu</strong></span> <span class='ocrx_word' id='word_1_493' title='bbox 503 3876 901 3941; x_wconf 79' lang='lat' dir='ltr'><strong>Nazaraei,cum</strong></span> <span class='ocrx_word' id='word_1_494' title='bbox 928 3878 1300 3932; x_wconf 86' lang='lat' dir='ltr'><strong>fortitudinem</strong></span> <span class='ocrx_word' id='word_1_495' title='bbox 1327 3878 1454 3932; x_wconf 83' lang='lat' dir='ltr'><strong>boni</strong></span> <span class='ocrx_word' id='word_1_496' title='bbox 1484 3878 1689 3950; x_wconf 86' lang='lat' dir='ltr'><strong>operis,</strong></span> 
     </span>
    </p>
   </div>
   <div class='ocr_carea' id='block_1_69' title="bbox 129 3965 1694 4038">
    <p class='ocr_par' dir='ltr' id='par_1_69' title="bbox 129 3965 1694 4038">
     <span class='ocr_line' id='line_1_70' title="bbox 129 3965 1694 4038; baseline 0.002 -18"><span class='ocrx_word' id='word_1_497' title='bbox 129 3966 225 4038; x_wconf 74' lang='lat' dir='ltr'><strong>igne</strong></span> <span class='ocrx_word' id='word_1_498' title='bbox 257 3967 631 4022; x_wconf 86' lang='lat' dir='ltr'><strong>tribulationis</strong></span> <span class='ocrx_word' id='word_1_499' title='bbox 675 3977 953 4022; x_wconf 82' lang='lat' dir='ltr'><strong>excoctum</strong></span> <span class='ocrx_word' id='word_1_500' title='bbox 982 3979 1142 4037; x_wconf 84' lang='lat' dir='ltr'><strong>atque</strong></span> <span class='ocrx_word' id='word_1_501' title='bbox 1170 3965 1476 4037; x_wconf 78' lang='lat' dir='ltr'><strong>probatura,</strong></span> <span class='ocrx_word' id='word_1_502' title='bbox 1510 3969 1694 4023; x_wconf 90' lang='lat' dir='ltr'><strong>mundi</strong></span> 
     </span>
    </p>
   </div>
   <div class='ocr_carea' id='block_1_70' title="bbox 131 4057 1696 4127">
    <p class='ocr_par' dir='ltr' id='par_1_70' title="bbox 131 4057 1696 4127">
     <span class='ocr_line' id='line_1_71' title="bbox 131 4057 1696 4127; baseline 0.001 -15"><span class='ocrx_word' id='word_1_503' title='bbox 131 4057 363 4115; x_wconf 77' lang='lat' dir='ltr'><strong>Salvator</strong></span> <span class='ocrx_word' id='word_1_504' title='bbox 441 4068 695 4114; x_wconf 87' lang='lat' dir='ltr'><strong>sanctum</strong></span> <span class='ocrx_word' id='word_1_505' title='bbox 753 4074 910 4113; x_wconf 90' lang='lat' dir='ltr'><strong>suum</strong></span> <span class='ocrx_word' id='word_1_506' title='bbox 956 4059 1068 4112; x_wconf 90' lang='lat' dir='ltr'><strong>Deo</strong></span> <span class='ocrx_word' id='word_1_507' title='bbox 1115 4057 1452 4127; x_wconf 88' lang='lat' dir='ltr'><strong>placabiliter</strong></span> <span class='ocrx_word' id='word_1_508' title='bbox 1503 4057 1696 4116; x_wconf 86' lang='lat' dir='ltr'><strong>offerre</strong></span> 
     </span>
    </p>
   </div>
   <div class='ocr_carea' id='block_1_71' title="bbox 134 4147 1697 4224">
    <p class='ocr_par' dir='ltr' id='par_1_71' title="bbox 134 4147 1697 4224">
     <span class='ocr_line' id='line_1_72' title="bbox 134 4147 1697 4224; baseline 0.003 -22"><span class='ocrx_word' id='word_1_509' title='bbox 134 4151 380 4208; x_wconf 87' lang='lat' dir='ltr'><strong>tribuerit.</strong></span> <span class='ocrx_word' id='word_1_510' title='bbox 431 4147 638 4206; x_wconf 86' lang='lat' dir='ltr'><strong>Tradet</strong></span> <span class='ocrx_word' id='word_1_511' title='bbox 681 4158 736 4206; x_wconf 90' lang='lat' dir='ltr'><strong>et</strong></span> <span class='ocrx_word' id='word_1_512' title='bbox 780 4150 1030 4221; x_wconf 86' lang='lat' dir='ltr'><strong>laganum</strong></span> <span class='ocrx_word' id='word_1_513' title='bbox 1075 4166 1345 4222; x_wconf 79' lang='lat' dir='ltr'><strong>azymum,</strong></span> <span class='ocrx_word' id='word_1_514' title='bbox 1395 4166 1516 4205; x_wconf 90' lang='lat' dir='ltr'><strong>cum</strong></span> <span class='ocrx_word' id='word_1_515' title='bbox 1564 4149 1697 4224; x_wconf 82' lang='lat' dir='ltr'><strong>legis</strong></span> 
     </span>
    </p>
   </div>
   <div class='ocr_carea' id='block_1_72' title="bbox 135 4241 1697 4313">
    <p class='ocr_par' dir='ltr' id='par_1_72' title="bbox 135 4241 1697 4313">
     <span class='ocr_line' id='line_1_73' title="bbox 135 4241 1697 4313; baseline 0.003 -19"><span class='ocrx_word' id='word_1_516' title='bbox 135 4241 386 4298; x_wconf 77' lang='lat' dir='ltr'><strong>scientiam</strong></span> <span class='ocrx_word' id='word_1_517' title='bbox 420 4257 524 4313; x_wconf 89' lang='lat' dir='ltr'><strong>per</strong></span> <span class='ocrx_word' id='word_1_518' title='bbox 559 4241 757 4297; x_wconf 91' lang='lat' dir='ltr'><strong>donum</strong></span> <span class='ocrx_word' id='word_1_519' title='bbox 791 4241 1026 4311; x_wconf 85' lang='lat' dir='ltr'><strong>Spiritus</strong></span> <span class='ocrx_word' id='word_1_520' title='bbox 1049 4243 1222 4297; x_wconf 89' lang='lat' dir='ltr'><strong>sancti</strong></span> <span class='ocrx_word' id='word_1_521' title='bbox 1252 4257 1417 4312; x_wconf 88' lang='lat' dir='ltr'><strong>opere</strong></span> <span class='ocrx_word' id='word_1_522' title='bbox 1447 4258 1697 4299; x_wconf 90' lang='lat' dir='ltr'><strong>consum-</strong></span> 
     </span>
    </p>
   </div>
   <div class='ocr_carea' id='block_1_73' title="bbox 139 4325 1696 4402">
    <p class='ocr_par' dir='ltr' id='par_1_73' title="bbox 139 4325 1696 4402">
     <span class='ocr_line' id='line_1_74' title="bbox 139 4325 1696 4402; baseline 0.005 -22"><span class='ocrx_word' id='word_1_523' title='bbox 139 4343 263 4387; x_wconf 85' lang='lat' dir='ltr'><strong>mare</strong></span> <span class='ocrx_word' id='word_1_524' title='bbox 307 4325 616 4388; x_wconf 84' lang='lat' dir='ltr'><strong>donaverit.</strong></span> <span class='ocrx_word' id='word_1_525' title='bbox 676 4327 970 4402; x_wconf 86' lang='lat' dir='ltr'><strong>Postquam</strong></span> <span class='ocrx_word' id='word_1_526' title='bbox 1025 4334 1204 4397; x_wconf 90' lang='lat' dir='ltr'><strong>enim,</strong></span> <span class='ocrx_word' id='word_1_527' title='bbox 1263 4333 1453 4402; x_wconf 85' lang='lat' dir='ltr'><strong>inquit,</strong></span> <span class='ocrx_word' id='word_1_528' title='bbox 1515 4349 1696 4389; x_wconf 90' lang='lat' dir='ltr'><strong>rasum</strong></span> 
     </span>
    </p>
   </div>
   <div class='ocr_carea' id='block_1_74' title="bbox 142 4419 1694 4498">
    <p class='ocr_par' dir='ltr' id='par_1_74' title="bbox 142 4419 1694 4498">
     <span class='ocr_line' id='line_1_75' title="bbox 142 4419 1694 4498; baseline 0.006 -26"><span class='ocrx_word' id='word_1_529' title='bbox 142 4419 276 4479; x_wconf 81' lang='lat' dir='ltr'><strong>fuerit</strong></span> <span class='ocrx_word' id='word_1_530' title='bbox 297 4435 459 4498; x_wconf 91' lang='lat' dir='ltr'><strong>caput</strong></span> <span class='ocrx_word' id='word_1_531' title='bbox 487 4426 630 4496; x_wconf 88' lang='lat' dir='ltr'><strong>ejus,</strong></span> <span class='ocrx_word' id='word_1_532' title='bbox 666 4434 915 4496; x_wconf 88' lang='lat' dir='ltr'><strong>suscepta</strong></span> <span class='ocrx_word' id='word_1_533' title='bbox 952 4442 1142 4482; x_wconf 89' lang='lat' dir='ltr'><strong>rursus</strong></span> <span class='ocrx_word' id='word_1_534' title='bbox 1181 4426 1248 4479; x_wconf 89' lang='lat' dir='ltr'><strong>ab</strong></span> <span class='ocrx_word' id='word_1_535' title='bbox 1277 4441 1342 4480; x_wconf 90' lang='lat' dir='ltr'><strong>eo</strong></span> <span class='ocrx_word' id='word_1_536' title='bbox 1372 4425 1603 4488; x_wconf 86' lang='lat' dir='ltr'><strong>elevabit</strong></span> <span class='ocrx_word' id='word_1_537' title='bbox 1637 4427 1694 4482; x_wconf 91' lang='lat' dir='ltr'><strong>in</strong></span> 
     </span>
    </p>
   </div>
   <div class='ocr_carea' id='block_1_75' title="bbox 1791 3335 3375 3409">
    <p class='ocr_par' dir='ltr' id='par_1_75' title="bbox 1791 3335 3375 3409">
     <span class='ocr_line' id='line_1_76' title="bbox 1791 3335 3375 3409; baseline 0.001 -19"><span class='ocrx_word' id='word_1_538' title='bbox 1791 3343 2112 3392; x_wconf 87' lang='lat' dir='ltr'><strong>conventum</strong></span> <span class='ocrx_word' id='word_1_539' title='bbox 2151 3335 2492 3398; x_wconf 89' lang='lat' dir='ltr'><strong>benedicant,</strong></span> <span class='ocrx_word' id='word_1_540' title='bbox 2543 3343 2598 3390; x_wconf 90' lang='lat' dir='ltr'><strong>et</strong></span> <span class='ocrx_word' id='word_1_541' title='bbox 2634 3336 2895 3396; x_wconf 86' lang='lat' dir='ltr'><strong>orationis</strong></span> <span class='ocrx_word' id='word_1_542' title='bbox 2946 3337 3166 3394; x_wconf 83' lang='lat' dir='ltr'><strong>modum</strong></span> <span class='ocrx_word' id='word_1_543' title='bbox 3211 3353 3375 3409; x_wconf 76' lang='lat' dir='ltr'><strong>super</strong></span> 
     </span>
    </p>
   </div>
   <div class='ocr_carea' id='block_1_76' title="bbox 1789 3425 3377 3496">
    <p class='ocr_par' dir='ltr' id='par_1_76' title="bbox 1789 3425 3377 3496">
     <span class='ocr_line' id='line_1_77' title="bbox 1789 3425 3377 3496; baseline 0 -16"><span class='ocrx_word' id='word_1_544' title='bbox 1789 3441 1882 3480; x_wconf 88' lang='lat' dir='ltr'><strong>eos</strong></span> <span class='ocrx_word' id='word_1_545' title='bbox 1905 3426 2140 3488; x_wconf 83' lang='lat' dir='ltr'><strong>firment.</strong></span> <span class='ocrx_word' id='word_1_546' title='bbox 2171 3425 2257 3481; x_wconf 90' lang='lat' dir='ltr'><strong>Sic</strong></span> <span class='ocrx_word' id='word_1_547' title='bbox 2284 3427 2613 3491; x_wconf 87' lang='lat' dir='ltr'><strong>benedicetis,</strong></span> <span class='ocrx_word' id='word_1_548' title='bbox 2637 3427 2834 3496; x_wconf 88' lang='lat' dir='ltr'><strong>inquit,</strong></span> <span class='ocrx_word' id='word_1_549' title='bbox 2857 3427 2983 3495; x_wconf 80' lang='lat' dir='ltr'><strong>ﬁliis</strong></span> <span class='ocrx_word' id='word_1_550' title='bbox 3011 3426 3202 3493; x_wconf 85' lang='lat' dir='ltr'><strong>Israel,</strong></span> <span class='ocrx_word' id='word_1_551' title='bbox 3219 3437 3269 3482; x_wconf 82' lang='lat' dir='ltr'><strong>et</strong></span> <span class='ocrx_word' id='word_1_552' title='bbox 3299 3429 3377 3481; x_wconf 87' lang='lat' dir='ltr'><strong>di-</strong></span> 
     </span>
    </p>
   </div>
   <div class='ocr_carea' id='block_1_77' title="bbox 1791 3516 3378 3573">
    <p class='ocr_par' dir='ltr' id='par_1_77' title="bbox 1791 3516 3378 3573">
     <span class='ocr_line' id='line_1_78' title="bbox 1791 3516 3378 3573; baseline -0.001 -2"><span class='ocrx_word' id='word_1_553' title='bbox 1791 3519 1915 3572; x_wconf 87' lang='lat' dir='ltr'><strong>cetis</strong></span> <span class='ocrx_word' id='word_1_554' title='bbox 1942 3519 2014 3572; x_wconf 87' lang='lat' dir='ltr'><strong>eis</strong></span> <span class='ocrx_word' id='word_1_555' title='bbox 2037 3533 2055 3569; x_wconf 91' lang='lat'><strong><em>:</em></strong></span> <span class='ocrx_word' id='word_1_556' title='bbox 2084 3517 2367 3573; x_wconf 87' lang='lat' dir='ltr'><strong>Benedicat</strong></span> <span class='ocrx_word' id='word_1_557' title='bbox 2397 3529 2445 3572; x_wconf 88' lang='lat' dir='ltr'><strong>te</strong></span> <span class='ocrx_word' id='word_1_558' title='bbox 2474 3518 2727 3572; x_wconf 87' lang='lat' dir='ltr'><strong>Dominus</strong></span> <span class='ocrx_word' id='word_1_559' title='bbox 2762 3527 2811 3572; x_wconf 88' lang='lat' dir='ltr'><strong>et</strong></span> <span class='ocrx_word' id='word_1_560' title='bbox 2837 3517 3096 3572; x_wconf 81' lang='lat' dir='ltr'><strong>custodiat</strong></span> <span class='ocrx_word' id='word_1_561' title='bbox 3125 3527 3194 3571; x_wconf 87' lang='lat' dir='ltr'><strong>te.</strong></span> <span class='ocrx_word' id='word_1_562' title='bbox 3226 3516 3286 3570; x_wconf 81' lang='lat' dir='ltr'><strong>In</strong></span> <span class='ocrx_word' id='word_1_563' title='bbox 3309 3531 3378 3569; x_wconf 84' lang='lat' dir='ltr'><strong>eo</strong></span> 
     </span>
    </p>
   </div>
   <div class='ocr_carea' id='block_1_78' title="bbox 1792 3606 3374 3679">
    <p class='ocr_par' dir='ltr' id='par_1_78' title="bbox 1792 3606 3374 3679">
     <span class='ocr_line' id='line_1_79' title="bbox 1792 3606 3374 3679; baseline -0.003 -15"><span class='ocrx_word' id='word_1_564' title='bbox 1792 3610 1936 3679; x_wconf 86' lang='lat' dir='ltr'><strong>quod</strong></span> <span class='ocrx_word' id='word_1_565' title='bbox 1957 3611 2108 3674; x_wconf 88' lang='lat' dir='ltr'><strong>dicit,</strong></span> <span class='ocrx_word' id='word_1_566' title='bbox 2137 3610 2405 3670; x_wconf 83' lang='lat' dir='ltr'><strong>benedicat</strong></span> <span class='ocrx_word' id='word_1_567' title='bbox 2439 3620 2488 3666; x_wconf 87' lang='lat' dir='ltr'><strong>te</strong></span> <span class='ocrx_word' id='word_1_568' title='bbox 2523 3609 2799 3672; x_wconf 87' lang='lat' dir='ltr'><strong>Dominus,</strong></span> <span class='ocrx_word' id='word_1_569' title='bbox 2827 3617 2980 3676; x_wconf 88' lang='lat' dir='ltr'><strong>optat</strong></span> <span class='ocrx_word' id='word_1_570' title='bbox 3007 3606 3374 3675; x_wconf 79' lang='lat' dir='ltr'><strong>spiritualium</strong></span> 
     </span>
    </p>
   </div>
   <div class='ocr_carea' id='block_1_79' title="bbox 1793 3694 3378 3768">
    <p class='ocr_par' dir='ltr' id='par_1_79' title="bbox 1793 3694 3378 3768">
     <span class='ocr_line' id='line_1_80' title="bbox 1793 3694 3378 3768; baseline -0.005 -12"><span class='ocrx_word' id='word_1_571' title='bbox 1793 3699 2186 3768; x_wconf 83' lang='lat' dir='ltr'><strong>charismatum</strong></span> <span class='ocrx_word' id='word_1_572' title='bbox 2226 3699 2363 3751; x_wconf 88' lang='lat' dir='ltr'><strong>dona</strong></span> <span class='ocrx_word' id='word_1_573' title='bbox 2411 3697 2628 3752; x_wconf 73' lang='lat' dir='ltr'><strong>ctelitus</strong></span> <span class='ocrx_word' id='word_1_574' title='bbox 2647 3710 2810 3764; x_wconf 86' lang='lat' dir='ltr'><strong>super</strong></span> <span class='ocrx_word' id='word_1_575' title='bbox 2831 3710 2930 3749; x_wconf 88' lang='lat' dir='ltr'><strong>eos</strong></span> <span class='ocrx_word' id='word_1_576' title='bbox 2959 3694 3183 3750; x_wconf 71' lang='lat' dir='ltr'><strong>effundi.</strong></span> <span class='ocrx_word' id='word_1_577' title='bbox 3223 3694 3291 3748; x_wconf 79' lang='lat' dir='ltr'><strong>Et</strong></span> <span class='ocrx_word' id='word_1_578' title='bbox 3317 3694 3378 3748; x_wconf 79' lang='lat' dir='ltr'><strong>in</strong></span> 
     </span>
    </p>
   </div>
   <div class='ocr_carea' id='block_1_80' title="bbox 1795 3785 3382 3860">
    <p class='ocr_par' dir='ltr' id='par_1_80' title="bbox 1795 3785 3382 3860">
     <span class='ocr_line' id='line_1_81' title="bbox 1795 3785 3382 3860; baseline -0.004 -14"><span class='ocrx_word' id='word_1_579' title='bbox 1795 3805 1861 3846; x_wconf 92' lang='lat' dir='ltr'><strong>eo</strong></span> <span class='ocrx_word' id='word_1_580' title='bbox 1889 3788 2033 3860; x_wconf 90' lang='lat' dir='ltr'><strong>quod</strong></span> <span class='ocrx_word' id='word_1_581' title='bbox 2057 3785 2354 3860; x_wconf 73' lang='lat' dir='ltr'><strong>subiungit,</strong></span> <span class='ocrx_word' id='word_1_582' title='bbox 2377 3787 2444 3842; x_wconf 85' lang='lat' dir='ltr'><strong>Et</strong></span> <span class='ocrx_word' id='word_1_583' title='bbox 2471 3787 2732 3840; x_wconf 78' lang='lat' dir='ltr'><strong>custodiat</strong></span> <span class='ocrx_word' id='word_1_584' title='bbox 2757 3795 2823 3848; x_wconf 87' lang='lat' dir='ltr'><strong>te,</strong></span> <span class='ocrx_word' id='word_1_585' title='bbox 2849 3785 3069 3840; x_wconf 85' lang='lat' dir='ltr'><strong>omnino</strong></span> <span class='ocrx_word' id='word_1_586' title='bbox 3097 3785 3256 3842; x_wconf 83' lang='lat' dir='ltr'><strong>docet</strong></span> <span class='ocrx_word' id='word_1_587' title='bbox 3284 3800 3382 3854; x_wconf 90' lang='lat' dir='ltr'><strong>po-</strong></span> 
     </span>
    </p>
   </div>
   <div class='ocr_carea' id='block_1_81' title="bbox 1796 3874 3382 3948">
    <p class='ocr_par' dir='ltr' id='par_1_81' title="bbox 1796 3874 3382 3948">
     <span class='ocr_line' id='line_1_82' title="bbox 1796 3874 3382 3948; baseline -0.003 -13"><span class='ocrx_word' id='word_1_588' title='bbox 1796 3879 2103 3936; x_wconf 87' lang='lat' dir='ltr'><strong>stulandum</strong></span> <span class='ocrx_word' id='word_1_589' title='bbox 2135 3879 2204 3936; x_wconf 86' lang='lat' dir='ltr'><strong>ab</strong></span> <span class='ocrx_word' id='word_1_590' title='bbox 2228 3892 2317 3946; x_wconf 87' lang='lat' dir='ltr'><strong>eo,</strong></span> <span class='ocrx_word' id='word_1_591' title='bbox 2357 3876 2501 3948; x_wconf 87' lang='lat' dir='ltr'><strong>quod</strong></span> <span class='ocrx_word' id='word_1_592' title='bbox 2528 3886 2586 3934; x_wconf 91' lang='lat' dir='ltr'><strong>ut</strong></span> <span class='ocrx_word' id='word_1_593' title='bbox 2619 3877 3090 3932; x_wconf 86' lang='lat' dir='ltr'><strong>benedictionibus</strong></span> <span class='ocrx_word' id='word_1_594' title='bbox 3113 3874 3232 3943; x_wconf 75' lang='lat' dir='ltr'><strong>eius</strong></span> <span class='ocrx_word' id='word_1_595' title='bbox 3259 3891 3382 3946; x_wconf 86' lang='lat' dir='ltr'><strong>per-</strong></span> 
     </span>
    </p>
   </div>
   <div class='ocr_carea' id='block_1_82' title="bbox 1797 3969 3382 4044">
    <p class='ocr_par' dir='ltr' id='par_1_82' title="bbox 1797 3969 3382 4044">
     <span class='ocr_line' id='line_1_83' title="bbox 1797 3969 3382 4044; baseline -0.004 -16"><span class='ocrx_word' id='word_1_596' title='bbox 1797 3973 2048 4044; x_wconf 90' lang='lat' dir='ltr'><strong>cipimus,</strong></span> <span class='ocrx_word' id='word_1_597' title='bbox 2076 3987 2175 4028; x_wconf 89' lang='lat' dir='ltr'><strong>sua</strong></span> <span class='ocrx_word' id='word_1_598' title='bbox 2210 3971 2382 4041; x_wconf 87' lang='lat' dir='ltr'><strong>gratia</strong></span> <span class='ocrx_word' id='word_1_599' title='bbox 2433 3970 2488 4026; x_wconf 88' lang='lat' dir='ltr'><strong>in</strong></span> <span class='ocrx_word' id='word_1_600' title='bbox 2522 3970 2676 4026; x_wconf 88' lang='lat' dir='ltr'><strong>nobis</strong></span> <span class='ocrx_word' id='word_1_601' title='bbox 2705 3978 3074 4033; x_wconf 84' lang='lat' dir='ltr'><strong>conservetur,</strong></span> <span class='ocrx_word' id='word_1_602' title='bbox 3098 3969 3222 4038; x_wconf 81' lang='lat' dir='ltr'><strong>quia</strong></span> <span class='ocrx_word' id='word_1_603' title='bbox 3265 3969 3382 4038; x_wconf 85' lang='lat' dir='ltr'><strong>ipsa</strong></span> 
     </span>
    </p>
   </div>
   <div class='ocr_carea' id='block_1_83' title="bbox 1799 4058 3374 4136">
    <p class='ocr_par' dir='ltr' id='par_1_83' title="bbox 1799 4058 3374 4136">
     <span class='ocr_line' id='line_1_84' title="bbox 1799 4058 3374 4136; baseline -0.004 -18"><span class='ocrx_word' id='word_1_604' title='bbox 1799 4062 2016 4119; x_wconf 79' lang='lat' dir='ltr'><strong>Veritas</strong></span> <span class='ocrx_word' id='word_1_605' title='bbox 2041 4063 2116 4118; x_wconf 83' lang='lat' dir='ltr'><strong>ait</strong></span> <span class='ocrx_word' id='word_1_606' title='bbox 2143 4063 2310 4136; x_wconf 42' lang='lat' dir='ltr'><strong>{Sine</strong></span> <span class='ocrx_word' id='word_1_607' title='bbox 2333 4078 2416 4116; x_wconf 83' lang='lat' dir='ltr'><strong>me</strong></span> <span class='ocrx_word' id='word_1_608' title='bbox 2451 4061 2586 4118; x_wconf 82' lang='lat' dir='ltr'><strong>nihil</strong></span> <span class='ocrx_word' id='word_1_609' title='bbox 2603 4062 2816 4131; x_wconf 85' lang='lat' dir='ltr'><strong>potestis</strong></span> <span class='ocrx_word' id='word_1_610' title='bbox 2853 4060 3025 4127; x_wconf 76' lang='lat' dir='ltr'><strong>facere</strong></span> <span class='ocrx_word' id='word_1_611' title='bbox 3055 4058 3237 4129; x_wconf 82' lang='lat' dir='ltr'><strong>(Joun.</strong></span> <span class='ocrx_word' id='word_1_612' title='bbox 3261 4060 3374 4128; x_wconf 75' lang='lat' dir='ltr'><strong>xv).</strong></span> 
     </span>
    </p>
   </div>
   <div class='ocr_carea' id='block_1_84' title="bbox 1799 4138 3380 4226">
    <p class='ocr_par' dir='ltr' id='par_1_84' title="bbox 1799 4138 3380 4226">
     <span class='ocr_line' id='line_1_85' title="bbox 1799 4138 3380 4226; baseline -0.004 -16"><span class='ocrx_word' id='word_1_613' title='bbox 1799 4138 1876 4210; x_wconf 81' lang='lat' dir='ltr'><strong>De</strong></span> <span class='ocrx_word' id='word_1_614' title='bbox 1901 4170 2009 4226; x_wconf 90' lang='lat' dir='ltr'><strong>quo</strong></span> <span class='ocrx_word' id='word_1_615' title='bbox 2034 4163 2087 4209; x_wconf 89' lang='lat' dir='ltr'><strong>ct</strong></span> <span class='ocrx_word' id='word_1_616' title='bbox 2114 4170 2210 4224; x_wconf 83' lang='lat' dir='ltr'><strong>per</strong></span> <span class='ocrx_word' id='word_1_617' title='bbox 2244 4153 2586 4210; x_wconf 84' lang='lat' dir='ltr'><strong>Psalmistam</strong></span> <span class='ocrx_word' id='word_1_618' title='bbox 2625 4153 2744 4206; x_wconf 78' lang='lat' dir='ltr'><strong>ait:</strong></span> <span class='ocrx_word' id='word_1_619' title='bbox 2772 4151 2894 4206; x_wconf 83' lang='lat' dir='ltr'><strong>Nisi</strong></span> <span class='ocrx_word' id='word_1_620' title='bbox 2923 4150 3180 4207; x_wconf 81' lang='lat' dir='ltr'><strong>Dominus</strong></span> <span class='ocrx_word' id='word_1_621' title='bbox 3203 4157 3380 4206; x_wconf 74' lang='lat' dir='ltr'><strong>custo-</strong></span> 
     </span>
    </p>
   </div>
   <div class='ocr_carea' id='block_1_85' title="bbox 1800 4241 3376 4313">
    <p class='ocr_par' dir='ltr' id='par_1_85' title="bbox 1800 4241 3376 4313">
     <span class='ocr_line' id='line_1_86' title="bbox 1800 4241 3376 4313; baseline -0.006 -12"><span class='ocrx_word' id='word_1_622' title='bbox 1800 4247 1954 4302; x_wconf 87' lang='lat' dir='ltr'><strong>dierit</strong></span> <span class='ocrx_word' id='word_1_623' title='bbox 1983 4247 2262 4312; x_wconf 75' lang='lat' dir='ltr'><strong>civitatem,</strong></span> <span class='ocrx_word' id='word_1_624' title='bbox 2289 4247 2344 4298; x_wconf 86' lang='lat' dir='ltr'><strong>in</strong></span> <span class='ocrx_word' id='word_1_625' title='bbox 2369 4243 2564 4299; x_wconf 86' lang='lat' dir='ltr'><strong>vanum</strong></span> <span class='ocrx_word' id='word_1_626' title='bbox 2585 4242 2803 4313; x_wconf 73' lang='lat' dir='ltr'><strong>uigilant</strong></span> <span class='ocrx_word' id='word_1_627' title='bbox 2825 4243 2912 4311; x_wconf 83' lang='lat' dir='ltr'><strong>qui</strong></span> <span class='ocrx_word' id='word_1_628' title='bbox 2938 4241 3240 4296; x_wconf 77' lang='lat' dir='ltr'><strong>custodiunt</strong></span> <span class='ocrx_word' id='word_1_629' title='bbox 3261 4256 3376 4294; x_wconf 84' lang='lat' dir='ltr'><strong>eam</strong></span> 
     </span>
    </p>
   </div>
   <div class='ocr_carea' id='block_1_86' title="bbox 1799 4330 3378 4410">
    <p class='ocr_par' dir='ltr' id='par_1_86' title="bbox 1799 4330 3378 4410">
     <span class='ocr_line' id='line_1_87' title="bbox 1799 4330 3378 4410; baseline -0.005 -18"><span class='ocrx_word' id='word_1_630' title='bbox 1799 4337 1972 4410; x_wconf 83' lang='lat' dir='ltr'><strong>(Psal.</strong></span> <span class='ocrx_word' id='word_1_631' title='bbox 2021 4335 2227 4406; x_wconf 72' lang='lat' dir='ltr'><strong>cxxvr).</strong></span> <span class='ocrx_word' id='word_1_632' title='bbox 2276 4335 2341 4390; x_wconf 85' lang='lat' dir='ltr'><strong>Et</strong></span> <span class='ocrx_word' id='word_1_633' title='bbox 2375 4335 2504 4392; x_wconf 86' lang='lat' dir='ltr'><strong>item</strong></span> <span class='ocrx_word' id='word_1_634' title='bbox 2535 4332 2835 4396; x_wconf 86' lang='lat' dir='ltr'><strong>:Custodit,</strong></span> <span class='ocrx_word' id='word_1_635' title='bbox 2883 4331 3082 4400; x_wconf 86' lang='lat' dir='ltr'><strong>inquit,</strong></span> <span class='ocrx_word' id='word_1_636' title='bbox 3123 4330 3378 4384; x_wconf 72' lang='lat' dir='ltr'><strong>Dominus</strong></span> 
     </span>
    </p>
   </div>
   <div class='ocr_carea' id='block_1_87' title="bbox 1801 4415 3378 4496">
    <p class='ocr_par' dir='ltr' id='par_1_87' title="bbox 1801 4415 3378 4496">
     <span class='ocr_line' id='line_1_88' title="bbox 1801 4415 3378 4496; baseline -0.008 -13"><span class='ocrx_word' id='word_1_637' title='bbox 1801 4444 1974 4482; x_wconf 85' lang='lat' dir='ltr'><strong>omnes</strong></span> <span class='ocrx_word' id='word_1_638' title='bbox 2016 4426 2288 4496; x_wconf 83' lang='lat' dir='ltr'><strong>diligentes</strong></span> <span class='ocrx_word' id='word_1_639' title='bbox 2331 4441 2420 4492; x_wconf 81' lang='lat' dir='ltr'><strong>se,</strong></span> <span class='ocrx_word' id='word_1_640' title='bbox 2477 4432 2527 4478; x_wconf 89' lang='lat' dir='ltr'><strong>et</strong></span> <span class='ocrx_word' id='word_1_641' title='bbox 2573 4438 2750 4477; x_wconf 85' lang='lat' dir='ltr'><strong>omnes</strong></span> <span class='ocrx_word' id='word_1_642' title='bbox 2776 4429 3072 4490; x_wconf 82' lang='lat' dir='ltr'><strong>peccatores</strong></span> <span class='ocrx_word' id='word_1_643' title='bbox 3117 4415 3378 4485; x_wconf 77' lang='lat' dir='ltr'><strong>disperdet</strong></span> 
     </span>
    </p>
   </div>
   <div class='ocr_carea' id='block_1_88' title="bbox 144 4505 3396 4618">
    <p class='ocr_par' dir='ltr' id='par_1_88' title="bbox 144 4505 3396 4618">
     <span class='ocr_line' id='line_1_89' title="bbox 144 4505 3396 4618; baseline -0.003 -44"><span class='ocrx_word' id='word_1_644' title='bbox 144 4517 400 4586; x_wconf 77' lang='lat' dir='ltr'><strong>conspectu</strong></span> <span class='ocrx_word' id='word_1_645' title='bbox 424 4515 668 4573; x_wconf 90' lang='lat' dir='ltr'><strong>Domini.</strong></span> <span class='ocrx_word' id='word_1_646' title='bbox 696 4513 841 4574; x_wconf 83' lang='lat' dir='ltr'><strong>Raso</strong></span> <span class='ocrx_word' id='word_1_647' title='bbox 870 4518 1084 4588; x_wconf 85' lang='lat' dir='ltr'><strong>quidem</strong></span> <span class='ocrx_word' id='word_1_648' title='bbox 1104 4517 1282 4588; x_wconf 84' lang='lat' dir='ltr'><strong>capite</strong></span> <span class='ocrx_word' id='word_1_649' title='bbox 1303 4515 1549 4574; x_wconf 70' lang='lat' dir='ltr'><strong>Nazareni</strong></span> <span class='ocrx_word' id='word_1_650' title='bbox 1577 4534 1695 4576; x_wconf 90' lang='lat' dir='ltr'><strong>sus-</strong></span> <span class='ocrx_word' id='word_1_651' title='bbox 1721 4559 1773 4618; x_wconf 68' lang='grc' dir='ltr'>Β</span> <span class='ocrx_word' id='word_1_652' title='bbox 1803 4517 1974 4590; x_wconf 87' lang='lat' dir='ltr'><strong>(Psal.</strong></span> <span class='ocrx_word' id='word_1_653' title='bbox 2019 4517 2223 4589; x_wconf 79' lang='lat' dir='ltr'><strong>cxuv).</strong></span> <span class='ocrx_word' id='word_1_654' title='bbox 2268 4515 2530 4586; x_wconf 86' lang='lat' dir='ltr'><strong>Sequitur</strong></span> <span class='ocrx_word' id='word_1_655' title='bbox 2569 4513 2706 4570; x_wconf 84' lang='lat' dir='ltr'><strong>alius</strong></span> <span class='ocrx_word' id='word_1_656' title='bbox 2752 4505 3396 4618; x_wconf 33' lang='lat' dir='ltr'><strong>inodusubenedictionis.</strong></span> 
     </span>
    </p>
   </div>
   <div class='ocr_carea' id='block_1_89' title="bbox 146 4604 1698 4680">
    <p class='ocr_par' dir='ltr' id='par_1_89' title="bbox 146 4604 1698 4680">
     <span class='ocr_line' id='line_1_90' title="bbox 146 4604 1698 4680; baseline 0.005 -21"><span class='ocrx_word' id='word_1_657' title='bbox 146 4604 248 4674; x_wconf 88' lang='lat' dir='ltr'><strong>cipit</strong></span> <span class='ocrx_word' id='word_1_658' title='bbox 294 4609 666 4675; x_wconf 90' lang='lat' dir='ltr'><strong>oblationem,</strong></span> <span class='ocrx_word' id='word_1_659' title='bbox 714 4618 769 4665; x_wconf 89' lang='lat' dir='ltr'><strong>et</strong></span> <span class='ocrx_word' id='word_1_660' title='bbox 813 4609 1047 4665; x_wconf 84' lang='lat' dir='ltr'><strong>elovabit</strong></span> <span class='ocrx_word' id='word_1_661' title='bbox 1094 4609 1241 4664; x_wconf 91' lang='lat' dir='ltr'><strong>illam</strong></span> <span class='ocrx_word' id='word_1_662' title='bbox 1297 4611 1349 4664; x_wconf 90' lang='lat' dir='ltr'><strong>in</strong></span> <span class='ocrx_word' id='word_1_663' title='bbox 1399 4619 1698 4680; x_wconf 87' lang='lat' dir='ltr'><strong>conspectu</strong></span> 
     </span>
    </p>
   </div>
   <div class='ocr_carea' id='block_1_90' title="bbox 148 4689 1696 4772">
    <p class='ocr_par' dir='ltr' id='par_1_90' title="bbox 148 4689 1696 4772">
     <span class='ocr_line' id='line_1_91' title="bbox 148 4689 1696 4772; baseline 0.002 -20"><span class='ocrx_word' id='word_1_664' title='bbox 148 4691 345 4768; x_wconf 78' lang='lat' dir='ltr'><strong>Douiinl,</strong></span> <span class='ocrx_word' id='word_1_665' title='bbox 391 4703 520 4772; x_wconf 89' lang='lat' dir='ltr'><strong>quia</strong></span> <span class='ocrx_word' id='word_1_666' title='bbox 569 4689 700 4756; x_wconf 90' lang='lat' dir='ltr'><strong>cum</strong></span> <span class='ocrx_word' id='word_1_667' title='bbox 746 4715 868 4755; x_wconf 89' lang='lat' dir='ltr'><strong>eum</strong></span> <span class='ocrx_word' id='word_1_668' title='bbox 919 4699 1232 4769; x_wconf 87' lang='lat' dir='ltr'><strong>spoliaverit</strong></span> <span class='ocrx_word' id='word_1_669' title='bbox 1277 4701 1459 4766; x_wconf 88' lang='lat' dir='ltr'><strong>carnis</strong></span> <span class='ocrx_word' id='word_1_670' title='bbox 1503 4715 1696 4756; x_wconf 86' lang='lat' dir='ltr'><strong>corru-</strong></span> 
     </span>
    </p>
   </div>
   <div class='ocr_carea' id='block_1_91' title="bbox 149 4785 1700 4860">
    <p class='ocr_par' dir='ltr' id='par_1_91' title="bbox 149 4785 1700 4860">
     <span class='ocr_line' id='line_1_92' title="bbox 149 4785 1700 4860; baseline 0.003 -22"><span class='ocrx_word' id='word_1_671' title='bbox 149 4785 317 4854; x_wconf 82' lang='lat' dir='ltr'><strong>ptione,</strong></span> <span class='ocrx_word' id='word_1_672' title='bbox 345 4801 398 4846; x_wconf 89' lang='lat' dir='ltr'><strong>et</strong></span> <span class='ocrx_word' id='word_1_673' title='bbox 422 4804 689 4848; x_wconf 89' lang='lat' dir='ltr'><strong>curarum</strong></span> <span class='ocrx_word' id='word_1_674' title='bbox 725 4787 1066 4845; x_wconf 72' lang='lat' dir='ltr'><strong>smcularium</strong></span> <span class='ocrx_word' id='word_1_675' title='bbox 1105 4787 1397 4860; x_wconf 82' lang='lat' dir='ltr'><strong>gravedine</strong></span> <span class='ocrx_word' id='word_1_676' title='bbox 1433 4788 1700 4854; x_wconf 82' lang='lat' dir='ltr'><strong>liberave-</strong></span> 
     </span>
    </p>
   </div>
   <div class='ocr_carea' id='block_1_92' title="bbox 151 4873 1701 4951">
    <p class='ocr_par' dir='ltr' id='par_1_92' title="bbox 151 4873 1701 4951">
     <span class='ocr_line' id='line_1_93' title="bbox 151 4873 1701 4951; baseline 0.001 -17"><span class='ocrx_word' id='word_1_677' title='bbox 151 4873 220 4939; x_wconf 75' lang='lat' dir='ltr'><strong>rit,</strong></span> <span class='ocrx_word' id='word_1_678' title='bbox 244 4877 535 4938; x_wconf 86' lang='lat' dir='ltr'><strong>oblationes</strong></span> <span class='ocrx_word' id='word_1_679' title='bbox 572 4882 842 4937; x_wconf 82' lang='lat' dir='ltr'><strong>virtutum</strong></span> <span class='ocrx_word' id='word_1_680' title='bbox 879 4895 1016 4951; x_wconf 85' lang='lat' dir='ltr'><strong>quas</strong></span> <span class='ocrx_word' id='word_1_681' title='bbox 1043 4881 1329 4935; x_wconf 88' lang='lat' dir='ltr'><strong>continens</strong></span> <span class='ocrx_word' id='word_1_682' title='bbox 1365 4879 1478 4951; x_wconf 89' lang='lat' dir='ltr'><strong>ipse</strong></span> <span class='ocrx_word' id='word_1_683' title='bbox 1503 4896 1701 4951; x_wconf 90' lang='lat' dir='ltr'><strong>opera-</strong></span> 
     </span>
    </p>
   </div>
   <div class='ocr_carea' id='block_1_93' title="bbox 152 4963 1703 5044">
    <p class='ocr_par' dir='ltr' id='par_1_93' title="bbox 152 4963 1703 5044">
     <span class='ocr_line' id='line_1_94' title="bbox 152 4963 1703 5044; baseline 0.005 -22"><span class='ocrx_word' id='word_1_684' title='bbox 152 4969 218 5022; x_wconf 77' lang='lat' dir='ltr'><strong>tus</strong></span> <span class='ocrx_word' id='word_1_685' title='bbox 263 4963 356 5040; x_wconf 79' lang='lat' dir='ltr'><strong>est,</strong></span> <span class='ocrx_word' id='word_1_686' title='bbox 401 4971 752 5044; x_wconf 81' lang='lat' dir='ltr'><strong>Redemptor</strong></span> <span class='ocrx_word' id='word_1_687' title='bbox 800 4981 986 5029; x_wconf 91' lang='lat' dir='ltr'><strong>noster</strong></span> <span class='ocrx_word' id='word_1_688' title='bbox 1042 4973 1350 5044; x_wconf 81' lang='lat' dir='ltr'><strong>conspectui</strong></span> <span class='ocrx_word' id='word_1_689' title='bbox 1393 4975 1703 5042; x_wconf 86' lang='lat' dir='ltr'><strong>Divinitatis</strong></span> 
     </span>
    </p>
   </div>
   <div class='ocr_carea' id='block_1_94' title="bbox 153 5059 1703 5140">
    <p class='ocr_par' dir='ltr' id='par_1_94' title="bbox 153 5059 1703 5140">
     <span class='ocr_line' id='line_1_95' title="bbox 153 5059 1703 5140; baseline 0.005 -26"><span class='ocrx_word' id='word_1_690' title='bbox 153 5059 438 5123; x_wconf 50' lang='lat' dir='ltr'><strong>prauitatis</strong></span> <span class='ocrx_word' id='word_1_691' title='bbox 479 5063 823 5140; x_wconf 81' lang='lat' dir='ltr'><strong>dignabitur,</strong></span> <span class='ocrx_word' id='word_1_692' title='bbox 851 5080 1054 5133; x_wconf 88' lang='lat' dir='ltr'><strong>suoque</strong></span> <span class='ocrx_word' id='word_1_693' title='bbox 1089 5063 1226 5138; x_wconf 89' lang='lat' dir='ltr'><strong>dono</strong></span> <span class='ocrx_word' id='word_1_694' title='bbox 1269 5065 1432 5140; x_wconf 83' lang='lat' dir='ltr'><strong>faciet</strong></span> <span class='ocrx_word' id='word_1_695' title='bbox 1460 5083 1585 5136; x_wconf 78' lang='lat' dir='ltr'><strong>eum</strong></span> <span class='ocrx_word' id='word_1_696' title='bbox 1616 5083 1703 5123; x_wconf 86' lang='lat' dir='ltr'><strong>re-</strong></span> 
     </span>
    </p>
   </div>
   <div class='ocr_carea' id='block_1_95' title="bbox 155 5152 1703 5228">
    <p class='ocr_par' dir='ltr' id='par_1_95' title="bbox 155 5152 1703 5228">
     <span class='ocr_line' id='line_1_96' title="bbox 155 5152 1703 5228; baseline 0.007 -27"><span class='ocrx_word' id='word_1_697' title='bbox 155 5155 385 5210; x_wconf 83' lang='lat' dir='ltr'><strong>munerari</strong></span> <span class='ocrx_word' id='word_1_698' title='bbox 419 5163 698 5228; x_wconf 84' lang='lat' dir='ltr'><strong>perpetua</strong></span> <span class='ocrx_word' id='word_1_699' title='bbox 724 5152 972 5208; x_wconf 89' lang='lat' dir='ltr'><strong>mercede</strong></span> <span class='ocrx_word' id='word_1_700' title='bbox 1001 5152 1054 5206; x_wconf 90' lang='lat' dir='ltr'><strong>in</strong></span> <span class='ocrx_word' id='word_1_701' title='bbox 1081 5169 1247 5223; x_wconf 85' lang='lat' dir='ltr'><strong>regno</strong></span> <span class='ocrx_word' id='word_1_702' title='bbox 1275 5153 1500 5211; x_wconf 69' lang='lat' dir='ltr'><strong>ccclesti.</strong></span> <span class='ocrx_word' id='word_1_703' title='bbox 1548 5152 1703 5226; x_wconf 86' lang='lat' dir='ltr'><strong>Unde</strong></span> 
     </span>
    </p>
   </div>
   <div class='ocr_carea' id='block_1_96' title="bbox 156 5241 1702 5316">
    <p class='ocr_par' dir='ltr' id='par_1_96' title="bbox 156 5241 1702 5316">
     <span class='ocr_line' id='line_1_97' title="bbox 156 5241 1702 5316; baseline 0.004 -18"><span class='ocrx_word' id='word_1_704' title='bbox 156 5245 198 5292; x_wconf 73' lang='lat' dir='ltr'><strong>Cl</strong></span> <span class='ocrx_word' id='word_1_705' title='bbox 225 5241 488 5306; x_wconf 76' lang='lat' dir='ltr'><strong>subditur:</strong></span> <span class='ocrx_word' id='word_1_706' title='bbox 527 5247 598 5304; x_wconf 83' lang='lat' dir='ltr'><strong>Et</strong></span> <span class='ocrx_word' id='word_1_707' title='bbox 656 5248 986 5316; x_wconf 81' lang='lat' dir='ltr'><strong>sanctiﬁcata</strong></span> <span class='ocrx_word' id='word_1_708' title='bbox 1035 5244 1318 5301; x_wconf 88' lang='lat' dir='ltr'><strong>sacerdotis</strong></span> <span class='ocrx_word' id='word_1_709' title='bbox 1368 5257 1519 5302; x_wconf 87' lang='lat' dir='ltr'><strong>erunt</strong></span> <span class='ocrx_word' id='word_1_710' title='bbox 1570 5250 1702 5304; x_wconf 86' lang='lat' dir='ltr'><strong>sicut</strong></span> 
     </span>
    </p>
   </div>
   <div class='ocr_carea' id='block_1_97' title="bbox 157 5327 1704 5412">
    <p class='ocr_par' dir='ltr' id='par_1_97' title="bbox 157 5327 1704 5412">
     <span class='ocr_line' id='line_1_98' title="bbox 157 5327 1704 5412; baseline 0.006 -29"><span class='ocrx_word' id='word_1_711' title='bbox 157 5327 468 5398; x_wconf 76' lang='lat' dir='ltr'><strong>pectusculum</strong></span> <span class='ocrx_word' id='word_1_712' title='bbox 495 5336 648 5412; x_wconf 87' lang='lat' dir='ltr'><strong>quod</strong></span> <span class='ocrx_word' id='word_1_713' title='bbox 674 5335 907 5410; x_wconf 86' lang='lat' dir='ltr'><strong>separari</strong></span> <span class='ocrx_word' id='word_1_714' title='bbox 929 5338 1141 5408; x_wconf 89' lang='lat' dir='ltr'><strong>jussum</strong></span> <span class='ocrx_word' id='word_1_715' title='bbox 1161 5345 1235 5390; x_wconf 86' lang='lat' dir='ltr'><strong>est</strong></span> <span class='ocrx_word' id='word_1_716' title='bbox 1257 5346 1305 5388; x_wconf 88' lang='lat' dir='ltr'><strong>et</strong></span> <span class='ocrx_word' id='word_1_717' title='bbox 1333 5335 1508 5406; x_wconf 79' lang='lat' dir='ltr'><strong>femur</strong></span> <span class='ocrx_word' id='word_1_718' title='bbox 1532 5355 1551 5396; x_wconf 89' lang='lat'><strong><em>:</em></strong></span> <span class='ocrx_word' id='word_1_719' title='bbox 1578 5337 1704 5406; x_wconf 81' lang='lat' dir='ltr'><strong>quia</strong></span> 
     </span>
    </p>
   </div>
   <div class='ocr_carea' id='block_1_98' title="bbox 161 5419 1702 5502">
    <p class='ocr_par' dir='ltr' id='par_1_98' title="bbox 161 5419 1702 5502">
     <span class='ocr_line' id='line_1_99' title="bbox 161 5419 1702 5502; baseline 0.003 -22"><span class='ocrx_word' id='word_1_720' title='bbox 161 5422 214 5474; x_wconf 75' lang='lat' dir='ltr'><strong>ad</strong></span> <span class='ocrx_word' id='word_1_721' title='bbox 237 5423 422 5485; x_wconf 73' lang='lat' dir='ltr'><strong>Christi</strong></span> <span class='ocrx_word' id='word_1_722' title='bbox 463 5431 702 5502; x_wconf 87' lang='lat' dir='ltr'><strong>gloriam</strong></span> <span class='ocrx_word' id='word_1_723' title='bbox 755 5428 1070 5499; x_wconf 87' lang='lat' dir='ltr'><strong>pertinebit,</strong></span> <span class='ocrx_word' id='word_1_724' title='bbox 1115 5425 1376 5497; x_wconf 88' lang='lat' dir='ltr'><strong>quidquid</strong></span> <span class='ocrx_word' id='word_1_725' title='bbox 1423 5419 1702 5484; x_wconf 83' lang='lat' dir='ltr'><strong>conservis</strong></span> 
     </span>
    </p>
   </div>
   <div class='ocr_carea' id='block_1_99' title="bbox 165 5512 1704 5592">
    <p class='ocr_par' dir='ltr' id='par_1_99' title="bbox 165 5512 1704 5592">
     <span class='ocr_line' id='line_1_100' title="bbox 165 5512 1704 5592; baseline 0.007 -29"><span class='ocrx_word' id='word_1_726' title='bbox 165 5513 256 5568; x_wconf 78' lang='lat' dir='ltr'><strong>suis</strong></span> <span class='ocrx_word' id='word_1_727' title='bbox 277 5519 361 5575; x_wconf 79' lang='lat' dir='ltr'><strong>aut</strong></span> <span class='ocrx_word' id='word_1_728' title='bbox 388 5532 536 5578; x_wconf 82' lang='lat' dir='ltr'><strong>certe</strong></span> <span class='ocrx_word' id='word_1_729' title='bbox 569 5519 837 5592; x_wconf 88' lang='lat' dir='ltr'><strong>sapiebat,</strong></span> <span class='ocrx_word' id='word_1_730' title='bbox 875 5527 968 5576; x_wconf 89' lang='lat' dir='ltr'><strong>aut</strong></span> <span class='ocrx_word' id='word_1_731' title='bbox 999 5518 1101 5572; x_wconf 90' lang='lat' dir='ltr'><strong>rite</strong></span> <span class='ocrx_word' id='word_1_732' title='bbox 1130 5512 1495 5584; x_wconf 86' lang='lat' dir='ltr'><strong>desiderabat,</strong></span> <span class='ocrx_word' id='word_1_733' title='bbox 1529 5527 1622 5574; x_wconf 84' lang='lat' dir='ltr'><strong>aut</strong></span> <span class='ocrx_word' id='word_1_734' title='bbox 1648 5518 1704 5574; x_wconf 89' lang='lat' dir='ltr'><strong>in</strong></span> 
     </span>
    </p>
   </div>
   <div class='ocr_carea' id='block_1_100' title="bbox 162 5596 1704 5682">
    <p class='ocr_par' dir='ltr' id='par_1_100' title="bbox 162 5596 1704 5682">
     <span class='ocr_line' id='line_1_101' title="bbox 162 5596 1704 5682; baseline 0.002 -19"><span class='ocrx_word' id='word_1_735' title='bbox 162 5596 282 5658; x_wconf 70' lang='lat' dir='ltr'><strong>bono</strong></span> <span class='ocrx_word' id='word_1_736' title='bbox 323 5622 479 5680; x_wconf 80' lang='lat' dir='ltr'><strong>apere</strong></span> <span class='ocrx_word' id='word_1_737' title='bbox 518 5617 1012 5675; x_wconf 88' lang='lat' dir='ltr'><strong>consummaverat,</strong></span> <span class='ocrx_word' id='word_1_738' title='bbox 1061 5607 1227 5666; x_wconf 89' lang='lat' dir='ltr'><strong>Paulo</strong></span> <span class='ocrx_word' id='word_1_739' title='bbox 1266 5619 1577 5677; x_wconf 84' lang='lat' dir='ltr'><strong>attestante,</strong></span> <span class='ocrx_word' id='word_1_740' title='bbox 1611 5611 1704 5682; x_wconf 88' lang='lat' dir='ltr'><strong>qui</strong></span> 
     </span>
    </p>
   </div>
   <div class='ocr_carea' id='block_1_101' title="bbox 169 5692 1703 5778">
    <p class='ocr_par' dir='ltr' id='par_1_101' title="bbox 169 5692 1703 5778">
     <span class='ocr_line' id='line_1_102' title="bbox 169 5692 1703 5778; baseline 0.01 -34"><span class='ocrx_word' id='word_1_741' title='bbox 169 5692 260 5749; x_wconf 76' lang='lat' dir='ltr'><strong>ait:</strong></span> <span class='ocrx_word' id='word_1_742' title='bbox 283 5698 409 5757; x_wconf 85' lang='lat' dir='ltr'><strong>Deus</strong></span> <span class='ocrx_word' id='word_1_743' title='bbox 445 5707 584 5759; x_wconf 83' lang='lat' dir='ltr'><strong>enim</strong></span> <span class='ocrx_word' id='word_1_744' title='bbox 622 5704 713 5776; x_wconf 88' lang='lat' dir='ltr'><strong>qui</strong></span> <span class='ocrx_word' id='word_1_745' title='bbox 750 5713 995 5775; x_wconf 86' lang='lat' dir='ltr'><strong>operatur</strong></span> <span class='ocrx_word' id='word_1_746' title='bbox 1026 5703 1078 5756; x_wconf 90' lang='lat' dir='ltr'><strong>in</strong></span> <span class='ocrx_word' id='word_1_747' title='bbox 1113 5703 1257 5756; x_wconf 87' lang='lat' dir='ltr'><strong>nobis</strong></span> <span class='ocrx_word' id='word_1_748' title='bbox 1293 5713 1337 5756; x_wconf 91' lang='lat' dir='ltr'><strong>et</strong></span> <span class='ocrx_word' id='word_1_749' title='bbox 1361 5704 1483 5758; x_wconf 78' lang='lat' dir='ltr'><strong>velle</strong></span> <span class='ocrx_word' id='word_1_750' title='bbox 1509 5715 1555 5760; x_wconf 89' lang='lat' dir='ltr'><strong>et</strong></span> <span class='ocrx_word' id='word_1_751' title='bbox 1583 5723 1703 5778; x_wconf 86' lang='lat' dir='ltr'><strong>per-</strong></span> 
     </span>
    </p>
   </div>
   <div class='ocr_carea' id='block_1_102' title="bbox 169 5781 1708 5874">
    <p class='ocr_par' dir='ltr' id='par_1_102' title="bbox 169 5781 1708 5874">
     <span class='ocr_line' id='line_1_103' title="bbox 169 5781 1708 5874; baseline -0.002 -20"><span class='ocrx_word' id='word_1_752' title='bbox 169 5781 296 5853; x_wconf 67' lang='lat' dir='ltr'><strong>ﬁcere</strong></span> <span class='ocrx_word' id='word_1_753' title='bbox 313 5808 404 5862; x_wconf 79' lang='lat' dir='ltr'><strong>pro</strong></span> <span class='ocrx_word' id='word_1_754' title='bbox 423 5796 558 5854; x_wconf 88' lang='lat' dir='ltr'><strong>bona</strong></span> <span class='ocrx_word' id='word_1_755' title='bbox 585 5795 847 5854; x_wconf 84' lang='lat' dir='ltr'><strong>voluntate</strong></span> <span class='ocrx_word' id='word_1_756' title='bbox 868 5794 1085 5874; x_wconf 79' lang='lat' dir='ltr'><strong>(Philip.</strong></span> <span class='ocrx_word' id='word_1_757' title='bbox 1107 5793 1192 5868; x_wconf 82' lang='lat' dir='ltr'><strong>tl).</strong></span> <span class='ocrx_word' id='word_1_758' title='bbox 1223 5791 1375 5854; x_wconf 88' lang='lat' dir='ltr'><strong>Unde</strong></span> <span class='ocrx_word' id='word_1_759' title='bbox 1404 5805 1456 5852; x_wconf 90' lang='lat' dir='ltr'><strong>et</strong></span> <span class='ocrx_word' id='word_1_760' title='bbox 1477 5795 1708 5872; x_wconf 68' lang='lat' dir='ltr'><strong>Jacobus</strong></span> 
     </span>
    </p>
   </div>
   <div class='ocr_carea' id='block_1_103' title="bbox 1800 4597 3380 4672">
    <p class='ocr_par' dir='ltr' id='par_1_103' title="bbox 1800 4597 3380 4672">
     <span class='ocr_line' id='line_1_104' title="bbox 1800 4597 3380 4672; baseline -0.006 -10"><span class='ocrx_word' id='word_1_761' title='bbox 1800 4609 1872 4663; x_wconf 88' lang='lat' dir='ltr'><strong>ita</strong></span> <span class='ocrx_word' id='word_1_762' title='bbox 1909 4627 1921 4662; x_wconf 88' lang='lat'><strong>:</strong></span> <span class='ocrx_word' id='word_1_763' title='bbox 1954 4608 2204 4662; x_wconf 86' lang='lat' dir='ltr'><strong>Ostendat</strong></span> <span class='ocrx_word' id='word_1_764' title='bbox 2237 4605 2490 4659; x_wconf 85' lang='lat' dir='ltr'><strong>Dominus</strong></span> <span class='ocrx_word' id='word_1_765' title='bbox 2519 4603 2708 4672; x_wconf 78' lang='lat' dir='ltr'><strong>faciem</strong></span> <span class='ocrx_word' id='word_1_766' title='bbox 2734 4615 2888 4656; x_wconf 82' lang='lat' dir='ltr'><strong>suam</strong></span> <span class='ocrx_word' id='word_1_767' title='bbox 2922 4597 3034 4661; x_wconf 87' lang='lat' dir='ltr'><strong>tibi.</strong></span> <span class='ocrx_word' id='word_1_768' title='bbox 3060 4605 3108 4652; x_wconf 86' lang='lat' dir='ltr'><strong>et</strong></span> <span class='ocrx_word' id='word_1_769' title='bbox 3134 4597 3380 4654; x_wconf 63' lang='lat' dir='ltr'><strong>misereat-</strong></span> 
     </span>
    </p>
   </div>
   <div class='ocr_carea' id='block_1_104' title="bbox 1799 4686 3381 4759">
    <p class='ocr_par' dir='ltr' id='par_1_104' title="bbox 1799 4686 3381 4759">
     <span class='ocr_line' id='line_1_105' title="bbox 1799 4686 3381 4759; baseline -0.008 -7"><span class='ocrx_word' id='word_1_770' title='bbox 1799 4708 1888 4752; x_wconf 90' lang='lat' dir='ltr'><strong>tur</strong></span> <span class='ocrx_word' id='word_1_771' title='bbox 1917 4698 2016 4753; x_wconf 89' lang='lat' dir='ltr'><strong>tui.</strong></span> <span class='ocrx_word' id='word_1_772' title='bbox 2049 4698 2107 4752; x_wconf 92' lang='lat' dir='ltr'><strong>ln</strong></span> <span class='ocrx_word' id='word_1_773' title='bbox 2134 4695 2445 4752; x_wconf 83' lang='lat' dir='ltr'><strong>ostensione</strong></span> <span class='ocrx_word' id='word_1_774' title='bbox 2474 4692 2656 4750; x_wconf 84' lang='lat' dir='ltr'><strong>vultus</strong></span> <span class='ocrx_word' id='word_1_775' title='bbox 2684 4689 2778 4743; x_wconf 92' lang='lat' dir='ltr'><strong>Dei</strong></span> <span class='ocrx_word' id='word_1_776' title='bbox 2811 4688 3124 4759; x_wconf 84' lang='lat' dir='ltr'><strong>propitiatio</strong></span> <span class='ocrx_word' id='word_1_777' title='bbox 3150 4686 3306 4758; x_wconf 79' lang='lat' dir='ltr'><strong>ejus,</strong></span> <span class='ocrx_word' id='word_1_778' title='bbox 3325 4694 3381 4741; x_wconf 90' lang='lat' dir='ltr'><strong>et</strong></span> 
     </span>
    </p>
   </div>
   <div class='ocr_carea' id='block_1_105' title="bbox 1803 4777 3382 4849">
    <p class='ocr_par' dir='ltr' id='par_1_105' title="bbox 1803 4777 3382 4849">
     <span class='ocr_line' id='line_1_106' title="bbox 1803 4777 3382 4849; baseline -0.008 -6"><span class='ocrx_word' id='word_1_779' title='bbox 1803 4787 1992 4843; x_wconf 88' lang='lat' dir='ltr'><strong>salutis</strong></span> <span class='ocrx_word' id='word_1_780' title='bbox 2044 4800 2190 4842; x_wconf 77' lang='lat' dir='ltr'><strong>verae</strong></span> <span class='ocrx_word' id='word_1_781' title='bbox 2228 4782 2512 4840; x_wconf 88' lang='lat' dir='ltr'><strong>concessio</strong></span> <span class='ocrx_word' id='word_1_782' title='bbox 2553 4779 2907 4849; x_wconf 83' lang='lat' dir='ltr'><strong>significatur.</strong></span> <span class='ocrx_word' id='word_1_783' title='bbox 2949 4777 3108 4842; x_wconf 66' lang='lat' dir='ltr'><strong>,Unde</strong></span> <span class='ocrx_word' id='word_1_784' title='bbox 3149 4786 3205 4834; x_wconf 87' lang='lat' dir='ltr'><strong>et</strong></span> <span class='ocrx_word' id='word_1_785' title='bbox 3255 4792 3382 4847; x_wconf 83' lang='lat' dir='ltr'><strong>pro-</strong></span> 
     </span>
    </p>
   </div>
   <div class='ocr_carea' id='block_1_106' title="bbox 1802 4869 3382 4951">
    <p class='ocr_par' dir='ltr' id='par_1_106' title="bbox 1802 4869 3382 4951">
     <span class='ocr_line' id='line_1_107' title="bbox 1802 4869 3382 4951; baseline -0.008 -16"><span class='ocrx_word' id='word_1_786' title='bbox 1802 4881 1965 4951; x_wconf 88' lang='lat' dir='ltr'><strong>pheta</strong></span> <span class='ocrx_word' id='word_1_787' title='bbox 1999 4878 2286 4934; x_wconf 89' lang='lat' dir='ltr'><strong>Dominum</strong></span> <span class='ocrx_word' id='word_1_788' title='bbox 2318 4882 2575 4948; x_wconf 86' lang='lat' dir='ltr'><strong>precatur</strong></span> <span class='ocrx_word' id='word_1_789' title='bbox 2610 4873 2794 4928; x_wconf 90' lang='lat' dir='ltr'><strong>dicens</strong></span> <span class='ocrx_word' id='word_1_790' title='bbox 2821 4891 2834 4926; x_wconf 86' lang='lat'><strong>:</strong></span> <span class='ocrx_word' id='word_1_791' title='bbox 2867 4869 3091 4928; x_wconf 82' lang='lat' dir='ltr'><strong>Ostende</strong></span> <span class='ocrx_word' id='word_1_792' title='bbox 3119 4871 3265 4926; x_wconf 77' lang='lat' dir='ltr'><strong>nobis</strong></span> <span class='ocrx_word' id='word_1_793' title='bbox 3298 4870 3382 4938; x_wconf 81' lang='lat' dir='ltr'><strong>fu-</strong></span> 
     </span>
    </p>
   </div>
   <div class='ocr_carea' id='block_1_107' title="bbox 1805 4962 3379 5036">
    <p class='ocr_par' dir='ltr' id='par_1_107' title="bbox 1805 4962 3379 5036">
     <span class='ocr_line' id='line_1_108' title="bbox 1805 4962 3379 5036; baseline -0.006 -10"><span class='ocrx_word' id='word_1_794' title='bbox 1805 4971 1932 5026; x_wconf 87' lang='lat' dir='ltr'><strong>ciem</strong></span> <span class='ocrx_word' id='word_1_795' title='bbox 1967 4981 2132 5034; x_wconf 88' lang='lat' dir='ltr'><strong>tuam,</strong></span> <span class='ocrx_word' id='word_1_796' title='bbox 2174 4979 2222 5024; x_wconf 90' lang='lat' dir='ltr'><strong>et</strong></span> <span class='ocrx_word' id='word_1_797' title='bbox 2255 4968 2388 5024; x_wconf 87' lang='lat' dir='ltr'><strong>salvi</strong></span> <span class='ocrx_word' id='word_1_798' title='bbox 2431 4966 2624 5021; x_wconf 83' lang='lat' dir='ltr'><strong>erimus</strong></span> <span class='ocrx_word' id='word_1_799' title='bbox 2665 4962 2840 5036; x_wconf 83' lang='lat' dir='ltr'><strong>(Psal.</strong></span> <span class='ocrx_word' id='word_1_800' title='bbox 2866 4965 3070 5035; x_wconf 69' lang='lat' dir='ltr'><strong>nunt).</strong></span> <span class='ocrx_word' id='word_1_801' title='bbox 3109 4963 3176 5020; x_wconf 83' lang='lat' dir='ltr'><strong>Et</strong></span> <span class='ocrx_word' id='word_1_802' title='bbox 3212 4966 3379 5017; x_wconf 87' lang='lat' dir='ltr'><strong>item:</strong></span> 
     </span>
    </p>
   </div>
   <div class='ocr_carea' id='block_1_108' title="bbox 1807 5057 3383 5127">
    <p class='ocr_par' dir='ltr' id='par_1_108' title="bbox 1807 5057 3383 5127">
     <span class='ocr_line' id='line_1_109' title="bbox 1807 5057 3383 5127; baseline -0.008 -7"><span class='ocrx_word' id='word_1_803' title='bbox 1807 5061 2032 5120; x_wconf 85' lang='lat' dir='ltr'><strong>Ostende</strong></span> <span class='ocrx_word' id='word_1_804' title='bbox 2075 5061 2244 5127; x_wconf 88' lang='lat' dir='ltr'><strong>nobis,</strong></span> <span class='ocrx_word' id='word_1_805' title='bbox 2287 5058 2532 5123; x_wconf 88' lang='lat' dir='ltr'><strong>Domine,</strong></span> <span class='ocrx_word' id='word_1_806' title='bbox 2571 5057 2984 5112; x_wconf 81' lang='lat' dir='ltr'><strong>misericordiam</strong></span> <span class='ocrx_word' id='word_1_807' title='bbox 3012 5066 3179 5119; x_wconf 80' lang='lat' dir='ltr'><strong>tuam,</strong></span> <span class='ocrx_word' id='word_1_808' title='bbox 3215 5063 3270 5108; x_wconf 89' lang='lat' dir='ltr'><strong>et-</strong></span> <span class='ocrx_word' id='word_1_809' title='bbox 3299 5071 3383 5108; x_wconf 79' lang='lat' dir='ltr'><strong>sa-</strong></span> 
     </span>
    </p>
   </div>
   <div class='ocr_carea' id='block_1_109' title="bbox 1805 5146 3382 5223">
    <p class='ocr_par' dir='ltr' id='par_1_109' title="bbox 1805 5146 3382 5223">
     <span class='ocr_line' id='line_1_110' title="bbox 1805 5146 3382 5223; baseline -0.009 -13"><span class='ocrx_word' id='word_1_810' title='bbox 1805 5156 1976 5212; x_wconf 88' lang='lat' dir='ltr'><strong>lutare</strong></span> <span class='ocrx_word' id='word_1_811' title='bbox 2003 5166 2152 5210; x_wconf 89' lang='lat' dir='ltr'><strong>tuum</strong></span> <span class='ocrx_word' id='word_1_812' title='bbox 2188 5154 2258 5206; x_wconf 89' lang='lat' dir='ltr'><strong>da</strong></span> <span class='ocrx_word' id='word_1_813' title='bbox 2284 5150 2432 5206; x_wconf 87' lang='lat' dir='ltr'><strong>nobis</strong></span> <span class='ocrx_word' id='word_1_814' title='bbox 2457 5147 2632 5223; x_wconf 86' lang='lat' dir='ltr'><strong>(Psal.</strong></span> <span class='ocrx_word' id='word_1_815' title='bbox 2660 5148 2900 5219; x_wconf 75' lang='lat' dir='ltr'><strong>Lxxxw).</strong></span> <span class='ocrx_word' id='word_1_816' title='bbox 2932 5147 3136 5204; x_wconf 86' lang='lat' dir='ltr'><strong>Deinde</strong></span> <span class='ocrx_word' id='word_1_817' title='bbox 3163 5146 3382 5204; x_wconf 74' lang='lat' dir='ltr'><strong>tertium</strong></span> 
     </span>
    </p>
   </div>
   <div class='ocr_carea' id='block_1_110' title="bbox 1805 5234 3382 5312">
    <p class='ocr_par' dir='ltr' id='par_1_110' title="bbox 1805 5234 3382 5312">
     <span class='ocr_line' id='line_1_111' title="bbox 1805 5234 3382 5312; baseline -0.011 -8"><span class='ocrx_word' id='word_1_818' title='bbox 1805 5249 2026 5304; x_wconf 89' lang='lat' dir='ltr'><strong>modum</strong></span> <span class='ocrx_word' id='word_1_819' title='bbox 2071 5242 2465 5301; x_wconf 88' lang='lat' dir='ltr'><strong>benedictionis</strong></span> <span class='ocrx_word' id='word_1_820' title='bbox 2518 5241 2698 5297; x_wconf 88' lang='lat' dir='ltr'><strong>taliter</strong></span> <span class='ocrx_word' id='word_1_821' title='bbox 2742 5241 2966 5312; x_wconf 86' lang='lat' dir='ltr'><strong>protulit</strong></span> <span class='ocrx_word' id='word_1_822' title='bbox 2996 5234 3382 5293; x_wconf 62' lang='lat' dir='ltr'><strong>dieens:Cone</strong></span> 
     </span>
    </p>
   </div>
   <div class='ocr_carea' id='block_1_111' title="bbox 1805 5326 3382 5398">
    <p class='ocr_par' dir='ltr' id='par_1_111' title="bbox 1805 5326 3382 5398">
     <span class='ocr_line' id='line_1_112' title="bbox 1805 5326 3382 5398; baseline -0.012 -2"><span class='ocrx_word' id='word_1_823' title='bbox 1805 5349 1970 5396; x_wconf 81' lang='lat' dir='ltr'><strong>vertat</strong></span> <span class='ocrx_word' id='word_1_824' title='bbox 1996 5337 2254 5392; x_wconf 87' lang='lat' dir='ltr'><strong>Dominus</strong></span> <span class='ocrx_word' id='word_1_825' title='bbox 2282 5333 2477 5390; x_wconf 83' lang='lat' dir='ltr'><strong>vultum</strong></span> <span class='ocrx_word' id='word_1_826' title='bbox 2503 5351 2656 5390; x_wconf 89' lang='lat' dir='ltr'><strong>suum</strong></span> <span class='ocrx_word' id='word_1_827' title='bbox 2687 5334 2756 5387; x_wconf 91' lang='lat' dir='ltr'><strong>ad</strong></span> <span class='ocrx_word' id='word_1_828' title='bbox 2784 5343 2854 5398; x_wconf 84' lang='lat' dir='ltr'><strong>te,</strong></span> <span class='ocrx_word' id='word_1_829' title='bbox 2886 5339 2932 5384; x_wconf 90' lang='lat' dir='ltr'><strong>et</strong></span> <span class='ocrx_word' id='word_1_830' title='bbox 2957 5329 3038 5384; x_wconf 82' lang='lat' dir='ltr'><strong>det</strong></span> <span class='ocrx_word' id='word_1_831' title='bbox 3063 5326 3156 5386; x_wconf 83' lang='lat' dir='ltr'><strong>tibi</strong></span> <span class='ocrx_word' id='word_1_832' title='bbox 3177 5339 3382 5390; x_wconf 79' lang='lat' dir='ltr'><strong>pacem.</strong></span> 
     </span>
    </p>
   </div>
   <div class='ocr_carea' id='block_1_112' title="bbox 1807 5415 3384 5492">
    <p class='ocr_par' dir='ltr' id='par_1_112' title="bbox 1807 5415 3384 5492">
     <span class='ocr_line' id='line_1_113' title="bbox 1807 5415 3384 5492; baseline -0.012 -6"><span class='ocrx_word' id='word_1_833' title='bbox 1807 5430 1866 5486; x_wconf 92' lang='lat' dir='ltr'><strong>ln</strong></span> <span class='ocrx_word' id='word_1_834' title='bbox 1893 5428 2244 5486; x_wconf 85' lang='lat' dir='ltr'><strong>conversione</strong></span> <span class='ocrx_word' id='word_1_835' title='bbox 2277 5425 2458 5482; x_wconf 87' lang='lat' dir='ltr'><strong>vultus</strong></span> <span class='ocrx_word' id='word_1_836' title='bbox 2505 5427 2624 5492; x_wconf 90' lang='lat' dir='ltr'><strong>Dei,</strong></span> <span class='ocrx_word' id='word_1_837' title='bbox 2661 5418 3047 5484; x_wconf 83' lang='lat' dir='ltr'><strong>misericordiae</strong></span> <span class='ocrx_word' id='word_1_838' title='bbox 3093 5415 3212 5484; x_wconf 80' lang='lat' dir='ltr'><strong>eius</strong></span> <span class='ocrx_word' id='word_1_839' title='bbox 3258 5427 3384 5484; x_wconf 58' lang='lat' dir='ltr'><strong>prs»</strong></span> 
     </span>
    </p>
   </div>
   <div class='ocr_carea' id='block_1_113' title="bbox 1808 5507 3382 5588">
    <p class='ocr_par' dir='ltr' id='par_1_113' title="bbox 1808 5507 3382 5588">
     <span class='ocr_line' id='line_1_114' title="bbox 1808 5507 3382 5588; baseline -0.011 -11"><span class='ocrx_word' id='word_1_840' title='bbox 1808 5530 2022 5588; x_wconf 86' lang='lat' dir='ltr'><strong>ventus,</strong></span> <span class='ocrx_word' id='word_1_841' title='bbox 2047 5521 2186 5576; x_wconf 85' lang='lat' dir='ltr'><strong>sicut</strong></span> <span class='ocrx_word' id='word_1_842' title='bbox 2209 5521 2267 5580; x_wconf 87' lang='lat' dir='ltr'><strong>in</strong></span> <span class='ocrx_word' id='word_1_843' title='bbox 2291 5519 2572 5576; x_wconf 86' lang='lat' dir='ltr'><strong>aversione</strong></span> <span class='ocrx_word' id='word_1_844' title='bbox 2595 5518 2794 5579; x_wconf 84' lang='lat' dir='ltr'><strong>vultus,</strong></span> <span class='ocrx_word' id='word_1_845' title='bbox 2824 5509 3119 5580; x_wconf 80' lang='lat' dir='ltr'><strong>indignatio</strong></span> <span class='ocrx_word' id='word_1_846' title='bbox 3143 5507 3382 5577; x_wconf 65' lang='lat' dir='ltr'><strong>eiusa:-</strong></span> 
     </span>
    </p>
   </div>
   <div class='ocr_carea' id='block_1_114' title="bbox 1809 5598 3380 5684">
    <p class='ocr_par' dir='ltr' id='par_1_114' title="bbox 1809 5598 3380 5684">
     <span class='ocr_line' id='line_1_115' title="bbox 1809 5598 3380 5684; baseline -0.01 -17"><span class='ocrx_word' id='word_1_847' title='bbox 1809 5612 2080 5684; x_wconf 86' lang='lat' dir='ltr'><strong>primitur.</strong></span> <span class='ocrx_word' id='word_1_848' title='bbox 2130 5610 2280 5666; x_wconf 87' lang='lat' dir='ltr'><strong>Unde</strong></span> <span class='ocrx_word' id='word_1_849' title='bbox 2333 5619 2389 5666; x_wconf 87' lang='lat' dir='ltr'><strong>et</strong></span> <span class='ocrx_word' id='word_1_850' title='bbox 2435 5610 2704 5679; x_wconf 86' lang='lat' dir='ltr'><strong>Propheta</strong></span> <span class='ocrx_word' id='word_1_851' title='bbox 2761 5604 2828 5659; x_wconf 87' lang='lat' dir='ltr'><strong>ad</strong></span> <span class='ocrx_word' id='word_1_852' title='bbox 2878 5600 3163 5658; x_wconf 89' lang='lat' dir='ltr'><strong>Dominum</strong></span> <span class='ocrx_word' id='word_1_853' title='bbox 3210 5598 3380 5654; x_wconf 88' lang='lat' dir='ltr'><strong>dicit:</strong></span> 
     </span>
    </p>
   </div>
   <div class='ocr_carea' id='block_1_115' title="bbox 1819 5690 3388 5774">
    <p class='ocr_par' dir='ltr' id='par_1_115' title="bbox 1819 5690 3388 5774">
     <span class='ocr_line' id='line_1_116' title="bbox 1819 5690 3388 5774; baseline -0.008 -16"><span class='ocrx_word' id='word_1_854' title='bbox 1819 5703 2030 5774; x_wconf 84' lang='lat' dir='ltr'><strong>Respice</strong></span> <span class='ocrx_word' id='word_1_855' title='bbox 2054 5705 2109 5758; x_wconf 86' lang='lat' dir='ltr'><strong>in</strong></span> <span class='ocrx_word' id='word_1_856' title='bbox 2140 5719 2218 5758; x_wconf 88' lang='lat' dir='ltr'><strong>me</strong></span> <span class='ocrx_word' id='word_1_857' title='bbox 2239 5712 2287 5758; x_wconf 88' lang='lat' dir='ltr'><strong>et</strong></span> <span class='ocrx_word' id='word_1_858' title='bbox 2325 5705 2567 5758; x_wconf 83' lang='lat' dir='ltr'><strong>miserere</strong></span> <span class='ocrx_word' id='word_1_859' title='bbox 2593 5697 2694 5751; x_wconf 86' lang='lat' dir='ltr'><strong>mei</strong></span> <span class='ocrx_word' id='word_1_860' title='bbox 2719 5692 2891 5762; x_wconf 86' lang='lat' dir='ltr'><strong>(Psal.</strong></span> <span class='ocrx_word' id='word_1_861' title='bbox 2915 5690 3135 5762; x_wconf 68' lang='lat' dir='ltr'><strong>Lxxxv).</strong></span> <span class='ocrx_word' id='word_1_862' title='bbox 3171 5690 3240 5745; x_wconf 82' lang='lat' dir='ltr'><strong>Et</strong></span> <span class='ocrx_word' id='word_1_863' title='bbox 3276 5691 3388 5746; x_wconf 65' lang='lat' dir='ltr'><strong>iter</strong></span> 
     </span>
    </p>
   </div>
   <div class='ocr_carea' id='block_1_116' title="bbox 1813 5784 3383 5865">
    <p class='ocr_par' dir='ltr' id='par_1_116' title="bbox 1813 5784 3383 5865">
     <span class='ocr_line' id='line_1_117' title="bbox 1813 5784 3383 5865; baseline -0.009 -13"><span class='ocrx_word' id='word_1_864' title='bbox 1813 5810 1975 5858; x_wconf 85' lang='lat' dir='ltr'><strong>rum:</strong></span> <span class='ocrx_word' id='word_1_865' title='bbox 2005 5794 2199 5864; x_wconf 84' lang='lat' dir='ltr'><strong>Quare,</strong></span> <span class='ocrx_word' id='word_1_866' title='bbox 2247 5796 2344 5865; x_wconf 88' lang='lat' dir='ltr'><strong>ait,</strong></span> <span class='ocrx_word' id='word_1_867' title='bbox 2398 5791 2588 5848; x_wconf 84' lang='lat' dir='ltr'><strong>avertis</strong></span> <span class='ocrx_word' id='word_1_868' title='bbox 2625 5788 2815 5862; x_wconf 77' lang='lat' dir='ltr'><strong>[aciem</strong></span> <span class='ocrx_word' id='word_1_869' title='bbox 2851 5794 3017 5852; x_wconf 88' lang='lat' dir='ltr'><strong>tuam,</strong></span> <span class='ocrx_word' id='word_1_870' title='bbox 3066 5784 3383 5844; x_wconf 77' lang='lat' dir='ltr'><strong>Oblivisceris</strong></span> 
     </span>
    </p>
   </div>
  </div>
