3892 6346
514 404 620 460 6Ω7

1194 401 1252 455 Β.
1294 399 1545 457 ΒΑΒΑΝῙ
1583 398 1803 457 MAURI
1839 396 2086 458 ARCHIE

2204 398 2511 459 MOGUNT.
2547 398 2833 458 OPERUM
2869 399 3050 456 PARS
3088 398 3131 456 l.

3679 400 3778 460 628

514 518 749 587 impiam
807 523 1040 572 nostrum
1084 521 1135 568 et
1179 513 1569 568 tribulationem
1624 523 1857 568 nostram
1902 514 2092 584 (Paul.
2122 518 2174 578 Λ
2198 530 2339 568 mam
2376 530 2565 581 meum,
2601 515 2691 569 sed
2722 530 2814 585 ego
2846 528 2981 585 pono
3010 528 3148 578 eam,
3171 520 3221 568 et
3250 512 3441 566 iterum
3464 528 3621 567 sumo
3644 529 3773 570 eam.

516 610 685 681 astu)
705 610 728 664 ἲ
751 609 1084 666 Convertere
1108 605 1373 662 Dominus
1399 606 1596 661 faciem
1636 620 1791 662 suam
1813 614 2089 671 exoratur,

514 704 644 775 (με
672 717 835 773 quem
872 700 1069 757 merito
1100 708 1448 770 peccatorum
1484 706 1798 755 nostrorum
1832 697 2093 754 auxilium

514 804 676 850 suum
706 804 738 848 a
765 792 925 848 nobis
970 798 1216 846 avertere
1238 790 1537 856 coegimus,
1578 802 1802 845 necesse
1823 798 1908 845 est
1935 795 1996 843 ut
2023 787 2092 842 ab

514 884 634 952 eius
681 882 969 939 ciente-tia
1008 882 1210 938 iterum
1264 880 1623 951 postulamus,
1652 880 1798 951 quad
1839 890 1942 950 per
1990 877 2094 932 iut-

514 990 763 1031 mensam
788 975 1047 1044 pietatem
1074 986 1226 1028 suam
1260 972 1327 1025 ad
1361 985 1460 1026 nos
1487 968 1693 1025 vultum
1727 982 1883 1026 suum
1914 968 2093 1023 denuo

515 1079 837 1127 convertere
863 1069 1136 1139 dignetur,
1163 1076 1431 1135 quatenus
1458 1065 1528 1119 ab
1572 1065 1823 1120 omnibus
1852 1061 2091 1118 inimicis

512 1176 732 1227 eruens,
762 1161 967 1215 tribuat
999 1159 1154 1214 nobis
1186 1166 1502 1228 perpetuam
1530 1171 1741 1226 pacem.
1770 1150 1909 1211 Nota
1946 1156 2093 1226 quod

512 1256 570 1310 in
596 1256 698 1309 hac
742 1251 1119 1308 benedictione
1141 1250 1426 1319 tripliciter
1450 1249 1702 1313 formata,
1740 1262 1938 1303 nomen
1984 1245 2092 1302 Do-

513 1347 649 1401 mini
684 1346 845 1400 tertio
870 1343 1102 1398 inditum
1139 1342 1231 1407 sit,
1262 1352 1322 1396 ut
1350 1341 1617 1411 intelligas
1642 1349 1887 1394 sanctam
1914 1338 2093 1392 Trini-

512 1445 681 1493 tatem
712 1450 836 1493 esse
865 1436 1149 1505 aequalem,
1180 1449 1279 1505 per
1298 1448 1462 1502 quem
1494 1440 1547 1487 et
1572 1434 1626 1486 in
1654 1447 1762 1502 quo
1783 1431 1967 1485 omnia
1991 1429 2091 1484 ho-

508 1539 686 1595 nesta,
733 1529 875 1584 bona
908 1536 963 1583 et
1006 1528 1244 1583 salubria
1286 1527 1609 1597 expetenda,
1661 1523 2002 1595 impetranda
2033 1530 2091 1577 et

508 1621 738 1676 fruenda
764 1621 897 1685 sint,
939 1620 1064 1689 quia
1106 1633 1171 1673 ex
1199 1620 1336 1688 ipso,
1366 1625 1422 1672 et
1452 1632 1550 1687 per
1583 1617 1779 1687 ipsum,
1808 1622 1865 1670 et
1886 1616 1939 1670 in
1972 1616 2091 1685 ipso

508 1719 638 1767 sunt
666 1712 846 1766 omnia
871 1727 886 1765 :
914 1711 1017 1781 ipsi
1050 1711 1220 1782 gloria
1262 1711 1316 1763 in
1344 1709 1539 1763 saecula
1565 1707 1904 1763 saeculorum.
1935 1704 2091 1772 Quod

506 1810 691 1858 autem
721 1803 1004 1858 subditur:
1039 1800 1363 1855 lnvocabunt
1395 1816 1582 1854 nomen
1625 1815 1798 1853 meum
1840 1813 1997 1868 super
2020 1797 2090 1866 ﬁ-

2196 607 2263 661 Et
2289 606 2357 661 ad
2380 605 2612 661 Piiatum
2639 625 2650 660 :
2685 604 2808 660 Non
2851 605 3066 660 haberes
3099 606 3154 660 in
3179 622 3282 672 me,
3313 606 3513 676 inquit,
3549 616 3775 676 potesta-

2195 707 2294 751 tem
2331 697 2603 751 adversum
2629 714 2711 751 me
2751 697 2940 763 ullam,
2984 698 3086 751 nisi
3107 697 3292 751 datum
3327 696 3422 752 tibi
3468 697 3658 766 fuisset
3692 698 3779 753 dc-

2196 805 2349 858 super
2375 786 2558 861 (Ioan.
2580 790 2718 861 xu).

2264 879 2677 951 Obtuleruntque
2734 881 2993 951 principes
3057 878 3228 935 Israel
3279 891 3327 935 et
3376 883 3559 951 capita
3626 880 3780 953 fami-

2196 970 2387 1025 liarum
2415 1012 2428 1036 ,
2498 989 2616 1043 qua:
2687 983 2837 1026 erant
2908 988 3001 1043 per
3055 973 3290 1044 singulas
3352 974 3525 1029 tribus
3585 976 3780 1046 parre-

2193 1062 2265 1114 αἱ
2308 1076 2511 1127 eorum,
2562 1063 2651 1133 qui
2702 1066 2965 1117 numerati
2999 1063 3210 1132 fuerant
3238 1106 3254 1131 ,
3314 1081 3547 1121 munera
3612 1084 3776 1122 coram

2193 1151 2441 1207 Domino.
2474 1153 2751 1225 Principes
2781 1169 2911 1226 ergo
2949 1152 3116 1211 Israel
3150 1164 3206 1213 et
3232 1158 3418 1229 capita
3452 1156 3773 1215 familiarum

2192 1253 2321 1300 sunt
2354 1248 2698 1316 patriarchas,
2730 1249 3008 1318 propheta:
3057 1256 3113 1305 et
3143 1250 3398 1320 apostoli,
3445 1252 3543 1320 qui
3591 1254 3772 1324 partim

2192 1335 2457 1392 doctrinis
2485 1378 2499 1402 ,
2572 1338 2773 1407 partim
2838 1337 3309 1406 exhortamentis,
3360 1342 3571 1410 partim
3634 1343 3771 1398 bonis

2193 1428 2457 1498 exemplis
2478 1436 2639 1497 atque
2662 1430 2924 1483 \irtntum
2950 1432 3206 1499 operibus
3236 1431 3350 1488 Deo
3380 1449 3615 1489 munera
3634 1442 3767 1505 grata

2192 1519 2478 1587 dederunt,
2510 1528 2565 1575 et
2589 1522 2657 1577 ad
2684 1522 3098 1578 instructionem
3132 1532 3335 1580 sancta:
3372 1526 3633 1581 Ecclesia:
3663 1542 3768 1597 gra-

2194 1611 2389 1666 tulanti
2419 1613 2623 1680 animo,
2651 1614 2910 1684 quidquid
2934 1624 3227 1684 potuerunt
3247 1618 3613 1674 contulerunt.
3650 1618 3767 1675 Sive

2187 1703 2344 1773 juxta
2386 1705 2740 1778 tropologiam
2777 1707 3052 1776 principes
3099 1707 3205 1762 dici
3246 1717 3499 1778 possunt,
3529 1711 3618 1780 qui
3642 1725 3763 1781 apo—

2198 1795 2390 1850 stolica
2442 1797 2687 1850 doctrina
2734 1796 3021 1862 instructi,
3067 1806 3177 1851 tam
3239 1800 3499 1855 sensibus
3539 1800 3762 1871 corporis

508 1893 611 1948 lies
636 1892 840 1959 Israel,
870 1901 921 1947 et
962 1908 1055 1963 ego
1085 1892 1383 1945 benedicens
1424 1892 1522 1957 eis,
1561 1890 1627 1945 ad
1654 1889 1901 1944 eumdem
1924 1887 2093 1958 perti-
2120 1871 2169 1933 Β
2196 1901 2359 1957 quam
2396 1888 2563 1942 etiam
2591 1888 2786 1943 anima:
2830 1888 3114 1944 aﬂ‘ectibus
3143 1889 3244 1946 rite
3284 1891 3587 1961 principari
3617 1898 3761 1962 atque

508 1991 602 2040 net
628 1999 868 2048 sensum,
895 1983 1023 2053 quia
1046 1982 1391 2037 sacerdotum
1427 1988 1510 2036 est
1534 1995 1732 2035 nomen
1759 1978 1977 2035 Domini
2006 1977 2091 2031 in-

506 2092 746 2134 vocare:
780 2078 993 2134 Domini
1035 2086 1217 2134 autem
1254 2079 1433 2148 ipsum
1478 2078 1547 2131 ad
1587 2076 1733 2147 quod
1779 2076 2086 2137 invocatur,

504 2170 789 2240 perﬁcere.
819 2170 886 2224 Et
909 2170 1032 2225 ideo
1066 2184 1174 2224 non
1200 2168 1358 2224 debet
1383 2170 1485 2223 hoc
1510 2168 1611 2222 sibi
1640 2181 1738 2237 per
1765 2165 1966 2221 fastum
1996 2180 2089 2219 su-

503 2263 705 2333 perbia
743 2263 979 2317 humana
1025 2260 1380 2330 praesumptio
1418 2272 1702 2327 usurpare,
1733 2256 1878 2326 quod
1921 2253 2089 2309 solius

503 2361 590 2409 est
613 2362 816 2409 sanctm
843 2353 1127 2408 Trinitatis
1152 2352 1241 2406 cui
1262 2351 1378 2404 vult
1404 2365 1502 2421 per
1523 2350 1754 2420 gratiam
1783 2363 1935 2404 suam
1957 2361 2089 2403 con-

506 2442 671 2499 ferre.

1110 2512 1337 2568 CAPUT
1373 2511 1489 2567 XII.

504 2601 587 2659 De
619 2603 881 2660 oblatione
907 2604 1201 2675 principum
1238 2602 1451 2675 Israel:
1482 2604 1581 2675 hoc
1614 2610 1689 2656 est
1716 2617 1808 2675 sea:
1833 2599 2087 2675 plaustris

577 2674 758 2796 εεειὶειζ
800 2670 920 2729 cum
959 2670 1235 2730 duodecim
1282 2673 1447 2728 bubus
1479 2673 1549 2728 ad
1593 2670 1863 2728 sewitiunt
1914 2670 2086 2725 taber-

578 2759 715 2798 nacu
738 2761 777 2798 ι.

582 2830 733 2905 (CAP.
756 2832 881 2907 vn.)
931 2833 1159 2890 Factum
1205 2844 1282 2889 est
1316 2842 1489 2889 autem
1512 2833 1566 2888 in
1599 2833 1684 2887 die
1719 2849 1823 2902 qua
1864 2828 2089 2900 comple-

510 2924 579 2981 vit
601 2922 809 2996 Moyses
844 2926 1239 2981 tabernaculum
1264 2934 1311 2981 et
1339 2926 1503 2980 erexit
1524 2924 1658 2978 illud
1678 2941 1696 2992 ;
1722 2920 2089 2992 sancti/icavit-

503 3022 604 3089 true
634 3027 681 3071 et
702 3017 852 3071 unxit
881 3032 997 3071 cum
1031 3018 1271 3072 omnibus
1300 3017 1438 3071 vasis
1473 3017 1605 3081 suis,
1650 3014 1818 3069 altare
1847 3011 2091 3067 similiter

508 3116 558 3163 et
592 3122 718 3161 vasa
757 3108 891 3176 ejus.
918 3106 1131 3179 Moyses
1159 3108 1378 3178 quidem
1422 3108 1475 3161 in
1520 3105 1751 3179 diversis
1778 3104 1913 3159 locis
1942 3102 2090 3157 Scri-

504 3200 680 3265 pturae
704 3210 875 3251 sacra:
905 3177 1113 3250 variam
1137 3177 1192 3252 et
1214 3210 1322 3251 non
1349 3197 1592 3251 eamdem
1634 3177 2087 3265 signiﬁcationem

508 3285 863 3357 babet:quia
910 3287 1203 3357 aliquando
1232 3297 1421 3360 typum
1464 3287 1647 3360 populi
1674 3284 1885 3341 Judaici
1913 3293 2081 3351 tenet,

500 3383 568 3432 ut
603 3385 687 3431 est
729 3372 861 3431 illud
886 3376 1029 3447 quod
1067 3376 1122 3432 in
1153 3376 1544 3445 Exodojussus
1583 3384 1666 3432 est
1698 3375 1928 3431 caudam
1965 3389 2084 3428 ser—

502 3456 683 3539 pentis
714 3474 936 3534 tenere;
976 3467 1247 3539 signiﬁcat
1300 3468 1444 3523 enim
1473 3466 1687 3523 Judmos
1723 3465 1879 3535 juxta
1924 3464 2087 3520 ﬁnem

504 3557 693 3613 mundi
726 3558 794 3613 ad
826 3558 984 3614 ﬁdem
1012 3557 1213 3614 Christi
1240 3566 1521 3613 venturos.
1560 3555 1862 3628 Aliquando
1885 3553 2086 3610 Christi

494 3661 791 3721 personam
842 3648 1138 3720 ﬁguraliter
1190 3648 1447 3720 exprimit
1496 3666 1509 3702 :
1554 3647 1713 3719 quale
1775 3653 1857 3701 est
1913 3644 2083 3711 illud,

503 3738 648 3810 quod
667 3738 925 3811 populum
951 3755 1049 3811 per
1070 3748 1223 3796 mare
1250 3740 1495 3796 Rubrum
1520 3739 1585 3795 de
1612 3737 1848 3811 Egypto
1877 3736 2082 3803 eduxit,

502 3827 789 3900 designans
816 3827 1093 3885 Christum
1123 3830 1325 3886 electos
1350 3845 1478 3887 suos
1501 3831 1567 3887 de
1586 3829 1818 3902 spiritali
1847 3826 2085 3900 [Egypto

502 3933 603 3991 per
626 3932 823 3992 aquam
866 3920 1211 3991 baptismatis
1236 3923 1487 3987 educere,
1520 3928 1575 3976 et
1615 3920 1682 3977 de
1704 3918 1955 3975 hostibus
1983 3933 2085 3974 sae-

501 4010 743 4067 vissimis
769 4009 1040 4076 liberare;
1094 4026 1196 4068 nec
1234 4026 1345 4067 non
1375 4019 1432 4068 et
1478 4010 1624 4068 istud
1659 4009 1803 4081 quod
1830 4010 1937 4065 hoc
1966 4007 2085 4065 loco

500 4110 893 4159 commemorat
937 4102 1156 4175 Moysen
1200 4104 1611 4161 tabernaculum
1658 4103 1980 4176 complesse,
2030 4108 2087 4157 et

502 4188 713 4259 erigere
759 4196 920 4259 atque
960 4206 1168 4262 ungere
1196 4208 1320 4248 cum
1361 4196 1616 4251 omnibus
1642 4196 1792 4251 vasis
1838 4193 1975 4259 suis,
2008 4191 2087 4246 al-

507 4286 627 4335 tare
652 4278 904 4334 similiter
930 4287 988 4335 et
1016 4294 1145 4336 vasa
1174 4283 1310 4352 ejus.
1358 4283 1793 4339 Tabernacnlum
1820 4297 1951 4353 ergo
1984 4282 2087 4337 Do-

498 4367 634 4425 mini
658 4377 743 4426 est
767 4368 1009 4425 Ecclesia
1037 4382 1295 4442 praesens,
1325 4387 1487 4443 quam
1520 4372 1770 4429 Christus
1796 4373 2086 4445 complevit

501 4473 558 4520 et
598 4463 795 4531 erexit,
834 4478 959 4520 cum
988 4479 1109 4521 eam
1152 4465 1412 4536 sanguine
1455 4481 1556 4522 suo
1590 4465 1880 4533 redimens,
1907 4466 2085 4536 perfe-

502 4561 648 4609 ctam
676 4554 779 4659 sibi
803 4553 1088 4659 devotione
1115 4556 1367 4659 reddidit,
1401 4565 1457 4613 et
1484 4556 1762 4659 indideuac
1786 4574 1880 4629 spe
1903 4560 1973 4613 ad
1994 4558 2080 4611 fu-
2106 4582 2162 4659 D

434 4662 447 4670 ο
500 4648 684 4697 turam
727 4643 957 4715 gloriam
1003 4647 1361 4718 appetendam
1412 4648 1608 4704 erexit.
1664 4647 1815 4703 Hanc
1865 4658 2081 4718 quoque

502 4733 661 4789 unxit
690 4735 812 4793 oleo
852 4736 1076 4806 latitius,
1126 4747 1183 4795 et
1223 4740 1585 4797 sanctiﬁcavit
1622 4741 1796 4812 gratia
1846 4738 2082 4812 Spiritus

503 4826 703 4892 sancti,
751 4841 875 4883 cum
911 4831 1166 4888 omnibus
1212 4834 1359 4889 vasis
1390 4832 1525 4902 ejus,
1573 4833 1758 4889 electis
1808 4832 2076 4896 videlicet,

503 4916 598 4987 qui
630 4916 698 4971 ad
740 4919 951 4975 diversa
990 4923 1292 4981 ministeria
1335 4926 1476 4981 intra
1503 4925 1800 4981 Ecclesiam
1844 4925 2080 4981 ordinati

504 5012 652 5061 sunt.
683 5004 873 5063 Altare
900 5009 1151 5066 similiter
1190 5014 1276 5069 vel
1319 5014 1646 5085 generaliter
1680 5015 1977 5070 Ecclesiam
2008 5016 2080 5070 si-

504 5093 749 5165 gniﬁcat,
775 5095 864 5152 vel
902 5096 1177 5168 perfectos
1216 5118 1481 5175 quosque,
1524 5104 1580 5159 in
1608 5094 1805 5173 quibus
1832 5113 2079 5159 aromata

501 5186 766 5243 virtutum
788 5197 951 5259 atque
972 5198 1278 5248 sanctarum
1301 5197 1607 5253 orationum
1631 5195 1960 5262 odorantur;
1993 5194 2079 5250 vel

505 5279 652 5350 quod
670 5280 1002 5351 praecipuum
1025 5291 1127 5346 est,
1150 5284 1541 5343 humanitatem
1573 5284 1776 5343 Christi
1806 5286 2074 5358 designat,

502 5368 560 5424 in
588 5382 695 5439 qua
724 5379 880 5443 grata
904 5384 1130 5426 munera
1169 5374 1554 5445 redemptionis
1588 5385 1787 5433 nostra:
1818 5376 1930 5431 Deo
1968 5373 2073 5429 Pa-

504 5458 578 5515 tri
626 5459 890 5526 exhibuit,
935 5460 1062 5532 quia
1093 5462 1207 5532 ipse
1235 5465 1489 5519 sacerdos
1532 5472 1586 5520 et
1619 5467 1833 5533 hostia;
1883 5474 1939 5522 et
1974 5465 2079 5521 hoc

504 5548 648 5618 quod
678 5550 1027 5621 semetipsum
1051 5567 1151 5623 pro
1175 5553 1333 5608 nobis
1350 5550 1498 5607 Patri
1518 5555 1745 5620 uohtniit,
1779 5557 1891 5625 ipse
1919 5565 1973 5611 et
1996 5554 2076 5609 al-

508 5646 651 5707 tare,
695 5643 824 5711 quia
849 5642 904 5697 in
938 5657 1036 5697 sua
1062 5651 1328 5713 potestate
1368 5650 1597 5698 mortem
1621 5652 1828 5711 tenens,
1856 5646 2076 5716 propria

508 5730 785 5787 Voluntate
814 5731 962 5788 illam
985 5732 1345 5804 suscipiendo,
1376 5732 1639 5804 passionis
1677 5745 2078 5790 sacramentum

504 5816 755 5887 perfecit.
797 5819 953 5879 Unde
982 5830 1038 5879 et
1072 5822 1188 5894 ipse
1223 5823 1355 5882 dicit
1379 5841 1394 5881 :
1421 5822 1592 5881 Nemo
1620 5822 1756 5880 tollit
1786 5841 1818 5880 a
1845 5842 1926 5880 me
1957 5826 2091 5898 ani-n

2195 1977 2461 2034 dominari
2499 1981 2694 2035 sciunt.
2750 1981 2991 2047 Quorum
3027 1984 3259 2039 virtutes
3309 1984 3426 2041 Deo
3455 1987 3759 2058 gratissima

2191 2083 2310 2125 esse
2338 2071 2649 2137 creduntur,
2675 2072 2799 2142 quia
2831 2074 3149 2151 exunitatis
3172 2083 3227 2130 et
3252 2078 3564 2132 concordiae
3589 2078 3754 2133 radice

2187 2162 2401 2234 prolata
2420 2164 2740 2233 probantur,
2769 2165 2884 2234 ipsa
2901 2165 3142 2223 Veritate
3167 2174 3480 2233 attestante,
3513 2185 3634 2239 qua:
3655 2171 3754 2224 ait:

2193 2252 2332 2319 Quia
2374 2256 2419 2308 si
2449 2267 2811 2311 consenserant
2839 2258 2944 2311 duo
2986 2275 3049 2312 ea:
3099 2259 3241 2314 vobis
3269 2277 3422 2331 super
3445 2270 3665 2328 terram,
3704 2260 3760 2314 de

2191 2346 2335 2400 omni
2361 2362 2415 2399 re
2438 2363 2800 2419 quamcunque
2828 2350 3094 2418 petierint,
3123 2351 3212 2419 ﬁet
3251 2350 3358 2405 illis
3382 2369 3415 2407 α
3445 2348 3609 2405 Patre
3632 2366 3759 2417 meo,

2196 2434 2279 2510 qui
2300 2446 2376 2490 est
2400 2437 2455 2489 in
2481 2437 2620 2492 caelis
2648 2436 2862 2509 (Matth.
2889 2439 3065 2512 xvm).

2262 2526 2367 2581 Sea:
2414 2526 2655 2599 plaustra
2705 2538 2841 2584 tecta
2885 2547 3003 2584 cum
3048 2531 3327 2587 duodecim
3374 2533 3565 2587 bubus.
3609 2530 3755 2588 Unum

2188 2616 2486 2687 plaustrum
2531 2619 2760 2675 obtulere
2795 2621 2901 2675 duo
2929 2622 3111 2689 duces,
3162 2633 3211 2678 et
3243 2639 3411 2677 unum
3457 2626 3635 2680 bovem
3658 2623 3750 2678 sin-

2190 2707 2335 2779 guli;
2380 2709 2779 2782 obtuleruntque
2817 2714 2874 2766 in
2914 2724 3190 2784 conspectu
3236 2716 3594 2771 tabernaculi.
3646 2715 3750 2781 Sa,

2192 2797 2389 2869 inquit,
2439 2798 2675 2869 plaustra
2722 2810 2856 2857 tecta
2908 2821 3026 2858 cum
3061 2805 3337 2859 duodecim
3387 2808 3576 2862 bubus.
3616 2807 3754 2864 Tecta

2190 2888 2433 2959 plaustra
2478 2899 2661 2947 autem
2689 2893 3047 2950 bistorialiter
3094 2897 3249 2963 dicit,
3279 2898 3365 2953 vel
3417 2908 3665 2970 cooperta
3690 2908 3757 2953 ta-

2190 2980 2350 3047 bulis,
2375 2990 2437 3038 ιιι
2464 2984 2610 3041 intus
2639 2987 2947 3057 reciperent
2977 3004 3165 3055 onera,
3196 2989 3281 3044 vel
3313 2991 3483 3046 etiam
3518 2992 3756 3065 aliquibus

2188 3073 2386 3142 pannis
2436 3082 2631 3141 strata,
2678 3084 2739 3130 ut
2791 3077 3006 3151 dignius
3054 3079 3393 3136 tabernaculi
3446 3088 3755 3137 armamenta

2193 3165 2551 3233 susciperent.
2582 3164 2806 3237 Mystice
2845 3178 3028 3224 autem
3064 3168 3313 3240 plaustra
3339 3188 3463 3242 qua:
3489 3173 3583 3227 lilii
3610 3169 3759 3228 lsrael

2114 3236 2162 3305 C
2192 3252 2397 3311 Levitis
2426 3257 2494 3312 ad
2526 3236 2931 3316 subvectionem
2960 3236 3300 3317 tabernaculi
3329 3236 3663 3329 obtulerunt,
3699 3263 3743 3318 si

2178 3345 2449 3417 ‘gnilicant
2479 3348 2794 3418 temporalis
2812 3350 2938 3406 vitae
2987 3351 3205 3421 solatia,
3241 3370 3365 3425 qua:
3410 3354 3593 3412 devoti
3623 3353 3763 3413 disci-

2183 3435 2299 3505 puli
2324 3437 2596 3506 veritatis,
2640 3440 2868 3507 Levitis,
2908 3444 3012 3499 hoc
3059 3451 3147 3499 est
3183 3448 3389 3501 sanctis
3415 3445 3764 3517 praedicatori-

2183 3526 2289 3582 bus
2321 3542 2419 3597 pro
2445 3529 2597 3583 verbi
2626 3533 3131 3602 recompensatione
3165 3533 3479 3601 conferunt,
3512 3545 3766 3607 quatenus

2182 3626 2406 3688 sumptu
2451 3620 2718 3690 corporali
2758 3622 2826 3676 ab
2862 3622 2943 3677 eis
2996 3632 3241 3694 accepto,
3284 3624 3500 3680 facilius
3552 3641 3621 3682 ac
3660 3626 3768 3682 sine

2186 3706 2576 3777 impedimento
2597 3719 2943 3769 terrenarum
2960 3729 3163 3780 rerum,
3187 3714 3456 3769 lucrandis
3474 3715 3769 3770 animabus

2188 3807 2353 3870 atque
2376 3802 2553 3858 ofﬁcio
2579 3805 2791 3874 possint
2834 3821 3035 3864 vacare
3078 3807 3271 3864 divino.
3307 3805 3468 3863 Unde
3502 3814 3564 3863 et
3590 3806 3769 3863 Domi-

2182 3908 2289 3950 nus
2320 3894 2594 3951 ordinavit
2644 3897 2731 3953 his
2770 3899 2865 3968 qui
2911 3899 3261 3972 Evangelinm
3302 3900 3651 3966 annuntiant,
3703 3899 3766 3954 de

2184 3982 2480 4057 Evangelio
2506 3986 2708 4043 vivere.
2736 3987 2805 4044 Et
2830 3989 3029 4046 Paulus
3058 3990 3361 4048 Corinthiis
3393 3991 3633 4047 scribens
3656 3989 3765 4044 ait:

2184 4074 2248 4133 Si
2268 4076 2638 4133 seminabimus
2677 4080 2819 4135 vobis
2850 4081 3133 4151 spiritalia,
3174 4098 3428 4154 magnum
3455 4089 3551 4147 est,
3576 4082 3620 4135 si
3646 4096 3744 4133 car

2182 4166 2331 4221 nalia
2351 4178 2523 4223 vestra
2543 4172 2828 4225 metamus?
2841 4169 2893 4243 (Ι
2907 4169 3029 4227 Cor.
3046 4172 3151 4244 Ix.)
3173 4173 3245 4229 Et
3263 4173 3335 4229 ad
3354 4170 3602 4229 Galatas:
3619 4168 3767 4227 Corn-

2180 4260 2432 4327 municet,
2478 4260 2674 4332 inquit,
2699 4264 2746 4317 is
2771 4266 2864 4334 qui
2900 4265 3261 4320 catechisatur
3295 4265 3470 4330 uerbo,
3497 4266 3548 4320 ei
3578 4263 3669 4336 qui
3711 4278 3764 4317 se

2186 4352 2476 4406 eatecltizat
2497 4353 2553 4407 in
2583 4355 2823 4410 omnibus
2848 4356 2994 4410 bonis
3019 4353 3220 4428 (Galat.
3247 4356 3346 4415 Vt).
3373 4355 3505 4422 Quae
3528 4354 3760 4426 plaustra

2184 4442 2404 4497 senario
2429 4458 2656 4501 numero
2681 4446 2819 4501 bene
2847 4447 3240 4518 comprehensa
3268 4455 3419 4514 sunt,
3450 4456 3510 4500 ut
3532 4444 3764 4515 perfecta

2184 4531 2429 4588 ﬁdelium
2456 4535 2673 4593 devotio
2701 4539 2795 4610 qui
2836 4540 2902 4594 de
2930 4539 3282 4596 facultatibus
3313 4541 3430 4596 suis
3454 4537 3763 4611 praedicato-

2187 4626 2339 4683 ribus
2372 4626 2579 4684 Christi
2618 4630 2954 4698 deserviunt,
3006 4632 3335 4688 insinuetur.
3366 4632 3442 4686 Et
3478 4632 3600 4686 hmo
3639 4628 3766 4685 bene

2182 4723 2336 4771 recta
2366 4732 2487 4773 esse
2513 4717 2781 4792 leguntur,
2812 4722 2969 4792 quasi
2989 4721 3056 4777 de
3082 4721 3243 4793 pleno
3269 4729 3499 4788 ornata,
3522 4729 3580 4777 et
3618 4719 3763 4774 mise-

2180 4809 2435 4866 ricordiae
2472 4811 2670 4868 ειπεριο
2714 4814 3169 4883 splendidissima,
3200 4825 3369 4886 atque
3415 4816 3488 4870 ob
3532 4815 3638 4869 hoc
3668 4810 3765 4866 Deo

2186 4902 2540 4972 acceptabilia
2572 4918 2691 4960 esse
2716 4905 3032 4975 probantur.
3066 4906 3362 4962 Duodecim
3392 4912 3587 4961 autem
3617 4905 3767 4960 boves

2186 5004 2311 5067 apte
2344 4998 2413 5052 ad
2457 4997 2571 5067 ipsa
2607 4999 2851 5070 plaustra
2877 5000 3120 5070 deputati
3155 5007 3299 5064 sunt,
3336 5008 3400 5054 ut
3438 4998 3770 5055 demonstre-

2186 5095 2278 5143 tur
2316 5089 2459 5159 quod
2500 5090 2556 5144 hi
2595 5092 2687 5160 qui
2734 5092 2790 5147 in
2842 5093 3105 5163 obsequio
3141 5100 3464 5149 sanctorum
3500 5092 3599 5161 pie
3635 5090 3772 5144 labo-

2187 5187 2331 5246 rant,
2361 5179 2462 5235 sub
2481 5179 2614 5249 jugo
2636 5181 2948 5252 apostolicae
2975 5182 3237 5239 doctrina:
3264 5181 3581 5247 constituti,
3605 5177 3774 5236 omnia

2186 5269 2414 5326 honeste
2467 5280 2524 5326 et
2558 5272 2855 5328 secundum
2886 5273 3133 5330 ordinem
3165 5273 3401 5330 debeant
3427 5286 3626 5342 agere.
3662 5269 3775 5324 Sive

2184 5360 2370 5427 boves,
2411 5361 2560 5432 ipsos
2611 5362 2862 5417 doctores
2897 5377 3187 5434 possumus
3245 5361 3522 5433 accipere,
3579 5361 3681 5431 qui
3728 5356 3775 5412 in

2186 5468 2319 5526 agro
2357 5454 2454 5510 Dei
2481 5455 2643 5525 digne
2686 5463 3003 5526 operantur,
3048 5455 3115 5510 de
3140 5454 3340 5525 quibus
3375 5451 3683 5522 Scriptura
3697 5450 3775 5518 jn-

2182 5546 2314 5601 bet:
2348 5546 2473 5601 Non
2514 5546 2755 5619 alligabis
2802 5564 2858 5602 os
2902 5548 3018 5602 bovi
3062 5548 3335 5601 trituranti
3383 5545 3582 5619 (Deut.
3640 5541 3775 5613 ut).

2184 5635 2356 5704 Quam
2385 5640 2709 5693 sententiam
2730 5639 2885 5708 legis,
2914 5639 3204 5712 Apostolus
3228 5639 3559 5697 doctoribus
3596 5636 3779 5707 Eccle-

2186 5726 2280 5780 sia:
2317 5729 2580 5797 prolatam
2622 5732 3015 5801 interpretatur
3045 5732 3231 5787 dicens
3257 5750 3269 5785 :
3293 5731 3571 5803 Nunquid
3602 5732 3670 5786 de
3705 5728 3784 5782 bo-

2186 5824 2279 5881 bus
2303 5840 2441 5898 .cura
2469 5834 2543 5880 est
2585 5823 2737 5880 Deo?
2777 5826 2859 5882 An
2890 5827 3054 5898 magis
3093 5835 3305 5900 propter
3329 5842 3439 5899 nos
3476 5827 3592 5883 hoc
3620 5818 3786 5878 dicit?
