3980 6344
245 321 344 380 629

953 312 1483 370 ENARRATIONES
1523 316 1586 368 IN
1630 315 1888 370 LIBRUM
1927 317 2388 374 NUMERORUM.
2430 349 2498 356 -—
2537 318 2666 370 LIB.
2708 320 2747 371 l.

3395 324 3499 376 630

244 437 427 507 Utique
466 440 678 504 propter
707 447 799 485 nos
834 432 944 485 Itth
975 433 1169 502 scripta
1212 439 1354 495 sunt,
1382 430 1628 501 quoniam
1666 428 1812 481 debet
1840 431 1890 488 Α
1917 430 2128 484 lntuere
2154 444 2281 500 ergo
2314 443 2478 490 nunc,
2507 427 2815 496 bujusmodi
2849 429 3042 484 divisio
3072 430 3304 483 edicitur
3335 432 3386 484 in
3420 429 3500 483 of-

244 545 394 586 arare
422 530 480 582 in
517 543 608 597 spe
633 527 724 596 qui
758 534 896 589 arat,
925 533 974 578 et
997 525 1088 596 qui
1133 527 1366 591 κήθιον-αι,
1394 526 1452 578 in
1498 539 1586 593 spe
1615 522 1816 590 fructus

240 619 556 697 percipiendi
577 618 632 690 (1
658 617 782 673 Cor.
807 617 908 688 ix).
946 617 1013 671 lii
1039 632 1170 687 ergo
1205 617 1295 686 qui
1322 615 1672 686 apostolicam
1695 625 1818 666 nor-

240 732 378 773 mam
415 716 472 770 in
504 713 894 784 praedicatione
928 720 988 766 et
1030 709 1443 766 conversatione
1471 713 1816 770 conservant,

241 807 432 864 merito
461 803 747 860 beneﬁciis
785 787 1128 858 subditorum
1173 809 1492 873 pascuntur.
1541 798 1696 866 Quod
1725 812 1820 851 au-

243 910 347 956 tem
377 897 642 967 scriptum
690 904 794 960 est,
824 911 991 950 unum
1033 894 1337 964 plaustrum
1379 891 1657 947 obtulisse-
1685 890 1820 942 duos

243 993 420 1058 duces,
454 999 514 1045 et-
545 1004 716 1044 unum
761 989 954 1043 bovem
987 987 1249 1058 singulos,
1285 985 1526 1039 ostendit
1562 991 1694 1037 tunc
1735 997 1821 1035 ac-

242 1091 452 1153 ceptum
488 1079 726 1135 cilicium
775 1093 896 1135 esse
939 1078 1244 1142 charitatis,
1287 1078 1334 1131 si
1381 1085 1491 1130 tam
1527 1091 1592 1129 ex
1637 1074 1819 1126 animo

242 1190 395 1248 quam
430 1173 596 1228 etiam
627 1187 695 1227 et
739 1186 966 1242 corpore
996 1171 1340 1232 exhibeatur,
1369 1169 1516 1238 quia,
1563 1165 1820 1236 Apostolo

241 1277 394 1331 teste,
444 1265 698 1320 Hilarem
736 1264 976 1317 datorem
1029 1261 1200 1331 diligit
1247 1259 1504 1330 Deusﬂl
1548 1257 1671 1312 Cor.
1716 1255 1816 1326 Ix).

241 1360 447 1432 Singuli
476 1368 655 1414 autem
675 1359 842 1412 boves
866 1357 988 1410 ideo
1015 1355 1180 1410 oblati
1207 1362 1333 1409 sunt
1355 1369 1387 1407 a
1413 1351 1640 1421 singulis
1665 1348 1822 1403 duci-

240 1454 360 1518 bus,
411 1459 474 1506 ut
514 1449 806 1505 ostendant
842 1448 1104 1501 unitatem
1151 1445 1276 1500 ﬁdei
1318 1455 1372 1499 et
1420 1442 1818 1513 simplicitatem

237 1543 388 1600 bona:
416 1540 734 1596 intentionis
757 1553 879 1595 cum
902 1539 993 1609 pio
1023 1538 1205 1592 labore
1231 1537 1284 1590 in
1313 1533 1627 1590 doctoribus
1652 1531 1821 1584 maxi-

238 1649 318 1690 me
342 1633 578 1689 Domino
605 1631 835 1702 placere.
885 1629 1026 1685 Sunt
1067 1638 1248 1683 tamen
1294 1627 1458 1695 aliqui
1501 1627 1553 1679 in
1581 1623 1821 1677 (lectori-

235 1729 350 1789 bus,
398 1724 490 1796 qui
537 1733 814 1793 sumptum
843 1722 1183 1792 corporalem
1218 1722 1288 1774 ab
1334 1718 1676 1773 auditoribus
1706 1714 1819 1768 suis

1923 520 2063 574 ﬁciis
2098 519 2384 574 ministerii
2405 518 2594 582 divini,
2623 526 2677 571 et
2713 520 2984 587 quomodo
3013 521 3102 574 illa
3135 522 3352 591 quidem
3381 539 3499 592 qua:

1921 621 2109 669 sancta
2141 621 2268 667 sunt
2294 627 2402 667 non
2452 611 2804 681 imponuntur
2835 614 3105 680 portanda
3156 615 3223 668 ab
3253 614 3499 670 animali-

1921 703 2022 758 bus
2050 704 2232 768 mutis,
2263 704 2360 758 sed
2386 701 2735 758 rationabiles
2769 717 2889 759 esse
2917 703 3118 760 debent
3144 707 3414 772 homines,
3445 714 3499 762 et

1921 795 1978 849 in
2015 796 2255 850 humeris
2299 796 2412 850 suis
2448 804 2667 865 portare
2713 809 2864 860 vasa,
2913 795 3111 866 quibus
3153 796 3498 852 ministratur

1921 885 2062 938 intra
2092 885 2292 939 Sancta
2321 892 2651 939 sanctorum.
2683 885 2917 940 Ea'vero
2948 902 3068 957 qure
3098 887 3347 957 graviora
3377 899 3503 942 sunt

1919 987 1974 1032 et
1997 978 2234 1043 duriora,
2267 991 2373 1030 non
2404 985 2510 1030 tam
2537 977 2948 1033 rationabilibus
2988 994 3152 1048 quam
3177 979 3342 1034 mutis
3370 995 3502 1050 por-

1923 1069 2083 1123 tanda
2137 1069 2460 1123 animalibus
2509 1069 2879 1136 imponuntur.
2915 1067 3023 1124 Sed
3077 1079 3132 1124 et
3162 1071 3214 1124 in
3257 1070 3389 1140 ipsis
3425 1079 3505 1124 est

1922 1159 2102 1228 aliqua
2146 1158 2468 1213 diil‘erentia.
2503 1157 2638 1212 Nam
2664 1155 2738 1212 illi
2776 1160 2868 1228 qui
2908 1159 3132 1216 duriora
3161 1169 3216 1216 et
3249 1161 3504 1231 graviora

1921 1252 2213 1306 observant
2255 1251 2578 1316 ministeria,
2619 1250 2774 1320 plura
2810 1251 3014 1306 habent
3048 1252 3322 1307 animalia.
3363 1252 3507 1318 Qua-

1921 1355 2048 1398 tuor
2085 1345 2232 1399 enim
2265 1345 2510 1414 plaustra
2553 1347 2752 1400 dantur
2792 1345 2918 1399 ﬁliis
2957 1341 3194 1410 Morari;
3231 1346 3358 1401 ﬁliis
3405 1363 3508 1400 au-

1923 1447 2030 1492 tem
2065 1437 2275 1493 Gerson
2313 1439 2403 1507 qui
2451 1448 2609 1493 erant
2649 1453 2814 1507 prope
2862 1437 3001 1492 ﬁlios
3031 1437 3224 1500 Caath,
3264 1441 3370 1493 duo
3397 1447 3509 1492 tan-

1922 1537 2035 1584 tum
2058 1529 2302 1599 plaustra
2329 1527 2618 1584 suﬁiciunt.
2663 1528 2738 1582 Ex
2766 1528 2963 1597 quibus
2993 1528 3324 1594 ostenditur,
3363 1530 3509 1597 quod

1921 1620 2175 1690 operibus
2202 1619 2421 1689 quidem
2450 1620 2782 1685 durioribus,
2811 1628 2866 1674 et
2888 1628 2947 1672 ut
2969 1619 3041 1673 ita
3069 1620 3246 1674 dicam
3277 1620 3509 1674 crassio-

1923 1710 2094 1775 ribus,
2125 1711 2308 1781 plures
2329 1721 2455 1765 sunt
2480 1711 2571 1780 qui
2606 1712 2748 1765 velut
2781 1712 3044 1766 animales
3069 1713 3376 1766 inserviunt
3403 1729 3415 1764 :
3443 1709 3528 1765 ad'

236 1835 337 1876 non
363 1816 674 1887 requirunt,
707 1814 800 1869 sed
825 1813 1064 1886 propriis
1103 1811 1352 1865 manibus
1383 1810 1715 1869 laborantes,
1739 1805 1818 1857 vi-
1847 1796 1895 1856 B
1922 1817 1986 1857 ea
2015 1819 2144 1858 vero
2190 1819 2309 1872 quae
2341 1803 2753 1858 rationabilibns
2797 1812 3183 1873 procurantur,
3226 1803 3382 1872 pauci
3415 1802 3506 1871 qui

235 1919 378 1966 etum
409 1907 512 1964 sibi
535 1912 866 1978 prmparant,
898 1911 1169 1974 quatenus
1205 1902 1287 1956 sui
1317 1900 1516 1953 laboris
1543 1897 1818 1968 propriam

234 1999 538 2056 mercedem
568 2012 598 2052 a
643 1994 754 2051 Deo
787 1995 1076 2066 accipiant.
1107 1993 1262 2050 Unde
1295 1993 1495 2047 Paulus
1514 1988 1814 2045 Corinthiis

233 2093 334 2146 ait:
373 2089 518 2144 Nam
555 2089 602 2143 si
640 2086 1086 2158 euangelizavero,
1118 2102 1221 2140 non
1247 2094 1324 2139 est
1345 2084 1473 2137 mihi
1498 2083 1709 2154 gloria:
1737 2096 1824 2134 ne-

234 2183 445 2238 cessitas
469 2179 598 2235 mihi
621 2177 896 2233 incumbit.
937 2176 1030 2232 Va:
1053 2163 1188 2231 enim
1214 2177 1340 2230 mihi
1364 2185 1438 2228 est
1460 2177 1506 2228 si
1539 2189 1640 2227 non
1667 2190 1822 2226 eran—

231 2274 540 2348 gelizavero.
569 2270 628 2327 Si
654 2272 792 2326 enim
826 2269 1000 2324 volens
1023 2271 1118 2323 hoc
1157 2285 1276 2339 ago,
1301 2266 1587 2322 mercedem
1615 2264 1777 2317 habeo
1802 2276 1819 2313 :

230 2365 271 2419 si
300 2375 480 2419 autem
501 2362 714 2432 inuitus,
743 2359 1064 2431 dispensatio
1090 2359 1220 2412 mihi
1245 2357 1444 2412 credita
1466 2366 1559 2410 est.
1592 2354 1722 2420 Qum
1745 2361 1820 2407 est

229 2473 344 2527 ergo
367 2471 571 2516 merces
595 2469 709 2508 mea
727 2453 820 2506 ?ut
840 2450 1181 2522 Ecangelium
1203 2449 1520 2520 prwdicans,
1545 2448 1656 2500 sine
1677 2461 1822 2499 sum-

227 2556 312 2618 plu
353 2562 553 2617 ponam
588 2543 955 2615 Evangelmm,
985 2551 1040 2596 ut
1067 2559 1170 2596 non
1195 2543 1386 2596 abutar
1425 2547 1676 2610 potestate
1707 2553 1822 2590 mea

226 2641 281 2694 in
307 2638 601 2709 Evangelia
644 2636 697 2709 (Ι
733 2635 855 2692 Cor.
905 2637 1002 2707 ix).
1053 2635 1239 2704 Neque
1275 2634 1542 2689 silendum
1585 2631 1824 2686 arbitror

227 2731 370 2802 quod
402 2730 759 2785 duodenarius
784 2744 1041 2783 numerus
1063 2739 1503 2796 unumquemque
1521 2723 1816 2784 hominem,

226 2830 280 2878 et
305 2819 706 2892 plenitudinem
733 2821 996 2890 temporis
1035 2820 1290 2887 orbisque
1340 2817 1504 2871 situm
1536 2811 1821 2882 complecti

225 2912 469 2970 videtur.
517 2912 656 2970 Nam
686 2914 850 2969 homo
891 2928 958 2968 ex
1004 2920 1211 2983 septem
1254 2909 1503 2980 partibus
1541 2912 1816 2966 constans,

226 3006 410 3061 tribus
442 3005 496 3060 in
542 3004 746 3070 anima,
776 3012 832 3059 ct
857 3011 1090 3074 quatuor
1131 3004 1184 3056 in
1213 3015 1443 3070 corpore
1468 2996 1824 3068 qualitatibus

225 3098 504 3155 consistit.
537 3095 666 3152 Sive
710 3107 892 3152 autem
935 3105 1169 3166 quatuor
1195 3101 1400 3164 partes,
1438 3091 1552 3146 sive
1582 3098 1696 3143 tres
1723 3101 1822 3158 per

1922 1893 2102 1946 minus
2137 1893 2386 1946 instructi
2416 1902 2510 1946 aut
2530 1892 2728 1946 eruditi
2751 1891 3022 1956 videntur,
3056 1892 3338 1947 accedunt.
3369 1891 3506 1947 Nam

1923 1989 2014 2044 illa
2055 2005 2174 2060 quzc
2222 1989 2453 2059 mystica
2499 1995 2704 2043 suntet
2756 1988 2809 2042 in
2857 1989 3084 2043 secretis
3120 1989 3423 2054 recondita,
3455 1995 3512 2043 et

1927 2083 2462 2152 solis_sacerdotibus
2491 2089 2696 2153 patent,
2737 2097 2845 2136 non
2877 2082 3049 2136 solum
3087 2082 3266 2137 nullus
3301 2083 3514 2136 anima-

1924 2177 1990 2232 lis
2012 2178 2174 2232 homo
2203 2175 2436 2241 accedit,
2465 2175 2558 2230 sed
2582 2188 2650 2228 ne
2679 2173 2782 2244 ipsi
2813 2173 3032 2243 quidem
3055 2173 3149 2243 qui
3175 2173 3378 2228 habere
3410 2173 3512 2227 ali-

1926 2269 2055 2341 quid
2094 2267 2344 2322 exercitii
2383 2273 2439 2321 et
2489 2265 2812 2322 eruditionis
2840 2264 3114 2328 videntur,
3160 2265 3401 2320 nondum
3435 2271 3516 2318 ta-

1926 2379 2050 2418 men
2091 2369 2275 2416 mentc
2319 2365 2375 2414 et
2409 2357 2523 2412 vita
2566 2358 2634 2412 ad
2677 2355 3068 2412 sacerdotalem
3123 2355 3353 2426 gratiam
3387 2371 3516 2410 con-

1926 2453 2273 2508 scenderunt.

2518 2537 2747 2595 CAPUT
2788 2537 2925 2592 XII].

1927 2635 2004 2692 De
2036 2635 2297 2690 oblatione
2337 2637 2529 2690 ducum
2555 2635 2744 2705 populi
2767 2634 3072 2700 lsraelitici,
3103 2645 3152 2690 et
3185 2633 3517 2689 dedicatione

2493 2704 2682 2758 altaris
2721 2704 2956 2759 Domini.

2001 2820 2179 2894 dum.)
2211 2819 2389 2891 Igitur
2420 2818 2715 2873 obtulerunt
2759 2817 2915 2872 duces
2943 2820 2997 2872 in
3030 2818 3413 2872 dedicationem
3439 2816 3519 2870 al—

1923 2915 2082 2978 taris,
2117 2912 2199 2964 die
2227 2929 2332 2982 qua
2371 2921 2587 2965 unctum
2614 2919 2710 2974 est,
2737 2903 3053 2963 oblationem
3094 2926 3246 2963 suam
3283 2918 3404 2964 ante
3432 2907 3518 2962 al-

1929 3012 2060 3057 tare.
2111 3001 2392 3058 Dedicatio
2444 3000 2656 3065 altaris,
2720 2999 3060 3054 consecratio
3106 3006 3188 3053 est
3235 2999 3514 3054 Ecclesiae.

1929 3094 2056 3149 Dies
2100 3102 2281 3149 autem
2323 3093 2411 3147 ille
2457 3107 2563 3162 quo
2592 3099 2815 3147 unctum
2840 3098 2922 3145 est
2964 3090 3155 3153 altare,
3195 3097 3406 3159 temiuis
3435 3096 3519 3144 est

223 3199 464 3262 quatuor
505 3188 849 3260 multiplices,
887 3188 1280 3244 duodenarium
1309 3197 1596 3239 numerum
1637 3179 1816 3236 homi-

1929 3184 2319 3241 incarnationis
2369 3183 2686 3247 Dominicae,
2735 3181 2952 3254 quando
2996 3188 3118 3252 post
3162 3179 3520 3234 resurrectio-

223 3297 344 3338 nem
383 3288 571 3338 !otum
615 3279 987 3352 circumplecti
1033 3296 1137 3336 non
1170 3279 1379 3333 latebit.
1427 3277 1656 3331 Mundus
1686 3289 1821 3344 quo-

228 3386 331 3442 que
356 3371 649 3428 duodecim
678 3371 854 3427 ventis
877 3371 1218 3427 terminatur.
1252 3368 1359 3424 Sed
1382 3376 1437 3424 et
1469 3369 1596 3422 anni
1620 3365 1821 3422 duode-

229 3460 313 3517 nis
341 3462 647 3530 mensibus,
680 3462 830 3518 sicut
850 3471 903 3515 et
944 3462 1059 3516 dies
1106 3461 1256 3516 horis
1295 3460 1815 3516 circumvolvuntur.

229 3549 308 3606 Ex
335 3554 539 3624 quibus
563 3553 816 3608 omnibus
853 3551 1176 3624 colligimus,
1212 3567 1428 3606 onmem
1462 3552 1736 3606 hominem
1766 3551 1819 3603 in

226 3641 376 3696 omni
423 3641 547 3698 loco
595 3649 652 3696 et
698 3648 943 3709 tempore
991 3639 1059 3695 ad
1107 3641 1516 3696 tabernaculum
1557 3642 1654 3695 Dei
1697 3655 1820 3695 cum

226 3728 392 3801 digna
416 3729 622 3785 virtute
652 3743 949 3806 properare
964 3729 1182 3786 debere.

294 3820 497 3890 Itaque
535 3837 662 3874 cum
699 3821 1004 3893 suscepisset
1042 3822 1248 3894 Moyses
1286 3822 1526 3892 plaustra
1556 3832 1606 3877 et
1652 3823 1818 3887 bores,

219 3909 474 3965 tradidit
501 3924 588 3963 eos
633 3909 842 3965 Levitis.
889 3909 1006 3965 Duo
1053 3914 1292 3982 plaustra
1328 3923 1376 3967 et
1404 3925 1630 3983 quatuor
1674 3915 1822 3968 boves

221 4002 388 4058 dedit
417 3999 548 4069 ﬁliis
576 3999 795 4069 Geraon,
821 4003 978 4074 juxta
1007 4005 1070 4057 id'
1107 4006 1245 4076 quod
1291 4007 1550 4060 habebant
1580 4024 1821 4061 necessa-

224 4097 368 4149 rium
394 4110 416 4158 ;
441 4101 672 4164 quatuor
692 4093 800 4149 alia
821 4094 1082 4166 plaustra,
1116 4106 1166 4151 et
1207 4107 1321 4152 octo
1350 4099 1500 4152 boves
1526 4099 1670 4154 dedit
1694 4097 1823 4168 [iliis

227 4182 457 4250 Feretri,
499 4185 786 4240 secundum
825 4187 992 4258 cateia
1035 4197 1084 4243 et
1115 4188 1312 4244 cultum
1339 4207 1493 4246 suum
1523 4193 1618 4246 sub
1662 4209 1824 4247 manu

227 4272 488 4330 Ithamar
519 4273 619 4343 filii
658 4276 836 4331 Aaron
883 4279 1190 4334 sacerdotis.
1239 4279 1400 4337 Filiis
1439 4293 1612 4337 autem
1654 4282 1823 4338 Caath

231 4384 335 4423 non
375 4367 524 4422 dedit
562 4367 802 4439 plaustra
843 4379 902 4425 et
922 4371 1091 4440 boves,
1115 4375 1240 4445 quia
1273 4376 1328 4430 in
1371 4380 1676 4432 sanctuario
1715 4396 1825 4432 ser-

231 4459 419 4527 viunt,
488 4466 550 4514 ob
583 4473 742 4515 onera
789 4463 1016 4534 propriis
1068 4474 1280 4536 portant
1337 4467 1588 4524 humeris.
1647 4467 1822 4541 Supe-

233 4550 346 4607 rius
395 4559 580 4606 autem
625 4553 886 4624 scriptum
923 4565 1008 4612 est
1048 4560 1192 4628 quod
1241 4559 1335 4614 lilii
1383 4560 1552 4618 Caath
1597 4575 1820 4634 portare

235 4642 504 4699 deberent
536 4644 770 4715 propriis
818 4649 1059 4704 humeris
1113 4653 1516 4710 tabernaculum
1560 4655 1814 4725 foederis,

235 4734 495 4792 Sanctum
545 4746 878 4806 sanctorum,
934 4756 1150 4808 arcam,
1202 4744 1410 4810 altare,
1467 4763 1711 4802 mensam
1765 4759 1819 4805 et

235 4829 644 4896 candelabrum,
681 4838 736 4885 et
759 4832 938 4886 omnia
968 4849 1098 4890 vasa
1131 4850 1317 4890 eorum
1346 4837 1586 4893 involuta
1613 4841 1812 4910 palliis.

236 4916 653 4976 Gersonitarum
682 4931 863 4977 autem
900 4923 1071 4979 cilicia
1119 4941 1257 4994 esse,
1292 4936 1350 4982 ut
1390 4938 1609 5000 portent
1653 4935 1816 4992 corti-

237 5025 333 5066 nas
373 5013 718 5068 tabernaculi
760 5021 815 5069 et
861 5023 1058 5071 tectum
1116 5017 1368 5084 fmderis,
1416 5025 1822 5093 operimentum

239 5103 400 5170 aliud,
443 5112 503 5159 et
531 5118 692 5174 super
719 5107 902 5161 omnia
941 5107 1185 5162 velamen
1231 5110 1666 5184 hyacinthinum,
1700 5125 1819 5172 ten-

239 5194 548 5265 toriumque
571 5195 715 5272 quod
741 5198 939 5266 pendet
974 5196 1034 5250 in
1059 5197 1282 5252 introitu
1313 5198 1534 5258 foederis
1565 5207 1820 5262 taberna-

241 5283 366 5352 culi,
394 5285 639 5342 cortinas
667 5285 792 5341 atrii
815 5293 868 5342 et
892 5285 1072 5341 velum
1095 5285 1150 5342 in
1177 5287 1404 5344 introitu
1425 5293 1570 5360 quod
1591 5301 1678 5349 est
1697 5304 1826 5351 ante

241 5377 670 5444 tabernaculum,
719 5379 900 5435 omnia
937 5395 1057 5451 quae
1089 5379 1155 5433 ad
1183 5380 1354 5436 altare
1403 5397 1614 5439 aeneum
1651 5387 1818 5455 perti-

242 5478 392 5536 nent,
420 5469 692 5526 funiculos
727 5478 784 5526 et
806 5487 935 5527 vasa
964 5472 1275 5528 ministerii.
1305 5471 1574 5532 Merarita:
1602 5493 1818 5550 quoque

241 5560 382 5632 quod
425 5569 709 5632 portarent
735 5563 946 5620 tabulas
986 5564 1320 5621 tabernaculi
1361 5575 1415 5622 et
1459 5577 1642 5624 vectes
1675 5567 1812 5639 ejus,

243 5649 523 5708 columnas
546 5660 603 5709 et
620 5667 753 5709 vasa
778 5667 988 5722 eorum,
1024 5654 1303 5712 columnas
1325 5671 1539 5728 quoque
1563 5661 1690 5716 atrii
1715 5676 1816 5732 per

241 5744 528 5808 circuitum
568 5760 694 5805 cum
731 5747 954 5810 basibus
991 5755 1048 5806 et
1087 5749 1300 5823 paxillis
1325 5758 1380 5809 et
1416 5749 1640 5814 funibus
1675 5756 1811 5822 suis.

1925 3295 2050 3335 nem
2079 3289 2134 3334 ct
2161 3278 2537 3334 ascensionem
2560 3276 2799 3342 Domini,
2831 3291 2931 3346 per
2971 3273 3207 3346 Spiritus
3232 3273 3407 3328 sancti
3435 3269 3518 3325 ef-

1927 3371 2197 3428 fusionem
2227 3369 2498 3425 univcrsis
2522 3377 2697 3425 enatus
2738 3368 2792 3424 in
2832 3367 3112 3424 coenaculo
3143 3365 3275 3422 Sion
3319 3365 3522 3421 sancti-

1925 3465 2123 3520 ﬁcatus
2150 3473 2233 3518 est
2273 3463 2632 3518 credentium.
2667 3461 2814 3517 Bene
2860 3477 2990 3531 ergo
3017 3461 3222 3516 dictum
3256 3468 3340 3515 est
3373 3457 3522 3528 quod

1927 3557 2096 3611 duces
2131 3555 2463 3610 oblationem
2508 3569 2663 3608 suam
2707 3553 3006 3608 obtulerint
3035 3553 3090 3606 in
3120 3551 3518 3609 dedicationem

1928 3646 2137 3710 altaris,
2183 3646 2310 3715 quia
2364 3645 2740 3714 unusquisque
2775 3644 3017 3698 ﬁdelium
3059 3651 3222 3712 prout
3267 3641 3371 3696 sibi
3411 3627 3520 3696 ole-

1931 3738 2133 3794 mentia
2177 3737 2356 3792 divina
2402 3750 2560 3804 posse
2598 3736 2954 3801 concesserit,
2978 3734 3310 3790 oblationem
3353 3741 3518 3790 rectae

1927 3829 2075 3894 ﬁdei,
2105 3836 2307 3884 sanctae
2334 3826 2596 3882 doctrina:
2623 3835 2680 3880 et
2715 3826 2982 3881 bonorum
3009 3840 3258 3894 operum,
3291 3825 3358 3880 ad
3397 3840 3519 3896 pro-

1928 3921 2130 3978 fectum
2171 3928 2226 3976 et
2253 3920 2518 3978 honorem
2562 3925 2764 3974 sanctis
2807 3915 3064 3972 Ecclesia:
3095 3914 3292 3971 oll‘erre
3332 3914 3510 3974 debet.

1926 4012 2191 4083 Sequitur
2217 4031 2231 4066 :

1995 4102 2146 4158 Dixit
2172 4102 2430 4158 Dominus
2473 4103 2542 4158 ad
2574 4102 2826 4174 Moysen:
2851 4103 3070 4174 Singuli.
3094 4103 3254 4158 duces
3289 4119 3380 4172 per
3406 4104 3517 4160 sin-

1927 4196 2082 4268 gulos
2119 4198 2228 4252 dies
2274 4198 2494 4266 o/ferent
2523 4214 2742 4252 munera
2774 4199 2830 4252 in
2877 4198 3266 4252 dedicationem.
3303 4197 3513 4260 altaris.

1927 4289 2070 4357 Quid
2098 4297 2183 4345 est
2211 4304 2341 4359 ergo
2365 4288 2508 4358 quod
2541 4289 2782 4360 singulos
2819 4291 2985 4346 duces
3002 4289 3302 4360 jussitper,
3331 4290 3516 4359 singu-

1927 4384 2008 4440 los
2037 4382 2154 4438 dies
2173 4379 2372 4436 oti‘erre
2410 4396 2658 4447 munera,
2695 4381 2802 4436 nisi
2837 4382 2981 4450 quod
3012 4382 3166 4436 nobis
3191 4381 3511 4449 spiritaliter

1927 4475 2125 4540 innuit,
2153 4473 2294 4543 quod
2325 4474 2490 4530 duces
2520 4474 2714 4540 nostri,
2762 4473 2814 4527 id
2859 4481 2964 4536 est,
2999 4471 3384 4540 praedicatores
3413 4489 3512 4528 no-

1908 4566 2028 4635 .stri
2057 4567 2252 4629 sancti,
2284 4554 2370 4620 'ac
2411 4565 2664 4620 ductores
2692 4563 2904 4618 itineris
2930 4562 3095 4626 recti,
3125 4561 3254 4618 licet
3289 4565 3512 4622 easdem

1929 4658 2140 4729 species
2177 4654 2506 4727 spiritalium
2533 4666 2822 4710 munerum
2850 4652 2972 4706 sive.
2991 4667 3090 4722 per
3115 4651 3421 4716 doctrinam
3449 4656 3514 4710 ti-

1926 4750 2016 4806 dei
2049 4747 2348 4809 catholicae,
2391 4745 2506 4800 sive
2555 4759 2652 4814 per
2694 4743 2938 4813 exempla
2983 4744 3250 4802 bonorum
3282 4761 3514 4817 operum

1926 4838 2198 4902 deferant,
2216 4845 2400 4892 tamen
2434 4851 2534 4905 pro
2559 4835 2964 4906 opportunitate
2997 4836 3100 4894 loci
3131 4846 3228 4894 aut
3255 4841 3514 4910 temporis

1926 4931 2276 4997 distribuunt,
2307 4938 2364 4985 et
2391 4945 2498 4985 non
2532 4930 2737 5000 pariter
2764 4945 2858 4986 eas
2884 4930 3190 5002 proferunt,
3233 4933 3514 5003 pmutille

1919 5025 2252 5082 ordinaverit
2277 5023 2409 5079 utile
2442 5030 2500 5077 et
2517 5022 2738 5078 salubre
2757 5037 2899 5089 esse,
2922 5023 2978 5079 in
3003 5022 3160 5094 cuius
3179 5039 3344 5080 manu
3365 5023 3508 5091 loca,

1921 5127 2190 5188 tempora,
2223 5132 2314 5173 res
2339 5124 2396 5172 et
2423 5114 2656 5174 elfectus-
2674 5116 2915 5172 universi
2939 5117 3280 5174 consistunt?
3311 5117 3512 5174 Videa-

1921 5226 2044 5268 mus
2076 5227 2220 5266 nunc
2247 5225 2370 5280 quae
2395 5223 2621 5264 munera
2652 5209 2727 5264 illi
2769 5211 2938 5268 duces
2972 5210 3292 5268 obtulerunt
3310 5223 3510 5264 secun-

1922 5302 2051 5358 dum
2079 5308 2412 5371 prateeptum
2435 5299 2574 5369 legis
2607 5301 2832 5358 dator-is.

1993 5391 2178 5447 Primo
2217 5393 2302 5446 die
2343 5391 2526 5446 obtulit
2553 5393 2870 5448 oblationem
2909 5407 3064 5448 suam
3109 5388 3332 5446 Nam
3358 5389 3508 5460 ﬁlius

1919 5485 2214 5540 Aminadab
2242 5485 2304 5538 de
2333 5485 2470 5538 tribu
2498 5485 2666 5539 Juda.
2702 5479 3044 5554 Fueruntque
3063 5483 3120 5536 in
3140 5498 3226 5547 ea,
3251 5481 3502 5538 acetabu-

1921 5575 2032 5631 lum
2081 5584 2381 5647 argenteum
2437 5576 2734 5646 appendens
2778 5581 2984 5628 centum
3045 5573 3262 5642 triginta
3320 5571 3504 5630 uictos.

1921 5667 2114 5723 Phiala
2142 5677 2385 5740 argentea
2409 5667 2603 5722 habens
2630 5663 2964 5736 septuaginta
3001 5661 3156 5718 siclos
3169 5663 3335 5734 justo
3363 5677 3499 5735 pon-

1919 5758 2017 5816 dus
2056 5759 2383 5841 sanctuarii:
2411 5767 2688 5836 utrumque
2730 5755 2944 5830 plenum
2991 5754 3168 5817 simila
3209 5771 3496 5833 conspersa
