3892 6346
417 327 516 382 6³1

1089 321 1146 374 Β.
1189 317 1441 375 RABANI
1477 315 1694 373 MAURI
1729 313 2047 370 ARCHIEP.
2089 309 2398 369 MOGUNT.
2437 312 2721 370 OPERUM
2759 310 2938 368 PARS
2973 315 3018 370 l.

3582 321 3688 376 (ἱὅὲ

417 424 612 490 oleo'in
635 433 956 502 sacriﬁcium
979 447 998 487 :
1019 432 1386 487 mortarioluni
1428 449 1492 486 ex
1525 432 1700 486 decem
1727 430 1868 484 siclis
1893 446 1988 483 au-
2018 429 2068 487 A
2093 426 2248 480 nobis
2271 427 2339 481 ad
2367 428 2672 497 exemplum
2709 429 2822 483 dati
2871 436 3018 494 sunt,
3070 429 3388 494 insinuant;
3425 430 3572 500 quia
3603 433 3687 487 alii

418 529 520 582 reis
547 527 755 597 plenum
778 526 1022 590 incenso;
1053 524 1228 578 bovem
1253 533 1300 578 et
1335 524 1550 577 arietem
1580 532 1626 576 et
1671 537 1863 592 agnum
1895 537 1991 574 an-

417 619 651 674 niculam
677 619 732 672 in
758 616 1120 672 holocaustum
1145 616 1452 686 hircumque
1476 631 1570 685 pro
1591 623 1836 684 peccato;
1863 622 1912 666 et
1935 613 1990 666 in

417 708 739 777 sacriﬁcium
775 705 1138 775 paciﬁcorum,
1163 705 1310 759 boves
1349 705 1503 768 duos,
1529 705 1718 758 arietes
1740 705 1988 773 quinque,

417 799 591 852 hircos
611 797 861 866 quinque,
885 811 1049 865 agnos
1074 792 1346 846 anniculos
1367 794 1614 862 quinque.
1641 790 1770 845 Haec
1795 789 1990 844 oblatio

417 895 496 941 est
525 885 747 941 Naason
775 884 874 954 ﬁlii
903 883 1219 938 Aminadab.
1254 882 1414 937 Varia
1445 881 1562 935 haac
1603 895 1732 935 vasa
1767 895 1886 950 quae
1923 880 1992 933 ad

417 975 693 1032 oﬂ'erenda
723 975 979 1029 libamina
1009 980 1130 1027 sunt
1157 971 1319 1034 facta,
1347 972 1379 1004 ’t‘
1397 970 1546 1024 varie
1570 969 1738 1024 divini
1762 983 1862 1040 pro
1883 969 1992 1024 dis-

418 1067 539 1138 pari
582 1065 885 1137 capacitate
921 1062 1275 1117 audientium.
1319 1060 1435 1115 Non
1465 1062 1610 1115 enim
1634 1076 1742 1114 una
1769 1059 1989 1115 eadem-

419 1179 527 1236 que
552 1159 802 1218 omnibus
830 1163 1010 1226 potest
1046 1154 1335 1210 convenire
1370 1152 1656 1217 doctrina;
1699 1151 1794 1207 sed
1838 1149 1993 1205 aliter

419 1256 712 1326 sapientes,
767 1248 925 1303 aliter
969 1246 1314 1317 insipientes;
1370 1245 1526 1299 aliter
1577 1243 1788 1307 divites,
1835 1241 1994 1295 aliter

416 1359 684 1417 pauperes
710 1359 724 1407 ;
749 1340 906 1394 aliter
950 1338 1090 1402 sani,
1135 1337 1291 1392 aliter
1331 1336 1530 1390 inﬁrmi
1574 1333 1800 1389 docendi
1843 1339 1987 1387 sunt.

417 1435 590 1490 Aliter
627 1442 758 1488 tunc
786 1429 938 1486 rudis
962 1427 1192 1498 populus
1221 1425 1529 1481 Iudaeorum
1561 1424 1662 1479 sub
1697 1422 1830 1494 legis
1869 1437 1993 1476 um-

416 1528 514 1583 bra
554 1537 781 1581 manens
818 1519 1146 1578 erudiendus
1191 1517 1308 1581 fuit,
1341 1526 1397 1572 et
1441 1517 1599 1571 aliter
1642 1530 1786 1570 nunc
1828 1513 1990 1569 Chri-

416 1619 629 1676 stianus
657 1615 886 1688 populus
928 1614 984 1668 in
1019 1613 1250 1667 veritate
1287 1609 1587 1681 Evangelii,
1634 1608 1768 1677 legis
1798 1613 1994 1677 myste-

415 1711 499 1764 ria
533 1707 822 1777 explanata
853 1703 1211 1771 conspiciens,
1248 1701 1304 1754 in
1358 1699 1534 1752 virum
1573 1697 1870 1766 perfectum
1909 1703 1993 1750 est

2094 517 2331 574 doctoris
2355 518 2529 576 ollicio
2576 519 2766 586 functi,
2815 520 2906 575 alii
2953 521 3006 575 in
3053 520 3308 576 ducatum
3345 531 3405 576 et
3437 524 3685 594 regimen

2092 607 2429 662 subditorum
2477 609 2710 663 ordinati
2760 617 2816 664 et
2862 609 3253 665 rationabiliter
3296 610 3548 680 praelati,
3600 612 3685 669 alii

2090 697 2434 768 simplicitate
2455 708 2512 754 et
2531 700 2940 756 mansuetudine
2962 703 3219 756 modesta:
3240 703 3682 760 conversationis

2091 788 2408 854 gratissimi,
2436 789 2525 843 alii
2555 790 2612 844 in
2641 792 2961 860 paenitentia
2982 807 3144 861 quam
3172 807 3270 861 pro
3293 794 3556 863 peccatis
3581 793 3682 848 for-

2094 877 2218 931 titer
2242 886 2298 931 et
2319 879 2581 948 condigne
2610 889 2858 948 egerunt,
2889 881 3272 950 acceptissimi.
3299 880 3522 937 Horum
3546 887 3676 940 enim

2091 969 2333 1023 omnium
2385 969 2451 1022 ad
2504 970 2912 1025 instructionem
2968 981 3214 1026 nostram
3260 972 3317 1026 in
3379 971 3675 1043 Scriptor-is

2093 1062 2264 1117 sacris
2288 1063 2440 1132 plura
2462 1063 2707 1134 exempla
2730 1064 2911 1119 divina
2931 1064 3275 1120 Providentia
3302 1067 3471 1122 nobis
3486 1071 3669 1138 posuit,

2092 1163 2358 1223 quatenus
2376 1170 2564 1210 eorum
2587 1156 2885 1212 doctrinam
2907 1157 2960 1212 in
2986 1157 3290 1224 sententiis,
3312 1167 3488 1228 atque
3512 1175 3671 1216 exem-

2092 1243 2178 1313 pla
2214 1243 2268 1296 in
2294 1244 2504 1298 actibus
2531 1259 2651 1313 quae
2677 1246 2934 1300 nobiliter
2958 1246 3100 1300 inter
3128 1260 3254 1302 suos
3291 1259 3668 1306 conversantes

2093 1332 2161 1386 ad
2215 1333 2533 1388 imitandum
2579 1334 2968 1403 proferebant,
3029 1337 3530 1402 consideraremus,
3587 1355 3670 1393 no-

2093 1429 2372 1493 stramque
2398 1423 2565 1478 vitam
2597 1437 2814 1494 semper
2857 1425 2911 1480 in
2954 1425 3179 1481 meliora
3217 1426 3527 1483 reformare
3567 1442 3667 1483 cer-

2093 1521 2352 1568 taremus.
2413 1513 2567 1570 Unde
2608 1517 2906 1571 secundum
2957 1516 3102 1588 leges
3151 1517 3471 1587 tropologia:
3518 1518 3665 1572 offert

2092 1603 2309 1673 quidem
2353 1606 2699 1686 bovem,gqui
2727 1606 3016 1662 utilitatem
3051 1607 3108 1661 in
3153 1607 3400 1662 Ecclesia
3435 1607 3523 1662 Dei
3544 1621 3662 1678 erga

2093 1694 2322 1751 salutem
2367 1698 2737 1767 proximorum
2787 1699 3066 1770 impendit.
3103 1697 3275 1755 Oﬂ‘ert
3323 1699 3550 1754 arietem
3584 1699 3663 1769 qui

416 1773 760 1855 nutriendus.
808 1795 1048 1863 Denique
1097 1791 1381 1846 acetabula
1430 1805 1547 1859 qua:
1589 1796 1874 1858 angustum
1929 1801 1991 1841 os
2019 1773 2066 1832 Β
2093 1799 2200 1840 non
2241 1787 2412 1841 solum
2441 1789 2608 1842 vitam
2651 1803 2804 1844 suam
2828 1803 3016 1859 regere
3050 1789 3177 1854 rite,
3220 1788 3319 1844 sed
3350 1797 3410 1844 et
3466 1789 3589 1843 alios
3613 1789 3659 1842 in

415 1892 648 1960 desuper
677 1886 898 1950 habent,
939 1884 1245 1955 angustiam
1275 1881 1469 1936 littera:
1506 1879 1691 1950 legalis
1719 1885 1776 1931 et
1800 1878 1995 1932 obscu—

351 1965 354 1970 I
415 1981 636 2036 ritatem
681 1974 973 2031 locutionis
1011 1972 1357 2043 prophetica,
1409 1985 1506 2040 per
1545 1967 1864 2038 mysterium
1908 1981 1997 2020 ex-

414 2072 678 2145 primunt.
715 2066 916 2124 Phiala:
955 2080 1084 2120 vero
1110 2079 1230 2135 qua}
1257 2078 1325 2118 ex
1365 2062 1507 2115 vitro
1549 2057 1806 2130 primitiis
1836 2056 1995 2111 facta;

415 2172 542 2220 sunt
564 2165 712 2234 (nam
741 2159 916 2216 Graeci
957 2158 1108 2214 ὕαλον
1140 2157 1341 2210 vitrum
1370 2153 1671 2216 nominaut,
1704 2158 1759 2205 et
1786 2157 1914 2203 sunt
1939 2148 1994 2202 in

415 2267 631 2308 summo
657 2267 752 2307 ore
779 2249 1018 2318 latiores)
1062 2247 1397 2302 luciditatcm
1446 2259 1509 2298 ac
1551 2242 1993 2314 perspicuitatem

416 2344 715 2414 evangelici
755 2357 966 2403 sensus,
995 2340 1049 2394 in
1082 2353 1191 2408 quo
1239 2335 1497 2408 mysteria
1546 2334 1730 2388 omnia
1768 2331 1902 2402 legis
1940 2339 1996 2385 et

415 2437 802 2506 prophetarum
834 2431 1118 2501 explanata
1148 2425 1292 2492 sunt,
1334 2435 1388 2483 et
1413 2427 1629 2497 planam
1669 2423 1994 2478 locutionem

418 2528 678 2583 doctrina:
730 2523 1054 2595 apostolicm,
1084 2522 1138 2577 in
1189 2535 1294 2592 qua
1339 2536 1400 2574 ca
1430 2535 1551 2588 quae
1591 2517 1742 2589 prius
1778 2516 1832 2570 in
1869 2515 1997 2569 aeni-

418 2627 598 2690 gmate
642 2617 914 2680 latebant,
958 2616 1009 2669 in
1038 2614 1213 2670 lucem
1236 2611 1444 2683 prolata
1483 2617 1539 2665 et
1583 2608 1825 2679 exposita
1868 2611 1997 2660 sunt

418 2712 712 2767 insinuant.
745 2709 815 2764 Et
843 2709 980 2763 bene
1004 2705 1286 2762 acetabula
1323 2712 1538 2759 centum
1570 2701 1801 2771 trigenta
1829 2696 1992 2752 siclo-

421 2817 539 2857 rum
565 2801 814 2872 argenti,
841 2807 1064 2868 propter
1093 2796 1410 2867 decalogum
1437 2795 1572 2865 legis
1596 2801 1652 2847 et
1673 2799 1887 2847 aetatem
1918 2788 1996 2844 le-

417 2894 710 2967 gislatoris,
753 2907 875 2963 qua:
907 2904 1122 2945 centum
1146 2888 1334 2958 viginti
1355 2900 1620 2942 annorum
1650 2891 1789 2947 erat,
1828 2881 1996 2936 fuisse

417 2987 818 3042 describuntur.
861 2979 1064 3037 Phialm
1090 2994 1303 3050 quoque
1338 2977 1678 3049 septuaginta
1712 2975 1991 3037 siclorum,

417 3079 509 3133 ubi
534 3077 788 3132 denarius
811 3089 1068 3131 numerus
1095 3071 1484 3140 multiplicatus
1523 3075 1608 3122 est
1637 3066 1856 3135 septies,
1903 3077 1990 3118 os-

419 3170 646 3222 tendens
676 3165 1041 3236 impletionem
1070 3162 1468 3224 mandatorum,
1492 3175 1600 3213 non
1625 3158 1729 3211 nisi
1758 3172 1855 3224 per
1875 3169 1996 3226 gra—

420 3257 552 3311 tiam
583 3253 818 3322 Spiritus
849 3252 1042 3316 sancti,
1065 3251 1158 3320 qui
1182 3251 1237 3304 in
1265 3248 1416 3303 Novo
1446 3247 1794 3302 Testamento
1819 3244 1994 3298 mani-

419 3344 624 3400 festius
665 3343 824 3397 datus
883 3346 1001 3403 est,
1053 3353 1213 3408 posse
1258 3335 1461 3405 perlici.
1521 3335 1659 3403 Apte
1708 3333 1824 3387 haec
1867 3346 1998 3386 vasa

419 3433 577 3504 plena
603 3431 786 3487 simila
829 3443 1123 3499 conspersa
1157 3426 1278 3481 oleo
1312 3426 1365 3479 in
1396 3423 1723 3480 sacriﬁcium
1753 3421 1872 3477 ﬁeri
1912 3420 2000 3490 ju-

420 3525 636 3591 beutur,
665 3521 794 3592 quia
833 3517 1092 3590 spiritalis
1137 3515 1365 3572 scicntia
1398 3515 1452 3570 in
1500 3515 1617 3586 lege
1646 3521 1702 3569 et
1741 3514 1795 3568 in
1824 3513 2001 3568 Evan-

420 3614 562 3684 gelio
584 3614 764 3668 inesse
801 3611 1053 3666 omnibus
1077 3615 1223 3663 recte
1247 3605 1595 3662 credentibus
1619 3613 1676 3659 et
1715 3604 1821 3658 rite
1845 3601 2003 3659 intel-

420 3703 710 3774 ligentibus
738 3710 924 3774 patet:
953 3715 1074 3770 quae
1101 3699 1335 3769 Spiritus
1376 3697 1549 3752 sancti
1587 3696 1762 3768 gratia
1791 3695 2003 3763 dispen-

421 3805 598 3862 sante,
625 3797 694 3852 ad
736 3795 1016 3851 hominum
1063 3793 1291 3847 salutem
1327 3791 1632 3858 conscripta
1681 3795 1840 3857 atque
1878 3801 2004 3855 pro-

421 3888 532 3943 lata
573 3895 677 3943 est.
711 3886 864 3942 Uade
895 3882 1223 3939 sacriﬁcium
1276 3882 1377 3936 rite
1405 3881 1496 3935 ﬁt:
1547 3881 1673 3950 quia
1705 3878 1842 3933 nihil
1889 3886 2003 3931 tam

423 3974 756 4046 acceptabile
783 3983 868 4030 est
911 3975 1042 4040 Deo,
1082 3987 1244 4042 quam
1277 3971 1557 4026 meditatio
1601 3969 1794 4024 divina:
1845 3966 2002 4037 legis,

423 4080 546 4120 cum
578 4063 926 4118 exsewtione
951 4063 1214 4116 bonorum
1245 4076 1488 4130 operum.
1523 4058 1890 4114 Mortariolum
1913 4071 2007 4110 au-

422 4164 535 4211 tem
573 4168 818 4217 aureum,
859 4153 1064 4206 habens
1111 4153 1324 4220 pondus
1367 4153 1550 4205 decem
1602 4151 1763 4205 siclos
1787 4150 2003 4219 plenum

425 4249 649 4303 incenso
672 4243 924 4300 similiter
965 4239 1147 4296 otl‘erri
1187 4239 1425 4308 iubetur.
1464 4241 1532 4293 Et
1553 4241 1682 4308 quid
1714 4240 1768 4293 in
1799 4248 2002 4293 morta-

425 4339 562 4395 rioio
597 4349 764 4394 aureo
817 4333 922 4390 nisi
966 4346 1064 4388 cor
1105 4331 1398 4386 electorum
1442 4330 1658 4400 plenum
1699 4329 1878 4383 divina
1919 4343 2005 4383 sa-

423 4430 646 4502 pientia,
683 4437 739 4484 et
763 4433 1006 4482 aromata
1049 4425 1105 4478 in
1131 4439 1192 4479 se
1229 4421 1508 4478 continens
1541 4421 1799 4474 virtutum
1840 4420 2006 4490 signi-

425 4486 660 4576 iicatnr‘t
705 4517 817 4572 Nec
843 4517 1140 4587 incongrue
1164 4513 1270 4569 dici
1299 4527 1455 4583 posse
1484 4527 1608 4568 reor
1635 4527 1863 4567 numero
1893 4486 2005 4566 sin-
2028 4486 2082 4546 Ῑ)

427 4609 599 4682 gulari
640 4623 734 4663 cor
763 4608 1079 4673 electorum,
1107 4622 1232 4662 cum
1263 4607 1318 4660 in
1368 4604 1594 4661 Actibus
1639 4605 2001 4675 apostolorum

426 4698 494 4752 de
519 4697 729 4752 unitate
769 4706 1077 4752 sanctorum
1106 4698 1184 4753 ita
1207 4697 1469 4766 scriptum
1498 4706 1614 4752 est:
1645 4695 2003 4750 Multitudinis

427 4799 605 4845 autem
631 4789 952 4845 credentium
999 4798 1110 4845 erat
1137 4807 1227 4846 cor
1251 4806 1416 4846 unum
1443 4800 1489 4844 et
1520 4791 1697 4844 animo
1727 4805 1832 4843 una
1859 4788 2000 4860 (Act.

426 4882 524 4951 tv).
549 4879 705 4948 Quod
730 4878 869 4934 bene
895 4880 1082 4935 decem
1113 4881 1368 4936 siclorum
1402 4881 1638 4950 pondere
1683 4880 1900 4949 plenum
1921 4880 2005 4934 in-

428 4987 596 5030 censo
619 4986 743 5027 esse
772 4971 1114 5036 describitur,
1162 4975 1290 5042 quia
1335 4989 1459 5028 cum
1501 4971 1885 5040 adimpletione
1911 4972 2006 5026 de-

429 5075 548 5115 cem
594 5061 994 5123 mandatorum,
1039 5060 1236 5114 bonum
1290 5063 1512 5118 odorem
1559 5059 1863 5125 suavitatis,
1906 5061 2006 5115 do-

430 5150 622 5206 ctrina:
645 5157 810 5219 aulae
851 5149 1114 5204 orationis
1136 5165 1308 5206 sacrae
1339 5151 1584 5220 proferre
1608 5153 1780 5216 novit,
1819 5160 2009 5221 quate-

430 5256 534 5298 nus
578 5241 858 5296 denarium
895 5248 1115 5295 teternaa
1164 5238 1532 5308 beati-tudinis,
1587 5244 1642 5298 in
1681 5242 1790 5298 line
1835 5242 2012 5312 perci-

428 5347 564 5402 pere.
575 5347 901 5390 mereamur.
914 5330 1046 5388 Post
1067 5343 1193 5387 vasa
1214 5345 1340 5386 vero
1357 5334 1469 5388 hac
1481 5350 1602 5404 qua:
1622 5335 1869 5405 superius
1890 5350 2006 5392 me-

429 5424 683 5488 moravit,
717 5424 930 5480 diversa
957 5422 1211 5478 animalia
1236 5421 1431 5478 offerre
1459 5423 1631 5491 jubet,
1676 5426 1778 5480 hoc
1805 5435 1888 5481 est
1916 5428 2010 5482 bo-

427 5528 550 5568 vem
575 5516 643 5570 de
685 5524 950 5580 armento,
999 5523 1054 5570 et
1097 5515 1320 5571 arietem
1374 5523 1428 5568 et
1467 5529 1659 5584 agnum
1700 5518 2007 5572 anniculum

432 5602 486 5654 iu
516 5605 911 5671 holocaustum,
944 5608 1263 5676 hircumque
1292 5620 1389 5675 pro
1441 5614 1701 5673 peccato:
1735 5624 1853 5676 quae
1890 5608 2009 5676 qui-

433 5691 554 5749 denu
585 5693 889 5764 diversitas,
918 5713 1176 5768 personas
1200 5696 1614 5769 prteccdcntimn
1657 5707 1887 5768 [uiti-um,
1917 5699 2007 5768 qui

2099 1878 2240 1932 viam
2264 1877 2490 1947 justitite
2516 1879 2748 1951 dirigere
2773 1880 3013 1935 festinat.
3046 1878 3216 1936 Oﬂ'ert
3239 1887 3297 1935 et
3337 1895 3536 1951 agnum
3575 1894 3660 1933 an-

2095 1969 2359 2035 niculum,
2389 1985 2512 2024 cum
2561 1979 2807 2026 sanctam
2856 1971 3257 2042 simplicitatem
3296 1981 3354 2027 et
3382 1987 3564 2027 veram
3592 1973 3662 2025 in-

2096 2061 2405 2115 nocentiam
2433 2062 2672 2117 exhibet.
2721 2063 2787 2117 Et
2815 2063 2932 2120 htec
2955 2065 3135 2119 omnia
3173 2064 3228 2118 in
3281 2064 3657 2130 holocaustum,

2096 2151 2222 2221 quia
2251 2166 2348 2220 pro
2377 2151 2542 2206 solius
2581 2152 2675 2206 Dei
2703 2167 2907 2216 amore,
2938 2161 2993 2208 et
3021 2160 3240 2207 aeterna:
3265 2154 3384 2208 vita:
3409 2154 3658 2208 desiderio

2095 2252 2288 2298 cuncta
2332 2241 2512 2297 facere
2557 2243 2772 2313 satagit.
2829 2242 2934 2298 Sed
2983 2243 3128 2298 inter
3169 2245 3287 2299 haec
3331 2244 3534 2298 hircum
3563 2257 3656 2313 pro

2092 2343 2316 2406 peccato
2345 2334 2540 2389 oll‘erre
2565 2349 2673 2389 non
2701 2335 3060 2401 obliviscitur,
3105 2335 3233 2405 quia
3282 2335 3350 2391 de
3393 2335 3660 2404 praeteritis

2094 2429 2334 2498 peccatis
2377 2427 2752 2496 pmnitentiam
2781 2441 2961 2497 agere,
3005 2435 3060 2482 et
3093 2441 3193 2497 pro
3237 2427 3549 2482 excessibus
3573 2427 3657 2480 hu-

2096 2533 2270 2572 manm
2295 2518 2418 2571 vita:
2445 2532 2604 2572 orare
2630 2533 2737 2570 non
2767 2515 2984 2571 desinit.
3008 2515 3192 2578 ,Oﬂ‘ert
3230 2523 3520 2586 praeterea,
3542 2515 3660 2569 sicut

2096 2610 2346 2680 superius
2379 2610 2690 2664 mandatum
2717 2617 2819 2674 est,
2853 2609 2908 2662 in
2957 2607 3309 2678 paciﬁcorum
3359 2607 3658 2665 sacrificium

2096 2702 2260 2758 boves
2289 2703 2446 2768 duos,
2492 2703 2606 2770 ipse
2638 2703 2730 2771 qui
2781 2702 2884 2757 duo
2911 2709 3181 2771 praecepta
3229 2700 3514 2755 Charitatis
3553 2713 3658 2753 cum

2096 2796 2256 2850 bonis
2282 2795 2536 2865 operibus
2560 2794 2782 2864 implet:
2814 2793 2909 2848 Dei
2947 2793 3200 2849 videlicet
3233 2807 3480 2848 amorem
3503 2800 3658 2847 osten-

2097 2887 2274 2943 dendo
2296 2886 2350 2941 in
2373 2885 2616 2942 custodia
2646 2884 3023 2939 mandatorum
3049 2883 3230 2949 illius;
3265 2890 3323 2938 et
3362 2881 3587 2953 proximi
3611 2881 3658 2934 in

2060 2993 2068 3002 '
2098 2979 2427 3036 consulendo
2457 2977 2874 3032 necessitatibus
2917 2975 3097 3030 illius:
3150 2977 3224 3029 in-
3253 2974 3453 3044 quibus
3479 2973 3662 3028 duobus

2053 3069 2066 3140 ;
2097 3071 2380 3140 praeceptis
2417 3077 2527 3123 tota
2560 3069 2642 3122 lex
2666 3067 2863 3138 pendet
2881 3074 2936 3122 et
2961 3065 3258 3136 prophetae.
3292 3062 3464 3118 Olfert
3487 3064 3657 3117 arietes

2099 3163 2356 3232 quinque,
2386 3159 2570 3215 hircos
2615 3159 2873 3228 quinque,
2903 3171 3072 3227 agnos
3110 3156 3397 3212 anniculos
3426 3155 3658 3226 quinque,

2098 3268 2220 3309 cum
2249 3253 2489 3322 quinque
2510 3250 2760 3305 sensibus
2790 3249 3032 3319 corporis
3057 3249 3112 3302 in
3137 3248 3226 3301 via
3255 3247 3499 3302 veritatis
3522 3243 3662 3298 forti-

2099 3351 2183 3398 ter
2208 3343 2376 3407 ducit,
2413 3357 2444 3397 a
2471 3341 2710 3411 peccatis
2730 3340 3046 3410 compescit,
3083 3348 3248 3408 atque
3283 3339 3438 3394 bonae
3477 3335 3664 3406 simpli-

2100 3436 2278 3491 citatis
2329 3434 2528 3488 indicia
2577 3434 2631 3487 in
2677 3433 2759 3487 eis
2807 3431 3063 3486 ostendit.
3098 3428 3223 3485 Haec
3270 3443 3402 3500 ergo
3447 3440 3659 3483 munera

2099 3525 2278 3581 omnis
2311 3525 2500 3580 doctor
2532 3524 2857 3589 catholicus,
2903 3523 3082 3578 omnis
3124 3522 3385 3593 magister
3424 3518 3670 3575 ecclesia-

2101 3618 2289 3683 sticus,
2318 3616 2496 3672 omnis
2537 3617 2700 3670 homo
2723 3615 3091 3681 Christianus,
3132 3611 3387 3669 conditori
3425 3625 3518 3664 suo
3545 3610 3668 3663 sine

2102 3709 2264 3764 dubio
2307 3708 2565 3763 exhibere
2608 3706 2788 3772 debet,
2839 3707 2966 3777 quia
3014 3705 3180 3761 nullus
3215 3700 3385 3757 divini
3428 3697 3672 3754 muneris

2104 3799 2237 3853 adeo
2268 3811 2491 3867 exspers
2530 3804 2633 3863 est,
2669 3797 2811 3866 quod
2858 3795 3055 3851 divinae
3088 3790 3501 3850 honoriﬁcentia:
3542 3787 3670 3843 nihil

2103 3888 2296 3944 debeat
2322 3906 2336 3942 :
2365 3889 2518 3958 cujus
2545 3901 2769 3942 munere
2792 3887 2896 3942 hoc
2921 3888 3097 3957 ipsum
3138 3885 3301 3941 habet
3329 3883 3469 3954 quod
3495 3888 3586 3944 est,
3616 3887 3665 3933 et

2105 3981 2462 4052 quodcunque
2483 3982 2685 4036 bonum
2715 3980 2768 4033 in
2795 3994 2852 4034 se
2877 3986 2979 4035 est.
3009 3977 3166 4046 Quia,
3200 3976 3490 4033 secundum
3522 3969 3661 4027 Pauli

2104 4071 2456 4134 sententiam,
2491 4071 2545 4122 in
2567 4070 2677 4139 ipso
2707 4069 2944 4134 vivimus,
2967 4083 3235 4122 movemur
3254 4075 3304 4120 et
3328 4082 3523 4128 sumus,
3551 4076 3666 4134 quo-

2106 4163 2249 4217 niam
2275 4179 2339 4217 ea:
2357 4163 2471 4233 ipso
2495 4171 2544 4216 et
2569 4179 2660 4232 per
2682 4163 2852 4232 ipsum
2877 4170 2926 4215 et
2963 4161 3019 4214 in
3058 4162 3171 4230 ipso
3197 4169 3320 4213 sunt
3351 4159 3522 4212 omnia
3542 4155 3662 4225 (Act.

2108 4257 2262 4327 xvii).
2291 4256 2402 4311 Nec
2429 4265 2589 4310 vacat
2613 4253 2872 4327 mysterio
2906 4253 3047 4324 quod
3081 4259 3203 4322 post
3231 4257 3570 4307 enumeratos
3590 4247 3670 4300 du-

2105 4362 2194 4401 ces
2224 4362 2347 4401 cum
2392 4346 2753 4402 oblationibus
2776 4359 2965 4401 eorum
2989 4359 3123 4414 quas
3169 4358 3266 4413 per
3302 4341 3544 4412 singulos
3569 4338 3669 4392 dies

2100 4435 2252 4505 juxta
2275 4438 2626 4492 constitutum
2654 4437 2756 4493 sibi
2788 4436 3034 4492 ordinem
3063 4435 3174 4489 Deo
3215 4433 3472 4498 oderant,
3513 4430 3672 4487 novis-

2109 4529 2244 4584 sime
2273 4528 2434 4584 simul
2482 4537 2758 4599 computat
2785 4537 2918 4599 quot
2957 4541 3088 4582 vasa
3120 4526 3462 4598 singularum
3497 4523 3672 4595 specie-

2108 4637 2248 4686 rum,
2286 4629 2342 4675 et
2370 4629 2573 4691 quanto
2601 4619 2841 4691 pondere
2885 4621 3064 4675 omnia
3105 4617 3265 4674 simul
3311 4615 3541 4680 fuerint,
3585 4615 3674 4669 hoc

2107 4718 2191 4767 est
2213 4717 2468 4783 argentea
2497 4724 2743 4765 seorsum
2769 4727 2784 4776 ;
2830 4719 2885 4764 et
2912 4718 3044 4779 quot
3070 4707 3324 4762 animalia
3351 4704 3676 4774 uniuscujus-

2109 4816 2214 4872 que
2241 4802 2456 4873 generis
2495 4810 2696 4866 cssent,
2730 4815 2848 4870 quae
2871 4799 3053 4856 offerri
3095 4806 3364 4870 praecepta
3404 4805 3558 4862 sunt,
3583 4807 3673 4848 tam

2109 4894 2162 4947 in
2195 4893 2566 4946 holocaustum
2603 4905 2768 4960 quam
2796 4891 2958 4946 etiam
2987 4891 3042 4946 in
3083 4889 3441 4961 paciﬁcorum
3477 4885 3675 4944 hostias.

2110 4983 2245 5038 Nam
2271 4983 2344 5037 ita
2367 4982 2628 5051 scriptum
2649 4991 2732 5038 est
2755 4997 2770 5036 :

2183 5154 2314 5210 licet:
2340 5155 2396 5210 in
2415 5155 2741 5211 dedicatione
2766 5156 2951 5212 altaris
2975 5157 3147 5212 oblata
3172 5165 3290 5211 sunt
3320 5174 3352 5209 a
3376 5151 3685 5226 principibus

2110 5245 2282 5301 Israel
2297 5246 2352 5301 in
2375 5247 2459 5301 die
2483 5264 2587 5319 qua
2607 5257 2964 5302 consecratum
2989 5257 3083 5303 est.
3107 5245 3394 5302 Acetabula
3425 5254 3686 5317 argentea.

2111 5338 2384 5393 duodecim
2407 5331 2618 5408 phialw,
2642 5348 2899 5410 argentea?
2925 5339 3220 5405 duodecim,
3262 5336 3580 5390 mortariola
3606 5347 3691 5384 aa-

2113 5445 2203 5482 rea
2235 5427 2507 5483 duodecim
2524 5442 2544 5480 :
2565 5429 2640 5482 ita
2665 5438 2726 5483 ut
2753 5417 2957 5484 centum
2977 5439 3026 5484 et
3047 5430 3262 5499 triginta
3288 5427 3526 5496 argentis
3549 5421 3692 5478 sit-los

2114 5519 2323 5572 haberet
2351 5535 2514 5572 unum
2542 5521 2867 5574 acetabulum
2892 5536 2911 5584 ;-
2958 5529 3004 5573 et
3050 5519 3378 5589 septuaginta
3403 5518 3568 5570 siclos
3596 5524 3696 5567 una

2112 5609 2312 5679 phiala,
2345 5608 2400 5661 id
2442 5618 2537 5675 est,
2570 5611 2624 5663 in
2668 5627 2936 5664 commune
2978 5625 3218 5663 vasorum
3261 5613 3500 5660 omnium
3527 5621 3592 5658 ea:
3617 5615 3693 5654 ar-

2112 5707 2265 5772 gento
2294 5697 2408 5751 sicli
2429 5698 2534 5751 duo
2561 5699 2725 5754 millia
2745 5702 3118 5774 quadringenti
3128 5700 3356 5775 pondere
3383 5691 3690 5752 sanctuarii.
