3892 6346
171 372 257 432 633

843 367 1380 428 ENARRATIONES
1412 369 1481 426 IN
1518 365 1783 424 LIBRUM
1820 363 2286 428 NUMERORUM.
2324 397 2398 412 -—
2433 367 2564 426 LIB.
2601 365 2643 426 Ι.

3291 375 3408 436 (Et

170 482 457 545 Hortariola
481 497 642 539 aurea
666 481 941 539 duodecim
962 485 1113 555 plena
1135 487 1364 553 incenso,
1387 487 1547 541 denos
1562 486 1720 540 siclos
1746 483 1800 546 Α
1826 494 2022 553 teneat,
2049 497 2110 543 ut
2147 488 2320 560 magis
2349 489 2450 545 Dei
2500 489 2731 561 gratiam
2772 504 2938 560 quam
2981 485 3246 548 Mensam
3285 501 3408 554 non

167 578 481 653 appendentia
514 576 742 645 pondere
783 581 1092 642 sanctuarii,
1139 580 1192 632 id
1217 590 1313 646 est,
1361 580 1518 635 simul
1562 581 1713 636 aurei

163 671 259 729 εἱειί
275 681 470 724 centum
496 669 694 739 viginti.
720 669 884 725 Boves
910 671 972 726 de
1005 682 1238 726 armento
1263 672 1317 727 in
1349 673 1710 728 holocaustum

163 767 429 830 duodecim,
453 764 640 819 arietes
665 765 958 831 duodecim,
981 768 1102 836 agni
1134 766 1371 822 anniculi
1411 766 1734 832 duodecim,“

160 868 198 912 et
235 857 506 910 libamenta
533 871 713 909 eorum
751 856 885 909 hirci
918 856 1191 910 duodecim
1235 874 1328 927 pro
1370 867 1600 926 peccato.
1642 856 1710 911 In

158 947 298 1000 hostia
323 945 664 1014 paci/icorum
693 945 838 1000 boves
868 956 1096 1016 quatuor
1115 957 1162 1001 et
1181 948 1382 1018 viginti,
1415 949 1601 1003 arietes
1625 965 1712 1004 se-

155 1041 359 1110 xaginta,
399 1038 522 1108 agni
551 1037 784 1092 anniculi
811 1039 1104 1108 sexaginta.
1151 1039 1290 1106 Quid
1319 1054 1448 1110 ergo
1481 1041 1534 1096 in
1563 1040 1709 1096 vasis

154 1128 402 1200 argenteis
426 1144 546 1198 quae
588 1128 748 1183 simul
776 1130 956 1183 omnia
1004 1130 1111 1183 duo
1140 1130 1306 1185 millia
1351 1141 1407 1186 et
1455 1131 1711 1200 quadrin-

153 1230 314 1288 gentos
348 1218 512 1274 siclos
537 1220 773 1289 pondere
806 1221 1101 1275 sanctuarii
1132 1221 1426 1285 habebant,
1452 1221 1553 1276 nisi
1588 1238 1709 1292 per-

150 1310 319 1365 fectam
349 1310 654 1366 doctrinam
700 1310 1036 1381 eloquiorum
1082 1313 1200 1377 Dei,
1245 1329 1365 1381 qure
1407 1314 1462 1366 in
1499 1313 1708 1367 duobus

149 1397 487 1454 Testamentis
513 1401 779 1465 consistit,
811 1401 1055 1470 accipere
1084 1403 1386 1458 debemus?
1409 1401 1508 1456 Cui
1537 1403 1582 1456 si
1610 1403 1714 1458 rite

148 1491 508 1558 obedierimus,
551 1493 666 1562 jam
699 1491 960 1562 quadriga
992 1492 1280 1557 virtutum,
1328 1493 1434 1549 hoc
1470 1501 1556 1547 est.
1582 1507 1715 1561 pru-

145 1581 323 1645 dentia,
347 1580 579 1648 iustitia,
608 1581 926 1637 fortitudine
957 1597 1021 1638 ac
1047 1583 1430 1652 temperantia,
1459 1583 1525 1636 ad
1555 1592 1714 1637 aeter-

141 1685 251 1724 nam
296 1672 682 1729 beatitudinem
711 1689 810 1728 nos
863 1675 1142 1744 perducit,
1189 1677 1333 1745 quod
1380 1675 1590 1729 numeri
1625 1675 1710 1729 isti

1813 585 2012 633 reatur.

1881 674 2111 747 Cumque
2138 677 2496 748 ingrederetur
2520 677 2728 748 Moyses
2753 677 3150 733 tabernaculum
3189 679 3412 748 {eum

1811 775 1868 820 ut
1893 768 2184 823 consuleret
2208 768 2503 834 oraculum,
2529 769 2782 824 audiebat
2811 785 2984 824 vocem
3023 769 3288 841 loquentis
3325 773 3408 827 ait

1809 870 1864 908 se
1887 855 1954 908 de
1971 856 2351 925 prapitiatorio,
2383 858 2522 926 quod
2543 867 2654 911 erat
2680 875 2835 928 super
2860 875 3038 913 arcam
3078 859 3406 926 testamenti,

1810 945 1946 1000 inter
1971 947 2102 1001 duos
2130 947 2400 1011 cherubin,
2440 949 2577 1001 unde
2611 955 2660 1002 et
2687 949 2993 1020 loquebatur
3012 952 3080 1005 ei.
3116 951 3396 1023 ingressus

1809 1036 2021 1107 Moyses
2047 1040 2102 1093 in
2130 1039 2538 1095 tabernaculum
2567 1040 2786 1096 hederis
2811 1051 2876 1096 ut
2917 1042 3242 1099 consuleret
3274 1057 3397 1099 ora-

1808 1128 1986 1183 culum
2020 1128 2255 1194 Domini,
2286 1131 2512 1199 mystice
2537 1131 2918 1201 prazdieatores
2953 1139 3114 1202 atque
3141 1134 3412 1190 doctores

1805 1218 1984 1288 populi
2015 1219 2108 1274 Dei
2139 1220 2376 1285 instruit,
2404 1222 2641 1290 qualiter
2664 1235 2791 1291 erga
2821 1235 3006 1278 curam
3043 1225 3196 1278 verbi
3240 1225 3414 1294 spiri-e'

1807 1309 1930 1364 talis
1959 1319 2152 1379 agant:
2185 1311 2391 1366 scilicet
2412 1319 2474 1366 ut
2502 1311 2705 1366 intrent
2729 1310 3134 1366 tabernaculum
3151 1314 3406 1381 fmderis,

1810 1401 1913 1456 hoc
1947 1411 2032 1456 est
2058 1402 2391 1472 Scripturam
2443 1417 2660 1458 sacram
2710 1402 2896 1458 sedulo
2934 1403 3282 1469 meditantur,
3305 1406 3418 1471 inut

1810 1494 1985 1565 deque
2021 1497 2244 1552 audiant
2267 1499 2396 1567 quid
2439 1498 2692 1568 loquatur
2721 1499 2802 1552 eis
2833 1497 3096 1552 Dominus
3124 1498 3285 1553 Deus.
3317 1501 3414 1557 De“

1809 1586 2186 1654 propitiatorio
2231 1603 2380 1657 ergo,
2415 1588 2530 1642 sive
2565 1596 2628 1642 ut
2658 1588 2712 1642 in
2749 1587 2938 1642 Exodo
2981 1587 3196 1657 legitur,
3235 1603 3422 1659 supra1
3455 1592 3470 1603 ⁹

1808 1675 2244 1744 pmpitiatorium
2271 1676 2514 1745 loquitur
2558 1676 2818 1730 Dominus
2857 1677 2923 1730 ad
2953 1675 3172 1746 Moysen
3201 1685 3424 1732 cuncta

131 1764 386 1820 veraciter
413 1766 570 1820 nobis
612 1767 862 1820 innuunt.
895 1766 1031 1820 Nam
1074 1765 1408 1822 millenarius
1451 1783 1708 1824 numerus
1735 1831 1776 1840 _‘
1808 1780 1929 1834 qua:
1952 1781 2048 1835 per
2073 1766 2221 1820 illum
2273 1769 2530 1823 Dominus
2578 1769 2802 1822 mandat
2849 1768 2977 1824 ﬁliis
3025 1768 3190 1823 Israel
3219 1787 3234 1821 :
3263 1770 3424 1840 quia-

115 1853 421 1925 duplicatus
451 1856 688 1911 ostendit
716 1856 930 1926 gemina
961 1855 1309 1912 Testamenta
1335 1856 1402 1910 ad
1443 1864 1700 1914 aeternam
1729 1831 1779 1890 Β
1805 1831 1904 1925 per
1928 1831 2156 1926 gratiam
2198 1857 2600 1926 propitiationis
2647 1857 2844 1912 divina:
2874 1858 3078 1912 tactum
3119 1867 3207 1914 est
3251 1831 3394 1929 quod
3419 1885 3424 1894 ~

106 1943 508 2001 beatitudinem
564 1946 814 2001 veniendi
888 1946 1044 2001 nobis
1104 1947 1243 2000 viam
1305 1948 1695 2003 demonstrare.

117 2034 714 2106 Quadringentenarius
764 2051 888 2090 vero
932 2037 1032 2092 hoc
1085 2037 1347 2101 insinuat,
1395 2039 1541 2106 quod
1577 2053 1700 2093 cum

118 2125 453 2193 perfectione
478 2126 739 2180 bonorum
770 2141 1012 2196 operum,
1049 2126 1102 2180 in
1133 2127 1392 2195 quadriga
1435 2128 1698 2182 virtutum

118 2213 239 2268 illuc
275 2215 560 2283 pervenire
607 2215 916 2281 debeamus,
957 2216 1081 2284 quia
1123 2216 1230 2270 nisi
1256 2217 1416 2272 bonis
1439 2217 1699 2287 cperibus

117 2314 384 2371 curratur,
422 2306 646 2362 minime
683 2309 994 2376 pervcnitur
1035 2309 1186 2364 illuc.
1222 2309 1535 2365 Mortariola
1577 2309 1700 2380 qui-

119 2398 230 2451 dem
258 2412 421 2452 aurea
453 2397 756 2462 duodecim,
808 2415 1036 2470 quorum
1083 2401 1293 2472 singula
1320 2403 1489 2458 denos
1537 2403 1699 2459 siclos

119 2487 507 2556 appendcbant,
548 2497 604 2542 et
639 2489 798 2543 simul
845 2491 1027 2545 omnia
1077 2493 1196 2546 auri
1241 2500 1455 2548 centum
1508 2492 1697 2563 viginti

119 2578 264 2633 siclos
294 2578 567 2648 descripta
614 2589 760 2646 sunt,
811 2582 942 2650 quid
993 2582 1320 2652 signiﬁcant,
1371 2583 1475 2638 nisi
1531 2584 1698 2640 corda

113 2669 397 2726 electorum
433 2671 569 2742 legis
599 2673 884 2728 scientiam
916 2674 990 2730 ita
1020 2675 1073 2730 in
1100 2676 1353 2732 omnibus
1379 2677 1693 2744 observare,

115 2763 368 2831 quomodo
395 2764 692 2834 apostolica
719 2765 964 2820 doctrina
988 2781 1108 2821 eam
1140 2767 1458 2824 servandam
1500 2767 1698 2822 docet?

115 2849 396 2910 Duodecies
441 2853 590 2910 enim
634 2855 759 2911 deni
805 2865 1020 2912 centum
1057 2856 1252 2927 viginti
1301 2856 1524 2912 faciunt.
1580 2856 1699 2924 Quo

111 2959 320 3003 numero
347 2955 406 3003 et
435 2947 714 3018 primitiva
747 2949 806 3003 in
843 2949 1178 3006 Hierusalem
1224 2949 1486 3016 Ecclesia,
1519 2949 1696 3020 Spll‘l'r

111 3043 211 3092 tum
253 3039 597 3109 paracletum
641 3040 696 3094 in
738 3041 825 3096 die
872 3040 1221 3100 Pentecostes
1265 3043 1495 3114 accepit.
1542 3041 1697 3098 Unde

109 3127 232 3184 bene
277 3131 554 3196 subditur,
589 3131 780 3189 siclum
819 3134 1058 3202 pondere
1103 3136 1403 3192 sanctuarii
1449 3151 1569 3194 esse
1604 3137 1694 3192 de-

108 3218 240 3275 bere.
269 3221 662 3279 Sanctuarium
688 3225 834 3282 enim
860 3225 1098 3294 Domini,
1125 3227 1365 3286 Ecclesia
1391 3240 1476 3286 est
1509 3229 1693 3286 catho—

107 3304 217 3374 lica,
243 3313 400 3382 cujus
429 3313 674 3384 regulam
710 3314 836 3370 ﬁdei
871 3325 927 3370 et
962 3316 1268 3375 intellectus
1295 3319 1341 3374 si
1372 3320 1544 3377 secuti
1573 3320 1692 3378 fue-

106 3401 282 3470 rimus,
307 3405 501 3460 omnia
527 3421 647 3476 quaa
681 3407 737 3461 in
762 3406 881 3478 lege
907 3417 962 3464 et
989 3411 1267 3481 prophetis
1303 3413 1501 3482 scripta
1541 3421 1688 3479 sunt,

104 3489 326 3548 salubria
378 3494 544 3549 nobis
571 3509 694 3550 esse
723 3496 992 3552 credenda
1025 3506 1170 3553 sunt.
1225 3499 1492 3556 Caeterum
1536 3501 1693 3569 quid-

104 3581 224 3648 quid
249 3595 404 3639 extra
459 3584 717 3640 Ecclesiae
767 3587 1037 3642 unitatem
1089 3591 1343 3655 sentitur,
1374 3591 1692 3659 intelligitur

102 3677 248 3739 atque
279 3681 563 3737 servatur,
592 3689 698 3729 non
729 3675 958 3732 salutem
1004 3678 1218 3744 animae,
1247 3679 1344 3734 sed
1391 3680 1694 3734 damnatio-

103 3775 208 3814 nem
238 3764 430 3832 pariet
456 3765 836 3822 certissimam.
889 3757 1064 3824 Boves
1110 3784 1241 3826 vero
1269 3778 1326 3824 et
1371 3771 1590 3835 arietes,
1640 3777 1696 3825 et

102 3852 206 3920 agni
236 3852 495 3908 anniculi
523 3855 688 3908 oblati
709 3856 763 3910 in
792 3858 1183 3924 holocaustum,
1213 3860 1341 3930 quia
1362 3860 1694 3916 duodenario

104 3952 322 3996 numero
357 3943 745 4010 comprehensi
790 3955 935 4014 sunt,
983 3949 1087 4004 hoc
1134 3948 1256 4004 illos
1301 3951 1462 4005 credo
1498 3951 1697 4022 signifi-

101 4039 226 4095 care,
256 4028 416 4098 quod
446 4029 560 4084 sive
611 4031 845 4088 doctoris
894 4035 1015 4104 quis
1066 4037 1119 4092 in
1171 4036 1415 4094 Ecclesia
1460 4037 1695 4095 cilicium

101 4125 255 4184 gerat,
282 4117 408 4172 sive
435 4117 666 4188 alicujus
687 4121 1030 4192 principatus
1062 4124 1320 4180 honorem
1350 4127 1568 4194 habeat,
1598 4143 1696 4184 seu

102 4209 250 4266 etiam
279 4210 595 4281 simplicem
624 4213 790 4268 vitam
820 4215 1002 4285 eligat,
1035 4218 1215 4272 omnia
1265 4220 1558 4274 secundum
1603 4221 1696 4276 do-

101 4300 312 4356 cuinam
336 4301 698 4372 apostolicam
720 4313 881 4374 atque
897 4307 1266 4378 propheticam
1290 4325 1450 4380 agere
1474 4311 1690 4366 debere.

104 4387 354 4449 Similiter
394 4393 543 4449 hirci
568 4394 847 4451 duodecim
895 4414 995 4468 pro
1036 4409 1261 4468 peccato
1289 4400 1456 4455 oblati
1487 4401 1688 4472 ﬁgura-

1802 1947 2110 2002 hominibus
2137 1956 2258 2016 post
2286 1948 2500 2017 culpam
2538 1949 3004 2018 praevaricationis
3025 1964 3310 2020 apparere,
3339 1959 3395 2006 et

1803 2038 1884 2093 eis
1909 2039 2053 2092 viam
2077 2037 2324 2092 veritatis
2362 2047 2487 2107 post
2515 2053 2757 2094 errorem
2795 2039 3172 2094 demonstrare
3211 2040 3396 2110 digna-

1801 2136 1890 2184 tus
1917 2136 2024 2183 est.
2056 2129 2133 2183 De
2163 2128 2342 2184 medio
2365 2129 2628 2183 cherubin
2654 2129 2913 2199 loquitur,
2945 2130 3069 2198 quia
3095 2146 3194 2202 per
3234 2146 3396 2201 ange-

1799 2219 1960 2276 licam
1987 2221 2275 2286 visionem,
2311 2229 2367 2275 et
2388 2237 2495 2275 non
2521 2223 2576 2275 in
2607 2237 2704 2276 sua
2732 2223 3033 2276 substantia
3061 2222 3205 2276 Deus
3235 2235 3396 2292 appa~

1800 2310 1928 2365 ruit.
1957 2311 2024 2364 Et
2052 2311 2264 2365 locutus
2289 2319 2372 2365 est
2394 2310 2589 2380 Moysi,
2612 2317 2906 2365 attestante
2924 2309 3184 2379 Apostolo
3210 2325 3224 2362 :
3253 2309 3400 2376 Quid

1797 2401 1881 2455 lex
1899 2409 2107 2471 propter
2128 2403 2566 2472 transgressiones
2583 2405 2758 2473 posita
2785 2413 2880 2470 est,
2909 2405 3073 2460 donec
3093 2406 3291 2460 veniret
3307 2421 3393 2461 se-
3413 2423 3416 2432 '

1797 2509 1915 2546 men
1954 2494 2040 2546 cui
2088 2493 2421 2562 promiserat,
2471 2493 2714 2548 ordinata
2761 2512 2854 2565 per
2894 2495 3105 2566 angelos
3146 2497 3201 2550 in
3228 2513 3410 2552 manu-

1796 2585 2106 2638 mediatoris
2135 2584 2337 2656 (Galat.
2361 2585 2466 2650 tu).
2504 2586 2638 2640 ltem
2683 2589 2749 2642 de
2777 2588 2954 2643 medio
2982 2589 3213 2642 duorum
3258 2590 3394 2644 cheo

1799 2673 1958 2729 rubin
2011 2674 2250 2744 loquitur
2286 2675 2570 2741 Dominus,
2617 2677 2745 2746 quia
2776 2693 2874 2747 per
2915 2677 3081 2731 verba
3109 2677 3397 2746 utriusque

1799 2768 2156 2833 Testamenti,
2204 2784 2444 2824 consona
2487 2785 2634 2825 voce
2677 2770 2957 2825 ad'ﬁdem
3003 2769 3254 2824 veritatis
3293 2783 3396 2823 nos

1799 2859 1998 2914 erudit.
2025 2860 2122 2914 Vel
2147 2869 2296 2915 certe
2334 2862 2399 2915 de
2423 2861 2599 2916 medio
2646 2861 2890 2931 loquitur
2931 2861 3220 2925 cherubin,
3264 2861 3396 2930 quia
3427 2881 3434 2904 ς

1797 2964 1897 3018 per
1923 2949 2271 3018 Unigenitum
2302 2965 2480 3012 suum,
2508 2950 2601 3019 qui
2634 2951 2690 3004 in
2740 2950 2919 3004 medio
2943 2951 3173 3004 duorum
3210 2949 3400 3004 Testa-
3435 2983 3439 2986 -

1798 3049 2106 3096 mentorum
2142 3041 2198 3094 in
2226 3054 2390 3095 carne
2439 3040 2716 3109 apparuit,
2751 3039 2994 3094 humano
3036 3039 3221 3109 generi
3251 3041 3420 3096 Dens"

1797 3131 1956 3188 Pater
1981 3131 2316 3187 voluntatem
2345 3147 2499 3187 suam
2524 3130 2878 3186 manifestam
2910 3129 3162 3201 dignatus
3179 3139 3283 3187 est.

2395 3240 2624 3298 CAPUT
2652 3241 2790 3298 XIV.

2147 3313 2227 3369 De
2257 3312 2572 3368 candelabro
2593 3322 2642 3367 et
2669 3313 2902 3368 lucernis
2921 3314 3062 3386 ejus.

1867 3406 2017 3478 (CAP.
2064 3405 2212 3477 vm.)
2266 3403 2598 3477 Locutusque
2636 3413 2711 3460 est
2762 3403 3019 3461 Dominus
3055 3405 3125 3459 ad
3175 3404 3391 3478 Moysen
3435 3413 3439 3420 “

1796 3497 2006 3550 dicens:
2048 3495 2280 3566 Loquere
2299 3495 2478 3548 Aaron
2498 3502 2548 3547 et
2580 3495 2720 3548 dices
2753 3495 2824 3547 ad
2869 3509 3022 3548 eum:
3049 3493 3179 3548 Cum
3203 3511 3391 3564 posue‘

1797 3588 1902 3640 rint
1935 3595 2128 3654 septem
2164 3585 2428 3648 lucernas,
2467 3584 2844 3638 candelabrum
2877 3590 2938 3638 in
2987 3584 3212 3638 australi
3237 3594 3390 3654 parte
3437 3611 3440 3614 ο

1796 3676 2050 3743 erigatur.
2081 3672 2195 3726 Hoc
2221 3675 2387 3741 igitur
2403 3674 2625 3742 principe
2649 3682 2708 3725 ut
2734 3672 2964 3727 lucerruz
2976 3681 3159 3726 contra
3183 3673 3394 3727 boream

1797 3781 1826 3817 ε
1877 3763 2086 3833 regione
2131 3764 2432 3832 respiciant,
2479 3771 2526 3815 et
2573 3762 2643 3814 ad
2676 3777 2912 3815 mensam
2955 3763 3388 3833 propositionum,
3437 3767 3440 3772 ’

1796 3862 1980 3910 contra
2006 3871 2122 3908 eam
2147 3862 2351 3923 partem
2368 3867 2527 3922 quam
2558 3850 2934 3905 candelabrum
2969 3851 3198 3921 respicit,
3219 3851 3398 3908 lucere
3435 3879 3442 3886 η

1797 3943 2071 3998 debebant.
2126 3943 2307 3998 Mensa
2351 3951 2405 3997 et
2454 3942 2838 3998 candelabrum
2879 3942 3211 3998 tabernaculi
3253 3951 3390 3997 tem-
3439 3951 3442 3986 ξ

1796 4034 2004 4105 poralia
2041 4033 2139 4088 Dei
2179 4031 2442 4088 beneficia
2473 4033 2778 4103 designant,
2812 4033 3010 4103 quibus
3050 4033 3106 4086 in
3133 4033 3390 4102 praesenti
3429 4051 3431 4053 ί

1799 4122 2074 4177 reﬁcimur
2101 4129 2160 4177 et
2183 4120 2572 4187 illuminamur,
2616 4129 2676 4176 ut
2703 4123 2790 4177 his
2839 4122 3057 4177 interim
3091 4122 3387 4179 eonfortati

1796 4225 1851 4272 et
1878 4215 2070 4285 adjuti,
2104 4224 2383 4271 crescente
2411 4216 2581 4286 gratia
2612 4215 2953 4280 meritorum,
2985 4214 3052 4270 ad
3079 4230 3274 4285 panem
3296 4231 3388 4272 an-
3419 4243 3442 4256 --

1795 4307 2040 4377 gelorum
2081 4306 2138 4360 in
2174 4305 2326 4360 caelis
2375 4305 2830 4370 manducandum,
2877 4313 2932 4359 et
2972 4305 3041 4358 ad
3089 4305 3386 4364 videndum

1791 4414 1977 4453 veram
2020 4396 2207 4451 mundi
2263 4397 2436 4452 lucem
2485 4398 2695 4450 intrare
2745 4397 3041 4450 valeamus.
3093 4394 3223 4460 Qua:
3252 4405 3382 4452 sunt

104 4477 211 4537 liter
265 4485 556 4541 instruunt
612 4487 984 4556 paenitentiam
1032 4501 1272 4560 agentes,
1323 4499 1383 4546 ut
1437 4493 1753 4560 studeant__
1791 4490 1948 4545 ambo
1967 4499 2123 4544 extra
2144 4489 2361 4544 velum:
2396 4488 2648 4558 quoniam
2674 4487 2730 4541 in
2764 4487 2868 4540 hac
2894 4484 3232 4540 solummodo
3252 4483 3381 4552 vita,
3445 4509 3448 4516 ι

102 4588 209 4630 eam
246 4578 559 4636 secundum
610 4579 850 4650 regulam
877 4581 1001 4637 fidei
1028 4583 1308 4652 perlicere.
1352 4583 1464 4640 Nec
1492 4601 1601 4640 non
1631 4586 1686 4640 in
1712 4552 1766 4614 D
1792 4586 1876 4639 vel
1919 4583 2218 4654 Scripturis
2267 4582 2468 4636 sanctis
2493 4597 2558 4635 ac
2585 4578 2902 4633 doctoribus
2928 4577 3013 4630 vel
3041 4577 3249 4632 caeteris
3301 4593 3386 4634 re-
3437 4587 3444 4620 ε

103 4669 439 4733 pacificorum
507 4669 715 4725 hostias
765 4671 930 4725 oblati
979 4672 1146 4728 boves
1195 4673 1386 4745 viginti
1433 4682 1686 4744 quatuor,

101 4758 280 4815 arietes
307 4760 625 4832 setaginta,
649 4760 786 4816 hirci
802 4761 1104 4832 sexaginta,
1128 4763 1250 4833 agni
1277 4762 1512 4818 anniculi
1535 4779 1690 4818 sexa-

102 4847 417 4917 ginta,nihil
445 4851 600 4906 aliud
626 4851 904 4906 insinuare
945 4851 1206 4916 arbitror,
1247 4852 1350 4906 nisi
1391 4852 1692 4922 spiritalem

102 4938 364 4998 scientiam
426 4944 491 4998 in
542 4941 877 5013 perfectione
924 4942 1192 4998 bonorum
1239 4957 1483 5013 operum.
1531 4944 1691 5000 Vice-

105 5029 271 5086 narius
289 5033 442 5088 enim
473 5039 537 5086 et
561 5031 943 5101 quaternarius
969 5047 1246 5097 numerus,
1275 5034 1402 5103 quia
1438 5041 1518 5090 tot
1541 5034 1693 5090 horis

103 5115 194 5174 diei
218 5137 411 5179 cursus
462 5123 772 5194 peragitur,
829 5123 1098 5194 significat
1143 5123 1320 5178 lucem
1372 5125 1610 5180 scientiae
1641 5133 1696 5180 et

103 5205 211 5264 ﬁdei
230 5223 392 5269 rectae
433 5213 591 5271 omni
631 5212 944 5268 Christiano
969 5227 1088 5268 esse
1109 5215 1493 5270 necessariam.
1527 5215 1696 5273 Sexao

105 5303 337 5368 genarius
359 5321 524 5368 vero,
548 5304 676 5373 quia
703 5304 879 5360 sexies
895 5305 949 5358 in
969 5319 1034 5359 eo
1055 5304 1311 5360 denarius
1333 5314 1545 5361 constat
1566 5307 1704 5361 mul—

107 5393 382 5462 tiplicatus,
446 5393 846 5467 perfectionem
910 5395 1289 5452 mandatorum
1339 5397 1696 5453 demonstrat.

106 5479 165 5534 Et
183 5485 298 5541 ideo
321 5501 560 5543 necesse
594 5497 679 5541 est
713 5495 773 5543 ut
792 5487 1004 5556 praelati
1027 5487 1186 5542 simul
1214 5496 1268 5543 et
1288 5490 1508 5555 subditi,
1552 5488 1692 5557 justi

109 5584 255 5644 atque
279 5583 634 5650 poenitentes,
663 5581 842 5634 omnia
882 5584 1178 5636 secundum
1209 5583 1580 5651 magisterium
1607 5599 1694 5639 ec-

108 5665 462 5728 clesiasticum
497 5671 715 5734 faciant,
754 5680 1017 5739 quatenus
1054 5673 1252 5728 oblatio
1277 5691 1462 5728 eorum
1493 5675 1544 5728 in
1567 5690 1688 5730 con.

110 5769 283 5820 snecta
337 5763 561 5819 Domini
608 5762 953 5831 pacilicorum
1006 5765 1166 5818 ritum
1222 5773 1382 5832 atque
1437 5765 1684 5821 ordinem

933 5929 990 5939 νην..

1794 4673 2120 4741 demptionis
2159 4679 2362 4726 nostra:
2395 4668 2749 4725 sacramentis
2789 4681 2928 4736 opus
2960 4665 3228 4723 habemus
3260 4686 3274 4735 ;
3326 4669 3382 4725 in

1796 4763 1978 4817 futuro
1998 4768 2180 4816 autem
2205 4760 2422 4825 saeculo,
2459 4759 2534 4813 ibi
2557 4757 2900 4812 annuntiabit
2926 4758 3080 4813 nobis
3123 4759 3382 4818 Dominus
3425 4765 3446 4792 '~

1795 4854 1973 4925 palam
1998 4852 2067 4908 de
2111 4851 2298 4915 Patre,
2328 4851 2380 4904 id
2407 4859 2511 4912 est,
2557 4849 2738 4920 palam
2771 4848 2986 4904 Patrem
3009 4853 3260 4907 ostendet
3287 4867 3381 4907 ηο-

1799 4944 1904 5000 bis.
1929 4944 2175 4999 Diximus
2202 4950 2382 4998 autem
2411 4941 2562 5007 alibi,
2586 4940 2712 5011 quia
2749 4941 2892 4998 latus
2916 4944 3247 5001 tabernaculi
3272 4961 3381 5001 me-

1796 5036 2065 5091 ridianum
2109 5035 2389 5106 antiquam
2441 5033 2538 5088 Dei
2589 5033 2798 5103 plebem
2854 5035 3200 5107 signiﬁcaret,
3257 5051 3378 5108 qua

1795 5127 1951 5198 priori
1970 5127 2241 5181 fervorem
2269 5125 2468 5181 divinae
2513 5124 2768 5180 lectionis
2807 5128 3052 5197 accepit;
3091 5141 3219 5197 pars
3242 5141 3374 5183 vero
3413 5149 3418 5152 ·

1795 5218 2234 5288 septentrionalis
2260 5218 2501 5287 ejusdem
2530 5219 2864 5274 tabernaculi
2901 5228 3280 5288 congregatam
3307 5220 3373 5272 de

1796 5311 2047 5381 gentibus
2069 5307 2386 5372 Ecclesiam,
2409 5323 2530 5378 quas
2547 5309 2746 5364 diutius
2770 5311 2828 5363 in
2847 5309 3084 5363 tenebris
3101 5315 3156 5360 et
3181 5307 3372 5360 umbra
3422 5319 3444 5336 '-

1799 5400 1992 5454 mortis
2019 5406 2376 5464 remanserat,
2396 5399 2676 5456 indicaret.
2723 5400 2876 5455 Unde
2901 5403 3047 5452 recta
3073 5396 3376 5450 distinctio-
3443 5429 3448 5438 -

1797 5504 1894 5555 ne,
1918 5489 2083 5544 etiam
2111 5487 2512 5555 candelabrum,
2544 5491 2686 5560 quod
2727 5489 2778 5542 in
2811 5495 2979 5557 parte,
3015 5485 3238 5540 australi
3263 5485 3375 5540 eol-
3443 5497 3446 5504 '

1790 5579 2019 5643 locatur,
2045 5586 2220 5648 potest
2267 5582 2646 5650 gratiamque
2681 5578 2848 5647 priori
2885 5575 3080 5645 populo
3107 5575 3241 5629 data
3283 5587 3382 5632 est
3439 5603 3442 5606 ~

1789 5670 2080 5729 insinuare.
2106 5669 2286 5724 Mensa
2309 5687 2442 5725 rem
2466 5685 2586 5738 quae
2611 5671 2664 5721 in
2693 5673 2850 5733 parte
2881 5664 3145 5732 aquilonis
3170 5668 3367 5735 stabat,

1788 5778 1851 5819 ea
1882 5778 2001 5833 qua:
2047 5764 2207 5820 nobis
2233 5765 2436 5820 donata
2481 5768 2607 5816 sunt
2635 5757 3029 5818 Deibenelicia
3055 5758 3367 5829 designare.
3425 5769 3428 5780 ‘
