3892 6346
1149 342 1209 397 Β.
1251 337 1507 399 RABANI
1547 336 1769 403 MAUBI
1806 331 2124 392 ARCHIEP.
2168 328 2477 387 MOGUNT.
2519 326 2804 385 OPERUM
2840 325 3023 383 PARS
3051 325 3093 379 ι.

3673 329 3758 385 636

504 467 674 527 Recte
713 458 1101 525 candelabrum
1156 461 1351 517 contra
1395 467 1640 511 mensam
1685 452 1923 522 positum
1972 462 2090 503 esse
2119 460 2171 514 Α
2194 446 2438 501 ordinem
2467 444 2914 507 ecclesiasticum,
2939 439 3209 511 quomodo
3246 439 3349 494 rite
3373 439 3438 494 ad
3482 444 3755 501 sacerdotii

506 558 726 616 dicitur,
751 553 879 623 quia
914 550 1171 605 nimirum
1204 546 1485 615 Scriptura
1532 544 1669 616 legis
1711 552 1766 598 et
1806 542 2091 615 propheta—

502 664 648 715 rum,
677 662 776 717 per
803 644 985 707 omnia
1014 642 1087 703 ad
1126 640 1359 715 gratiam
1388 636 1659 709 Evangelii
1696 635 1935 706 respicit,
1964 633 2091 688 huic

503 740 760 799 videlicet
805 735 1171 797 testimonium
1218 731 1513 804 perhibens
1543 748 1556 784 :
1592 738 1646 784 et
1697 744 1794 800 per
1842 729 1982 783 hanc
2033 740 2093 781 se

506 847 669 899 sensu
689 828 915 900 spiritali
944 825 1286 884 revolandum
1319 836 1440 881 esse
1468 820 1798 889 signiﬁcans.
1846 816 2093 887 Fecitque

502 925 686 985 Aaron
725 930 775 977 et
807 918 1053 989 imposuit
1103 914 1345 973 lucernas
1388 927 1545 981 super
1597 908 1990 973 candelabrum,
2038 917 2091 963 ut

503 1020 821 1086 prwceperat
848 1008 1104 1065 Dominus
1132 1004 1323 1074 Moysi.
1354 1002 1611 1056 Lucerna:
1637 1008 1863 1070 septem,
1887 1007 2094 1069 septem

504 1112 634 1167 sunt
656 1105 797 1161 dona
823 1101 1059 1172 Spiritus
1094 1096 1290 1161 sancti,
1318 1111 1438 1166 qua:
1469 1102 1524 1149 et
1554 1093 1609 1147 in
1639 1092 1865 1146 Domino
1891 1089 2095 1145 redem-

506 1208 662 1270 ptore
690 1204 875 1253 nostro
910 1198 1103 1249 cuncta
1147 1202 1361 1258 semper
1393 1193 1728 1249 manserunt,
1761 1192 1815 1238 et
1848 1183 1901 1237 in
1933 1198 2098 1236 mem-

509 1290 626 1353 bris
649 1288 808 1357 eius:
840 1286 945 1340 hoc
986 1290 1071 1337 est
1099 1280 1354 1337 omnibus
1388 1279 1598 1342 electis,
1634 1293 1731 1348 pro
1763 1277 1880 1346 ejus
1909 1275 2095 1329 volun-

504 1387 623 1441 ωε
642 1377 931 1437 disuibnta
974 1384 1121 1431 sunt.
1168 1373 1451 1429 Ponuntur
1476 1388 1604 1442 ergo
1633 1371 1867 1426 lucernae
1891 1376 2095 1439 septem

504 1484 673 1539 mer
710 1467 1120 1531 muddsbrum,
1170 1465 1300 1533 quia
1346 1478 1512 1532 super
1562 1463 1957 1529 redemptorem
2002 1475 2093 1512 no-

505 1566 680 1619 strum
728 1555 1148 1627 primogenitum
1179 1554 1246 1611 de
1288 1552 1471 1609 radice
1500 1550 1673 1617 Jesse,
1719 1549 1961 1620 requievit
1991 1550 2096 1619 spi-

506 1648 638 1709 ritus
974 1656 1023 1701 et
1046 1644 1356 1711 intellectus,
1384 1646 1599 1715 spiritus
1619 1643 1825 1698 consilii
1864 1652 1912 1696 et
1940 1642 2093 1711 forti-

503 1741 727 1806 tudinis,
768 1740 985 1809 spiritus.
1013 1739 1244 1795 scicntia!
1271 1745 1323 1791 et
1360 1736 1588 1806 pietatis,
1636 1744 1681 1788 et
1712 1732 1920 1802 replevit
1974 1749 2092 1787 eum

2190 537 2434 591 ordinem
2489 536 2747 591 accedere
2795 534 2983 604 possit.
3036 533 3285 590 Ostendit
3324 533 3471 587 enim
3510 539 3754 603 quomodo

2191 626 2465 698 puriﬁcari
2484 628 2733 692 debeant,
2761 636 3047 695 antequam
3072 627 3139 680 ad
3152 625 3395 681 divinum
3416 626 3753 684 ministerium

2192 721 2469 775 accedant.
2500 719 2741 774 Primum
2774 734 2867 775 eos
2900 717 3055 787 jubet
3091 718 3301 789 aspergi
3330 731 3473 786 aqua
3501 717 3751 775 lustratio-

2191 813 2293 877 nis,
2326 828 2486 883 quam
2514 828 2798 884 possumus
2828 811 3141 881 intelligere,
3175 810 3287 865 sive
3323 811 3587 881 baptismi
3607 828 3736 870 sacra

2194 909 2462 967 mentum,
2513 917 2608 957 seu
2663 902 2825 956 etiam
2877 901 3237 971 lacrymarum
3299 898 3634 965 ell‘usioncm,
3674 918 3749 974 per

2193 1006 2327 1061 quas
2349 991 2571 1046 maculae
2602 1001 2949 1060 peccatorum
2990 990 3093 1045 rite
3125 989 3441 1043 abluuntur.
3494 989 3680 1047 Deinde
3700 1004 3745 1047 ut

2193 1083 2387 1139 radant
2414 1099 2601 1138 omnes
2622 1084 2757 1153 pilos
2786 1084 2966 1138 carnis
2995 1097 3124 1138 sua}.
3158 1081 3258 1136 Pili
3284 1083 3474 1137 carnis
3505 1092 3731 1154 suntque

2192 1174 2323 1229 libet
2372 1174 2636 1244 superﬂua
2678 1170 2936 1227 humana:
2994 1173 3380 1242 corruptionis.
3442 1172 3547 1228 Pili
3580 1177 3740 1241 carnis,

2194 1275 2317 1321 sunt
2343 1267 2467 1321 vita:
2502 1267 2700 1321 veteris
2735 1266 3110 1337 cogitationes,
3142 1280 3277 1334 quas
3308 1267 3390 1320 sic
3418 1280 3452 1318 a
3496 1276 3656 1321 mente
3682 1269 3743 1322 in-

2194 1356 2443 1419 cidimus,
2477 1365 2534 1410 ut
2581 1358 2645 1410 de
2696 1350 2985 1411 amissione
3019 1371 3207 1410 eorum
3264 1356 3416 1429 nullo
3445 1357 3621 1412 dolore
3652 1357 3741 1412 fati-

2194 1462 2400 1516 gcmur.
2429 1447 2616 1502 Levita
2654 1464 2885 1515 namque
2929 1456 3225 1516 assumptus
3265 1457 3518 1502 vocatur.
3559 1448 3740 1517 Oportet

2194 1554 2323 1607 ergo
2345 1555 2533 1593 omnes
2568 1538 2784 1594 Levitas
2814 1538 2949 1609 pilos
2980 1539 3161 1594 carnis
3188 1554 3299 1594 sua:
3346 1541 3551 1603 radere,
3582 1542 3687 1611 quia
3706 1542 3739 1596 is

2194 1631 2283 1700 qui
2318 1631 2368 1683 in
2401 1630 2674 1698 obsequiis
2720 1630 2917 1684 divinis
2962 1630 3281 1693 assumitur,
3321 1630 3483 1685 debet
3527 1639 3635 1684 ante
3660 1632 3740 1687 Dei

2193 1720 2377 1773 oculos
2403 1734 2431 1772 a
2464 1720 2673 1774 cunctis
2720 1720 2900 1801 carnis
2948 1720 3370 1789 cogitationibus
3420 1721 3630 1777 mundus
3669 1737 3739 1792 ap-

502 1834 723 1904 spiritus
982 1830 1194 1885 Domini
1220 1828 1355 1900 (Isa.
1377 1829 1477 1899 ιι).
1525 1829 1592 1882 Et
1627 1828 1766 1881 sicut
1806 1827 1933 1881 item
1974 1826 2089 1895 ipse

2197 1823 2403 1877 parere.
2438 1808 2553 1864 Non
2602 1809 2814 1863 illicitas
2858 1810 3213 1882 cogitationes
3241 1824 3400 1864 mens
3441 1811 3675 1880 proferat,
3694 1820 3735 1866 et

502 1938 605 1992 per
647 1923 900 1981 cumidem
944 1921 1184 1990 loquitur
1205 1920 1558 1990 prophetam:
1610 1917 1837 1988 Spiritus
1876 1917 2089 1971 Domini

502 2028 664 2082 super
712 2029 817 2079 me,
842 2031 904 2069 eo
941 2015 1081 2084 quod
1114 2015 1321 2069 tinxerit
1349 2030 1431 2067 me
1481 2013 1735 2067 Dominus
1769 2011 1900 2082 (Isa.
1954 2010 2087 2079 nu).

502 2101 665 2171 Quod
701 2112 887 2161 autem
912 2105 1114 2161 dicitur
1136 2114 1196 2160 ut
1236 2105 1454 2160 luceant
1485 2119 1551 2159 ex
1597 2103 1845 2166 adverso,
1879 2103 1979 2157 hoc
2008 2108 2093 2156 est

502 2194 652 2265 quod
678 2193 952 2265 Propheta
984 2197 1376 2266 subsoqueuter
1400 2195 1597 2264 adjecit
1626 2212 1639 2247 :
1668 2193 1749 2247 Ad
1772 2192 2091 2246 annuntian-

500 2284 630 2341 dum
663 2287 951 2343 mansuetis
974 2287 1114 2342 misit
1162 2303 1266 2351 me,
1298 2294 1353 2339 ut
1390 2285 1622 2340 mederer
1646 2283 1883 2337 contritis
1913 2282 2089 2347 corde,

504 2383 557 2433 et
580 2376 927 2445 proditorem
953 2377 1171 2448 captivis
1199 2374 1602 2445 indulgentiam,
1639 2381 1689 2428 et
1715 2371 1908 2426 clausis
1935 2389 2089 2442 aper-

504 2465 723 2529 tionem,
751 2472 813 2518 ut
832 2465 1173 2534 praedicarem
1203 2483 1401 2522 annum
1443 2464 1753 2537 placabilem
1779 2465 2012 2531 Domini,
2041 2474 2091 2521 et

506 2553 647 2613 diem
671 2554 891 2611 ultionis
920 2555 1029 2611 Deo
1058 2566 1237 2611 nostra
1262 2557 1474 2629 (Ibid.).

579 2645 712 2703 Hm:
738 2657 919 2704 autem
952 2659 1068 2705 erat
1103 2651 1313 2720 factura
1342 2654 1670 2710 candelabri.
1710 2653 1796 2709 Ea;
1823 2671 1956 2708 auro
1983 2654 2087 2707 du-

502 2736 618 2793 ctilt'
655 2746 769 2792 tum
812 2740 1020 2795 medius
1044 2742 1200 2812 stipes
1240 2760 1405 2814 quam
1432 2754 1618 2800 cuncta
1643 2762 1760 2816 qua:
1783 2762 1847 2800 ea:
1876 2756 2092 2815 utroque

504 2825 833 2884 «tamam
860 2830 1024 2886 latere
1053 2834 1418 2901 nascebantur,
1447 2837 1609 2906 juxta
1635 2836 1926 2907 exemplum
1950 2835 2090 2906 quod

505 2918 729 2975 ostendit
742 2918 1001 2979 Dominus
1020 2923 1215 2995 logei,
1242 2926 1320 2980 ita
1343 2936 1586 2997 operatus
1601 2938 1676 2983 est
1697 2926 2086 2985 candelabrum.

504 3010 752 3073 Dixin!“
776 3015 954 3085 ipsum
994 3017 1400 3084 candelabrum,
1433 3020 1487 3074 id
1528 3028 1636 3083 est,
1688 3020 1929 3088 stipitem
1954 3033 2091 3073 can-

511 3101 717 3160 delabri
744 3106 981 3161 medium
1019 3107 1090 3163 de
1113 3123 1222 3177 quo
1260 3110 1456 3165 calami
1492 3112 1877 3180 procedebant,
1910 3110 2090 3165 Domi-

2191 1898 2469 1968 pulcbram
2496 1901 2688 1955 animae
2711 1902 2962 1970 speciem,
2996 1902 3146 1969 quasi
3172 1901 3299 1970 pilis
3324 1900 3732 1957 fructiﬁcantihus

2192 1992 2486 2046 deformem
2511 1993 2720 2047 reddat.
2768 1993 2869 2047 Sed
2895 1994 3233 2063 quantalibet
3254 2001 3313 2048 ut
3337 1995 3565 2049 diximus
3590 2007 3732 2062 quem-

2191 2081 2333 2151 piam
2365 2083 2536 2137 virtns
2584 2092 2787 2139 sancta:
2820 2086 3247 2139 conversationis
3286 2086 3542 2150 evexerit,
3591 2085 3730 2140 adhuc

2192 2172 2241 2226 ei
2295 2172 2361 2226 de
2403 2182 2669 2228 vetustate
2717 2175 2956 2228 nascitur
2998 2175 3139 2244 quod
3189 2175 3449 2230 toleratur
3487 2192 3500 2230 :
3550 2178 3734 2232 undeet

2192 2261 2292 2330 ipsi
2354 2261 2665 2317 chitarum
2694 2264 2787 2333 pili
2826 2264 2943 2319 radi
2995 2267 3250 2339 praecepti
3293 2276 3428 2331 sunt,
3456 2282 3552 2320 non
3578 2266 3731 2320 evelli.

2191 2349 2351 2405 Rasis
2379 2353 2579 2405 etenim
2628 2353 2752 2421 pilis
2798 2353 2852 2407 in
2896 2369 3061 2408 carne
3110 2355 3324 2410 radices
3378 2362 3653 2421 remanent,
3690 2362 3734 2411 et

2192 2451 2444 2497 crescunt
2468 2444 2664 2497 iterum
2684 2453 2743 2497 ut
2771 2445 3175 2500 rescindantur:
3203 2447 3333 2514 quia
3355 2462 3542 2518 magno
3557 2446 3732 2517 quidem

2192 2533 2367 2588 studio
2416 2534 2696 2602 superﬂure
2742 2537 3096 2607 cogitationes
3144 2540 3492 2607 amputanda:
3514 2536 3729 2603 sunt,sed

2194 2632 2372 2679 tamen
2403 2641 2745 2696 nequaquam
2784 2625 3026 2683 funditus
3054 2630 3325 2699 amputari
3358 2639 3591 2699 possunt.
3616 2627 3729 2684 Sem-

2192 2732 2290 2787 per
2326 2717 2470 2772 cnim
2501 2734 2628 2772 caro
2672 2718 2939 2789 superﬂua
2983 2730 3224 2791 generat,
3273 2736 3397 2790 quas
3441 2719 3729 2792 semperspi-

2194 2807 2331 2863 ritus
2356 2807 2498 2864 ferro
2526 2808 2903 2865 sollicitudinis
2928 2810 3219 2865 rescindat.
3255 2810 3362 2865 Sed
3402 2811 3516 2867 hinc
3548 2813 3592 2865 in
3608 2808 3731 2865 nobis

2196 2907 2323 2953 tunc
2369 2900 2620 2956 subtilius
2666 2900 3052 2971 conspicimus,
3083 2918 3207 2956 cum
3259 2903 3628 2972 speculationis
3650 2901 3731 2956 alta

2191 3001 2557 3063 penetramus.

2265 3082 2497 3154 Cumque
2524 3083 2743 3138 laverint
2775 3084 3077 3138 vestimenta
3106 3102 3202 3138 sua
3228 3095 3277 3138 et
3303 3085 3537 3154 mandati
3557 3082 3732 3153 fuerint,

510 3205 640 3245 num
694 3193 1019 3249 salvatorem
1065 3168 1368 3268 δεξίμπεῖ
1425 3168 1511 3255 σθ’
1538 3199 1692 3269 cuius
1742 3168 1913 3271 gratia
1960 3199 2094 3268 justi
2122 3168 2171 3231 C
2198 3173 2384 3227 tollant
2409 3175 2581 3228 bovem
2612 3176 2675 3229 de
2724 3176 2975 3229 armentis
3020 3185 3070 3230 et
3098 3175 3446 3229 libamentum
3479 3176 3593 3244 ejus,
3615 3173 3736 3225 simi-

508 3280 772 3351 quidquid
796 3283 925 3339 boni
944 3284 1147 3342 habent
1165 3297 1509 3357 acceperunt.
1536 3290 1691 3346 Unde
1713 3291 1828 3359 ipse
1849 3291 1901 3345 in
1925 3291 2095 3346 Evan-

504 3369 651 3443 gelio
671 3384 800 3427 eum
818 3372 1045 3430 dixisset
1070 3375 1349 3445 discipulis
1377 3378 1523 3433 suis:
1564 3378 1676 3449 Ego
1697 3396 1818 3435 sum
1845 3380 1984 3445 vitis,
2006 3397 2093 3436 vos

506 3458 769 3528 palmites,
795 3463 1054 3520 continuo
1074 3463 1391 3532 subiunxit:
1422 3466 1575 3523 Sicut
1593 3468 1792 3537 palmes
1816 3485 1921 3524 non
1948 3471 2095 3539 ponit

505 3550 648 3621 ferre
675 3552 908 3621 fructum
949 3570 985 3608 a
1028 3557 1300 3626 semetipso
1335 3558 1435 3612 nisi
1478 3560 1725 3613 manserit
1756 3561 1813 3615 in
1862 3559 1979 3625 vite,
2018 3560 2094 3614 sic

507 3655 715 3699 mm
742 3642 849 3698 nisi
878 3643 939 3699 in
958 3659 1045 3700 me
1069 3646 1368 3703 mritis
1412 3647 1593 3718 (Joan.
1617 3649 1730 3719 xv).
1755 3646 1927 3705 Omne
1948 3649 2096 3705 enim

510 3746 650 3805 qus
664 3732 1000 3801 candelabri,
1026 3736 1239 3793 hocsst
1262 3744 1319 3791 et
1343 3737 1511 3808 stipes
1552 3738 1785 3806 medius,
1814 3748 1872 3795 et
1900 3741 2094 3798 calami

506 3836 579 3880 ex
608 3823 729 3894 ipso
760 3826 1137 3897 pmcedentes,
1180 3843 1308 3884 tam
1333 3829 1481 3885 omni
1504 3844 1609 3889 suo
1634 3838 1832 3887 ornatu
1858 3831 1925 3886 de
1954 3846 2094 3886 auro

508 3912 820 3985 fulminis
862 3924 919 3973 et
966 3917 1229 3975 Bruhns
1276 3920 1393 3990 ipse
1434 3919 1750 3990 specialiter
1779 3920 2036 3977 immunis
2063 3936 2097 3976 ι

506 4014 753 4075 mea».
776 4016 941 4079 atque
968 4010 1227 4080 arcubus
1257 4010 1502 4081 Was.
1528 4026 1629 4082 per
1658 4013 1846 4075 onmia
1871 4012 2097 4083 praecla-

508 4115 609 4159 Ius
632 4100 690 4153 in
715 4098 918 4157 mundo
943 4102 1215 4171 apparuit,
1245 4112 1302 4158 et
1334 4105 1581 4161 eamdem
1618 4104 1984 4160 innocentiam
2013 4113 2096 4159 at-

516 4204 622 4259 que
664 4188 957 4256 iustitiam,
1004 4192 1250 4247 membra
1293 4191 1412 4260 eius
1458 4194 1516 4247 in
1569 4194 1671 4249 hac
1727 4194 1948 4249 interim
1986 4194 2097 4249 vita

512 4285 780 4348 quam
809 4275 1015 4340 valent,
1040 4276 1353 4333 imitantur:
1393 4280 1448 4335 in
1475 4280 1659 4335 futuro
1687 4290 1866 4337 autem
1893 4282 2099 4337 veraci-

514 4367 727 4439 teripsi
758 4366 1084 4423 adhmrendo
1106 4367 1416 4435 perﬁciam.
1446 4370 1515 4423 Et
1548 4377 1674 4438 apte
1715 4371 1860 4425 idem
1904 4386 2097 4427 aurum

514 4460 715 4520 ductile
733 4457 857 4521 ﬁdit.
880 4458 1089 4517 Milo
1104 4466 1293 4515 autem
1329 4458 1575 4516 feriendo
1604 4462 1945 4531 producitur,
1970 4464 2097 4534 quia

2200 3263 2304 3318 lam
2344 3264 2455 3319 oleo
2504 3283 2853 3337 conspersam.
2905 3267 3242 3322 Vestimenta
3276 3265 3460 3322 lavare
3494 3274 3571 3322 est
3604 3278 3737 3334 opem

2199 3356 2482 3423 mundare,
2508 3365 2669 3427 atque
2690 3364 2857 3412 totam
2907 3360 3383 3431 conversationem
3409 3360 3457 3412 in
3491 3360 3739 3425 conspectu

2200 3446 2504 3503 Divinitatis
2530 3465 2721 3521 puram
2754 3465 2992 3518 servare,
3035 3468 3134 3506 nec
3164 3468 3270 3507 non
3316 3460 3371 3507 et
3402 3465 3573 3507 coram
3603 3444 3741 3503 oculis

2198 3542 2476 3599 hominum
2507 3544 3034 3617 irreprebcnsibilem
3073 3545 3352 3601 exhibere.
3403 3544 3586 3599 Bovem
3607 3540 3744 3595 etiam

2200 3634 2266 3690 de
2294 3636 2554 3692 armentis
2581 3637 2778 3693 otl‘errc
2798 3637 2954 3706 jubet
2989 3637 3304 3707 puriﬁcatis,
3333 3644 3389 3690 et
3426 3635 3747 3688 libamentum

2201 3721 2337 3793 ejus,
2386 3726 2618 3781 similam
2651 3727 2769 3784 oleo
2807 3743 3174 3798 conspersam.
3206 3724 3340 3791 Quid
3382 3725 3434 3778 in
3473 3724 3573 3777 hoc
3598 3721 3748 3787 bove,

2200 3815 2303 3869 nisi
2334 3815 2674 3873 Dominicum
2700 3833 2921 3889 corpus,
2953 3819 3019 3873 de
3045 3816 3293 3872 amentis
3334 3813 3746 3885 patriarcharum

2199 3913 2255 3960 et
2272 3906 2658 3977 pr0phetarum
2676 3909 3022 3978 progenitum
3051 3910 3307 3965 debemus
3332 3906 3593 3977 accipere,
3615 3905 3747 3974 cujus

2200 3995 2514 4065 libamenta,
2566 3999 2620 4054 id
2667 4006 2771 4065 est,
2820 4001 3092 4071 passionis
3144 4007 3499 4063 sacramenta,
3546 3995 3749 4068 spiritali

2201 4086 2427 4142 scientia
2461 4096 2712 4156 tractata,
2742 4098 2904 4161 atque
2929 4092 3210 4148 intellecta
3241 4090 3505 4154 ﬁdelibus,
3536 4086 3748 4144 saluber-

2202 4180 2337 4237 rima
2363 4191 2418 4237 et
2454 4180 2562 4238 Deo
2606 4184 2912 4253 gratissima
2942 4198 3060 4240 esse
3104 4185 3377 4240 credenda
3409 4183 3562 4241 sunt?
3585 4180 3658 4236 ita
3678 4188 3745 4236 ts-

2200 4286 2322 4325 men
2353 4273 2399 4326 si
2439 4273 2632 4328 talibus
2662 4291 2722 4330 se
2766 4277 3041 4346 mysteriis
3079 4277 3291 4342 Levita,
3343 4270 3748 4348 spiritalismini-

2202 4368 2316 4414 stcr
2336 4362 2522 4432 utique
2552 4363 2789 4433 Domini,
2824 4367 2969 4422 intus
3000 4365 3240 4438 forisque
3265 4369 3529 4423 mtmdum
3564 4373 3613 4421 et
3642 4376 3747 4418 cou-

2204 4451 2424 4524 diguum
2476 4458 2834 4528 percipiendis
2888 4460 3199 4529 prmbuerit.
3251 4459 3553 4532 Sequitur:
3589 4458 3747 4512 Baucis

512 4561 573 4609 et
594 4552 923 4623 Redemptor
942 4560 1147 4619 noster,
1192 4553 1289 4623 qui
1337 4569 1404 4610 ex
1430 4525 1785 4625 conceptione
1824 4565 1879 4612 et
1915 4525 2103 4614 nativi-
2126 4525 2179 4587 D
2204 4551 2377 4596 autem
2423 4525 2645 4601 alterum
2675 4548 2738 4602 de
2767 4525 3019 4615 armento,
3046 4559 3101 4604 tu
3150 4525 3375 4621 accipies
3410 4569 3511 4622 pro
3553 4556 3745 4621 peccato.

517 4651 633 4701 tate
659 4643 932 4714 perfecta
955 4644 1099 4703 Deus
1132 4653 1189 4701 et
1217 4645 1377 4703 homo
1397 4646 1631 4713 exstitit,
1650 4647 1968 4716 passionum
1996 4650 2095 4707 do-

512 4737 663 4794 lores
694 4738 941 4807 pendit,
976 4746 1035 4795 at
1068 4740 1152 4796 sic
1183 4739 1242 4796 iu
1278 4741 1695 4797 resurrectionis
1716 4740 1945 4811 gloriam
1972 4757 2098 4813 per-

517 4828 687 4884 uenit.
712 4827 785 4883 Et
802 4845 982 4885 omnes
1000 4831 1093 4901 qui
1116 4831 1296 4887 volunt
1321 4833 1406 4902 pie
1434 4834 1598 4887 vivere
1618 4834 1673 4887 in
1708 4832 1824 4899 illo,
1857 4851 2096 4903 persecu-

516 4919 712 4977 tionem
737 4920 1013 4990 potiuntur
1048 4921 1106 4993 (ι
1128 4920 1266 4977 Tum.
1292 4923 1401 4994 ιιι).
1429 4922 1532 4990 Qui
1574 4931 1632 4980 et
1659 4925 1762 4993 ipsi
1805 4925 1960 4994 quasi
1986 4940 2095 4982 me-

516 5009 710 5067 tallum
736 5007 983 5067 feriendo
998 5009 1307 5078 dilatantur,
1328 5028 1429 5083 per
1448 5014 1721 5084 passionis
1738 5016 2099 5074 contumelias

517 5107 592 5164 ad
615 5105 1037 5164 inmortalitatis
1066 5107 1299 5176 gratiam
1320 5107 1632 5177 proﬁciunt.

1116 5197 1348 5257 CAPUT
1379 5201 1493 5257 XV.

908 5287 984 5343 De
1008 5289 1371 5360 puriﬁcatione
1405 5290 1728 5351 [levitas-uni.

593 5379 773 5452 (latin)
808 5378 1040 5436 Iocatus
1076 5389 1153 5435 est
1200 5380 1455 5437 Dominus
1498 5384 1567 5437 ad
1620 5384 1836 5457 Moysen
1881 5386 2094 5441 dicens:

525 5469 672 5526 Tolle
699 5469 904 5526 Levites
938 5468 1004 5525 de
1032 5470 1204 5525 medio
1231 5470 1465 5539 ﬁliam
1492 5472 1683 5539 laurel,
1718 5484 1768 5529 et
1793 5475 2094 5544 puriﬁcabis

520 5579 608 5620 eos
636 5564 923 5620 secundum
958 5565 1097 5620 hunc
1126 5566 1302 5619 ritum
1348 5564 1702 5635 Aspemantur
1734 5586 1869 5638 aqua
1898 5572 2096 5625 lustra-

524 5654 705 5721 titmis,
735 5664 784 5711 et
813 5657 1005 5711 radunt
1046 5673 1224 5712 omnes
1264 5653 1397 5725 pilos
1425 5656 1599 5709 carnis
1644 5675 1774 5713 sum.
1802 5660 1970 5731 Igitur
1999 5662 2097 5716 Do-

516 5744 706 5820 minus
741 5762 838 5820 per
861 5747 1083 5822 Moysen
1102 5749 1241 5806 dans
1261 5755 1591 5821 praeceputm
1610 5748 1836 5820 Levitis,
1876 5752 2095 5809 instruit

2204 4629 2310 4688 Bos
2338 4644 2518 4690 autem
2543 4638 2680 4693 alter
2712 4641 2803 4708 qui
2846 4655 2943 4710 pro
2981 4641 3219 4711 peccatis
3259 4641 3484 4699 oblatus
3517 4639 3748 4707 est,idem

2203 4734 2287 4781 est
2308 4726 2572 4784 mediator
2592 4728 2688 4785 Dei
2705 4738 2759 4786 et
2785 4732 3084 4799 hominum,
3112 4732 3269 4802 cujus
3296 4732 3661 4792 immolatione
3675 4743 3747 4782 n0-

2201 4825 2312 4872 stra
2345 4826 2567 4887 peccata
2596 4820 2771 4875 deleta
2802 4830 2944 4877 sunt.
2990 4821 3102 4879 Nec
3142 4823 3512 4895 incongruum
3537 4818 3749 4879 slicuivi-

2200 4909 2313 4963 deri
2341 4909 2522 4974 debet,
2550 4912 2692 4981 quod
2734 4922 2963 4984 utroque
2984 4914 3122 4970 bove
3149 4915 3501 4972 Dominicam
3542 4918 3750 4972 incarna-

2197 4996 2401 5053 tionem
2441 4999 2736 5071 siguilicari
2767 5002 3023 5071 diximus,
3052 5004 3183 5076 quia
3208 5005 3335 5061 licet
3375 5007 3568 5077 passio
3590 4998 3755 5062 Christi

2196 5101 2305 5145 una
2349 5088 2646 5160 eademque
2690 5092 2780 5157 sit,
2825 5093 3094 5164 duplicem
3119 5103 3301 5151 tamen
3328 5096 3386 5152 in
3410 5099 3582 5154 nobis
3600 5106 3754 5166 opera-

2197 5179 2403 5238 tionem
2423 5186 2606 5255 gessit,
2640 5187 2768 5256 quia
2787 5204 2818 5243 a
2838 5190 3076 5259 peccatis
3106 5206 3206 5246 nos
3235 5189 3509 5258 expiavit,
3529 5198 3579 5245 et
3598 5184 3758 5245 sancti-

2198 5273 2502 5332 ﬁcationem
2527 5279 2683 5335 nobis
2703 5281 2913 5335 tribuit.
2940 5280 3095 5337 Unde
3133 5290 3188 5337 et
3227 5280 3425 5337 Petrus
3460 5283 3519 5337 in
3554 5272 3758 5349 Epistula

2199 5382 2296 5422 wn
2317 5369 2481 5424 dicit:
2519 5368 2757 5425 Christus
2773 5371 2931 5427 semel
2950 5390 3048 5444 pro
3072 5374 3295 5444 peccatis
3320 5375 3529 5427 nostris
3556 5377 3761 5426 mortus:

2196 5467 2292 5525 est,
2330 5460 2507 5528 justus
2544 5477 2637 5531 pro
2673 5445 2904 5533 injustis,
2941 5472 2999 5516 ut
3027 5479 3120 5517 nos
3146 5463 3356 5532 offerret
3390 5461 3536 5518 Dea.
3569 5453 3763 5524 Mortif-

2197 5560 2340 5606 catos
2369 5553 2575 5623 quidem
2606 5572 2778 5620 carne,
2804 5555 3083 5623 viviﬁcatos
3116 5563 3290 5609 autem
3316 5555 3541 5625 spiritu.
3572 5552 3766 5621 Prop!"

2195 5648 2331 5720 quod
2377 5650 2622 5703 succincti
2665 5648 2864 5704 lumbos
2906 5646 3093 5702 mentis
3120 5656 3322 5713 vestrm,
3350 5643 3527 5700 sobrii
3576 5641 3765 5716 perfecti

2195 5755 2421 5821 sperate,
2447 5747 2503 5801 in
2542 5761 2656 5803 eam
2692 5762 2810 5817 qua:
2852 5743 3073 5815 o/fertur
3095 5742 3235 5799 vobis
3261 5740 3526 5815 gratiam,
3570 5742 3768 5797 inme-
