3892 6346
458 300 562 358 639

1136 297 1196 352 Β.
1237 296 1492 352 RABANI
1531 295 1748 352 MAURI
1782 293 2098 352 ARCHIEP.
2138 294 2446 354 MOGUNT.
2487 294 2772 354 OPERUM
2808 297 2989 353 PARS
3022 296 3066 352 I.

3613 298 3727 354 640

458 413 691 476 Videant
715 413 985 486 episcopi,
1013 415 1345 478 sacerdotes,
1369 411 1606 468 ministri
1635 412 1843 467 Domini
1870 417 2029 479 atque
2057 412 2109 472 Λ
2135 403 2250 480 ipso
2280 409 2446 467 fratre
2475 411 2546 466 sit
2575 410 2776 466 dictum
2801 451 2816 476 ,
2848 401 3110 465 custodire
3139 409 3404 464 custodias
3426 449 3442 474 ,
3473 423 3601 465 cum
3637 412 3726 466 ηε-

457 509 635 565 omnis
661 507 871 572 clerus,
905 521 1065 575 quam
1101 505 1468 560 necessarium
1500 506 1571 559 sit
1603 504 1712 558 illis
1746 512 1804 557 ut
1833 503 1917 558 sui
1951 501 2036 556 of-

456 598 563 655 ﬁcii
583 597 709 667 jura
737 595 1025 666 diligenter
1053 594 1392 656 custodiant,
1428 607 1496 647 ne
1523 593 1755 648 terrenis
1777 592 1944 646 lucris
1969 605 2038 647 ac

453 689 638 748 seaculi
667 687 1036 758 voluptatibus
1071 701 1196 742 cum
1229 686 1388 757 vulgo
1421 687 1794 756 imperitorum
1829 700 1888 740 se
1918 693 2034 738 tra-

453 781 627 838 dant:
663 778 793 848 quia
831 778 1112 848 proprium
1146 776 1362 832 illorum
1409 777 1616 832 ordinis
1665 783 1826 846 atque
1871 774 2036 832 θῦείὶ

453 879 569 938 est,
598 880 658 926 ut
684 871 1001 928 deserviant
1038 872 1092 926 in
1142 870 1492 926 tabernaculo
1522 868 1748 923 laedet-is
1767 867 1994 922 Domini
2015 908 2031 935 ,

453 973 510 1020 et
535 971 695 1019 orent
719 978 820 1032 pro
844 962 1060 1032 populis
1077 1004 1092 1027 ,
1118 977 1186 1016 ne
1217 962 1289 1016 sit
1314 961 1468 1031 plaga
1496 961 1553 1014 in
1582 960 1672 1013 eis-
1689 958 2028 1027 disperdeus.

451 1051 668 1121 Adioqui
697 1051 747 1105 si
779 1051 878 1120 ipsi
908 1050 1243 1120 negligenter
1270 1049 1437 1102 vitam
1465 1063 1619 1104 suam
1647 1048 1934 1114 duxerint,
1970 1065 2034 1105 ac

450 1158 553 1213 pro
583 1142 679 1197 Dei
713 1141 938 1196 servitio
975 1140 1155 1196 saeculi
1189 1139 1356 1194 lucris
1391 1155 1454 1193 ac
1499 1140 1884 1210 cupiditatibus
1929 1141 2028 1196 de-

453 1231 783 1296 servierint,
813 1230 1130 1300 semetipsos
1163 1230 1219 1284 in
1254 1229 1614 1299 perditionem
1649 1230 2028 1300 praecipitent,

450 1330 504 1376 et
529 1321 785 1391 populum
811 1336 919 1376 non
945 1321 1155 1376 salvent
1178 1361 1194 1386 ,
1221 1322 1432 1376 dicetur
1451 1320 1520 1376 de
1543 1322 1622 1376 eis
1647 1321 1776 1376 illud
1801 1323 2033 1392 propheo

448 1413 615 1468 ticum
643 1431 658 1466 ς
703 1411 828 1466 Non
861 1421 942 1466 est
974 1413 1102 1466 mihi
1132 1411 1374 1466 voluntas
1401 1412 1458 1466 in
1488 1411 1626 1466 vobis
1645 1452 1660 1476 ,
1690 1413 1816 1466 dicit
1845 1411 2032 1465 Domi-

451 1518 549 1556 nus
587 1503 911 1558 exercituum
939 1519 957 1556 :
992 1512 1042 1556 et
1074 1515 1262 1556 niunus
1301 1518 1403 1556 non
1438 1503 1723 1572 suscipiam
1767 1502 1835 1555 de
1867 1515 2031 1556 manu

447 1601 620 1646 vestra
648 1591 920 1663 (Halaclt.
948 1593 1020 1665 ι).
1051 1593 1119 1647 Et
1148 1593 1279 1650 alibi
1308 1611 1321 1647 :
1352 1591 1494 1647 Cleri
1518 1601 1690 1646 autem
1717 1607 1897 1646 eorum
1926 1607 2032 1646 non

448 1683 737 1752 proderunt
763 1684 857 1738 eis.
1661 1715 1664 1718 -
1866 1713 1868 1715 -
2021 1679 2024 1688 ’

1023 1775 1252 1831 CAPUT
1289 1775 1448 1831 XVII.

447 1864 526 1921 De
547 1867 731 1922 ordine
759 1865 1070 1940 Leuitarumr
1087 1867 1298 1940 quando
1323 1870 1554 1940 ministri
1581 1869 1684 1923 sint
1703 1909 1716 1932 ,
1743 1877 1790 1922 et
1815 1869 2026 1939 quando

891 1939 1128 1994 custodes
1156 1956 1400 1994 vasorum
1425 1939 1578 2008 ﬁant.

519 2050 732 2124 (ιιιυ.)
772 2051 1002 2108 Locutus
1035 2062 1110 2108 est
1147 2053 1404 2109 Dominus
1445 2055 1514 2108 ad
1548 2054 1767 2125 Moysen
1799 2055 1979 2108 dicens
2007 2069 2026 2108 :

448 2140 581 2195 Hart:
619 2153 698 2197 est
735 2143 820 2198 lea:
854 2144 1175 2200 Levitarum.
1211 2146 1256 2199 Α
1295 2147 1480 2216 viginti
1516 2147 1742 2217 quinque
1778 2147 1933 2201 annis
1977 2151 2030 2200 et

447 2249 610 2304 supra
650 2236 1011 2307 ingredientur
1050 2247 1109 2292 ut
1145 2239 1442 2292 ministrent
1482 2239 1539 2292 in
1565 2238 1904 2292 tabernaculo
1935 2239 2028 2308 fm-

442 2325 606 2381 deris.
640 2325 877 2400 Cumque
905 2330 1391 2400 quinquagesimum
1423 2345 1621 2384 annum
1647 2330 1818 2384 (atatis
1845 2329 2030 2398 imple-

441 2419 641 2482 verint,
686 2419 879 2473 seruire
908 2420 1178 2474 cessabunt
1200 2462 1214 2484 ,
1248 2431 1502 2492 eruntque
1529 2421 1759 2476 ministri
1799 2411 2032 2490 fratruni

442 2522 660 2562 suormn
707 2511 763 2562 in
803 2510 1141 2566 tabernaculo
1187 2512 1427 2582 foederis,
1471 2520 1528 2566 ut
1569 2512 1868 2566 custodiant
1909 2529 2028 2584 qute

446 2598 549 2651 sibi
574 2598 770 2667 fuerint
802 2603 1208 2656 commendata:
1240 2621 1395 2673 opera
1424 2613 1598 2658 autem
1640 2605 1753 2673 ipsa
1793 2620 1896 2658 non
1937 2604 2024 2673 fa-

441 2689 604 2742 ciant.
637 2688 763 2745 Sive
793 2693 1092 2746 secundum
1123 2691 1476 2764 Septuaginta
1507 2709 1524 2746 :
1553 2693 1596 2747 Α
1638 2695 1818 2764 quinto
1858 2702 1907 2748 et
1945 2693 2024 2746 ui-

441 2780 634 2834 cesimo
665 2797 805 2836 anno
831 2791 880 2836 et
906 2799 1096 2853 supra,
1125 2785 1414 2838 introibant
1451 2783 1752 2837 ministrare
1779 2783 1835 2837 in
1862 2783 2021 2837 mini-

440 2873 658 2927 sterium
680 2914 695 2940 ,
723 2874 782 2928 in
807 2875 1069 2946 aperibus,
1103 2877 1159 2930 in
1187 2876 1530 2931 tabernaculo
1559 2875 1846 2931 testimonii
1868 2891 1887 2942 ,°
1914 2885 1961 2930 et
1989 2891 2022 2930 a

436 2964 893 3037 quinquagenaria
922 2970 1164 3022 recedant
1195 2969 1260 3022 ab
1305 2970 1794 3035 administratione,
1827 2977 1877 3024 et
1916 2987 2023 3024 non

439 3058 794 3125 operabuntur
819 3059 959 3113 ultra
983 3078 1002 3126 ;
1032 3069 1082 3114 et
1109 3063 1483 3118 ministrabant
1522 3064 1712 3134 fratres
1751 3079 1930 3118 eorum
1966 3065 2022 3118 in

2137 510 2285 557 ctum
2314 501 2386 556 sit
2414 500 2484 556 de
2511 501 2603 557 illo
2625 501 2720 571 qui
2761 501 2971 556 recedit
3012 500 3081 554 ab
3127 499 3416 568 operibus,
3445 507 3511 555 et
3540 515 3724 560 rem

2134 595 2288 650 nebit
2313 595 2369 650 in
2398 594 2750 650 tabernaculo
2773 593 3074 654 testimonii
3097 591 3376 648 custodire
3391 593 3721 656 eustoliu:

2132 700 2299 756 opera
2341 694 2524 740 autem
2552 700 2660 740 non
2690 683 3024 753 operabitur,
3053 682 3149 738 sed
3187 682 3530 751 operabitur:
3550 681 3722 742 frater

2133 775 2250 845 eius
2269 817 2285 842 ,
2321 776 2375 832 id
2399 784 2518 842 est,
2543 776 2640 845 qui
2665 775 2904 830 nondum
2925 772 3182 844 pervenit
3208 773 3277 828 ad
3301 782 3535 838 autem
3561 774 3718 845 quin.

2133 871 2521 942 quagenariam
2544 910 2564 935 ,
2617 885 2649 925 a
2699 870 2890 940 viginti
2943 869 3184 939 quinque
3231 869 3399 927 anuis
3451 869 3719 941 incipiens

2131 964 2365 1034 operari.
2413 963 2554 1033 Ergo
2593 961 2680 1017 ita
2725 961 3166 1033 distinguendum
3205 970 3329 1026 est,
3368 971 3433 1018 ut
3471 977 3511 1020 ι
3557 964 3714 1034 quin.-

2131 1057 2464 1127 qnagenario
2489 1055 2711 1111 recedat
2737 1055 2807 1110 ab
2834 1055 3342 1120 administratione,
3371 1063 3430 1112 et
3460 1070 3574 1112 non
3599 1071 3715 1126 ope

2129 1146 2342 1202 rabitur
2387 1145 2566 1210 ultra;
2619 1152 2675 1199 et
2716 1143 3055 1200 ministrabit
3099 1143 3274 1200 frater
3322 1144 3468 1214 ejus.
3519 1143 3711 1202 Deinde

2133 1236 2273 1291 redit
2303 1237 2369 1290 ad
2401 1236 2552 1290 illum
2603 1235 3162 1305 quinquagenarium,
3207 1235 3273 1290 de
3309 1249 3426 1303 quo
3464 1234 3691 1304 loquens

2129 1333 2240 1389 tur,
2285 1335 2339 1380 et
2381 1326 2449 1380 de
2485 1325 2580 1380 illo
2621 1324 2856 1394 explicat
2883 1334 3081 1382 cetera
3112 1325 3342 1382 dicens:
3375 1323 3448 1380 In

2129 1417 2248 1472 ordo
2269 1419 2560 1472 testimonii
2587 1419 2850 1472 custodire
2879 1418 3144 1476 custodias
3165 1432 3189 1470 :
3217 1434 3380 1487 opera
3403 1428 3708 1476 mea

2130 1507 2448 1577 cperabitur.
2508 1505 2689 1574 Quod
2717 1507 2866 1564 enim
2923 1507 3031 1571 ait,
3058 1535 3062 1542 ι
3091 1508 3359 1562 custodire
3411 1507 3703 1573 modius.

2131 1596 2276 1652 solet
2311 1597 2460 1652 enim
2503 1598 2706 1653 usitate
2737 1597 2915 1653 etiam
2953 1597 3012 1664 in
3057 1597 3269 1654 Latinis
3315 1597 3703 1664 locationibus.

2131 1687 2406 1744 inﬁnitum
2446 1690 2675 1744 verbum
2719 1689 2846 1758 poni
2895 1705 2996 1760 pro
3041 1690 3222 1745 ﬁnito.
3267 1689 3702 1760 ipsumam

1991 1803 1994 1806 -
2055 1771 2104 1831 B
2131 1780 2262 1848 quid
2305 1795 2418 1848 ρειτ-
2441 1796 2640 1836 annum
2661 1817 2666 1822 ι
2687 1780 2942 1849 quintum
2971 1779 3442 1844 autvicesimum.
3483 1781 3542 1855 in
3573 1793 3701 1850 quos

2129 1869 2228 1925 llos
2258 1869 2559 1938 iuventutis
2588 1870 2858 1935 oboritur,
2903 1871 3016 1925 nisi
3032 1879 3231 1927 contra
3262 1887 3436 1928 unum
3467 1873 3700 1943 quodque

2128 1961 2385 2016 vitiorum
2428 1961 2568 2016 bella
2607 1961 2887 2032 signantur
2912 1961 3040 2016 ?-Et
3089 1962 3353 2032 quid-per
3379 1963 3696 2033 quinquage-

2129 2053 2378 2118 narium,
2431 2052 2488 2107 in
2533 2067 2640 2122 quo
2685 2050 2895 2107 Jubilsei
2952 2053 3169 2122 requies
3222 2054 3551 2117 continetur,
3602 2053 3695 2110 aii

2127 2144 2340 2199 interna
2391 2143 2575 2212 quies,
2620 2143 2858 2198 edomito
2900 2142 3043 2198 bello
3085 2143 3310 2207 mentis.
3352 2142 3696 2212 exprimitur?

2128 2235 2267 2302 Quid
2293 2247 2425 2288 vero
2467 2248 2566 2303 per
2601 2247 2733 2289 vasa
2772 2233 3112 2289 tabernaculi
3133 2273 3148 2297 .
3182 2233 3293 2288 nisi
3327 2233 3548 2289 ﬁdelium
3569 2233 3692 2288 auio

2127 2341 2228 2380 mae
2272 2325 2575 2397 llgurantur
2597 2326 2621 2378 ’ἔ
2647 2324 2848 2379 Levitte
2892 2339 3025 2395 ergo
3071 2323 3138 2378 ab
3181 2338 3329 2378 anno
3366 2323 3612 2393 vigesimo
3638 2330 3694 2378 et

2128 2416 2322 2486 quinto
2367 2414 2720 2469 tabernaculo
2764 2414 3047 2479 serviunt,
3085 2421 3142 2468 et
3179 2429 3214 2468 a
3248 2412 3692 2482 quinquagenaria

2098 2508 2384 2577 ,custodes
2409 2521 2665 2560 vasorum
2695 2505 2861 2569 ﬁunt,
2890 2513 2952 2560 ut
2979 2505 3233 2560 videlicet
3260 2505 3354 2574 qui
3397 2505 3569 2560 adhuc
3602 2505 3689 2559 itu-

2127 2599 2486 2671 pugnantium
2525 2599 2783 2653 vitiorum
2824 2597 3125 2652 certamina
3164 2597 3404 2651 tolerant
3429 2637 3444 2660 ,
3485 2595 3688 2651 alienat

2127 2706 2317 2748 curam
2347 2689 2629 2758 suscipere
2659 2704 2767 2744 non
2794 2695 3150 2757 praesumant.
3195 2687 3368 2742 Electi
3403 2687 3550 2741 enim
3585 2697 3690 2740 cun

2127 2785 2305 2840 adhuc
2349 2783 2402 2836 in
2445 2781 2744 2836 tentatione
2783 2787 2938 2843 sunt,
2985 2779 3210 2834 subesse
3267 2792 3366 2832 eos
3410 2791 3475 2832 ac
3511 2775 3691 2830 servin:

2125 2889 2348 2932 necesse
2384 2883 2469 2929 est
2491 2914 2506 2940 ,
2544 2881 2604 2927 ut
2633 2871 2912 2941 obsequiis
2949 2870 3337 2939 laboribusque
3392 2869 3687 2938 fatigentur.

2126 2965 2260 3023 Cum
2291 2981 2422 3020 vero
2451 2964 2818 3020 tentationnm
2846 2961 2986 3017 bella
3015 2961 3338 3032 subegerint
3355 3001 3373 3026 ,
3403 2958 3546 3030 quod
3571 2955 3690 3027 apud

2115 3073 2184 3114 'se
2207 3057 2319 3126 jam
2350 3059 2418 3112 de
2449 3057 2637 3111 intima
2674 3053 3064 3124 tranquillitate
3103 3053 3288 3107 securi
3319 3061 3468 3115 sunt,
3498 3051 3684 3105 anima-

440 3145 778 3201 tabernaculo
809 3149 1089 3204 testimonii
1113 3153 1377 3207 custodire
1402 3125 1666 3208 custodias
1691 3173 1709 3208 :
1740 3169 1896 3224 opera
1925 3170 2023 3208 au-
2048 3125 2093 3189 (ἶ
2129 3125 2250 3204 rum
2307 3149 2612 3203 custodiam
2669 3145 2992 3202 sortiuntur.
3054 3142 3246 3198 Mentis
3299 3143 3507 3214 quippe
3551 3147 3687 3196 aetate

441 3243 542 3288 tem
577 3251 681 3290 non
712 3239 1084 3307 operabuntur.
1130 3242 1281 3297 Hunc
1314 3258 1532 3299 sensum
1559 3244 1852 3299 obscurum
1888 3243 2020 3300 facit

438 3326 765 3405 ὑπέρϐατσντ
797 3331 940 3399 quod
969 3331 1042 3385 ita
1075 3332 1358 3388 confusum
1401 3345 1513 3401 est,
1546 3343 1607 3389 ut
1651 3341 1910 3405 tanquam
1952 3335 2020 3390 de

2126 3239 2416 3309 tranquilla
2437 3280 2452 3305 ,
2485 3240 2612 3294 dum
2643 3239 2794 3294 calor
2835 3236 3130 3292 recesserit
3158 3235 3510 3301 tentationis,
3534 3240 3693 3287 usto-

2080 3346 2084 3350 '
2123 3334 2220 3390 des
2257 3348 2511 3388 vasorum
2551 3339 2710 3398 sunt,
2742 3331 2869 3402 quia
2899 3331 3158 3385 doctores
3199 3328 3513 3382 animarum
3557 3325 3692 3380 linat.

446 3457 3691 3501 MM

1597 3585 1901 3666 LIBER
1977 3587 2537 3668 SECUNDUS.

894 3843 1158 3902 CAPUT
1215 3843 1567 3904 PRIMUM.

930 3935 1004 3990 De
1033 3946 1259 4009 tempore
1285 3937 1526 3994 Pascha.

507 4021 831 4095 (Carum)
866 4023 1093 4081 Locutus
1143 4037 1222 4081 est
1269 4028 1526 4084 Dominus
1573 4031 1644 4086 ad
1697 4030 2020 4104 Moysen-in

438 4111 640 4166 deserto
684 4112 872 4174 Sinni,
918 4115 972 4167 in
1036 4131 1173 4170 anno
1221 4119 1450 4172 secundo
1502 4131 1775 4190 postquam
1827 4123 2020 4191 egressi

436 4212 554 4255 sunt
587 4203 652 4254 de
681 4211 821 4256 terra
853 4203 1071 4272 zEgypti
1091 4245 1105 4268 ,
1137 4223 1310 4261 mense
1348 4210 1515 4277 primo
1539 4211 1760 4266 dicens:
1790 4210 2018 4268 Faciant

435 4293 535 4362 filii
565 4291 732 4345 Israel
762 4291 938 4345 Phase
966 4294 1022 4346 in
1063 4304 1289 4362 tempore
1331 4315 1454 4360 suo,
1496 4301 1892 4368 quartadecima
1932 4301 2018 4355 die

435 4385 632 4440 mensis
682 4383 841 4450 huius
889 4383 959 4436 ad
1011 4400 1308 4454 vesperam,
1350 4387 1511 4456 juxta
1561 4406 1738 4444 omnes
1766 4407 2016 4445 ceremo-

437 4476 555 4532 nias
584 4485 630 4530 et
657 4475 1064 4545 justiﬁcationes
1095 4477 1233 4547 ejus.
1266 4455 1624 4549 Praecepitque
1655 4479 1863 4550 Moyses
1888 4481 2017 4549 ﬁliis
2047 4455 2096 4515 D

437 4568 640 4633 Israel,
669 4578 727 4622 ut
754 4570 985 4638 facerent
1015 4566 1211 4623 Phasc.
1251 4568 1356 4634 Qui
1387 4569 1636 4638 fecerunt
1663 4580 1893 4642 tempore
1921 4589 2018 4626 suo

436 4659 832 4730 quartadecima
875 4660 960 4714 die
997 4660 1194 4714 mensis
1231 4661 1300 4714 ad
1341 4677 1604 4731 vesperam
1645 4661 1701 4715 in
1731 4671 1904 4716 monte
1931 4661 2019 4718 Si-

437 4748 526 4802 nai
553 4765 570 4811 ;
589 4749 751 4817 juxta
779 4751 954 4804 omnia
979 4766 1097 4820 qua
1137 4749 1481 4806 mandauerat
1519 4749 1778 4806 Dominus
1809 4749 2016 4820 Moysi,

438 4837 668 4905 fecerunt
709 4837 810 4906 ﬁlii
839 4837 1028 4893 Israel.
1062 4838 1196 4895 Cum
1241 4840 1296 4893 in
1329 4838 1514 4896 Veteri
1543 4839 1894 4897 Testamento
1924 4841 2021 4896 tri-

436 4928 540 4983 bus
600 4937 1046 4998 argumentorum
1111 4931 1325 4988 indiciis
1380 4932 1635 5002 paschale
1686 4939 1896 5002 tempus
1947 4934 2021 4988 sit

437 5021 717 5076 observari
769 5031 1136 5092 praeceptum,
1189 5023 1441 5080 videlicet
1490 5031 1554 5078 ut
1605 5035 1727 5093 post
1781 5025 2020 5094 aequino-

438 5112 606 5168 ctium
629 5153 646 5179 ,
671 5120 734 5166 ut
755 5126 943 5168 mense
967 5114 1144 5181 primo
1169 5121 1264 5169 aut
1285 5115 1446 5170 tertia
1475 5116 1592 5186 ejus
1619 5114 1938 5184 septimana,
1967 5115 2020 5170 id

439 5213 557 5272 est,
589 5221 623 5260 a
650 5219 882 5275 vespera
912 5213 1121 5275 quartae
1149 5205 1372 5263 decima:
1409 5207 1554 5263 luna:
1580 5247 1595 5272 ,
1625 5206 1771 5276 quod
1795 5214 1881 5262 est
1912 5206 2019 5260 ini-

442 5301 576 5355 tium
621 5301 827 5371 qnintas
873 5299 1098 5356 decimas
1145 5315 1316 5369 usque
1365 5302 1417 5356 in
1462 5317 1788 5372 vesperam;
1822 5301 1878 5357 id
1903 5309 2018 5367 est,

441 5393 733 5448 terminum
784 5393 1062 5448 vicesima
1113 5391 1303 5463 primm
1357 5394 1665 5449 celebratur
1717 5403 1910 5464 quarta
1964 5394 2018 5449 in

437 5484 679 5553 ejusdem
730 5486 1112 5541 observatione
1132 5528 1148 5551 ,
1191 5486 1376 5556 regula
1410 5496 1496 5541 est
1532 5489 1688 5542 nobis
1717 5503 1745 5541 a
1778 5498 2021 5559 tempore

439 5577 731 5633 Dominica:
752 5578 1170 5634 resurrectionis
1207 5577 1456 5646 imposita
1477 5618 1490 5639 ,
1517 5586 1578 5630 ut
1604 5594 1748 5643 cum,
1781 5580 2022 5649 aequino-

440 5667 548 5720 ctio
583 5676 921 5734 transcenso,
954 5669 1135 5724 lunam
1164 5669 1326 5739 primi
1358 5669 1562 5723 mensis
1588 5677 1838 5736 quartam
1867 5671 2021 5725 deci-

439 5772 586 5816 mam
612 5774 839 5837 vespere
865 5770 1045 5817 ortum
1085 5763 1266 5818 facere
1309 5759 1634 5829 viderimus,
1678 5775 1786 5816 non
1829 5762 2016 5818 statim

2129 3832 2199 3888 ad
2241 3828 2548 3890 faciendum
2589 3826 2796 3884 Pascha
2836 3823 3205 3898 prosiliamns,
3233 3819 3329 3876 sed
3359 3818 3700 3876 Dominicum

2128 3923 2272 3984 diem
2303 3939 2412 3994 quo
2441 3923 2553 3995 ipse
2583 3922 2823 3985 Pascha,
2861 3920 2914 3976 id
2946 3929 3063 3988 est,
3096 3916 3384 3975 transitum
3425 3914 3493 3970 de
3535 3923 3698 3969 morte

2129 4018 2199 4073 ad
2243 4018 2446 4084 vitam,
2479 4018 2545 4072 dc
2594 4015 2942 4085 corruptione
2987 4012 3056 4066 ad
3106 4007 3584 4078 incorruptionem,
3625 4004 3692 4058 de

2121 4124 2284 4180 pmna
2322 4108 2389 4162 ad
2431 4107 2659 4178 gloriam
2702 4105 3038 4176 resurgendo
3081 4103 3264 4158 facere
3299 4099 3542 4172 dignatus
3579 4102 3695 4160 est,

2121 4198 2301 4255 facere
2341 4206 2751 4268 exspectantes,
2805 4194 2859 4250 in
2904 4195 3022 4266 ipso
3066 4191 3283 4248 tandem
3331 4203 3561 4260 congrua
3597 4185 3696 4240 Pa-

2123 4293 2267 4348 scha:
2311 4290 2570 4346 solemnia
2603 4289 2956 4345 celebremus.
3003 4285 3156 4352 Quod
3189 4285 3233 4338 si
3263 4283 3390 4354 quis
3418 4278 3693 4350 obiecerit,

2121 4399 2231 4440 non
2260 4382 2572 4452 aequinoctii
2605 4379 2924 4436 memoriam
2950 4419 2966 4445 ,
2998 4377 3093 4434 sed
3127 4384 3338 4432 tantum
3369 4373 3529 4444 primi
3557 4385 3694 4426 men-
3801 4408 3804 4409 ν

2122 4476 2198 4530 sis
2243 4483 2298 4530 et
2338 4476 2514 4530 tertiae
2560 4475 2874 4544 septimanae
2919 4472 3167 4543 posuisse
3203 4469 3526 4540 legiferum,
3567 4466 3695 4522 sciat

2121 4566 2247 4636 quia
2286 4573 2341 4619 et
2384 4565 2429 4619 si
2475 4564 2858 4634 aequinoctium
2901 4563 3246 4618 nominatum
3286 4575 3395 4616 non
3427 4555 3692 4627 exprimit,

2123 4657 2176 4712 in
2220 4659 2324 4712 hoc
2354 4667 2532 4712 tamen
2563 4657 2724 4726 ipso,
2753 4655 2898 4725 quod
2923 4671 2954 4709 a
2985 4652 3280 4726 plenilunio
3309 4651 3474 4722 primi
3509 4646 3697 4718 mensis

2120 4748 2328 4804 Pascha
2376 4748 2678 4804 faciendum
2725 4747 3012 4818 prmcepit,
3062 4745 3377 4816 aequinoctii
3428 4752 3697 4798 transcen-

2122 4857 2242 4898 sum
2281 4842 2530 4911 plenaria
2579 4841 2788 4896 ratione
2835 4841 3146 4910 depromit:
3194 4839 3457 4910 quoniam
3506 4837 3698 4904 absque

2120 4932 2228 4988 ulla
2282 4933 2556 4987 dubietate
2607 4939 2822 4988 constat
2883 4948 3006 4987 eam
3059 4946 3182 4988 cum
3238 4930 3419 4999 primo
3478 4925 3698 4984 transito

2120 5024 2446 5094 acquinoctio
2473 5024 2692 5093 plenum
2720 5040 2878 5080 suum
2915 5024 3133 5094 globum
3173 5022 3499 5100 oll'enderit,
3549 5015 3698 5090 primi

2120 5120 2326 5174 mensis
2357 5120 2596 5175 existere
2626 5120 2832 5175 lunam.
2865 5119 3091 5186 Quoties
3118 5131 3249 5189 ergo
3277 5117 3422 5172 diem
3467 5109 3703 5170 Domini-

2121 5227 2248 5268 cum
2278 5226 2402 5266 mox
2435 5211 2764 5268 adventante
2795 5211 2920 5266 luna
2949 5211 3139 5281 quinta
3171 5210 3383 5266 decima
3411 5207 3703 5266 habemus.

2121 5301 2195 5358 nil
2249 5311 2496 5358 nostrum
2557 5311 2768 5372 tempus
2824 5303 3078 5372 paschale
3131 5317 3164 5356 a
3217 5300 3377 5372 legali
3430 5298 3707 5358 dissonat,

2121 5396 2372 5464 quamvis
2415 5395 2537 5450 aliis
2580 5403 3049 5449 sacramentorum
3093 5394 3420 5464 generibus,
3466 5389 3712 5460 ejusdem

2120 5490 2343 5546 Paschae
2364 5489 2628 5545 solemnia
2655 5489 2904 5546 colimus.
2927 5488 3153 5555 Quoties
3181 5501 3313 5544 vero
3335 5483 3611 5550 secundo,
3637 5478 3715 5538 vel

2123 5582 2317 5642 tertio,
2350 5581 2434 5634 vel
2463 5589 2690 5650 quarto,
2722 5580 2804 5635 vel
2834 5581 3058 5650 quinto,
3089 5579 3174 5634 vel
3202 5587 3360 5634 sexto
3379 5619 3400 5639 ,
3426 5575 3513 5634 vel
3547 5574 3717 5646 septi-

2121 5686 2211 5724 mo
2240 5670 2436 5724 abhinc
2462 5671 2576 5733 die,
2609 5671 2750 5725 idem
2777 5671 3090 5726 Dominicus
3137 5669 3476 5731 occurrerit,
3503 5683 3616 5723 nec
3639 5665 3714 5720 sic

2079 5819 2084 5827 ,
2121 5762 2342 5832 quidem
2377 5760 2552 5833 legem
2592 5771 2686 5820 aut
2721 5762 3015 5832 prophetas
3054 5760 3335 5818 solvimus.
3385 5756 3530 5824 Nam
3571 5759 3717 5814 sicut
