3980 6344
233 413 332 471 6“
711 441 714 444 .
863 453 866 456 .
931 393 1466 464 ENARRATIONES
1503 405 1569 462 ΙΝ
1609 405 1868 464 LIBRUM
1904 406 2368 464 NUMERORUH.
2403 437 2474 448 -—
2505 407 2632 466 LIB.
2667 409 2730 466 li.
3365 421 3478 478 642

236 515 702 590 tot‘apascbaiium
717 515 1803 581 observantiacatremoniarum,itactiam
1830 518 1880 578 Α
1905 515 2269 585 profectibus,
2316 531 2486 586 usque
2527 519 2598 573 ad
2641 518 2805 575 tinem
2849 523 3031 580 saeculi
3072 541 3320 584 crescere
3359 547 3488 589 non:

237 607 453 684 temfﬂts
499 625 609 680 quo
653 611 739 682 agi
787 619 1116 682 praeceptum
1165 621 1249 667 est
1296 620 1468 666 totum
1491 653 1506 678 ,
1554 612 1810 683 mysteria

235 717 390 762 sacra
424 702 650 758 redolet.
681 701 740 758 in
762 702 953 772 primis
976 717 1206 772 namque
1229 703 1608 772 aequinoctium
1634 713 1814 760 trans-

235 796 390 869 gredi
421 795 477 849 in
504 793 797 850 Dominicae
833 796 1050 864 paschae
1085 793 1448 850 celebratione
1481 794 1637 864 juxta
1675 789 1812 868 legis

237 887 456 942 decreta
479 897 735 938 curamus
749 922 764 948 ,
787 891 852 938 ut
873 883 1121 940 videlicet
1147 883 1462 940 solemnilas
1487 887 1541 940 in
1565 901 1672 956 qua
1696 901 1812 942 me-

236 978 410 1032 diator
449 975 548 1033 Dei
589 982 647 1030 et
680 974 960 1030 hominum
979 1013 996 1040 ,
1039 962 1318 1031 destrucia
1349 973 1616 1046 potestate
1657 985 1810 1032 tene-

236 1071 492 1132 brarum,
524 1065 728 1123 mundo
753 1065 892 1122 lucis
920 1066 1026 1122 iter
1066 1067 1311 1138 aperuit,
1339 1068 1506 1123 etiam
1548 1067 1808 1138 temporis

237 1158 430 1214 ordine
455 1155 638 1223 foras,
666 1155 797 1226 quid
821 1155 970 1212 intus
1005 1155 1239 1222 habeat,
1276 1157 1545 1213 ostendat.
1583 1158 1652 1213 Et
1687 1174 1810 1228 quae

237 1247 394 1304 nobis
435 1254 653 1304 uerna:
700 1245 1048 1302 beatitudinis
1097 1247 1280 1304 lumen
1328 1249 1630 1318 promittit,
1678 1257 1809 1305 tunc

235 1341 478 1395 maxime
509 1337 832 1404 celebratur,
872 1351 996 1394 cum
1031 1339 1163 1396 solis
1202 1340 1382 1396 lumen
1422 1355 1602 1396 annuo
1642 1340 1808 1411 proﬁ-

236 1429 390 1485 ciuis
417 1428 790 1493 incremento,
815 1427 1066 1497 primam
1103 1429 1268 1483 sumit
1306 1428 1374 1483 de
1411 1428 1590 1484 noctis
1613 1429 1808 1485 umbra

235 1518 541 1576 victoriam.
590 1516 796 1573 Deinde
843 1533 1088 1574 mensem
1129 1519 1364 1588 primum
1409 1519 1572 1584 anni,
1617 1519 1712 1589 qui
1751 1529 1810 1576 et

235 1623 503 1668 novorum
527 1620 772 1677 vocatur,
813 1610 872 1665 in
914 1626 1021 1681 quo
1063 1611 1274 1667 Pascha
1315 1610 1682 1676 celebremus,
1724 1619 1806 1666 at-

235 1702 530 1760 tendimus.
570 1701 690 1773 ipse
730 1709 914 1757 autem
956 1711 1042 1758 est
1083 1703 1318 1769 mensis,
1345 1703 1402 1757 in
1429 1717 1537 1772 quo
1573 1702 1810 1758 mundus

235 1794 346 1849 iste:
363 1791 632 1848 famam
649 1825 666 1858 ,
693 1800 752 1846 et
776 1793 1050 1848 homo-est
1088 1793 1296 1863 primus
1325 1793 1382 1847 in
1410 1792 1646 1863 paradisi
1675 1791 1804 1848 sede

235 1883 475 1950 locatus,
506 1881 634 1954 quia
659 1897 760 1952 per
793 1879 955 1951 hujus
989 1883 1246 1954 mysteria
1278 1882 1668 1949 solemnitatis,
1695 1883 1808 1952 pri-

234 1987 382 2030 mam
426 1973 584 2034 nobis
629 1972 827 2028 stolam
879 1981 1188 2044 receptu-ros
1205 2013 1221 2039 ,
1275 1973 1512 2044 primum
1563 1988 1810 2042 superna

236 2063 588 2120 beatitudinis
610 2077 836 2136 regnum
853 2099 872 2128 ,
891 2079 923 2118 a
948 2079 1054 2134 quo
1077 2063 1133 2118 in
1157 2063 1508 2135 longinquam
1531 2064 1812 2134 regionem

235 2155 604 2222 discessimus,
628 2170 730 2211 nos
755 2163 1065 2226 reperturas
1089 2169 1210 2210 esse
1231 2169 1534 2225 speramus.
1557 2155 1634 2209 De
1657 2156 1810 2226 cujus

232 2246 406 2320 gloria
458 2244 616 2316 regni
653 2244 846 2302 beatus
867 2244 1062 2300 Petrus
1087 2243 1401 2314 apostolus:
1433 2243 1600 2298 Caelos
1629 2254 1810 2306 autem

233 2343 394 2392 nosos
413 2373 430 2400 ,
459 2335 668 2406 inquit,
700 2343 750 2389 et
779 2343 972 2388 terram
1007 2350 1196 2388 novam
1215 2374 1230 2400 ,
1261 2343 1309 2388 et
1345 2335 1603 2405 promissa
1639 2334 1808 2404 ipsius

231 2434 612 2494 exspectamus,
635 2423 700 2478 .in
725 2422 909 2493 quibus
927 2423 1146 2494 justitia
1169 2422 1371 2476 habitat
1391 2419 1485 2493 (Π
1511 2421 1660 2476 Petr.
1687 2422 1802 2493 ιιι).

234 2512 339 2568 Sed
371 2521 430 2567 et
453 2511 691 2574 Joannes
719 2511 776 2565 in
804 2510 1130 2582 Apocalypsi
1155 2527 1252 2567 sua
1283 2525 1298 2565 :
1334 2510 1406 2565 Et
1431 2511 1572 2566 dixit
1597 2510 1690 2582 qui
1721 2528 1806 2567 sc—

230 2603 392 2657 debat-
409 2605 467 2656 in
490 2603 673 2658 throno
696 2615 718 2654 :
743 2601 902 2667 Ecce,
929 2619 1061 2657 nera
1086 2601 1226 2671 facio
1245 2602 1424 2658 omnia
1452 2600 1646 2672 (Apoc.
1669 2603 1802 2673 xu).

232 2691 450 2747 Deinde
486 2693 646 2747 etiam
685 2692 1144 2748 tertiammensis
1170 2692 1409 2762 ejusdem
1450 2693 1812 2762 septimanam

231 2783 285 2837 in
315 2781 538 2837 Pascha.
570 2783 950 2848 observamus,
992 2781 1140 2852 quod
1176 2783 1592 2840 resurrectionis
1620 2782 1806 2842 Domi~

231 2874 378 2930 niam
399 2873 606 2944 gaudiis
633 2875 916 2945 aptissime
932 2875 1218 2947 congruit,
1244 2875 1378 2944 quia
1402 2883 1456 2929 et
1483 2874 1675 2930 eadem

231 2973 542 3026 cusanus.-
563 2965 686 3033 ejns
720 2966 1046 3022 resurrectio
1085 2966 1250 3021 tertia
1285 2965 1375 3022 die
1413 2963 1554 3020 facta
1600 2972 1714 3031 est,
1751 2972 1812 3020 et

235 3056 403 3111 tertio
427 3063 674 3126 tempore
705 3055 928 3120 saeculi,
953 3056 1008 3112 id
1035 3064 1154 3122 est,
1187 3071 1312 3112 cum
1340 3056 1530 3124 gratiae
1567 3055 1829 3118 cmlestis-

231 3149 504 3213 adventu,
547 3155 662 3214 tota
701 3146 834 3216 eius
857 3148 913 3204 in
953 3163 1120 3205 carne
1156 3148 1668 3218 dispensatio,.quae
1709 3163 1807 3218 per-
1844 3145 1884 3218 '_'

234 3239 654 3296 resurrectionis
679 3247 1053 3295 consummata
1079 3247 1162 3296 est
1191 3239 1420 3310 gloriam
1438 3278 1454 3304 ,
1481 3238 1684 3294 mundo
1711 3253 1810 3309 ap—

230 3333 434 3401 paruit.
467 3330 650 3387 Prima
678 3345 924 3400 namque.
943 3330 1122 3386 saeculi
1160 3338 1399 3400 tempora
1429 3328 1545 3399 lege
1573 3328 1807 3384 naturali

230 3437 327 3492 per
363 3426 589 3494 partes,
619 3421 800 3496 media;
825 3421 942 3492 lege
982 3419 1215 3475 naturali
1245 3418 1330 3473 vel
1369 3419 1680 3488 prophetis,
1713 3433 1807 3471 ex-

234 3522 413 3567 trema
457 3513 753 3568 chrismate
793 3499 1021 3580 spiritali
1050 3527 1147 3581 per
1175 3499 1410 3580 seipsum
1436 3511 1660 3565 veniens
1689 3501 1808 3564 illu-

234 3611 417 3658 strare
458 3603 712 3674 dignatus
743 3611 848 3656 est.
895 3601 1002 3655 Sed
1029 3609 1084 3655 et
1113 3602 1227 3669 ipsa
1258 3610 1387 3655 tunc
1415 3601 1554 3658 luna:
1585 3605 1810 3655 conver-

231 3693 346 3759 sio,
377 3694 800 3763 pulcherrimum
841 3693 996 3748 nobis
1040 3693 1366 3748 sacramenti
1409 3693 1646 3770 caelestis
1690 3708 1816 3770 spc—g

235 3784 512 3839 ctaeulum
537 3784 764 3854 prmbet.
805 3783 1048 3854 Namque
1078 3784 1206 3858 luna
1244 3799 1364 3855 quso
1407 3784 1622 3842 rotundi
1665 3781 1810 3838 facta

230 3871 561 3936 schematis,
588 3888 618 3925 a
639 3874 747 3928 sole
786 3873 986 3938 lumen,
1019 3882 1076 3927 ut
1104 3889 1264 3942 supra
1291 3873 1543 3938 diximus,
1575 3874 1808 3942 accipit,

235 3963 477 4027 ideoque
524 3975 734 4030 semper
775 3975 842 4014 ex
885 3960 1111 4015 dimidio
1153 3963 1284 4016 orbe
1326 3975 1486 4030 quem
1531 3961 1614 4015 ad'
1643 3959 1809 4016 solem

236 4049 410 4104 habet
447 4047 623 4102 lucida
662 4057 782 4114 est;
821 4065 886 4104 ex
929 4050 1096 4103 altero
1137 4058 1315 4104 autem
1346 4051 1567 4106 dimidio
1596 4065 1812 4120 semper

241 4141 476 4196 obscura
497 4179 512 4204 ,
543 4153 572 4193 a
600 4141 777 4209 primo
807 4155 975 4210 usque
1005 4141 1071 4195 ad
1104 4141 1346 4210 quintam
1375 4139 1639 4196 decimam
1678 4141 1813 4198 lucis

239 4221 576 4285 cremcn'tum
612 4231 682 4284 ad
725 4238 926 4296 terras,
959 4229 1225 4285 defectum
1255 4245 1384 4286 vero
1413 4229 1575 4287 habet
1603 4231 1670 4286 ad
1699 4247 1811 4288 cm-

239 4323 350 4388 los,
396 4338 428 4376 a
471 4322 869 4391 quintodecimo
898 4329 991 4375 aut
1016 4335 1185 4391 usque
1214 4322 1282 4375 ad
1311 4319 1667 4376 novissimum
1695 4337 1813 4377 cre-

241 4421 483 4466 mentum
513 4411 750 4483 ejusdem
780 4425 890 4466 sum
916 4411 1052 4467 lucis
1079 4427 1109 4466 a
1139 4412 1372 4467 terrenis
1400 4427 1592 4467 aversa
1618 4452 1634 4477 ,
1679 4427 1811 4482 pau-

239 4501 389 4559 latim
446 4504 512 4559 ad
561 4503 804 4560 coelestia
854 4504 1160 4560 revertitur.
1214 4503 1344 4572 Quae
1394 4504 1651 4559 nimirum
1693 4503 1811 4574 ejus

243 4595 551 4661 conversio,
591 4601 738 4651 recte
773 4593 1045 4664 paschalis
1083 4593 1273 4665 gaudii
1303 4593 1566 4665 mysteria
1601 4592 1806 4664 signat,

243 4686 438 4753 quibus
483 4699 699 4740 omnem
750 4683 948 4754 mentis
990 4690 1189 4738 nostrae
1229 4681 1456 4755 gloriam
1477 4723 1492 4748 ,
1537 4698 1570 4737 a
1615 4682 1809 4738 vilibus

244 4774 490 4829 avertere
520 4773 746 4840 deliciis,
775 4774 1098 4844 caducisque
1127 4773 1424 4839 favoribus,
1452 4781 1615 4843 atque
1635 4774 1809 4828 solum

246 4869 483 4924 caelestis
507 4867 692 4940 gratim
715 4868 897 4923 lumen
921 4869 1266 4940 suspendere,
1297 4867 1553 4922 docemur
1575 4873 1811 4921 contem.

248 4952 458 5028 plaudo.
492 4959 589 5017 Vel
628 4961 672 5014 si
715 4967 1001 5032 utramque
1037 4961 1154 5030 ejus
1197 4958 1602 5014 conversionem
1631 4957 1686 5011 in
1713 4956 1812 5012 bo-

251 5063 372 5104 num
426 5047 658 5106 delectat
701 5049 1079 5119 interpretari,
1135 5063 1422 5118 possumus
1478 5047 1811 5118 intelligere,

253 5139 388 5208 quod
419 5153 673 5196 crescens
701 5141 772 5196 ad
794 5139 979 5195 oculos
1005 5139 1271 5193 humanos
1296 5136 1475 5192 lumen
1505 5137 1646 5190 lunae
1663 5176 1677 5201 ,
1708 5137 1816 5190 vir-

244 5239 423 5288 tutum
463 5234 698 5306 gratiam
740 5231 934 5303 quibus
972 5231 1236 5301 apparens
1275 5228 1330 5282 in
1365 5241 1531 5283 carne
1557 5227 1814 5282 Dominus

229 5314 446 5379 "mundo
475 5323 685 5388 illuxit,
721 5323 958 5378 insinuet
986 5335 1002 5374 :
1031 5321 1102 5376 de
1125 5317 1323 5390 quibus
1351 5317 1554 5372 dicitur
1583 5334 1596 5370 :
1629 5315 1698 5369 Et
1726 5315 1816 5370 Je-

257 5425 340 5465 m
379 5412 678 5481 proﬁciebat
727 5411 984 5482 sapientia
1031 5418 1083 5463 et
1132 5417 1284 5462 etate
1322 5416 1371 5461 et
1415 5406 1622 5478 gratia,
1670 5406 1812 5475 apud

257 5495 416 5553 Dem
437 5509 494 5554 et
522 5501 753 5556 homines
781 5500 942 5571 (Luc.
973 5498 1071 5566 ιι).
1102 5497 1442 5553 Recreseens:
1461 5511 1594 5551 vero
1617 5496 1684 5550 ad
1707 5507 1812 5551 eos,

258 5583 364 5650 ius,
420 5589 835 5645 resurrectionis
890 5588 1332 5655 aseensiouisque
1366 5586 1528 5640 illius
1583 5585 1812 5657 gloriam

259 5673 494 5746 designet
519 5697 531 5734 :
563 5693 684 5749 qum
711 5681 766 5733 in
796 5693 856 5734 se
878 5679 1105 5748 quidem
1127 5678 1241 5748 ipsa
1270 5693 1394 5732 mox
1422 5675 1662 5746 perfecta
1693 5690 1812 5746 pro-

257 5768 432 5838 venit,
459 5771 556 5828 sed
583 5768 848 5830 inanimo
885 5769 1124 5828 ﬁdelium
1143 5809 1158 5839 ,
1186 5768 1510 5840 quibusdam
1536 5767 1672 5827 lucis
1699 5781 1811 5827 sua

1833 1825 1880 1923 Β

1833 3211 1879 3274 C

1907 607 2123 662 desinit.
2163 608 2471 679 Resurgens
2509 611 2656 666 enim
2691 610 2952 668 Dominus
2991 629 3023 668 a
3063 621 3322 686 mortuis,
3359 607 3471 694 pri-

1907 713 1998 752 mo
2039 699 2266 770 singulis
2291 716 2356 755 ac
2383 700 2525 756 binis
2543 742 2558 766 ,
2588 715 2651 757 ac
2677 703 2872 760 deinde
2895 705 3171 776 pluribus,
3199 715 3360 768 modo
3385 730 3492 770 sor

1907 795 2056 858 ptem
2075 831 2092 857 ,
2120 791 2282 846 modo
2307 793 2559 848 undecim
2576 834 2592 859 ,
2621 796 2783 850 modo
2811 796 3124 866 duodecim,
3153 804 3314 860 modo
3348 807 3474 874 plus

1906 892 2071 948 quam
2098 881 2408 950 quingentis
2434 881 2699 939 fratribus
2725 885 2915 954 simul,
2945 889 3014 944 ad
3041 890 3289 946 ultimum
3319 894 3475 951 disci-

1901 970 2044 1042 pulis
2066 971 2318 1028 omnibus
2341 975 2590 1044 apparuit
2604 1014 2620 1041 ,
2643 976 2828 1046 quibus
2850 979 3142 1036 videntibus
3161 999 3472 1041 ascensurus

1903 1059 1961 1114 in
1988 1059 2171 1114 caelum
2189 1101 2206 1127 ,
2232 1063 2475 1132 prcecepit
2503 1079 2592 1118 eos
2617 1081 2728 1118 sua:
2755 1066 3155 1136 dispensationis
3184 1089 3294 1127 esse
3319 1056 3476 1130 testes

1903 1148 1961 1202 in
1985 1149 2320 1207 Hierusalem
2345 1190 2360 1218 ,
2387 1161 2436 1207 et
2465 1153 2521 1207 in
2544 1155 2684 1208 omni
2708 1153 2900 1211 Judwa
2925 1168 2974 1212 et
3001 1159 3249 1216 Samaria
3270 1203 3284 1229 ,
3312 1181 3490 1235 usque.

1905 1237 1974 1292 ad
2013 1237 2259 1294 ultimum
2301 1250 2456 1296 teme
2497 1240 2570 1314 (1
2591 1241 2716 1298 Car.
2742 1261 2814 1299 xv
2833 1243 2875 1316 ).
2917 1245 2984 1301 Et
3021 1249 3159 1305 bene
3195 1250 3320 1306 luna
3348 1269 3472 1309 cum

1905 1339 2122 1388 nostros
2155 1332 2357 1388 crescit
2393 1335 2462 1390 ad
2487 1335 2674 1392 oculos
2691 1377 2706 1403 ,
2737 1337 2998 1408 paulatim
3025 1356 3056 1394 a
3085 1341 3198 1396 sole
3227 1347 3429 1401 recedit
3454 1359 3470 1414 ς

1913 1435 2038 1476 cum
2069 1435 2198 1477 vero
2226 1422 2296 1477 ad
2323 1423 2489 1479 cmlos
2516 1425 2739 1495 paribus
2775 1428 2810 1464 ἰ
2846 1435 2901 1482 at
2926 1444 3051 1484 eum
3075 1431 3264 1501 spatiis
3292 1436 3494 1490 rediit.

1905 1509 2022 1567 Hoc
2043 1521 2128 1567 est
2149 1513 2293 1567 enim
2319 1515 2466 1584 quod
2491 1513 2606 1584 ipse
2632 1516 2768 1570 dixit
2792 1534 2807 1568 :
2835 1517 2993 1573 Exivi
3021 1538 3053 1574 a
3077 1519 3261 1590 Patre,
3285 1533 3338 1578 et
3361 1527 3490 1579 veni-

1903 1600 1962 1654 in
1991 1601 2248 1654 mundum
2273 1618 2293 1666 ;
2324 1602 2516 1658 iterum
2552 1602 2789 1675 relinquo
2823 1608 3078 1663 mundum
3099 1647 3115 1675 ,
3153 1621 3202 1664 et
3235 1612 3368 1666 cado
3405 1613 3478 1668 ad

1905 1687 2124 1744 Patrem
2172 1689 2502 1764 (Joan.x);
2553 1702 2608 1749 et
2657 1697 2800 1764 quod
2843 1698 2909 1753 de
2957 1699 3050 1756 illo
3095 1699 3390 1760 Psalmus:
3432 1705 3478 1760 Α

1904 1797 2106 1836 summa
2153 1781 2280 1836 caelo
2323 1787 2556 1854 egressio
2591 1785 2703 1855 ejus
2724 1826 2739 1853 ,
2777 1795 2828 1842 et
2866 1803 3113 1846 occursus
3157 1793 3272 1863 ejus
3318 1811 3480 1865 usque

1909 1873 1980 1928 ad
2033 1889 2298 1929 summum
2351 1875 2468 1944 eius
2517 1876 2934 1951 (Psat.xvm).
2989 1880 3126 1948 Quia
3175 1883 3490 1953 ergolunas

1909 1981 1975 2022 eo
2030 1981 2141 2021 sua:
2188 1966 2326 2023 lucis
2383 1968 2722 2026 incremento
2748 2011 2763 2036 ,
2815 1972 2957 2041 quod
3009 1973 3198 2030 exiens
3242 1989 3272 2028 a
3325 1975 3438 2030 sole
3464 2016 3480 2042 ,

1909 2055 1980 2111 ad
2018 2065 2238 2112 nostros
2288 2058 2488 2114 evolvit
2530 2061 2751 2118 obtutus
2779 2103 2794 2127 ,
2841 2063 3053 2121 Domini
3096 2065 3381 2124 salvatoris
3425 2067 3482 2122 iu

1908 2160 2075 2202 carne
2103 2162 2276 2217 usque
2301 2147 2372 2203 ad
2401 2158 2644 2220 tempora
2664 2152 2951 2222 passionis,
2983 2154 3284 2211 doctrinam
3311 2157 3490 2212 virtuu.

1909 2245 2098 2308 tesque
2127 2237 2420 2308 signiﬁcat,
2470 2255 2537 2296 eo
2569 2249 2749 2297 autem
2775 2244 2921 2312 quod
2948 2244 3019 2298 ad
3049 2245 3218 2302 solem
3247 2247 3482 2310 rediens,

1906 2325 2168 2397 paulatim
2194 2328 2264 2384 ad
2314 2328 2642 2384 invisibilem
2682 2331 2838 2387 nobis
2889 2333 3014 2389 coeli
3040 2333 3238 2392 faciem
3266 2336 3482 2394 ηοοιιὶστ

1910 2421 2010 2491 git,
2043 2421 2460 2478 resurrectionis
2507 2421 2672 2489 illius,
2703 2439 2768 2478 ac
2798 2426 3116 2494 posterioris
3146 2427 3332 2496 gloriae
3382 2429 3484 2484 mi.-

1908 2511 2094 2568 raeula
2149 2513 2509 2579 demonstrat,
2538 2513 2734 2570 merito
2762 2530 2792 2568 a
2822 2515 3223 2586 quintadoeima
3248 2520 3496 2587 pascha-~
3601 2544 3613 2551 -

1906 2602 1978 2660 lis
2028 2603 2140 2659 voti
2185 2604 2397 2674 gaudiis
2452 2612 2578 2674 apta
2622 2605 2968 2674 praedicatur.
3023 2605 3119 2662 His
3147 2607 3365 2677 quidem
3385 2621 3485 2677 pa-

1906 2695 2108 2752 schalis
2127 2696 2385 2764 temporis
2400 2711 2430 2749 a
2445 2695 2580 2766 legis
2592 2695 2971 2753 observatione
2991 2698 3222 2768 sumptis
3245 2697 3484 2765 indiciis,

1906 2787 2152 2844 heredes
2178 2787 2311 2844 Novi
2353 2787 2688 2844 Testamenti
2715 2787 2882 2844 etiam
2927 2789 3072 2844 diem
3125 2787 3500 2855 Dominicam,

1907 2891 2069 2947 quam
2099 2877 2383 2946 Scriptura
2428 2894 2592 2936 unam
2617 2879 2730 2934 sive
2755 2880 2982 2948 primam
3025 2878 3231 2934 sabbati
3258 2877 3484 2938 (Matth;

1908 2967 2112 3037 iuvui).
2131 2967 2498 3038 cognominat,
2522 2977 2862 3024 annectunus
2889 2982 2990 3022 nec
3018 2967 3330 3024 immerito:
3357 2981 3496 3038 quae;

1909 3066 1966 3124 et
1991 3057 2300 3114 conditione
2341 3058 2636 3128 primitivis
2685 3059 2826 3118 lucis
2856 3059 3142 3124 excellens,
3195 3068 3252 3116 et
3296 3060 3488 3122 trium-

1908 3151 2016 3219 pho
2073 3149 2374 3206 Dominicae
2432 3151 2844 3212 resurrectionis
2895 3151 3144 3221 insignis,
3203 3159 3259 3206 et
3291 3160 3496 3212 nostra;

1912 3255 2126 3310 quoque
2151 3240 2307 3300 nobis
2338 3240 2740 3296 resurrectione
2789 3248 2975 3296 manet
3021 3256 3235 3309 semper
3263 3249 3490 3311 exopta.-

1910 3329 2052 3385 bilis.
2109 3331 2324 3402 Septem
2357 3345 2571 3402 quoque
2623 3331 2738 3386 dies
2782 3330 2946 3396 laute,
2992 3330 3048 3388 id
3095 3339 3269 3396 est,,a
3294 3331 3483 3400 quinta

1908 3421 2116 3476 decima
2150 3438 2323 3492 usque
2354 3423 2420 3476 ad
2448 3422 2764 3478 vicesimam
2819 3422 3073 3492 primam,
3125 3437 3222 3492 per
3250 3433 3387 3491 quos
3416 3437 3490 3508 ea

1871 3503 2189 3566 "Dominica
2239 3507 2475 3566 naturali
2497 3504 2701 3567 ordine
2758 3511 3033 3578 discurrit,
3081 3503 3488 3566 universitatem

1889 3602 2192 3668 'Ecclesiat,
2217 3617 2354 3672 (qua;
2384 3618 2483 3672 per
2521 3594 2690 3658 tbtum
2720 3603 2979 3656 mundum
3030 3601 3376 3671 paschalibus
3402 3611 3486 3658 est.

1912 3692 2188 3760 redempta
2228 3692 2526 3760 mysteriis,
2559 3699 2746 3760 aperte
2796 3690 3096 3744 denuntiat.
3153 3689 3286 3744 Nam
3313 3699 3369 3744 et
3397 3705 3484 3745 se-

1909 3781 2163 3852 ptenario
2239 3795 2380 3849 saepe
2443 3793 2670 3833 numero
2731 3779 3136 3834 universitatem
3199 3779 3488 3850 designare

1914 3867 2195 3938 Scriptura
2236 3860 2566 3922 consuevit."
2597 3859 2752 3922 Unde
2779 3871 2834 3920 et
2869 3867 3028 3936 ‘quod
3072 3867 3149 3921 ait
3174 3866 3482 3936 Propheta:

1915 3958 2114 4028 Septies
2141 3959 2194 4011 in
2224 3958 2309 4011 die
2333 3957 2542 4011 laudem
2565 3956 2677 4010 dixi
2707 3956 2798 4010 tibi
2824 3955 2996 4028 (Psal;
3029 3957 3236 4028 cxvm),
3270 3956 3345 4011 nil
3373 3971 3485 4012 me-

1913 4045 2362 4116 liusintclligitur
2389 4061 2550 4116 quam
2579 4046 2723 4115 quod
2769 4045 2894 4100 alibi
2948 4045 3065 4100 ait:
3106 4045 3322 4116 Semper
3367 4047 3484 4101 laus

1914 4137 2040 4208 ejus
2061 4139 2118 4192 in
2148 4149 2235 4192 ore
2263 4153 2379 4191 meo
2407 4135 2579 4208 (Psal.
2607 4137 2833 4208 χχχιιι).
2866 4137 2936 4192 Et
2975 4137 3286 4206 specialiter
3313 4141 3482 4193 totam

1915 4229 2235 4284 catholicam
2266 4229 2522 4284 Ecclesia:
2542 4227 2934 4298 profectionem
2985 4241 3052 4283 eo
3081 4229 3299 4299 ﬁgurari
3326 4229 3486 4284 Joan-

1914 4332 2012 4372 nes
2040 4325 2288 4383 testatur,
2317 4317 2409 4386 qui
2439 4317 2507 4370 ad
2532 4325 2736 4386 septem
2763 4317 2904 4374 Asiae
2931 4318 3177 4373 scribens
3205 4319 3481 4384 ecclesias,

1915 4407 2237 4462 universalis
2265 4421 2366 4476 per
2390 4408 2578 4463 orbem
2611 4407 2871 4464 Ecclesiae
2921 4408 3178 4478 mysteria
3223 4408 3481 4476 patefecit

1915 4497 2101 4569 (Apoc.
2128 4497 2191 4569 ι).
2243 4497 2398 4555 Unde
2424 4506 2482 4553 et
2507 4513 2610 4569 per
2636 4498 2818 4555 omnia
2869 4511 2991 4567 qum
3015 4496 3244 4567 singulis
3278 4505 3490 4567 septem

1915 4590 2105 4646 scribit
2132 4590 2491 4654 hortamenta,
2523 4589 2668 4645 hunc
2693 4587 3017 4644 versiculum
3062 4588 3304 4644 intexere
3328 4601 3488 4644 curae

1883 4679 2036 4733 ‘vit:
2073 4678 2179 4743 Qui
2199 4678 2352 4731 habet
2383 4693 2536 4731 aures
2591 4677 2863 4742 audiendi,
2910 4677 3094 4732 audiat
3139 4678 3265 4747 quid
3319 4678 3482 4749 Spiris

1915 4777 2000 4821 tus
2025 4767 2166 4820 dicat
2212 4765 2442 4820 ccclesiis
2467 4766 2650 4837 (Apoc.
2692 4767 2775 4837 ιι).
2811 4766 2963 4834 Quod
3005 4769 3098 4822 uni
3143 4769 3364 4824 cuilibet
3395 4768 3486 4823 di-~

1916 4865 2092 4923 serat,
2127 4859 2230 4913 hoc
2281 4858 2531 4913 omnibus
2579 4871 2639 4912 se
2694 4859 2894 4913 dixisse
2945 4860 3178 4929 probans
3214 4861 3478 4916 ecclesiis.

1917 4947 2028 5002 Nec
2077 4948 2256 5003 minus
2284 4949 2448 5004 etiam
2496 4947 2755 5003 moralem
2806 4950 2960 5005 nobis
2986 4952 3364 5006 commendant
3389 4949 3488 5018 pa-J

1913 5039 2118 5095 schalia
2144 5047 2387 5109 tempora
2416 5053 2656 5093 sensum.
2695 5037 2756 5094 In
2783 5040 3000 5095 nomine
3034 5041 3250 5110 quidem
3279 5047 3363 5094 est
3383 5054 3486 5110 pse

1913 5132 2080 5197 schae,
2109 5139 2171 5184 ut
2223 5131 2290 5186 de
2340 5129 2486 5184 vitiis
2523 5129 2590 5183 ad
2643 5131 2871 5186 virtutes
2919 5133 3206 5186 transitum
3241 5131 3484 5199 quotidie

1911 5220 2174 5275 iaciamus
2221 5219 2560 5290 spiritalem;
2593 5221 2648 5275 in
2673 5237 2864 5278 mense
2907 5232 3088 5296 autem
3127 5233 3386 5276 novorum
3417 5219 3478 5274 iu

1913 5325 2020 5381 quo
2049 5310 2218 5366 adulti
2268 5309 2497 5377 fructus,
2533 5312 2766 5368 adventu
2815 5329 2914 5368 suo
2939 5310 3289 5382 pronuntiant
3326 5315 3476 5364 vete-

1914 5418 2038 5458 rum
2083 5403 2446 5459 eessationem
2483 5420 2500 5458 :
2543 5401 2610 5458 Ut
2659 5411 2904 5458 eruentes
2950 5411 3167 5456 veterem
3213 5397 3480 5454 bonum

1913 5509 2035 5548 cum
2054 5493 2256 5546 actibus
2279 5493 2412 5558 suis,
2451 5510 2751 5548 renovemus
2789 5491 3027 5559 spiritum
3059 5485 3240 5539 mentis
3265 5493 3484 5550 nostra,

1913 5591 1962 5637 et
1982 5582 2268 5638 induamus
2300 5599 2488 5638 navum
2534 5584 2816 5642 hominem,
2867 5578 2954 5646 qui
2997 5573 3278 5629 secundum
3303 5572 3480 5630 Deum;

1911 5682 2118 5729 creatus
2149 5683 2245 5740 est,
2279 5675 2336 5728 in
2365 5673 2572 5744 justitia
2601 5683 2650 5726 et
2672 5669 2946 5724 sanctitate
2982 5665 3212 5720 veritatis
3247 5661 3471 5734 (Colon.

1912 5764 2036 5838 tu);
2070 5774 2130 5825 ut
2164 5774 2224 5824 et
2257 5765 2488 5838 vegetati
2541 5763 2878 5822 diversarum
2935 5755 3160 5813 veritate
3214 5755 3480 5814 virtutum
