3892 6346
608 298 637 311 ‘
662 311 701 319 η-‹

457 359 561 418 645

1098 345 1161 399 Β.
1203 339 1456 398 ΒΑΒΛΝΙ
1493 334 1713 393 MAURI
1749 325 2048 388 ARCHIEP

2152 319 2418 379 lOGUNT.
2461 315 2743 383 OPERUM
2786 312 2963 370 PARS
2994 312 3035 367 Ι.

3500 312 3704 385 .,_6ts

457 482 753 541 earumque
772 464 917 523 foliis
940 461 1107 519 veluti
1134 473 1360 514 alumna:
1383 454 1593 510 arboris
1621 448 2029 507 adumbratione
2056 439 2108 502 Α
2132 446 2243 493 tum
2269 439 2426 541 ρῆαξς
2448 434 2808 539 οὔδεηξαίςηηι»
2837 436 3148 541 “rem”?
3174 426 3338 541 ,ῧιξξη
3360 427 3706 534 Ρῖιὲὶεειίξέω·

463 565 644 629 velati,
664 535 933 629 tanquam
961 554 1097 609 laatze
1128 559 1287 621 atque
1338 544 1632 602 fructiferae
1674 549 1882 612 segetes
1914 535 2031 608 pul-

459 658 690 711 lulcmus
739 650 795 703 in
844 642 1175 719 plenilunio;
1232 644 1294 693 ut
1340 635 1642 709 perfectum
1696 630 2033 702 splendorem

464 745 589 802 fidei
617 753 872 798 assensus
925 739 1195 807 gerentes,
1226 744 1258 783 a
1286 725 1497 799 peccati
1554 721 1808 778 tenebris
1848 731 2034 807 segref

464 846 673 911 gemur.
702 831 762 887 ln
788 804 1004 884 reversa
1026 823 1212 879 eadem
1239 821 1361 874 luce
1388 814 1565 873 lunari
1591 815 1659 868 ad
1683 811 1869 875 caelos,
1893 804 2036 910 quod

463 896 927 1001 aquintadecima
950 918 1074 974 luna
1118 914 1236 969 fieri
1281 908 1491 981 incipit,
1532 913 1593 961 ut
1620 911 1824 976 quanto
1856 896 2038 1001 magni

467 991 655 1077 sumus
682 1012 1030 1071 humiliemur
1056 1007 1110 1062 in
1164 1002 1411 1059 omnibus
1456 998 1694 1055 dicentes
1742 1010 1865 1050 cum
1897 991 2040 1061 Apo-

466 1111 605 1167 stolo
630 1105 869 1178 singuli:
901 1099 1086 1154 Gratia
1119 1105 1293 1151 autem
1340 1092 1437 1146 Dei
1466 1108 1585 1146 sum
1622 1088 1678 1143 id
1726 1085 1864 1159 quod
1900 1099 2037 1178 sum.

466 1203 598 1270 Qua:
640 1172 884 1270 profecto
921 1190 1096 1264 gratia
1149 1184 1392 1241 muneris
1450 1178 1691 1252 superni,
1724 1177 1849 1247 quia
1881 1172 2041 1229 tertio

469 1266 710 1362 tempore
738 1283 917 1342 saeculi
973 1277 1315 1335 manifestius
1339 1272 1509 1330 elfusa
1540 1280 1644 1336 est,
1671 1266 2042 1341 pulcherrima

465 1357 758 1455 figurarum
815 1371 1225 1443 consequentia,
1259 1367 1400 1422 luna:
1454 1360 1806 1419 hebdomadas
1859 1357 2043 1411 lumen

465 1446 657 1547 ipsius,
687 1464 837 1542 quod
885 1474 1109 1522 eatenus
1163 1459 1231 1515 ad
1268 1469 1446 1513 terras
1471 1462 1739 1518 creverat,
1790 1449 1857 1505 ad
1881 1446 2046 1504 cccle-

460 1541 569 1625 slia
587 1562 710 1642 jam
754 1572 1002 1617 crescere
1042 1555 1279 1611 inchoat.
1310 1548 1545 1642 Pulchre
1573 1547 1715 1602 hanc
1740 1544 1796 1598 in
1832 1541 2045 1641 Pascha

467 1629 758 1711 observare
794 1643 1161 1719 praecipimur,
1211 1650 1269 1694 ut
1299 1637 1486 1709 gratiae
1528 1650 1690 1705 quam
1739 1629 2046 1701 accepimus

465 1756 746 1813 nunquam
768 1736 944 1799 obliti,
970 1749 1069 1804 per
1096 1729 1338 1800 singulos
1366 1726 1562 1799 gradus
1595 1721 1856 1795 spiritalis
1876 1728 2048 1774 trans-

2135 544 2268 602 pore
2298 529 2517 599 quidam
2546 525 2637 596 qui
2673 522 2935 578 immundi
2968 527 3126 576 erant
3174 518 3303 574 facti
3332 533 3504 589 super

2135 592 2394 686 hominis,
2432 618 2487 674 id
2522 592 2622 683 est,
2654 630 2815 685 super
2838 621 3077 678 mortuo,
3103 621 3414 683 quaererent
3441 592 3705 680 quo'rn'odo

2139 715 2341 788 pascha
2370 710 2636 775 facerent,
2666 706 2921 778 quoniam
2951 703 3245 774 oportebat
3264 716 3361 757 eos
3389 702 3463 759 ab
3490 702 3708 758 inimum

2139 806 2288 863 ditiis
2339 810 2545 873 septem
2592 798 2781 855 diebus
2830 795 3108 868 puriﬁcari
3162 793 3465 851 secundum
3522 793 3700 865 legem,

2140 893 2408 952 consuluit
2460 890 2745 946 Dominum
2806 886 3038 957 Moyses,
3090 892 3147 940 et
3196 897 3526 953 responsum
3567 896 3706 939 acce-

2140 988 2238 1058 pit,
2299 985 2603 1052 cuicunque
2651 978 2763 1034 tale
2806 976 3011 1047 aliquid
3062 976 3372 1041 accidisset,
3399 970 3492 1030 vel
3519 976 3702 1030 tamin

2140 1078 2437 1150 longinquo
2471 1075 2664 1129 itinere
2720 1071 3048 1127 cnnstitutus
3089 1075 3257 1134 esset,
3303 1074 3368 1122 ut
3395 1080 3511 1121 non
3536 1075 3703 1136 posset

2142 1180 2449 1229 occurrere,
2482 1163 2589 1219 alio
2630 1174 2817 1217 mense
2842 1175 2968 1215 eum
3020 1157 3203 1214 facere
3246 1158 3449 1213 debere
3498 1158 3697 1227 pascha,

2141 1269 2367 1331 propter
2414 1257 2559 1312 diem
2608 1254 2811 1311 mensis
2863 1251 3411 1323 quartamdecimam,
3440 1248 3539 1305 ubi
3581 1251 3701 1307 luna:

2145 1365 2405 1406 numerus
2429 1347 2839 1403 observabatur.
2895 1342 3004 1398 Sed
3033 1344 3079 1398 si
3116 1350 3398 1413 quaratur
3423 1342 3557 1411 quid
3579 1340 3680 1397 fam

2144 1451 2267 1497 rent
2298 1441 2344 1495 si
2379 1438 2520 1493 forte
2565 1436 2689 1490 talis
2737 1432 3083 1490 immunditia
3134 1432 3299 1487 etiam
3327 1430 3398 1487 ad
3425 1430 3699 1487 secundum

2145 1546 2389 1589 mensem
2442 1534 2777 1591 occurreret,
2831 1525 3069 1580 arbitror
3120 1523 3174 1577 id
3202 1520 3349 1591 quod
3375 1521 3577 1576 dictum
3608 1529 3698 1588 est,

2148 1625 2215 1681 de
2239 1620 2478 1679 secundo
2507 1632 2715 1685 mense,
2744 1625 3004 1687 tanquam
3026 1614 3355 1686 regulariter
3384 1612 3701 1687 retinendum

2149 1714 2342 1779 fuisse,
2372 1720 2431 1768 ut
2459 1711 2623 1766 tertio
2659 1723 2849 1764 mense
2900 1708 3279 1771 observarent,
3312 1713 3407 1759 aut
3433 1712 3575 1759 certe
3616 1718 3702 1773 ρει-

470 1795 878 1902 itus.largitori
930 1795 1074 1881 illius
1104 1795 1425 1885 obediendo,
1485 1819 1657 1873 vicem
1711 1813 2043 1886 perpendere
2068 1798 2119 1859 Β
2147 1808 2277 1865 scha
2307 1821 2413 1861 non
2467 1804 2643 1902 egisse
2693 1798 3188 1902 tali-necessitate,
3237 1797 3307 1902 ad
3356 1795 3697 1900 culpamonon

469 1923 899 1981 meminerimus.
931 1915 1030 1973 Vel
1066 1922 1215 1970 certe
1269 1913 1325 1967 in
1370 1916 1649 1966 crescente
1703 1907 1771 1963 ad
1797 1908 2044 1961 homines

472 2017 622 2083 luna,
658 2015 783 2070 vitae
821 2011 977 2067 nobis
1001 2008 1207 2072 activaa,
1241 2006 1293 2060 in
1337 2018 1557 2059 reversa
1594 2016 1722 2057 vero
1758 2002 1825 2057 ad
1853 2000 2042 2065 caelos,

471 2101 816 2176 speculativae
889 2108 1049 2171 typus
1108 2093 1433 2151 ostenditur.
1488 2090 1582 2147 Vel
1641 2091 1696 2146 in
1739 2089 1841 2145 hac
1889 2088 2046 2144 nobis

380 2196 381 2199 “
466 2194 843 2259 conversione,
875 2190 1092 2246 dilectio
1126 2187 1382 2259 proximi,
1415 2186 1470 2240 in
1494 2182 1608 2250 illa,
1638 2181 1810 2258 nostri
1862 2181 2044 2251 signa-

475 2295 567 2342 tur
588 2285 832 2341 victoris.
862 2281 1052 2337 Adhuc
1096 2290 1391 2335 conversus
1417 2274 1553 2328 lucis
1586 2270 1703 2340 ejus
1744 2269 2045 2341 profectus,

470 2387 533 2433 ut
558 2377 700 2433 bona
749 2372 897 2428 foras
926 2384 1216 2442 operemur
1266 2367 1523 2421 admonet
1552 2382 1566 2431 ;
1607 2378 1770 2434 porro
1804 2361 1948 2425 illuc,
1983 2369 2043 2414 ut

470 2466 661 2522 eadem
694 2464 838 2519 bona
862 2476 1027 2531 opera
1058 2457 1173 2513 solo
1224 2469 1475 2527 supernae
1526 2450 1795 2508 mercedis
1851 2450 2049 2504 intuitu

473 2564 764 2629 geramus;
796 2550 923 2616 huc,
973 2561 1030 2605 ut
1061 2549 1229 2604 luceat
1269 2547 1360 2603 lux
1387 2554 1565 2601 nostra
1613 2561 1790 2600 coram
1824 2543 2052 2597 homini-

476 2648 595 2713 bus,
619 2657 676 2701 ut
697 2645 908 2702 videant
933 2645 1067 2699 bona
1091 2652 1268 2697 nostra
1297 2657 1488 2713 opera;
1512 2639 1657 2705 illuc,
1682 2648 1737 2692 ut
1763 2636 2050 2710 gloriﬁcent

478 2736 696 2794 Patrem
739 2745 973 2792 nostrum
1000 2735 1091 2806 qui
1138 2734 1193 2789 in
1238 2732 1376 2789 caelis
1410 2743 1485 2787 est
1513 2730 1728 2805 (Matth.
1757 2729 1831 2802 ν).
1864 2730 1921 2784 ln
1948 2744 2052 2782 una

476 2829 690 2887 sabbati
736 2842 856 2898 quae
893 2825 1027 2882 Novi
1078 2822 1412 2880 Testamenti
1461 2822 1678 2895 propria
1738 2812 2054 2877 solemriitas

472 2928 558 2978 est
608 2918 950 2983 instruimur,
1018 2923 1078 2970 ut
1128 2928 1221 2985 spe
1257 2914 1452 2969 futurae
1501 2922 1702 2969 nostra:
1743 2912 1798 2966 in
1837 2911 2053 2968 Christo

478 3007 918 3074 resurrectionis,
942 3007 1218 3077 patienter
1246 3006 1301 3059 in
1327 3004 1601 3075 prmsenti,
1619 3005 1798 3059 omnia
1830 3002 2056 3056 adversa

474 3114 573 3169 pro
607 3096 827 3153 Christo
873 3105 930 3152 et
966 3095 1138 3166 ipsam
1183 3096 1376 3151 mortis
1426 3092 1719 3150 toleremus
1777 3091 2055 3162 injuriam,

476 3187 756 3244 audientes
794 3185 863 3240 ab
908 3183 1166 3255 Apostolo
1207 3203 1219 3237 ε
1255 3181 1395 3249 Quia
1444 3184 1488 3237 si
1527 3182 1757 3253 Spiritus
1812 3182 1925 3252 ejus
1965 3181 2054 3252 qui

480 3276 748 3333 suscitavit
792 3275 976 3329 Jesum
1005 3292 1038 3327 a
1074 3274 1293 3328 mortuis
1340 3274 1499 3342 fuerit
1535 3274 1591 3326 in
1628 3272 1795 3338 nobis,
1826 3272 2057 3341 viviﬁca-

483 3368 554 3423 bit
602 3376 650 3421 et
709 3363 955 3420 mortalia
1003 3380 1225 3434 corpora
1281 3374 1478 3429 nostra,
1532 3380 1625 3434 per
1678 3363 2056 3417 inhabitantem

478 3454 737 3529 Spiritum
763 3453 877 3525 ejus
926 3456 981 3509 in
1016 3455 1162 3508 nobis
1215 3448 1385 3524 (Rom.
1420 3452 1563 3526 vui).
1596 3452 1762 3524 Cujus
1797 3454 2054 3522 Spiritus,

475 3551 569 3621 qui
616 3556 702 3604 est
756 3544 1088 3619 septiformis
1137 3546 1353 3617 gratia,
1385 3553 1561 3616 potest
1614 3546 1802 3600 eodem
1851 3554 2057 3616 septem

481 3644 693 3699 dierum
725 3637 999 3696 lunarium
1030 3653 1277 3705 numero,
1319 3638 1411 3707 qui
1442 3636 1665 3707 praefata
1694 3653 1801 3692 una
1824 3637 2056 3707 sabbati,

478 3734 533 3790 id
570 3741 673 3799 est,
713 3732 802 3787 die
848 3718 1134 3788 ‘Dominica
1186 3727 1595 3795 circumfertur,
1654 3730 1901 3784 intimata
1949 3744 2059 3784 non

480 3822 927 3880 inconvenienter
984 3821 1231 3890 intelligi.
1266 3808 1468 3877 Verum
1501 3821 1567 3875 de
1614 3820 1874 3890 mysterio
1924 3829 2060 3875 tem-

478 3912 628 3985 poris
652 3911 894 3977 Pascha,
930 3909 977 3966 si
1004 3910 1128 3981 quis
1158 3909 1369 3980 plenius
1399 3910 1539 3964 scire
1566 3908 1702 3974 vult,
1744 3907 1885 3979 legat
1913 3909 2059 3964 beati

479 4005 691 4062 Aurelii
744 4002 1034 4075 Augustini
1066 4004 1136 4058 ad
1185 4000 1510 4058 Ianuarium
1542 4002 1826 4072 epistolam
1872 4002 1939 4058 de
1966 4018 2057 4057 ra-

480 4095 628 4151 tione
654 4093 921 4166 paschali.

1109 4230 1336 4287 CAPUT
1372 4232 1441 4287 ΙΙ.

480 4343 561 4402 De
580 4344 662 4401 his
698 4342 790 4416 qui
816 4358 923 4417 non
949 4350 1189 4413 poterunt
1237 4340 1445 4417 Pascha
1472 4343 1542 4417 ing
1559 4352 1785 4416 tempore
1821 4361 1917 4400 suo
1957 4362 2059 4417 quo

855 4414 929 4468 eis
951 4412 1280 4482 ’prteceptum
1316 4415 1382 4468 sit
1418 4412 1694 4468 celebrare.

555 4547 733 4623 (Isim)
748 4548 885 4604 Ecce
896 4558 1071 4604 autern
1084 4550 1299 4620 quidam
1321 4549 1577 4605 immundi
1598 4566 1754 4622 super
1774 4552 1951 4606 anima
1962 4553 2058 4606 lio-

480 4641 662 4704 minis,
683 4639 774 4710 qui
803 4654 907 4694 non
926 4647 1168 4710 poterant
1192 4638 1364 4709 facere
1381 4643 1557 4711 phase,
1593 4640 1648 4695 in
1673 4641 1758 4696 die
1779 4641 2055 4708 illo,acce-

488 4730 667 4784 dentes
694 4728 763 4782 ad
803 4727 1022 4799 Moysen
1049 4738 1097 4784 et
1144 4731 1323 4785 Aaron
1365 4731 1609 4786 dixerunt
1637 4733 1713 4786 eis
1736 4746 1754 4783 :
1784 4731 2057 4788 Immuudi

483 4834 668 4874 sumus
714 4833 867 4886 super
903 4821 1082 4874 anima
1126 4806 1393 4876 hominis;
1426 4819 1601 4887 Quare
1648 4823 1964 4892 fraudamur
1999 4834 2056 4879 ut

487 4924 593 4963 non
615 4906 878 4961 valeamus
923 4908 1111 4976 o/ferre
1142 4910 1454 4967 oblationem
1482 4912 1708 4967 Domino
1747 4915 1802 4967 in
1830 4924 2056 4985 tempore

485 5013 604 5061 suo,
634 4997 771 5050 inter
794 4994 932 5064 filios
965 4996 1136 5052 Israel
1155 5000 1179 5051 2³
1234 5000 1434 5064 Quibus
1486 5003 1751 5072 respondit
1798 5003 2005 5075 Moyses
2035 5020 2053 5059 :

456 5084 636 5159 ,State
660 5093 716 5138 ut
767 5084 1036 5140 consulam
1086 5088 1211 5156 quid
1258 5092 1529 5161 praecipiat
1578 5090 1836 5148 Dominus
1866 5095 1929 5149 de
1968 5113 2056 5151 vo-

490 5177 588 5233 bis.
624 5175 855 5231 Locutus
897 5185 973 5231 est
1010 5177 1265 5234 Dominus
1299 5181 1367 5234 ad
1418 5182 1634 5253 Moysen
1685 5186 1904 5240 dicens:
1958 5187 2059 5243 Le-

488 5283 646 5340 qucre
682 5267 807 5337 ﬁliis
851 5266 1062 5323 Israel:
1092 5265 1265 5323 Homo
1291 5272 1380 5340 qui
1430 5273 1588 5342 fuerit
1619 5274 1919 5331 immundus
1963 5295 2057 5334 δα-

490 5379 584 5432 per
610 5362 810 5427 anima,
841 5361 946 5415 siue
993 5360 1051 5414 in
1082 5359 1163 5414 via
1194 5361 1376 5430 procul
1409 5363 1465 5419 in
1490 5376 1638 5438 gente
1682 5375 1870 5435 vestra,
1897 5368 2059 5438 faciat

490 5453 650 5523 phase
700 5452 925 5506 Domino
989 5467 1163 5507 mense
1221 5454 1469 5521 secundo,
1528 5458 1920 5526 quartadecima
1973 5461 2061 5517 die

492 5544 681 5597 mensis
711 5544 780 5597 ad
810 5559 1097 5613 vesperum,
1130 5559 1248 5596 cum
1277 5545 1477 5612 azymis
1518 5555 1563 5599 et
1590 5546 1806 5604 lactucis
1834 5554 2057 5622 agresti-

495 5632 589 5687 bus
622 5635 885 5689 consederit
916 5633 1068 5688 illud.
1104 5632 1228 5689 Non
1266 5632 1553 5703 relinquent
1580 5654 1643 5691 ex
1687 5656 1745 5694 eo
1791 5642 2059 5711 quidpiam

494 5738 655 5799 usque
679 5744 853 5805 mane,
908 5737 956 5783 et
985 5744 1042 5785 os
1062 5729 1177 5802 ejus
1212 5744 1315 5787 non
1362 5728 1706 5803 confringent,
1764 5751 1967 5790 omnem
1988 5739 2061 5791 νὶ-

2145 1900 2437 1973 pertinere.
2473 1894 2581 1950 Sed
2608 1892 2736 1964 quid
2772 1891 2874 1946 sibi
2902 1890 3033 1945 velit
3058 1887 3357 1944 secundum
3384 1887 3695 1959 mysterium,

2147 1976 2290 2063 quod
2315 1989 2369 2043 hi
2401 1989 2493 2058 qui
2523 1987 2733 2056 longius
2762 1984 3030 2048 habitant,
3071 1980 3154 2036 vel
3180 1980 3443 2035 immundi
3472 1982 3526 2034 in
3548 1981 3697 2034 anima

2148 2082 2372 2147 iuerint,
2396 2080 2451 2133 in
2479 2078 2715 2132 secundo
2740 2088 2927 2129 mense
2961 2073 3166 2143 pascha
3210 2071 3347 2141 jussi
3369 2081 3493 2127 sunt
3516 2071 3700 2126 facere?

2150 2174 2304 2241 Quod
2329 2170 2584 2224 nimirum
2614 2169 2666 2222 in
2693 2177 2881 2239 typum
2910 2165 3229 2236 intelligitur
3250 2166 3433 2236 populi
3461 2167 3697 2234 gentium,

2150 2265 2241 2336 qui
2291 2278 2412 2318 cum
2448 2260 2698 2317 omnibus
2750 2259 3084 2315 dmmonibus
3140 2258 3414 2323 fornicati,
3459 2255 3702 2312 immundi

2147 2356 2478 2412 videbantur
2538 2353 2595 2408 in
2659 2352 2859 2419 anima,
2918 2350 3120 2406 salubri
3192 2364 3323 2407 vero
3390 2350 3703 2406 confessione

2151 2447 2421 2514 mundati,
2480 2442 2548 2501 ad
2602 2445 2893 2500 secundam
2948 2445 3310 2510 nativitatem,
3362 2444 3514 2515 quasi
3558 2443 3700 2498 inse-

2153 2543 2331 2599 cundo
2358 2554 2546 2595 mense
2596 2538 2831 2593 transire
2863 2536 3269 2608 praecipiuntur.
3300 2537 3419 2591 Duo
3448 2537 3492 2592 si
3517 2536 3699 2607 quidem

2154 2633 2473 2703 interposita
2502 2640 2628 2686 sunt
2655 2646 2754 2701 pro
2809 2630 3009 2700 quibus
3040 2631 3240 2701 pascha
3270 2629 3505 2700 primum
3554 2628 3701 2684 facere

2155 2727 2383 2798 quilibet
2429 2740 2536 2779 non
2592 2730 2832 2793 poterat,
2891 2721 2995 2777 hoc
3045 2721 3201 2776 estsi
3230 2720 3539 2776 immundus
3568 2735 3701 2791 super

2158 2821 2359 2885 anima,
2390 2819 2504 2874 sive
2532 2818 2585 2872 in
2617 2816 2703 2870 via
2742 2814 2946 2886 procul
2979 2811 3162 2870 fuerit.
3220 2812 3532 2869 Immundas
3562 2825 3637 2869 est
3657 2814 3702 2867 in

2158 2914 2338 2966 anima
2391 2910 2483 2981 qui
2512 2906 2776 2965 diabolica
2812 2904 3084 2972 illusione,
3112 2922 3211 2978 per
3245 2907 3513 2963 idolorum
3552 2907 3702 2962 cultu-

2110 3070 2117 3073 ,
2159 3018 2294 3070 ram,
2336 3010 2391 3056 et
2411 3010 2761 3073 peccatorum
2810 3000 3214 3067 enormitatem,
3246 3000 3526 3069 polluitur.
3555 2998 3607 3054 ln
3631 2999 3701 3053 via

2162 3101 2247 3148 est
2275 3092 2481 3163 procul,
2532 3092 2623 3162 qui
2676 3092 2901 3147 verbum
2939 3090 3127 3146 salutis
3184 3091 3437 3159 audiens,
3492 3094 3707 3146 deserere

2161 3182 2324 3248 idola,
2372 3191 2425 3236 et
2469 3181 2563 3237 Dei
2615 3180 2777 3237 ﬁdem
2830 3182 3109 3252 percipere
3168 3182 3361 3251 eligit;
3423 3184 3508 3238 sed
3551 3192 3708 3236 tamen

2159 3274 2395 3330 nondum
2428 3272 2496 3328 ad
2521 3274 2773 3343 baptismi
2805 3282 3229 3338 sacramentum,
3263 3275 3321 3327 in
3374 3290 3477 3345 qua
3502 3273 3711 3327 intratur

2161 3365 2218 3419 in
2278 3364 2602 3431 Ecclesium,
2655 3362 2953 3419 Jerusalem
3010 3363 3265 3419 videlicet
3309 3364 3497 3420 urbem
3558 3362 3708 3433 pacis,

2158 3457 2249 3513 ubi
2282 3457 2536 3527 templum
2566 3456 2659 3511 Dei
2690 3465 2745 3512 et
2776 3465 2959 3512 sancta
3013 3465 3329 3512 sanctorum
3378 3465 3516 3521 sunt,
3545 3468 3713 3527 perve-

2161 3552 2262 3605 nit.
2294 3551 2351 3604 ln
2382 3551 2541 3605 domo
2589 3548 2734 3605 enim
2778 3565 2885 3605 una
2913 3550 3126 3605 comedi
3162 3565 3355 3606 carnes
3384 3551 3499 3621 agni
3530 3546 3713 3617 juben-

2162 3652 2275 3709 tur,
2302 3645 2427 3711 quia
2462 3652 2617 3698 extra
2653 3650 2896 3697 sanctam
2935 3643 3232 3699 Ecclesium
3282 3644 3395 3698 veri
3433 3642 3555 3712 agni
3604 3656 3718 3696 car-

2159 3748 2276 3798 nes,
2312 3749 2508 3803 corpus
2536 3734 2786 3789 videlicet
2828 3734 3184 3797 Dominicum,
3223 3733 3382 3787 edere
3432 3746 3537 3786 non
3567 3729 3715 3785 licet.

2159 3824 2389 3881 Gentilis
2424 3840 2552 3897 ergo
2579 3826 2830 3896 populus,
2862 3828 2992 3897 quia
3033 3828 3259 3898 primum
3301 3826 3504 3895 pascha
3534 3838 3716 3879 secun-

2160 3918 2288 3973 dum
2319 3917 2493 3988 legem
2519 3931 2682 3985 agere
2711 3932 2819 3971 non
2848 3918 3042 3985 potuit,
3088 3919 3145 3971 in
3175 3916 3413 3972 secundo
3443 3929 3642 3980 mense,
3668 3913 3716 3969 id

2159 4019 2269 4075 est,
2310 4016 2553 4078 tempore
2575 4008 2783 4077 gratiae,
2800 4005 2914 4076 jam
2940 4014 3201 4078 purgatus
3230 4006 3300 4061 ab
3333 4008 3476 4064 omni
3497 4007 3717 4061 immun-

2160 4098 2291 4155 ditia
2328 4108 2694 4169 peccatorum,
2749 4100 3002 4171 domique
3060 4100 3372 4167 re’stitutus,
3426 4098 3517 4154 ubi
3557 4097 3715 4169 phase

2158 4190 2390 4247 Domino
2445 4191 2548 4245 rite
2595 4188 2777 4259 facere
2828 4191 2974 4257 licet,
3032 4188 3190 4260 juxta
3240 4204 3529 4261 vesperam
3547 4186 3714 4244 mundi

2160 4297 2285 4338 cum
2316 4283 2523 4353 azymis
2541 4290 2596 4336 ct
2623 4281 2851 4338 lactucis
2874 4284 3178 4353 agrestibus
3200 4298 3402 4355 agnum
3422 4281 3704 4346 comedam;

2161 4373 2357 4442 quibus
2414 4382 2742 4444 praeceptum
2798 4382 2883 4429 est
2932 4382 2993 4429 ut
3044 4389 3153 4429 non
3211 4374 3525 4444 relinquant
3572 4388 3631 4428 ex
3658 4383 3711 4427 eo

2081 4498 2137 4560 Β
2162 4461 2443 4532 quidpiam
2481 4477 2651 4531 usque
2677 4479 2858 4530 mane,
2896 4470 2951 4518 et
2979 4479 3043 4519 os
3072 4462 3191 4533 ejus
3220 4478 3335 4520 non
3374 4463 3712 4535 confringant,

2164 4552 2259 4608 sed
2290 4567 2507 4607 onmem
2539 4552 2703 4607 ritum
2737 4554 2906 4623 phase
2960 4554 3251 4628 diligenter
3296 4557 3606 4613 observent.
3632 4552 3715 4607 Pa.

2162 4659 2261 4699 nes
2286 4658 2418 4713 ergo
2470 4644 2588 4699 sine
2648 4642 2914 4701 fermento
2972 4644 3226 4713 comedit,
3282 4649 3376 4718 qui
3438 4655 3587 4705 recta
3622 4646 3719 4702 sine

2162 4734 2507 4804 corruptione
2532 4750 2686 4790 vana:
2712 4734 2899 4806 gloria:
2928 4734 3168 4805 exercet,
3199 4738 3292 4808 qui
3344 4740 3606 4796 mandata
3633 4737 3715 4792 mi-

2159 4826 2470 4883 sericordiae
2498 4826 2616 4881 sine
2642 4826 2968 4885 admistione
2993 4831 3205 4901 peccati
3229 4831 3483 4901 exhibet,
3516 4848 3584 4888 ne
3616 4845 3717 4902 per-

2156 4932 2315 4973 verse
2346 4916 2595 4986 desipiat.
2627 4916 2879 4974 Lactucae
2903 4934 3031 4976 vero
3060 4930 3303 4993 agrestes
3358 4924 3527 4980 valde
3552 4932 3721 4978 annue

2161 5016 2308 5064 sunt.
2371 5007 2578 5064 Carnes
2631 5025 2761 5066 vero
2811 5011 2936 5084 agni
2984 5028 3109 5068 cum
3163 5014 3392 5070 lactucis
3446 5015 3724 5089 agrestibus

2160 5106 2287 5154 sunt
2315 5098 2550 5165 edendae,
2578 5108 2637 5155 ut
2659 5116 2781 5155 cum
2801 5116 2999 5173 corpus
3020 5102 3401 5175 Redemptoris
3428 5108 3724 5180 accipimus,

2158 5206 2261 5249 nos
2286 5207 2386 5263 pro
2406 5193 2645 5263 peccatis
2670 5195 2875 5250 nostris
2905 5196 2962 5249 in
2990 5195 3210 5253 ﬂetibus
3254 5197 3592 5271 alﬂigamus,
3616 5214 3731 5272 qna-

2158 5293 2316 5340 tenus
2341 5286 2458 5355 ipsa
2483 5286 2795 5342 amaritudo
2827 5289 3162 5358 pmnitentiae
3186 5292 3480 5364 abstergat
3500 5311 3534 5351 a
3554 5292 3730 5353 mentis

2164 5379 2445 5434 stomacho
2470 5393 2742 5451 perversae
2768 5395 3010 5439 amorem
3034 5383 3180 5439 vitae.
3213 5383 3341 5440 Non
3371 5388 3666 5445 remanebit
3682 5400 3735 5443 es

2161 5486 2222 5525 eo
2274 5470 2561 5541 quidquam
2606 5488 2766 5542 usque
2813 5488 2988 5541 mane,
3018 5475 3149 5545 quia
3194 5475 3314 5545 ejus
3367 5479 3526 5537 dicta
3558 5490 3735 5549 nulla

2163 5570 2290 5614 sunt
2315 5560 2677 5616 sollicitudine
2702 5564 3065 5632 discutienda,
3093 5575 3368 5637 quatenus
3424 5572 3734 5642 priusquam

2164 5651 2282 5706 dies
2312 5652 2722 5709 resurrectionis
2771 5665 3047 5726 appareat,
3083 5659 3137 5715 in
3164 5660 3267 5717 hac
3292 5664 3599 5731 praesentis
3632 5662 3737 5716 vis

2164 5742 2445 5803 vocatione
2468 5745 2653 5803 omnia
2686 5749 2943 5811 mandata
2968 5751 3117 5811 illius
3154 5753 3522 5827 intelligendo
3546 5768 3605 5816 et
3629 5770 3740 5830 op-
