3892 6346
158 276 240 341 M5

848 214 1385 329 manusmanus
1422 253 1488 309 1N
1528 251 1786 309 LIBRUM
1825 250 2291 310 NUMERORUM.
2330 281 2401 342 -τ
2435 248 2565 306 LIB.
2603 247 2669 305 [ι.

3273 252 3379 315 ϐω

157 390 298 450 rando
322 387 701 457 penetrentur.
740 376 849 433 Sed
900 366 1028 447 quia
1065 372 1219 428 valde
1267 369 1486 425 difficile
1535 376 1620 423 est
1648 374 1705 421 ut
1732 370 1780 430 Α
1808 366 1949 420 illius
1968 366 2195 436 ﬁgebant
2224 361 2582 419 tabernacula.
2612 359 2829 418 Cunctis
2858 362 3040 420 diebus
3064 366 3248 437 quibus
3267 370 3385 425 sia-

157 482 259 555 agni
279 487 433 533 omne
463 472 738 542 eloquium
788 467 959 541 possit
994 463 1239 535 intelligi,
1292 471 1353 516 ut
1398 475 1557 515 omne
1582 459 1699 529 ejus

157 549 441 645 mysterium
494 561 791 633 penetrari,
843 566 989 614 recte
1037 554 1381 626 subiungitur
1414 572 1425 606 :
1464 551 1523 607 Si
1572 549 1700 621 quid

158 643 300 717 autem
332 653 667 717 remanserit,
718 651 833 721 igne
881 645 1211 703 comburetis.
1257 643 1410 711 Quod
1460 654 1527 695 ex
1559 654 1700 712 agno

156 755 365 810 remanet
416 742 527 818 igni
578 741 971 806 comburimus,
1031 736 1248 808 quando
1298 736 1401 790 hoc
1462 732 1608 803 quod
1633 731 1701 785 de

156 841 378 917 mysterio
437 832 828 893 incarnationis
877 833 994 903 ejus
1048 828 1347 900 intelligere
1377 840 1484 882 non
1512 839 1704 897 possu-

154 949 269 999 mus,
313 927 568 1003 potestati
625 924 860 995 Spiritus
897 922 1071 977 sancti
1128 917 1407 975 humiliter
1456 929 1704 971 reserva-

155 1038 270 1086 mus,
300 1028 493 1081 ut.non
536 1014 765 1087 superbe
795 1013 916 1084 quis
966 1011 1165 1066 audeat
1196 1008 1282 1064 vel
1332 1016 1700 1072 contemnere,

154 1113 221 1168 vel
242 1111 553 1167 denuntiare
583 1096 726 1178 quod
752 1122 858 1161 non
882 1100 1151 1175 intelligit,
1182 1102 1276 1156 sed
1305 1101 1407 1156 hoc
1451 1100 1560 1171 igni
1596 1107 1703 1153 tra-

154 1207 244 1269 dat,
270 1218 383 1260 cum
415 1177 643 1272 Spiritui
674 1207 863 1254 sancto
893 1202 1161 1251 reservat.
1214 1177 1580 1247 Prohibentur
1608 1188 1704 1259 qui

151 1298 327 1369 pascha
371 1293 579 1349 faciunt
634 1307 757 1347 ossa
807 1290 1076 1361 frangere.
1130 1286 1248 1342 Non
1303 1286 1625 1355 franguntur
1651 1283 1706 1337 in

150 1404 291 1445 cruce
319 1392 443 1442 ossa
473 1385 706 1448 Domini,
753 1391 1047 1438 attestante
1074 1376 1435 1448 evangelista,
1468 1376 1561 1443 qui
1586 1373 1664 1427 ait
1691 1392 1704 1426 :

156 1476 216 1533 Os
262 1495 359 1532 non
414 1474 773 1533 Comminuetis
822 1472 866 1525 ei
898 1470 1078 1541 (Joan.
1126 1466 1262 1538 xxx).
1296 1465 1522 1521 Omnem
1548 1464 1711 1516 ritum

146 1564 725 1623 Paschaaobservabunt
743 1560 1060 1623 Christiani,
1089 1558 1215 1628 quia
1232 1554 1492 1625 quidquid
1521 1553 1575 1607 in
1595 1552 1713 1622 lege

148 1661 486 1718 liistorialiter
513 1663 844 1731 praeceptum
900 1661 985 1708 est
1030 1649 1213 1705 facere
1250 1648 1305 1702 in
1351 1646 1713 1702 celebratione

1804 459 1888 512 bat
1922 458 2081 512 nubes
2126 475 2281 529 super
2307 454 2727 521 tabernaculum,
2784 455 3066 513 manebant
3112 458 3169 513 in
3203 460 3387 521 eodem

1803 547 1937 603 loco.
1994 547 2061 602 Et
2082 551 2127 603 si
2155 548 2403 603 evenisset
2439 556 2494 601 ut
2516 545 2680 601 multo
2706 556 2938 618 tempore
2958 558 3192 605 maneret
3232 567 3390 622 super

1803 638 1955 705 illud,
1984 648 2132 694 erant
2170 639 2269 709 ﬁlii
2302 636 2473 693 Israel
2524 637 2580 690 in
2621 637 2853 691 excubiis
2904 634 3140 707 Domini,
3184 648 3234 695 et
3284 655 3390 697 non

1802 732 2267 803 proﬁciscebantur
2293 737 2543 802 quotquot
2585 727 2767 783 diebus
2817 728 3003 799 {uisset
3045 730 3204 787 nubes
3233 747 3393 803 super

1806 822 2220 878 tabernaculum.
2280 821 2361 875 Ad
2388 819 2663 890 imperium
2685 819 2901 876 Domini
2927 816 3196 893 erigebant
3220 833 3391 879 tento-

1805 916 1911 981 ria,
1943 923 1990 968 et
2005 914 2073 967 ad
2096 912 2371 984 imperium
2392 910 2534 965 illius
2550 910 2895 981 deponebant.
2934 910 2996 968 Si
3018 904 3202 982 fuisset
3229 913 3390 971 nubes

1804 1026 1837 1063 a
1866 1024 2068 1078 vespere
2108 1023 2271 1077 usque
2297 1021 2472 1069 mane,
2499 1002 2562 1074 tet
2609 1005 2787 1059 statim
2823 1004 3057 1061 diluculo
3102 1005 3392 1079 reliquisset

1805 1098 2222 1162 tabernaculum,
2246 1096 2729 1168 proficiscebantur.
2764 1097 2831 1151 Et
2855 1098 2901 1152 si
2928 1108 3042 1169 post
3068 1096 3208 1153 diem
3228 1109 3276 1155 et
3299 1116 3393 1154 no-

1805 1202 1935 1247 ctem
1954 1191 2266 1256 recessisset,
2291 1189 2616 1259 dissipabunt
2643 1180 3002 1243 tabernacula.
3027 1182 3087 1245 Si
3107 1200 3228 1246 vero
3253 1189 3393 1246 duo-

1808 1285 1903 1339 bus
1932 1293 2147 1338 autuno
2186 1298 2359 1337 mense
2383 1279 2463 1335 vel
2502 1280 2728 1351 longiori
2772 1289 2999 1350 tempore
3026 1274 3203 1351 fuisset
3239 1298 3397 1354 super

1811 1374 2228 1439 tabernaculum,
2256 1372 2537 1427 manebant
2559 1370 2659 1440 ﬁlii
2682 1369 2855 1425 Israel
2902 1370 2958 1425 in
2980 1371 3160 1426 eodem
3190 1371 3327 1440 loco,
3346 1382 3398 1430 et

1813 1478 1916 1516 non
1936 1462 2418 1532 proﬁciscebantur.
2465 1458 2660 1515 Statim
2677 1468 2853 1515 autem
2877 1469 2935 1513 ut
2961 1458 3272 1526 recessisset,
3297 1480 3401 1525 rno-

1815 1554 1997 1608 oebant
2021 1564 2216 1608 castra.
2272 1552 2379 1607 Per
2402 1552 2615 1607 verbum
2643 1551 2854 1606 Domini
2889 1548 3117 1623 ﬁgebant
3153 1555 3400 1622 tentoria,

1814 1652 1863 1696 et
1882 1660 1974 1713 per
2012 1644 2222 1697 verbum
2252 1642 2396 1696 illius
2418 1642 2886 1713 proﬁciscebantur
2904 1661 2925 1700 :
2952 1652 3205 1715 erantque
3234 1645 3292 1699 in
3316 1660 3404 1699 ea:-

138 1755 359 1826 paschaa,
396 1722 568 1806 totum
601 1749 660 1803 in
686 1722 930 1801 Ecclesia
955 1741 1159 1797 Christi
1185 1737 1502 1809 spiritaliter
1518 1737 1714 1807 _obser-
1742 1722 1787 1781 Β
1816 1733 1981 1786 cubiis
2009 1731 2221 1785 Domini
2242 1732 2400 1802 juxta
2426 1733 2701 1800 imperium
2723 1732 2838 1802 ejus
2853 1750 2946 1803 per
2966 1750 3183 1788 manum
3208 1730 3403 1806 Moysi.

132 1856 300 1903 Vllllﬂ'.

190 1937 387 2010 Siquis
415 1941 602 1987 autem
624 1938 673 1984 et
697 1927 923 1982 mundus
961 1934 1033 1979 est
1064 1929 1109 1977 e‘t
1136 1924 1191 1976 in
1228 1923 1413 1975 itinere
1448 1933 1549 1971 non
1588 1916 1709 1987 fuit,

118 2041 165 2087 et
203 2009 379 2086 tamen
412 2041 535 2081 mon
557 2022 681 2092 facit
708 2022 888 2090 phase,
940 2014 1371 2072 exterminabitur
1419 2013 1595 2066 anima
1621 2009 1713 2063 illa

119 2125 182 2177 de
216 2119 440 2193 populis:
463 2117 594 2182 suis,
630 2115 753 2184 quia
779 2110 1094 2178 sacriﬁcium
1122 2107 1352 2161 Domino
1400 2119 1501 2157 non
1529 2100 1713 2155 obtulit

128 2220 356 2279 tempore
382 2222 519 2269 suo;
561 2209 830 2275 peccatum
874 2215 1023 2253 suum
1071 2199 1180 2266 ipse
1203 2194 1448 2265 portabit.
1499 2192 1599 2249 Hic
1620 2206 1715 2247 eos

135 2300 222 2371 qui
251 2298 352 2353 sub
399 2298 518 2367 lege
548 2293 718 2349 veteri
764 2292 983 2345 fuerant
1008 2285 1390 2344 comminando
1429 2281 1712 2347 instruxit,

137 2399 193 2444 ut
222 2387 439 2459 pascha:
477 2394 686 2455 tempus
720 2381 1021 2452 legitimum
1065 2391 1283 2432 scrvare
1334 2390 1441 2429 non
1471 2372 1714 2444 neglige-

140 2488 269 2545 rent,
298 2486 565 2547 quatenus
614 2473 895 2527 interitum
941 2470 1065 2524 vita“:
1110 2482 1220 2521 non
1254 2466 1616 2527 incurrerent,
1667 2462 1716 2516 si

144 2578 463 2643 praeceptum
487 2565 698 2621 Domini
723 2565 1015 2619 observare
1051 2576 1158 2615 non
1187 2563 1581 2629 procurarent;
1606 2555 1718 2608 imo

142 2670 191 2717 et
215 2674 305 2716 eos
334 2658 429 2728 qui
478 2656 580 2713 sub
618 2655 791 2726 gratia
819 2652 1020 2709 Christi
1071 2658 1196 2705 sunt
1234 2648 1397 2718 positi
1444 2648 1715 2709 admonet,

142 2760 400 2820 quatenus
422 2748 599 2817 phase
630 2744 874 2816 spiritale
923 2750 1163 2811 tempore
1194 2754 1292 2794 suo
1315 2753 1473 2808 agere
1497 2752 1604 2790 non
1626 2749 1723 2790 ne-

140 2840 350 2911 gligant.
386 2839 464 2892 De
496 2851 607 2908 quo
633 2834 883 2889 videlicet
911 2840 1152 2901 tempore
1185 2844 1198 2882 :
1224 2828 1423 2883 Paulus
1446 2824 1723 2897 apostolus

143 2932 281 2987 dicit.
332 2930 475 2984 Ecce
520 2943 661 2981 nunc
690 2935 889 2995 tempus
918 2920 1253 2993 acceptabile,
1308 2936 1421 2973 ecce
1448 2934 1586 2971 nunc
1614 2917 1725 2970 dies

141 3022 313 3076 salutis
350 3020 441 3093 (II
480 3017 735 3088 Cor.v|).
817 3015 953 3083 Quia
1005 3012 1253 3082 quisquis
1299 3008 1726 3078 redemptionem

1811 1823 1869 1877 In
1888 1822 2471 1894 Septuagintaquoque
2489 1824 2880 1893 interpretibus
2895 1824 2998 1881 hoc
3010 1826 3305 1895 capitulum
3332 1827 3408 1883 ita

1815 1916 2157 1970 continetur:
2192 1914 2260 1967 Et
2288 1914 2373 1969 die
2385 1930 2489 1985 qua
2513 1915 2855 1969 constitutum
2876 1924 2952 1969 est
2983 1914 3406 1982 tabernaculum,

1816 2008 1943 2062 texit
1979 2006 2138 2060 nubes
2160 2005 2555 2059 tabernaculum
2578 2006 2789 2060 domum
2812 2006 3176 2072 testimonii,et
3205 2022 3409 2079 vespere

1816 2106 1927 2152 erat
1947 2114 2102 2167 super
2132 2096 2550 2162 tabernaculum,
2583 2096 2720 2151 velut
2754 2098 2949 2168 species
2976 2098 3112 2168 ignis
3137 2108 3306 2151 nocte.
3338 2094 3410 2153 Et

1818 2205 1937 2243 cum
1966 2188 2283 2243 ascendisset
2321 2188 2481 2243 nubes
2510 2205 2544 2242 a
2582 2187 2942 2254 tabernaculo,
2990 2196 3038 2241 et
3068 2196 3250 2259 postea
3289 2203 3413 2258 pro-

1818 2279 2089 2333 movebant
2122 2278 2220 2346 ﬁlii
2252 2277 2441 2332 Israel.
2490 2276 2560 2331 In
2595 2276 2709 2331 loco
2735 2278 3029 2348 ubicunque
3082 2286 3295 2333 steterat
3322 2294 3415 2333 nu-

1819 2371 1925 2435 bes‘,
1954 2369 2025 2423 ibi
2052 2378 2227 2423 castra
2259 2360 2587 2423 collocabant
2611 2367 2714 2436 ﬁlii
2736 2367 2927 2422 Israel.
2964 2367 3067 2423 Per
3091 2378 3411 2440 prwceptum

1819 2460 2033 2514 Domini
2086 2459 2411 2513 collocabant
2439 2468 2614 2512 castra
2644 2457 2744 2527 ﬁlii
2772 2457 2964 2527 Israel,
3013 2467 3062 2513 et
3105 2475 3199 2530 per
3217 2476 3414 2530 prace-

1817 2562 1965 2622 ptum
2011 2550 2225 2605 Domini
2268 2550 2654 2622 promovebant.
2731 2550 2924 2605 Omnes
2966 2550 3076 2605 dies
3126 2551 3182 2605 in
3224 2551 3412 2623 quibus

1821 2647 2165 2701 obumbrabat
2216 2645 2375 2701 nubes
2433 2661 2590 2715 super
2636 2643 3075 2710 tabernaculum,
3120 2644 3178 2698 in
3222 2645 3412 2697 castris

1823 2746 1974 2793 erant
2017 2738 2116 2806 ﬁlii
2160 2737 2366 2803 Israel;
2397 2747 2446 2791 et
2465 2737 2676 2807 quando
2706 2744 3043 2806 protraxerat
3073 2733 3235 2788 nubes
3259 2749 3415 2804 super

1826 2828 2224 2882 tabernaculum
2249 2828 2358 2881 dies
2378 2826 2576 2898 plures,
2611 2836 2659 2880 et
2685 2826 2975 2882 custodiant
3004 2822 3103 2894 ﬁlii
3129 2822 3302 2878 Israel
3328 2840 3420 2878 cu-

1826 2919 2026 2974 stodias
2043 2917 2276 2982 Domini,
2301 2926 2349 2971 et
2379 2932 2482 2970 non
2513 2915 2903 2985 promat-ebant.
2938 2913 3006 2966 Et
3023 2912 3119 2967 erit
3141 2929 3260 2967 cum
3281 2922 3421 2967 texe.—

1831 3013 1899 3065 rit
1921 3010 2082 3065 nubes
2111 3010 2221 3064 dies
2244 3024 2463 3062 numero
2491 3023 2649 3077 super
2683 3004 3100 3068 tabernaculum,
3130 3021 3228 3076 per
3247 3021 3420 3060 vocem

353 3071 429 3093 κη
491 3071 505 3073 -
543 3071 547 3072 ν
696 3071 708 3088 ,
827 3071 862 3083 η
1022 3071 1040 3082 ,
1148 3071 1165 3080 ,
1486 3071 1503 3078 ,
2557 3071 2566 3077 .
3130 3071 3141 3076 -

142 3114 354 3169 humani
379 3111 628 3185 generis,
664 3123 786 3178 qua:
811 3108 865 3161 in
893 3106 1007 3160 veri
1033 3104 1156 3174 agni
1192 3101 1558 3157 immolatione
1603 3116 1727 3171 per-
1754 3071 1800 3135 Ο
1830 3102 2047 3157 Domini
2082 3101 2138 3154 in
2185 3099 2373 3153 castris
2414 3106 2590 3163 erunt,
2645 3105 2695 3151 et
2739 3110 2832 3166 per
2859 3101 3177 3165 praeceptum
3203 3086 3421 3147 Domint

139 3212 339 3275 petrata
364 3213 476 3271 est,
498 3202 614 3259 ﬁde
636 3200 792 3269 digna
821 3197 1098 3253 celebrare
1128 3210 1234 3250 non
1255 3202 1431 3260 curat,
1457 3207 1721 3261 suamque

137 3296 294 3350 vitam
343 3297 401 3351 in
428 3293 663 3349 meliora
701 3304 808 3344 non
839 3286 1107 3342 studuerit
1140 3291 1456 3339 convertere
1487 3291 1727 3351 tempore

140 3385 484 3442 mortalitatis
515 3383 700 3446 istius,
726 3387 889 3448 atque
912 3393 943 3431 a
965 3376 1112 3431 vitiis
1135 3374 1202 3429 ad
1229 3374 1461 3427 virtutes
1493 3371 1729 3426 transire

137 3493 238 3533 non
264 3478 521 3542 festinat,
557 3474 624 3527 ad
668 3468 1084 3526 resurrectionis
1105 3467 1291 3534 utique
1320 3465 1570 3534 gloriam,
1608 3479 1729 3533 quae

139 3568 193 3621 in
236 3568 340 3623 line
366 3565 665 3623 veracibus
692 3559 893 3616 Christi
920 3557 1245 3619 cultoribus
1282 3555 1573 3618 tribuetur,
1620 3567 1730 3606 non

138 3664 451 3734 pertinebit,
470 3658 576 3716 sed
608 3674 638 3712 a
663 3655 937 3713 consortio
953 3652 1195 3707 omnium
1224 3658 1535 3703 sanctorum
1553 3647 1731 3699 anima

139 3752 626 3814 exterminabitur,
666 3762 767 3802 nec
791 3746 839 3801 ei
863 3746 917 3799 in
942 3750 1085 3798 coetu
1126 3738 1403 3794 laetissimo
1424 3743 1733 3789 sanctorum

135 3846 294 3901 ullam
314 3841 769 3900 communionem
794 3836 999 3891 habere
1016 3831 1222 3886 licebit.
1265 3827 1418 3894 Quod
1445 3832 1626 3879 autem
1652 3837 1734 3878 se-

136 3938 362 4006 quitur:
393 3928 723 3996 Peregrinus
754 3940 957 3995 quoque
988 3931 1033 3975 et
1065 3920 1264 3974 advena
1303 3918 1349 3970 si
1393 3916 1549 3985 fuerit
1594 3913 1734 3983 apud

134 4002 231 4089 tios,
262 4024 439 4095 phase
465 4017 639 4087 faciat
666 4013 888 4069 Domino
910 4012 1067 4081 juxta
1102 4007 1439 4062 caeremonias
1470 4014 1515 4058 et
1535 4002 1738 4072 justiﬁ-

137 4092 365 4171 cationes
393 4111 520 4182 ejus
546 4120 565 4159 :
592 4113 909 4178 prreceptum
932 4101 1070 4155 idem
1094 4099 1190 4153 erit
1211 4096 1355 4167 apud
1384 4112 1493 4161 vos,
1517 4103 1624 4147 tam
1647 4092 1739 4146 ad-

139 4222 268 4263 uena:
286 4217 458 4277 quam
480 4198 770 4269 indigeam,
798 4192 1039 4249 ostendit
1063 4189 1265 4243 nullam
1292 4187 1605 4242 distantiam
1619 4198 1739 4239 esse

142 4273 507 4365 personarum
536 4284 682 4357 apud
707 4282 1029 4343 Dominum;
1060 4278 1153 4333 sed
1189 4275 1457 4347 quisquis,
1491 4275 1604 4329 sive
1639 4273 1737 4328 Ju-

146 4387 297 4453 dmus,
335 4386 458 4442 sive
476 4377 724 4452 gentilis,
751 4376 865 4431 sive
902 4369 1193 4434 masculus,
1222 4369 1337 4423 sive
1368 4368 1592 4433 femina,
1618 4367 1734 4422 sive

147 4429 297 4453 υυνυσν)
335 4429 724 4452 V""D"‘""'—I
754 4429 770 4431 θ
1181 4429 1190 4434 ,
1578 4429 1587 4433 ν

147 4495 348 4546 servus,
364 4480 489 4533 sive
514 4474 681 4537 liber,
710 4469 778 4525 ad
809 4468 970 4522 ﬁdem
985 4463 1310 4520 catholicam
1340 4477 1653 4526 conversus,
1673 4468 1731 4516 et
1757 4429 1811 4488 ἶ)

148 4568 464 4641 baptismate
490 4559 703 4621 Christi
735 4558 950 4612 ablutus
968 4553 1226 4609 Ecclesiae
1254 4552 1515 4607 unitatem
1540 4566 1728 4621 perce-

148 4664 293 4730 perit,
325 4652 764 4716 resurrectionis
790 4648 993 4705 Christi
1017 4645 1313 4718 mysteriis,
1345 4645 1448 4700 rite
1484 4643 1561 4700 illi
1584 4658 1734 4699 com-

149 4754 412 4810 municare
434 4746 656 4806 licebit.

771 4850 999 4908 CAPUT
1033 4848 1121 4905 Ill.

343 4948 637 5021 Quomodo
670 4942 935 5011 proﬁcisci
954 4941 1174 4995 debeant
1198 4937 1297 5008 ﬁlii
1328 4933 1521 4991 Israel.

211 5044 384 5117 (llum)
424 5042 616 5114 Igitur
666 5034 752 5088 die
794 5049 899 5104 qua
940 5041 1164 5086 erectum
1201 5038 1276 5085 est
1319 5025 1734 5091 tabernaculum,

149 5140 332 5207 operuit
355 5135 498 5191 illud
529 5130 729 5186 nubes.
780 5125 824 5178 Α
848 5138 1056 5193 vespera
1079 5128 1255 5175 autem
1278 5136 1432 5189 super
1457 5119 1737 5173 tentorium

152 5237 251 5280 erat
281 5226 433 5298 quasi
464 5221 676 5293 species
703 5216 840 5287 ignis
869 5229 1034 5282 usque
1054 5226 1227 5274 mane,
1259 5210 1333 5262 sic
1347 5208 1499 5286 ﬁebat
1516 5209 1734 5278 jugiter.

156 5313 249 5373 Per
267 5295 405 5373 diem
440 5308 722 5387 operiebat
768 5304 900 5359 illud
921 5302 1102 5366 nubes,
1157 5308 1205 5353 et
1235 5314 1327 5368 per
1354 5305 1555 5350 noctem
1589 5295 1740 5366 quasi

156 5411 331 5478 species
344 5385 511 5481 ignis.
563 5403 806 5469 Cumque
830 5395 1007 5451 ablata
1046 5393 1231 5463 [uisset
1259 5388 1419 5443 nubes
1440 5385 1741 5456 quwtaber-

414 5493 756 5573 protegebat,
785 5498 907 5541 tunc
931 5480 1396 5555 proﬁciscebantur
1411 5476 1509 5546 ﬁlii
1532 5473 1737 5539 Israel;

156 5598 197 5641 ει
234 5592 288 5645 in
333 5569 449 5646 loco
476 5588 573 5642 ubi
602 5581 829 5638 stetisset
863 5576 1042 5639 nubes,
1083 5573 1155 5627 ibi
1186 5580 1355 5626 castra
1388 5569 1733 5622 iactabantur.

156 5676 228 5734 Atl
250 5681 528 5739 imperium
548 5672 773 5733 Domini
796 5669 1279 5740 proﬁciscebantur,
1296 5672 1341 5717 et
1364 5661 1431 5714 ad
1459 5658 1731 5728 imperium

1828 3190 2221 3265 promovebant.
2272 3186 2340 3241 Et
2403 3188 2502 3241 erit
2565 3202 2683 3241 cum
2729 3184 2891 3254 fuerit
2939 3180 3098 3239 nubes
3128 3199 3163 3236 a
3213 3198 3423 3253 vespera

1833 3301 1996 3356 usque
2043 3300 2215 3347 mane,
2245 3290 2294 3335 et
2315 3279 2607 3334 ascenderit
2665 3277 2824 3333 nubes
2864 3293 3040 3343 mane,
3069 3286 3121 3331 et
3145 3291 3390 3347 promove
3410 3306 3423 3315 -

1833 3378 1959 3433 bunt
1986 3377 2072 3432 die
2106 3375 2184 3431 vel
2228 3385 2396 3431 nocte.
2432 3372 2501 3428 Et
2531 3374 2577 3427 si
2607 3373 2900 3428 ascenderit
2945 3371 3105 3427 nubes
3151 3386 3422 3442 promoue-

1833 3469 1959 3522 bunt
1982 3485 2001 3532 ;
2035 3466 2117 3521 vel
2155 3467 2241 3521 die
2261 3482 2437 3520 mense
2458 3465 2563 3518 diei
2590 3463 2894 3518 abundante
2922 3464 3055 3518 nube
3082 3461 3423 3518 obumbrante

1835 3576 1991 3629 super
2020 3558 2172 3621 illud,
2202 3559 2257 3611 in
2310 3558 2499 3610 castris
2528 3565 2681 3609 erunt
2712 3555 2812 3623 ﬁlii
2858 3553 3050 3619 Israel,
3099 3563 3147 3608 et
3172 3568 3276 3607 non
3302 3567 3425 3622 pro—

1841 3649 2137 3711 movebunt,
2167 3647 2417 3713 quoniam
2456 3662 2547 3714 per
2572 3654 2885 3714 praeceptum
2909 3642 3122 3696 Domini
3145 3657 3418 3711 promove-

1838 3740 1987 3793 bunt.
2029 3736 2336 3791 Custodiam
2366 3734 2578 3786 Domini
2606 3732 2965 3786 custodierunt
2990 3747 3083 3799 per
3108 3738 3426 3800 praeceptum

1836 3830 2055 3884 Domini
2092 3829 2148 3881 in
2182 3842 2343 3888 manu
2369 3823 2564 3894 Moysi.
2624 3814 2797 3878 Totus
2846 3821 2936 3876 hic
2962 3820 3113 3877 locus
3141 3821 3428 3892 diligenter

1839 3918 2194 3988 exponendus
2219 3923 2322 3982 est,
2349 3913 2609 3986 quoniam
2654 3911 2929 3968 inusitatis
2961 3912 3250 3983 generibus
3277 3910 3427 3967 locu-

1841 4012 2050 4065 tionum
2078 4010 2403 4063 obsecratus
2426 4013 2526 4061 est.
2566 4004 2635 4058 Et
2665 4004 2772 4070 die,
2820 4004 3015 4073 inquit,
3043 4020 3148 4075 qua
3172 4012 3428 4057 statutum

1846 4111 1921 4157 est
1955 4097 2370 4162 tabernaculum,
2414 4097 2544 4152 texit
2592 4095 2754 4150 nubes
2782 4094 3182 4150 tabernaculum
3210 4093 3427 4148 domum

1842 4192 2147 4249 testimonii.
2190 4190 2339 4245 Idem
2402 4187 2815 4245 tabernaculum
2870 4186 3157 4259 appellavit
3208 4186 3428 4242 domum

1843 4282 2159 4340 testimonii.
2190 4280 2259 4334 Et
2292 4295 2494 4350 vespere
2520 4289 2632 4332 erat
2673 4292 2831 4348 super
2854 4275 3250 4332 tabernaculum
3288 4274 3428 4331 velut

1843 4377 2039 4448 species
2087 4373 2224 4444 ignis
2274 4387 2436 4442 usque
2464 4383 2658 4424 mane:
2686 4369 2762 4422 ita
2787 4367 2945 4438 ﬁebat
2975 4382 3198 4448 semper.
3226 4366 3429 4420 Deinde

1837 4436 2128 4538 diligenter
2148 4436 2407 4532 exprimit
2455 4459 2585 4529 quid
2632 4436 2799 4511 ﬁebat
2832 4468 3066 4523 semper.
3111 4436 3317 4516 Nubes,
3344 4451 3429 4506 in-

1838 4557 1976 4626 quit,
2032 4552 2247 4623 tegebat
2286 4549 2417 4603 illud
2469 4548 2576 4611 die,
2626 4552 2684 4599 et
2711 4542 2921 4613 species
2958 4540 3101 4613 ignis
3133 4546 3311 4595 nocte.
3355 4539 3428 4595 Et

1838 4662 1957 4702 cum
1985 4643 2302 4698 ascendisset
2347 4637 2561 4691 nubesa
2588 4630 2953 4698 tabernaculo,
2996 4640 3045 4686 et
3086 4640 3266 4703 postea
3305 4648 3428 4703 pro—
3520 4698 3531 4712 1

1840 4736 2114 4793 movebunt
2137 4730 2235 4801 ﬁlii
2262 4727 2458 4783 Israel.
2509 4725 2616 4780 lsta
2643 4722 2911 4779 sententia
2930 4721 3162 4778 obscura
3190 4736 3300 4777 non
3318 4730 3425 4790 est,

1841 4828 1947 4885 nisi
1973 4832 2193 4897 propter
2218 4821 2364 4876 illam
2394 4816 2724 4874 locutionem
2761 4813 2856 4871 ubi
2895 4812 3131 4880 additur,
3158 4821 3227 4867 et.
3277 4812 3424 4869 Ordo

1842 4921 1986 4977 enim
2007 4917 2299 4972 verborum
2330 4913 2540 4981 integer
2573 4906 2839 4977 sequitur,
2876 4905 3042 4960 etiam
3069 4905 3117 4961 si
3139 4903 3281 4961 desit
3305 4904 3425 4974 ipsa

1842 5008 2169 5082 coniunctio,
2198 5013 2254 5062 et
2286 5004 2366 5059 sic
2394 5002 2607 5057 dicatur
2646 4997 2753 5053 :Et
2779 5013 2897 5053 cum
2929 4997 3243 5053 ascendisset
3264 4994 3424 5050 nubes

1840 5122 1875 5159 a
1894 5096 2252 5165 tabernaculo,
2275 5103 2455 5167 postea
2479 5089 2851 5164 promovebant
2872 5086 2974 5159 ﬁlii
2993 5085 3185 5143 Israel.
3226 5084 3425 5154 Quam-

1840 5196 1925 5252 vis
1954 5202 2009 5249 et
2060 5194 2237 5263 ipsum
2283 5184 2427 5256 quod
2464 5183 2670 5237 dictum
2717 5188 2803 5236 est
2849 5188 3048 5251 postea,
3103 5176 3149 5232 si
3186 5176 3422 5238 deesset,

1844 5285 2005 5359 plena
2025 5289 2211 5356 posset
2233 5293 2352 5336 esse
2376 5275 2663 5333 sententia.
2694 5272 2901 5330 Deinde
2927 5269 3172 5340 sequitur
3200 5266 3419 5321 dicens:

1844 5353 1913 5432 Et
1936 5378 1989 5430 in
2015 5353 2128 5429 loco
2152 5372 2241 5426 ubi
2262 5377 2473 5424 steterat
2490 5367 2673 5432 nubes,
2693 5366 2767 5421 ibi
2790 5372 2965 5418 castra
2983 5358 3307 5414 collocabant
3319 5353 3424 5424 ﬁlii

1844 5464 2035 5521 Israel.
2094 5461 2208 5516 Hoc
2242 5467 2421 5514 autem
2452 5464 2625 5512 totum
2664 5454 2807 5525 quod
2836 5446 3201 5527 faciebantad
3219 5456 3424 5515 praece-

1838 5568 1991 5629 ptum
2014 5553 2228 5611 Domini
2252 5551 2514 5616 referens,
2548 5550 2625 5604 ita
2664 5542 3056 5612 complectitur.
3100 5536 3206 5591 Per
3222 5552 3421 5606 prisce-

1838 5626 1985 5723 ptunt
2011 5648 2246 5715 Domini,
2270 5645 2463 5715 inquit,
2490 5651 2663 5697 castra
2685 5633 3011 5693 collocabant
3043 5629 3140 5701 ﬁlii
3155 5626 3349 5696 Israel,
3370 5636 3421 5684 et
