3892 6346
485 303 588 362 647
675 331 678 336 -

1136 289 1198 345 Β.
1233 284 1492 344 RABA‘NI
1527 283 1751 340 MAURI
1787 280 2107 338 ARCHIEP.
2150 277 2459 338 MOGUNT.
2498 276 2784 353 OleRUM
2819 276 3000 335 PARS
3030 278 3072 332 l.

3645 277 3749 337 648

483 434 574 486 per
599 420 912 486 praeceptum
931 407 1144 465 Domini
1174 405 1563 478 promovebant.
1594 403 1929 470 Praeceptum
1954 400 2060 453 Do—
2089 408 2138 464 Α
2159 395 2340 464 junxit
2367 405 2423 451 et
2442 398 2518 449 ait
2550 413 2562 447 :
2601 392 2693 486 Vel
2723 402 2888 458 nocte,
2927 402 2974 445 et
3006 389 3372 486 si‘ascenderit
3413 390 3609 486 nubes,
3630 405 3750 486 pro-

473 503 616 569 mini
645 501 879 572 appellat
899 499 1111 568 signum
1165 496 1364 566 ipsum,
1407 494 1553 563 quod
1597 493 1762 546 ﬁebat
1811 491 1864 545 in
1893 490 2056 554 nube,

485 594 601 651 sive
627 607 754 648 cum
779 597 950 646 staret
991 587 1323 643 obumbrans
1354 582 1768 640 tabernaculum
1798 590 1857 634 ut
1880 587 2060 634 castra

487 683 874 746 consisterent,
907 679 1024 734 sive
1050 693 1178 733 cum
1201 674 1538 732 ascendisset
1594 680 1756 740 atque
1783 670 1924 724 ultra
1953 683 2063 722 ino-

485 780 726 837 veretur,
756 777 820 825 ut
849 783 972 824 eam
1030 765 1256 821 elevatis
1308 763 1503 819 castris
1533 768 1909 830 sequerentur.
1948 756 2064 811 Mu-

489 863 628 918 tavit
654 875 786 916 sane
809 859 869 914 in
923 859 1029 913 hac
1081 854 1354 910 sententia
1416 850 1691 908 narrantis
1739 849 1980 912 modum,
2007 854 2064 901 et

490 962 752 1022 tanquam
805 947 1107 1019 praedicens
1137 953 1302 1013 atque
1355 939 1752 1012 pramuntians,
1785 936 1950 992 verba
1980 933 2065 989 fu-

490 1044 600 1102 turi
628 1040 884 1114 temporis
935 1037 1136 1093 habere
1187 1033 1371 1102 erepit.
1411 1030 1601 1101 Neque
1649 1029 1798 1084 enim
1837 1027 1934 1092 ait,
1968 1041 2065 1096 per

490 1147 822 1213 praeceptum
868 1131 1083 1191 Domini
1137 1137 1316 1186 castra
1366 1126 1708 1182 collocabant
1734 1122 1831 1177 ﬁlii
1865 1119 2062 1213 Israel,

490 1212 590 1290 sed
618 1228 975 1288 collocabunt.
1005 1221 1117 1277 Nec
1166 1221 1265 1286 ait,
1314 1234 1415 1289 per
1467 1225 1802 1288 praeceptum
1850 1212 2066 1270 Domini

491 1321 897 1396 promovebant,
946 1316 1040 1372 sed
1069 1313 1486 1383 promovebunt.
1536 1311 1605 1364 Et
1643 1310 1790 1363 hunc
1846 1306 2066 1361 modum

493 1416 658 1471 etiam
687 1412 740 1466 in
775 1403 1240 1477 consequentibus
1263 1409 1470 1468 servat,
1499 1401 1591 1471 qui
1624 1400 1814 1454 modus
1837 1398 1891 1452 in
1921 1396 2068 1452 Scri-

492 1501 669 1574 pturis
721 1506 806 1570 est
860 1494 1328 1552 inusitatissimus.
1383 1491 1522 1545 Nam
1574 1488 1756 1544 verbis
1807 1484 2069 1556 praeteriti

493 1591 756 1664 temporis
783 1603 927 1660 saepe
977 1587 1161 1642 futura
1199 1582 1455 1656 praedicta
1480 1596 1601 1638 esse
1637 1580 1904 1642 novimus,
1930 1578 2068 1633 sicut

493 1693 622 1742 est:
676 1681 951 1736 Foderunt
1007 1694 1194 1732 manus
1240 1691 1384 1730 meas
1435 1683 1483 1730 et
1521 1673 1674 1744 pedes
1710 1687 1850 1726 meos
1893 1667 2067 1740 (Psal.

2161 489 2455 543 movebunt.
2510 486 2617 541 Sed
2668 485 2866 539 locutio
2920 491 3005 538 est
3056 481 3387 537 inusitatior.
3448 479 3574 534 Non
3607 481 3746 534 enim

2162 594 2371 640 tantum
2402 583 2636 652 positum
2665 588 2750 636 est
2791 581 2863 646 ei,
2897 580 2993 634 sed
3045 593 3111 633 eo
3142 591 3296 632 more
3352 574 3599 646 positum
3648 584 3740 637 est

2161 690 2268 744 quo
2305 689 2412 729 non
2461 673 2618 729 solet.
2683 671 2838 728 Unde
2874 670 3010 726 mihi
3059 669 3272 723 videtur
3319 675 3745 738 praeposteram

2161 766 2298 821 ordo
2318 766 2630 828 verborum,
2659 762 2802 817 sicut
2821 775 2965 831 saepe
2989 767 3044 814 et
3069 759 3125 814 in
3149 757 3358 814 Latinis
3383 756 3743 812 locutionibus

2161 856 2281 912 ﬁeri
2308 857 2468 922 solet,
2494 856 2638 926 quod
2666 870 2839 927 genus
2874 854 3215 924 antistrophe
3237 853 3463 908 dicitur.
3496 851 3741 915 Proinde,

2165 948 2214 1003 si
2243 948 2321 1002 ita
2350 947 2585 1013 dicatur,
2611 945 2698 1001 vel
2725 955 2773 1000 et
2807 955 2953 1000 nocte
2985 947 3033 1000 si
3057 944 3350 1000 ascenderit
3397 945 3589 1008 nubes,
3636 960 3742 1014 pro-

2163 1039 2459 1104 movebant,
2488 1046 2587 1092 aut
2613 1045 2762 1092 certe
2782 1037 2876 1103 ita,
2915 1037 2960 1089 si
2989 1046 3039 1090 et
3067 1047 3215 1090 nocte
3242 1037 3544 1090 ascenderit
3574 1037 3737 1098 nubes,

2164 1129 2558 1199 promovebant,
2587 1127 2936 1197 planissimus
2976 1143 3168 1183 sensus
3196 1137 3300 1183 est.
3350 1128 3550 1183 Adhuc
3577 1136 3737 1184 autem

2167 1221 2489 1275 occurrebat
2519 1221 2779 1291 cogitanti
2810 1229 2870 1274 ut
2893 1220 3035 1275 scire
3059 1221 3242 1287 vellet,
3273 1230 3459 1275 utrum
3488 1222 3738 1289 quomodo

2169 1310 2447 1380 cognitum
2483 1319 2567 1365 est
2595 1309 2772 1365 solere
2823 1310 2943 1366 illos
2989 1310 3058 1364 ad
3109 1311 3271 1367 nubis
3304 1311 3522 1382 signum
3559 1311 3732 1367 diebus

2168 1409 2225 1456 et
2250 1401 2499 1457 noctibus
2526 1399 2830 1467 ambulare,
2854 1401 2939 1456 vel
2961 1401 3151 1458 diebus
3180 1410 3238 1457 et
3287 1402 3542 1458 noctibus
3573 1403 3631 1456 in
3655 1418 3734 1458 cs-

2169 1494 2299 1550 stris
2326 1509 2468 1560 esse,
2519 1494 2597 1548 ita
2645 1495 2810 1549 etiam
2840 1494 3076 1550 solerent
3108 1510 3207 1564 per
3235 1495 3354 1551 dies
3405 1476 3610 1551 tantum
3636 1510 3738 1549 ma-

2169 1601 2323 1651 nere,
2378 1586 2545 1640 etiam
2597 1600 2833 1656 quorum
2886 1585 3138 1641 noctibus
3187 1584 3541 1640 ambularent.
3593 1585 3738 1651 Quod

2171 1675 2410 1732 arbitror
2460 1674 2801 1745 Scripturam
2842 1675 2901 1730 in
2953 1677 3417 1747 consequentibus
3471 1678 3739 1732 intimasse

495 1773 636 1846 xxi).
679 1771 828 1828 Sicut
875 1770 984 1825 ovis
1042 1767 1110 1822 ad
1140 1763 1520 1820 immolandum
1573 1762 1760 1816 ductus
1810 1770 1885 1814 est
1914 1758 2066 1830 (Isai.

2174 1781 2298 1821 cum
2327 1765 2460 1822 dicit
2489 1785 2501 1820 :
2563 1765 2663 1820 Die
2712 1765 2790 1820 vel
2817 1782 2992 1820 mense
3020 1767 3124 1820 diei
3155 1766 3482 1832 ambulante,
3507 1767 3638 1822 nube
3657 1767 3735 1824 ob-

495 1863 644 1936 uu),
689 1869 747 1918 et
801 1855 1220 1914 innumerabilia
1253 1853 1400 1908 talia.
1462 1853 1535 1910 Ut
1584 1860 1766 1907 autem
1819 1857 2073 1905 narrator

498 1970 682 2012 rerum
717 1960 996 2024 gestarum
1021 1947 1202 2003 verbis
1239 1954 1423 2001 utatur
1470 1944 1730 2015 temporis
1756 1943 1942 2006 futuri,
1973 1941 2073 1997 sic-

495 2056 557 2103 ut
581 2048 684 2102 hoc
724 2044 867 2110 loco,
918 2040 1234 2097 difﬁcillime
1269 2039 1326 2093 in
1362 2035 1662 2107 Scripturis
1711 2032 1942 2090 inveniri
1971 2047 2072 2103 po-

496 2147 622 2193 test.
654 2136 796 2206 Ergo
845 2141 1196 2204 posteaquam
1243 2129 1378 2184 dixit
1413 2128 1480 2183 de
1515 2127 1602 2182 die
1655 2133 1712 2181 et
1745 2133 1927 2191 nocte,
1965 2137 2074 2194 quo

497 2231 654 2299 signo
681 2232 1026 2298 promoveret
1056 2221 1284 2292 populus
1302 2220 1388 2274 vel
1415 2226 1680 2282 maneret,
1712 2233 1780 2272 ne
1808 2226 2068 2286 putaren-

495 2329 585 2374 tur
609 2323 710 2388 per
753 2324 968 2372 noctem
993 2313 1294 2377 ambulare,
1331 2322 1388 2366 et
1411 2325 1508 2379 per
1533 2310 1677 2364 diem
1726 2309 1902 2363 solere
1935 2321 2072 2362 con-

498 2409 688 2473 ﬁdere,
733 2414 895 2475 atque
942 2404 1047 2458 hoc
1073 2404 1262 2458 diebus
1315 2401 1568 2455 omnibus
1619 2398 1814 2464 solere,
1850 2411 2074 2453 securus

500 2499 748 2569 adjunxit
779 2504 942 2567 atque
969 2496 1046 2550 ait
1079 2513 1091 2547 :
1127 2494 1317 2548 Omnes
1359 2492 1469 2546 dies
1505 2493 1560 2544 in
1586 2490 1771 2560 quibus
1803 2489 2076 2544 obumbrat

499 2606 656 2661 super
700 2584 1105 2647 tabernaculum
1148 2587 1331 2648 nubes,
1364 2583 1420 2636 in
1444 2581 1630 2636 castris
1680 2589 1831 2634 erant
1859 2577 1960 2647 ﬁlii
1987 2576 2076 2632 Is-

500 2679 632 2735 rael.
667 2677 746 2731 Et
762 2676 973 2746 quando
1008 2674 1325 2747 protraxerit
1364 2673 1524 2727 nubes
1578 2687 1733 2742 super
1767 2671 2080 2723 tabernacu-

498 2769 610 2824 lum
639 2768 750 2822 dies
772 2766 967 2837 plures.
999 2763 1202 2820 Deinde
1256 2763 1554 2818 admonens
1580 2777 1688 2817 non
1718 2760 1822 2816 hoc
1858 2774 1928 2815 ex
1953 2758 2076 2814 illo-

500 2875 620 2915 rum
659 2857 987 2914 necessitate
1022 2856 1161 2920 ﬁeri,
1195 2854 1289 2910 sed
1337 2870 1404 2908 ex
1433 2853 1530 2908 Dei
1580 2851 1878 2918 voluntate,
1915 2859 1962 2904 et
1985 2867 2077 2904 ca-

499 2952 745 3016 stodient,
779 2952 976 3020 inquit,
1007 2948 1105 3018 ﬁlii
1134 2946 1306 3002 Israel
1328 2946 1621 3001 custodiam
1649 2961 1808 3014 quant
1831 2942 2077 3013 prwcepit

499 3044 666 3108 Deus,
702 3050 750 3097 et
777 3057 882 3096 non
934 3039 1322 3110 promovebant.
1352 3039 1419 3092 Et
1469 3046 1726 3107 tanquam
1757 3036 2028 3092 diceretur
2059 3051 2071 3086 :

2175 1861 2446 1915 umbrante
2466 1876 2622 1930 super
2641 1857 2797 1924 illud,
2824 1859 2880 1912 in
2911 1860 3101 1914 castris
3138 1867 3292 1912 erant
3320 1858 3423 1927 ﬁlii
3469 1857 3655 1923 Israel,
3691 1870 3732 1912 et

2173 1967 2278 2006 non
2301 1949 2690 2021 promovebant.
2736 1948 2875 2017 Quia
2911 1951 3058 2006 enim
3105 1950 3318 2006 dixerat
3349 1969 3361 2002 :
3409 1947 3501 2005 Vel
3528 1960 3664 2003 nocte
3690 1960 3733 2003 et

2172 2044 2220 2098 si
2265 2042 2558 2098 ascenderit
2591 2041 2772 2106 nubes,
2803 2042 3193 2111 promovebant,
3227 2053 3487 2112 tanquam
3516 2041 3731 2095 restabat

2175 2142 2236 2187 ut
2259 2133 2466 2187 diceret
2495 2148 2508 2184 :
2537 2131 2634 2185 Die
2659 2140 2835 2186 autem
2864 2131 2910 2185 si
2933 2149 3038 2186 non
3060 2132 3378 2197 ascenderit,
3406 2149 3508 2186 non
3539 2147 3731 2200 prasto-

2173 2222 2380 2287 vebant,
2408 2220 2623 2290 quando
2653 2222 2807 2290 quasi
2843 2237 3163 2290 promovere
3191 2222 3390 2278 debere
3415 2223 3732 2276 videbantur.

2175 2309 2285 2367 Sed
2313 2311 2441 2381 quia
2471 2311 2575 2366 hoc
2619 2311 2783 2365 etiam
2815 2311 3005 2366 diebus
3054 2311 3308 2381 plurimis
3364 2312 3475 2367 ﬁeri
3512 2319 3732 2380 poterat,

2175 2409 2239 2457 ut
2298 2400 2550 2456 noctibus
2601 2400 2965 2465 ambularent,
3012 2412 3367 2471 promovente
3422 2401 3556 2457 nube
3606 2409 3656 2456 et
3679 2416 3732 2454 ea

2175 2501 2431 2546 manente
2493 2490 2687 2572 diebus
2720 2505 2828 2546 non
2878 2490 3243 2557 ambularent,
3285 2491 3408 2546 ideo
3450 2492 3620 2562 posuit
3643 2490 3732 2544 diri

2175 2580 2252 2637 vel
2303 2598 2476 2636 mense
2511 2583 2647 2635 dieir
2687 2581 2807 2635 Non
2838 2581 2976 2636 dixit
3005 2599 3199 2648 mense,
3243 2596 3314 2637 ne
3343 2582 3421 2637 ibi
3467 2592 3522 2638 et
3568 2591 3731 2637 noctes

2176 2671 2420 2740 ejusdem
2477 2673 2677 2729 mensis
2731 2673 3154 2744 acciperentur;
3199 2674 3296 2728 sed
3324 2691 3504 2729 mense
3555 2675 3668 2738 diei,
3689 2672 3732 2727 id

2176 2772 2284 2829 est,
2312 2779 2501 2820 mense
2529 2780 2598 2818 ex
2627 2778 2692 2819 ea
2722 2773 2877 2832 parte
2904 2778 3013 2834 qua
3039 2763 3156 2818 dies
3201 2763 3280 2818 illi
3309 2763 3435 2830 fuit,
3473 2778 3574 2819 non
3605 2776 3734 2818 exea

2179 2871 2286 2925 qua
2323 2870 2449 2910 nox.
2492 2854 2591 2908 Die
2626 2869 2756 2923 ergo
2793 2853 2870 2907 vel
2916 2870 3089 2908 mense
3118 2854 3244 2920 diei,
3275 2854 3596 2919 abundante,
3621 2851 3734 2906 nube

2177 2945 2545 3010 obumbrante,
2597 2943 2652 3000 id
2681 2951 2783 3010 est,
2815 2943 3123 2998 abundante
3148 2944 3223 2999 in
3253 2943 3642 3006 obumbrando,
3665 2941 3734 2996 vel

2181 3035 2546 3090 abundantius
2580 3035 2941 3090 obumbrante
2977 3047 3140 3104 super
3187 3033 3342 3101 illud,
3377 3034 3514 3090 illud
3559 3034 3735 3089 scilicet

501 3133 728 3201 Quando
783 3145 914 3201 ergo
949 3127 1384 3200 promovebunt?
1421 3126 1487 3181 Et
1539 3128 1656 3191 erit,
1712 3127 1908 3195 inquit,
1957 3141 2077 3178 cum
2105 3112 2150 3175 C
2183 3125 2616 3190 tabernaculum,
2666 3125 2724 3178 in
2773 3125 2961 3180 castris
3004 3133 3156 3179 erant
3187 3124 3289 3194 ﬁlii
3339 3125 3536 3193 Israel,
3562 3137 3605 3181 et
3644 3141 3736 3178 non

503 3215 698 3276 texerit
740 3219 902 3274 nubes
957 3222 1066 3272 dies
1118 3233 1333 3271 numero
1385 3231 1541 3287 super
1584 3216 1998 3282 tabernaculum,
2025 3217 2080 3271 id

500 3319 602 3376 est,
638 3319 790 3364 certo
817 3322 1067 3372 numero,
1101 3307 1192 3376 qui
1221 3321 1480 3361 numerus
1508 3306 1695 3375 utique
1723 3305 1834 3362 Deo
1878 3307 2074 3375 placet,

500 3417 598 3472 per
634 3415 820 3456 vocem
849 3398 1063 3454 Domini
1112 3398 1168 3452 in
1212 3397 1408 3451 castris
1437 3404 1617 3462 erunt,
1647 3405 1702 3451 et
1754 3411 1852 3465 per
1880 3412 2081 3466 pratce-

501 3500 654 3561 ptum
707 3489 924 3545 Domini
971 3487 1388 3558 promovebunt,
1442 3487 1582 3540 hanc
1634 3486 1849 3541 videtur
1899 3488 2081 3543 dicere

481 3599 693 3639 .vocem
723 3581 963 3647 Domini,
995 3581 1211 3651 signum
1238 3579 1381 3647 quod
1402 3579 1494 3632 dat
1518 3579 1585 3633 de
1601 3578 1834 3634 statione
1859 3586 1914 3631 et
1929 3587 2079 3633 motu

502 3677 662 3732 nubis
693 3692 708 3741 ;
740 3676 868 3744 quia
899 3683 956 3728 et
981 3689 1086 3728 vox
1135 3672 1408 3742 loquentis
1434 3673 1624 3741 procul
1653 3673 1816 3727 dubio
1866 3672 2078 3743 signum

501 3775 587 3822 est
614 3765 927 3821 voluntatis.
962 3763 1116 3831 Quod
1160 3778 1290 3834 ergo
1313 3764 1408 3829 ait,
1437 3773 1484 3817 et
1517 3779 1610 3832 per
1634 3774 1949 3833 praeceptum
1977 3762 2080 3816 Do-

501 3857 653 3922 mini,
687 3854 790 3911 hoe
836 3854 981 3909 idem
1018 3853 1235 3924 signum
1265 3861 1396 3921 puto
1431 3852 1853 3922 intelligendum,
1885 3860 2077 3922 iqual-

501 3961 664 4016 quam
699 3954 883 4016 posset
912 3960 1020 4000 vox
1046 3951 1101 3998 et
1132 3950 1461 4012 praeceptum
1488 3943 1704 3998 Domini
1733 3942 1866 3998 illud
1911 3943 2078 3998 etiam

499 4039 694 4108 accipi,
730 4038 874 4108 quod
927 4037 1142 4093 locutus
1190 4044 1294 4102 est,
1349 4044 1411 4090 ut
1461 4034 1598 4090 solet
1647 4035 1716 4090 ad
1753 4034 1990 4105 Moysen,
2023 4043 2080 4090 et

501 4127 762 4197 praecepit
787 4127 894 4180 hoc
917 4126 1054 4180 ﬁeri.
1083 4124 1268 4195 Neque
1323 4124 1468 4178 enim
1523 4125 1732 4179 scirent
1756 4123 1832 4178 illi
1860 4139 2079 4194 promo—

499 4216 735 4271 vendum
787 4229 908 4268 esse
942 4214 1084 4267 nube
1137 4223 1512 4283 promovente,
1567 4223 1624 4268 et
1650 4215 1902 4270 standum
1953 4230 2076 4272 esse

499 4305 646 4360 nube
670 4311 869 4368 stante,
902 4302 1009 4363 nisi
1034 4302 1114 4357 eis
1161 4305 1263 4358 hoc
1291 4314 1416 4360 ante
1467 4309 1869 4378 praeciperetur.
1909 4310 1968 4365 In
1992 4311 2077 4367 his

503 4403 685 4450 autem
729 4407 850 4464 quae
875 4392 1020 4447 dicta
1044 4399 1170 4446 sunt
1199 4394 1436 4448 nondum
1466 4397 1730 4465 apparuit,
1767 4406 1949 4453 utrum
1979 4416 2076 4468 per

498 4488 642 4544 diem
671 4494 881 4541 tantum
915 4485 1311 4552 ambularetur,
1361 4501 1432 4541 an
1482 4487 1645 4543 etiam
1699 4505 1798 4560 per
1838 4502 2072 4559 noctem,

498 4576 795 4632 secundum
820 4576 1036 4646 signum
1066 4576 1213 4646 quod
1236 4576 1406 4631 nubes
1429 4586 1579 4633 motu
1603 4594 1700 4635 suo
1726 4581 1908 4636 dabat.
1939 4582 2076 4638 For-

501 4665 662 4721 tassis
713 4667 858 4720 enim
888 4667 1140 4736 quamvis
1193 4667 1377 4738 plures
1402 4668 1519 4724 dies
1559 4671 1615 4724 in
1643 4673 1840 4728 castris
1890 4689 2077 4730 mane-

499 4764 643 4820 rent,
674 4756 818 4810 nube
871 4772 979 4812 non
1031 4769 1405 4828 promovente,
1459 4763 1634 4830 potuit
1663 4772 1845 4818 tamen
1899 4765 2076 4835 putari

499 4845 696 4898 nubem
733 4859 840 4899 non
888 4846 1060 4901 solere
1091 4849 1386 4902 ascendere
1415 4849 1480 4903 de
1522 4852 1738 4915 castris,
1777 4860 1832 4906 et
1863 4853 2075 4922 signum

498 4935 712 4990 itineris
737 4935 866 4990 dare
893 4936 996 4991 nisi
1026 4951 1120 5005 per
1156 4938 1320 4993 diem.
1364 4939 1622 5008 Sequitur
1661 4955 1793 5012 ergo
1815 4951 1869 4996 et
1894 4943 2026 4999 dicit
2059 4963 2072 4999 :

499 5026 569 5079 Et
607 5028 706 5080 erit
737 5043 856 5080 cum
903 5027 1064 5095 fuerit
1105 5029 1262 5084 nubes
1298 5048 1331 5084 a
1360 5047 1569 5102 vespera
1603 5049 1766 5102 usque
1812 5051 1984 5101 mane,
2028 5046 2076 5091 et

499 5117 742 5170 ascendet
785 5117 943 5170 nubes
1000 5133 1175 5184 mane,
1226 5129 1271 5174 et
1305 5121 1675 5190 promovebant
1719 5122 1822 5177 die.
1864 5123 1964 5180 Hic
1987 5125 2076 5180 illa

501 5207 804 5278 ecpulativa
833 5208 1169 5279 conjunctio,
1221 5225 1374 5266 more
1429 5211 1722 5284 Scriptura:
1767 5215 1942 5285 posita
1970 5226 2073 5272 est.

498 5300 658 5365 Nam,
685 5316 748 5355 ea
777 5301 1046 5366 detracta,
1074 5300 1264 5369 plenus
1295 5311 1376 5356 est
1419 5319 1610 5359 sensus
1647 5305 1748 5360 hoc
1776 5307 1934 5362 modo
1963 5325 1975 5360 :
2005 5307 2076 5362 Et
2123 5309 2126 5312 ⁴

499 5392 594 5444 erit
621 5407 738 5443 cum
769 5389 925 5459 fuerit
957 5389 1115 5444 nubes
1141 5407 1174 5443 a
1213 5407 1419 5458 vespera
1443 5410 1602 5463 usque
1627 5412 1798 5461 mane,
1829 5406 1875 5450 et
1899 5413 2078 5451 ascen-

2180 3215 2572 3285 promovebunt.
2605 3214 2888 3270 Postremo
2938 3215 3156 3284 repetiit
3201 3215 3393 3270 divina
3446 3215 3738 3271 auctoritate

2181 3310 2408 3376 factum,
2444 3311 2531 3366 cui
2589 3310 2772 3365 resisti
2811 3311 2995 3380 utique
3051 3326 3160 3366 non
3217 3311 3438 3382 debeat,
3476 3312 3742 3383 adjungens

2180 3403 2437 3472 quoniam
2466 3416 2566 3472 per
2609 3410 2942 3472 prmeeptum
2971 3403 3189 3457 Domini
3213 3407 3626 3474 promovebunt.
3647 3401 3742 3456 Cu-

2180 3477 2409 3547 stodiam
2435 3491 2650 3546 Domini
2682 3493 3060 3558 custodierunt,
3089 3510 3183 3564 per
3210 3506 3529 3565 prwceptum
3555 3494 3743 3549 Domini

2180 3584 2236 3637 in
2259 3600 2419 3637 manu
2445 3583 2659 3653 Moysi;
2689 3584 2850 3638 rediit
2877 3585 2946 3639 ad
2982 3587 3206 3639 verbum
3259 3586 3522 3655 praeteriti
3562 3597 3746 3654 tempo-

2182 3673 2276 3739 ris,
2311 3685 2370 3728 ut
2401 3675 2626 3740 diceret,
2663 3674 3056 3730 custodierunt.
3108 3674 3258 3742 Quod
3284 3691 3409 3730 vero
3439 3676 3495 3728 in
3524 3675 3634 3730 ﬁne
3654 3690 3749 3744 po-

2182 3767 2314 3829 suit,
2349 3766 2404 3820 in
2430 3781 2592 3820 manu
2629 3765 2820 3836 Moysi,
2863 3767 3218 3844 usitatissima’
3257 3767 3311 3820 in
3341 3764 3650 3836 Scripturis
3677 3765 3748 3820 lo-

2179 3857 2324 3912 cutio
2352 3863 2454 3921 est,
2481 3855 2608 3924 quia
2645 3870 2742 3925 per
2771 3855 2991 3926 Moysen
3043 3858 3159 3912 haec
3183 3857 3324 3912 Deus
3366 3857 3732 3927 praecipiebat.

2181 3943 2488 4000 Secundum
2516 3944 2827 4016 allegoriam
2873 3961 3004 4002 vero
3030 3947 3218 4012 nubes,
3269 3961 3391 4016 qua:
3438 3946 3739 4002 tabernacu—

2179 4034 2292 4088 lum
2337 4036 2570 4105 operuit,
2617 4044 2673 4090 et
2717 4036 2976 4106 populum
3020 4054 3120 4108 per
3166 4054 3415 4095 eremum
3459 4040 3622 4105 duxit,
3651 4053 3741 4093 sua

2179 4126 2448 4194 positione
2488 4127 2748 4182 indicium
2779 4127 2936 4195 dans,
2977 4133 3193 4199 quando
3249 4143 3397 4186 esset
3445 4132 3567 4187 ﬁliis
3597 4130 3741 4186 Israel

2181 4217 2591 4284 transeundum,
2629 4227 2683 4272 et
2733 4222 2947 4286 quando
2995 4232 3176 4277 castra
3204 4224 3544 4291 metendum,
3583 4225 3742 4279 incar-

2179 4308 2454 4363 nationem
2483 4309 2690 4365 Christi
2723 4312 3017 4383 signiﬁcat,
3069 4313 3226 4382 cujus
3266 4315 3557 4370 clementia
3585 4315 3740 4369 taber-

2181 4397 2434 4453 naculum
2488 4399 2743 4457 Ecclesize
2790 4403 3047 4472 protexit,
3101 4403 3258 4472 cujus
3303 4406 3522 4461 bonitas
3564 4414 3738 4461 statum

2180 4485 2298 4555 ejus
2343 4488 2598 4558 disponit,
2650 4501 2706 4547 et
2739 4493 2892 4564 cujus
2943 4494 3232 4564 prudentia
3274 4495 3332 4549 in
3361 4496 3451 4550 via
3484 4495 3740 4568 praesentis

2182 4582 2362 4639 saeculi
2389 4586 2675 4641 transitum
2699 4588 2868 4657 ipsius
2891 4589 3108 4645 direxit.
3140 4591 3286 4648 idem
3311 4601 3398 4648 est
3422 4603 3478 4649 et
3497 4594 3738 4654 columna.

2183 4674 2312 4743 quia
2346 4684 2528 4730 rectus
2561 4685 2725 4732 estet
2763 4677 2972 4746 ﬁrmus,
3024 4690 3080 4736 et
3107 4680 3338 4737 fulciens
3393 4683 3741 4738 inﬁmitatem

2183 4773 2451 4832 nostram,
2486 4776 2543 4823 et
2570 4785 2670 4839 per
2697 4778 2914 4826 noctem
2971 4772 3177 4840 lucens,
3233 4789 3334 4844 per
3379 4776 3526 4830 diem
3551 4789 3649 4829 non
3678 4772 3740 4826 la-

2181 4873 2332 4924 cens,
2359 4868 2413 4913 ut
2461 4862 2550 4930 qui
2583 4877 2688 4915 non
2745 4862 2916 4916 vident
2943 4865 3173 4931 videant,
3205 4875 3254 4920 et
3308 4868 3400 4936 qui
3442 4867 3608 4920 vident
3633 4864 3741 4919 cerei

2180 4949 2314 5016 ﬁant
2343 4950 2526 5021 (Joan.
2561 4952 2660 5022 ιι).
2699 4952 2888 5009 Potest
2919 4963 2974 5010 et
3003 4957 3083 5011 sic
3109 4973 3216 5012 non
3239 4957 3543 5029 incongrue
3569 4957 3743 5026 accipi.

2181 5041 2328 5109 quod
2367 5039 2572 5096 Christi
2625 5053 3028 5100 sacramentum
3086 5056 3342 5118 tanquam
3371 5047 3432 5103 in
3478 5049 3566 5102 die
3592 5043 3748 5100 mani-

2179 5133 2435 5188 festatum
2473 5142 2559 5188 est
2604 5136 2660 5190 in
2691 5152 2855 5193 carne
2902 5139 3050 5194 velut
3098 5140 3152 5195 in
3215 5143 3395 5207 nube;
3448 5143 3505 5197 in
3553 5141 3746 5212 judicio

2178 5237 2310 5278 vero
2338 5232 2596 5294 tanquam
2647 5227 2703 5280 in
2733 5243 2921 5283 errore
2968 5240 3255 5297 nocturno,
3295 5233 3427 5304 quia
3479 5242 3607 5287 tunc
3657 5230 3751 5286 erit

2180 5330 2375 5384 magna
2413 5317 2688 5372 tribulatio
2737 5321 2919 5375 saeculi
2957 5332 3211 5394 tanquam
3249 5327 3412 5397 ignis,
3451 5334 3506 5381 et
3561 5324 3751 5379 lucebit

2173 5403 2359 5474 justis,
2390 5413 2444 5460 et
2483 5406 2697 5460 ardebit
2729 5407 2964 5477 injustis.
3003 5411 3163 5468 Juxta
3194 5417 3551 5488 tropologiam
3577 5409 3751 5470 autem

500 5481 636 5534 derit
661 5481 818 5535 nubes
849 5497 1024 5547 mane,
1076 5482 1450 5551 promovebant
1483 5483 1586 5537 die.
1630 5485 1834 5542 Deinde
1862 5489 1991 5557 quia
2026 5498 2072 5542 el

2180 5496 2234 5549 in
2259 5498 2380 5566 igne
2412 5503 2668 5560 terrores,
2711 5498 2764 5552 in
2807 5503 2952 5555 nube
2998 5513 3179 5558 autem
3210 5506 3441 5561 visionis
3463 5505 3582 5561 lene
3609 5505 3754 5559 blan-

501 5580 657 5626 nocte
682 5573 726 5626 si
757 5573 927 5664 nubes
962 5573 1279 5629 ascenderet
1337 5576 1743 5643 promovebant,
1781 5589 1942 5649 atque
1974 5581 2075 5636 iter
2179 5586 2476 5640 dimentum
2509 5589 2828 5644 ostenditur.
2872 5591 2999 5646 Dies
3043 5606 3172 5647 vero
3199 5594 3332 5664 justi
3382 5597 3517 5660 vita,
3569 5604 3624 5648 et
3655 5608 3754 5649 nos

503 5669 830 5717 nocturnum
863 5663 911 5718 si
937 5663 1067 5720 illud
1096 5666 1310 5736 signum
1341 5665 1651 5732 awipcrent
1691 5671 1939 5741 agebant,
1981 5672 2074 5727 ad-
2180 5677 2442 5746 accipitur
2493 5679 2601 5733 vita
2650 5683 2970 5750 peccatoris.
3015 5684 3167 5742 Unde
3205 5663 3279 5742 iet
3306 5687 3589 5746 conversis
3638 5698 3759 5758 pec-
