3980 6344
207 347 318 406 αθ

943 327 1476 392 ENARRATIONES
1511 325 1577 382 IN
1615 322 1874 381 LIBRUM
1909 319 2369 380 NUMERORUM.
2409 351 2478 362 --
2510 323 2635 378 LIB.
2675 322 2737 377 ll.

3339 317 3444 375 650

209 455 489 516 catoribus
516 450 716 507 Paulus
763 447 894 504 dicit
925 466 938 500 :
989 445 1189 500 Fuistis
1218 440 1500 513 aliquando
1531 437 1776 500 tenebrae,
1804 438 1857 497 Α
1879 431 2157 486 ardentius
2178 433 2503 487 excitantur.
2527 431 2825 497 Manebant,
2851 431 3044 500 inquit,
3069 441 3246 487 castra
3261 435 3447 503 primi,

213 563 352 602 nunc
377 552 552 596 autem
581 539 674 592 luo:
708 539 762 592 in
791 537 1016 591 Domino
1046 533 1260 606 (Ephes.
1293 529 1370 602 v).

285 632 451 688 ln'die
481 644 610 700 ergo
639 627 886 683 columna
920 640 1018 696 per
1038 623 1236 678 nubem
1265 625 1560 674 monstrata
1590 623 1696 679 est,
1725 623 1782 669 et

216 727 270 782 ln
296 728 454 778 nocte
480 733 580 789 per
603 718 802 790 ignem,
830 715 957 786 quia
984 713 1325 781 omnipotens
1357 708 1523 773 Deus,
1551 714 1604 760 et
1630 704 1784 760 blan-

217 816 312 874 dus
338 813 520 884 justis,
559 808 906 874 etiterribilis
947 805 1230 877 apparebit
1255 802 1487 871 iniustis.
1517 798 1698 854 Justos
1727 797 1784 851 in

207 901 408 972 judicio
426 900 652 956 veniens
680 913 778 972 per
801 897 1040 952 lenitatis
1075 892 1539 948 mansuetudinem
1575 886 1782 945 demul-

218 1002 331 1058 cet;
377 991 502 1046 illos
554 1003 686 1045 vero
733 1002 833 1058 per
874 985 1141 1057 justitiam
1186 981 1544 1038 districtionis
1591 984 1782 1034 terret.

217 1084 445 1139 Rursum
479 1084 548 1138 de
582 1083 687 1137 hac
713 1081 961 1137 columna
997 1078 1139 1149 ignis
1168 1085 1227 1132 et
1253 1076 1413 1132 nubis
1432 1073 1616 1130 subtili
1637 1073 1786 1127 inve-

153 1169 158 1175 ’
217 1173 503 1246 stigatione
527 1171 852 1236 discussum,
892 1168 1118 1238 intelligi
1159 1175 1215 1221 et
1242 1167 1397 1221 aliter
1419 1171 1617 1237 potest.
1645 1161 1786 1230 Quid

153 1289 166 1310 ι
217 1273 300 1322 est
320 1276 450 1334 ergo
481 1260 627 1332 quod
660 1260 909 1315 columna
948 1259 1131 1323 nubis,
1157 1272 1279 1327 qua
1307 1257 1362 1311 in
1403 1267 1588 1310 eremo
1613 1267 1786 1322 popu-

213 1353 326 1408 lum
364 1348 904 1422 prmibat-splendore
931 1348 1092 1418 ignis,
1117 1346 1303 1401 nonin
1327 1344 1436 1411 die,
1469 1343 1565 1398 sed
1592 1343 1648 1396 in
1685 1355 1786 1395 no-

215 1451 304 1499 cte
329 1439 591 1506 radiabat,
634 1439 740 1495 nisi
779 1439 906 1508 quia
941 1438 1268 1507 Redemptor
1291 1443 1478 1490 noster
1517 1447 1628 1488 sua:
1649 1445 1785 1487 con-

214 1533 532 1589 versationis
555 1531 825 1602 exemplo,
853 1531 1109 1586 ducatum
1151 1527 1502 1599 sequentibus
1529 1541 1600 1581 se
1639 1537 1782 1594 prae-

210 1633 380 1689 stans,
399 1625 466 1680 de
483 1623 698 1693 iustitia
718 1637 816 1680 sua
839 1622 1233 1679 conlidentibus
1250 1620 1399 1676 nulla
1424 1620 1546 1674 luce
1567 1617 1782 1682 claruit,

213 1721 558 1787 peccatorum
627 1728 849 1770 suorum
899 1713 1152 1769 tenebras
1197 1709 1612 1784 agnoscentibus
1663 1709 1787 1778 igne

213 1804 294 1859 sui
315 1802 522 1860 amoris
555 1800 796 1858 infulsit?

817 1892 1046 1949 CAPUT
1092 1891 1182 1946 IV.

704 1981 786 2036 De
823 1980 983 2036 modo
1031 1979 1292 2034 tubarum.

277 2070 430 2142 (Car.
465 2070 550 2141 ι.)
587 2069 917 2141 Locutusque
950 2078 1026 2124 est
1054 2069 1315 2123 Dominus
1341 2067 1412 2121 ad
1440 2065 1679 2136 Moysen,
1708 2065 1790 2117 di-

213 2177 324 2216 cens
347 2175 372 2213 :
410 2159 528 2215 Fac
558 2161 652 2214 tibi
677 2161 810 2214 duas
834 2161 988 2214 tubas
1017 2167 1289 2229 argenteas
1317 2156 1563 2223 ductiles,
1601 2155 1788 2227 quibus

209 2265 493 2306 convocare
515 2251 686 2320 possis
705 2248 1113 2313 multitudinem,
1147 2247 1360 2318 quando
1389 2245 1645 2301 mouenda
1667 2253 1787 2299 sunt

207 2349 406 2394 castra.
435 2338 667 2410 Cumque
688 2339 1006 2409 increpueris
1029 2338 1192 2402 tubis,
1223 2335 1618 2408 congregabitur
1645 2334 1714 2388 ad
1739 2343 1790 2389 te

207 2429 378 2481 omnis
425 2427 580 2481 turba
603 2426 675 2480 ad
704 2427 898 2482 ostium
925 2425 1255 2480 tabernaculi
1288 2425 1518 2494 fwderis.
1546 2423 1609 2479 Si
1631 2421 1789 2478 semel

208 2517 524 2589 clangueris,
538 2518 742 2572 uenient
751 2518 824 2571 ad
833 2528 885 2571 te
897 2533 1071 2571 omnes
1093 2517 1349 2588 principes
1370 2525 1420 2570 et
1431 2515 1602 2587 capita
1617 2513 1791 2568 multi-

205 2611 410 2664 tudinis
423 2610 610 2666 Israel.
624 2608 721 2666 Sin
747 2621 922 2665 autem
942 2609 1199 2679 prolixior
1209 2618 1366 2679 atque
1385 2609 1622 2663 concisus
1644 2605 1788 2660 clan-

202 2719 301 2772 gor
329 2704 669 2774 increpuerit,
705 2703 976 2758 movebunt
1013 2711 1188 2756 castra
1229 2701 1407 2772 primi,
1434 2700 1524 2770 qui
1559 2709 1680 2752 sunt
1719 2696 1789 2752 ad

203 2791 515 2846 orientalem
532 2793 762 2864 plagam.
784 2792 890 2847 Per
914 2793 1049 2848 duas
1063 2792 1210 2858 enim
1229 2790 1390 2845 tubas
1400 2789 1673 2844 exercitus
1691 2789 1792 2842 du-

201 2881 367 2947 citur,
395 2882 520 2950 quia
533 2896 632 2951 per
651 2883 757 2938 duo
777 2881 1123 2937 Testamenta
1151 2882 1266 2935 sive
1281 2893 1380 2948 per
1399 2879 1506 2934 duo
1522 2885 1790 2946 praecepta

208 2974 522 3041 charitatis,
537 2975 608 3029 ad
627 2975 967 3044 procinctum
983 2973 1108 3028 ﬁdei
1118 2971 1347 3043 populus
1357 2977 1634 3024 evocatur.
1662 2966 1792 3034 Qua

166 3113 180 3127 ,
201 3064 420 3121 idcirco
433 3075 704 3137 argenteae
726 3065 846 3120 ﬁeri
866 3065 1274 3136 praecipiuntur,
1291 3070 1354 3116 ut
1372 3061 1790 3132 praedicatorum

1878 523 1967 592 qui
2012 532 2132 575 sunt
2173 523 2243 576 ad
2286 521 2590 576 orientalem
2634 521 2864 591 plagam.
2919 522 3146 588 Quinam
3205 534 3332 580 sunt
3367 525 3448 579 illi

1879 616 1973 686 qui
1997 616 2066 670 ad
2109 615 2426 671 orientalem
2469 614 2682 686 plagam
2730 623 2907 670 castra
2950 627 3186 683 movent,
3239 620 3343 675 nisi
3392 621 3451 676 hi

1881 709 2074 777 quibus
2116 708 2208 762 lux
2271 705 2395 762 ﬁdei
2445 708 2679 776 primum
2731 705 2924 761 fulsit?
2975 705 3252 764 Ordinatis
3319 725 3451 782 ergo

1883 797 2156 868 Evangelii
2197 795 2658 868 praeditiatoribus,
2694 798 2930 866 primum
2971 796 3220 854 Salvator
3249 813 3455 868 praece-

1881 889 2002 958 pit':
2035 888 2104 942 In
2128 890 2262 944 ciam
2292 887 2520 960 gentium
2551 905 2616 944 ne
2641 889 2894 950 abieritis.
2922 899 2972 943 et
3009 890 3064 942 in
3089 891 3319 945 civitates
3347 889 3454 946 Sa-

1884 979 2264 1033 maritanorum
2307 995 2372 1033 ne
2399 980 2738 1044 intrareritis,
2768 979 2858 1033 sed
2897 981 3073 1049 potius
3115 982 3186 1034 ite
3211 981 3280 1034 ad
3309 997 3448 1047 oves,

1883 1082 2001 1138 qute
2039 1070 2301 1138 perierunt
2347 1068 2533 1123 domus
2563 1067 2735 1122 Israel
2780 1068 2997 1141 (Matth.
3047 1069 3104 1140 χ)
3131 1089 3144 1122 :
3174 1071 3370 1141 quibus
3397 1081 3454 1127 et

1885 1156 2000 1225 ipsa
2039 1155 2254 1212 Veritas
2304 1157 2717 1226 praesentialiter
2763 1158 2908 1212 inter
2957 1174 3052 1215 eos
3100 1175 3452 1227 conversaris,

1885 1245 2232 1317 Evangelium
2261 1248 2608 1316 praedicabat,
2653 1249 2746 1303 sed
2790 1251 3039 1318 passione
3079 1251 3457 1322 Redemptoris

1885 1339 2056 1393 nostri
2103 1353 2167 1394 ac
2223 1339 2620 1394 resurrectione
2668 1347 2997 1410 perpetrata,
3047 1341 3185 1397 idem
3225 1343 3456 1400 Redem—

1883 1435 2009 1500 ptor
2035 1441 2302 1498 apparens
2345 1428 2625 1499 discipulis
2675 1428 2790 1482 ait:
2821 1429 2962 1483 Data
3005 1437 3083 1484 est
3129 1432 3256 1485 mihi
3289 1435 3458 1489 omnis

1885 1528 2114 1590 potestas
2137 1521 2194 1574 in
2211 1519 2340 1575 cado
2373 1529 2421 1575 et
2453 1522 2512 1575 in
2536 1530 2696 1575 terra.
2727 1521 2928 1576 Euntes
2963 1537 3104 1593 ergo,
3135 1524 3313 1578 docete
3340 1533 3455 1578 ont-

1887 1625 1978 1665 nes
2009 1619 2202 1682 gentes,
2231 1611 2552 1681 baptisantes
2579 1627 2666 1667 eos
2703 1613 2762 1666 in
2795 1614 3004 1668 nomine
3034 1611 3216 1669 Patris
3255 1626 3304 1669 et
3331 1615 3461 1669 Filii

1889 1709 1936 1753 et
1968 1689 2200 1770 Spiritus
2225 1702 2394 1754 sancti
2421 1700 2638 1772 (Matth.
2679 1701 2898 1774 xxvm).
2932 1703 3128 1759 Tribus
3153 1719 3284 1777 ergo
3325 1706 3460 1762 Iuda

1813 1777 1863 1841 Β
1889 1805 2014 1847 cum
2035 1792 2264 1857 caeteris,
2311 1793 2405 1862 qui
2453 1805 2637 1847 secum
2690 1793 2759 1848 ad
2808 1794 3072 1850 orientem
3123 1793 3460 1864 habitabant,

1890 1879 2126 1949 primum
2149 1887 2328 1934 castra
2376 1881 2656 1947 movebat;
2684 1881 2879 1938 deinde
2919 1890 3131 1940 eceterae
3171 1886 3344 1941 tribus
3383 1901 3465 1942 se-

1889 1970 2125 2025 cundum
2169 1971 2414 2028 ordinem
2453 1985 2611 2028 suum
2661 1989 2674 2026 :
2714 1973 2841 2044 quia
2885 1974 3122 2045 primum
3171 1973 3226 2031 in
3277 1975 3460 2032 Iudaea

1889 2060 2129 2130 oportuit
2165 2060 2466 2117 Ecclesiam
2504 2063 2836 2133 primitivam
2869 2067 3132 2134 construi,
3164 2067 3358 2123 deinde
3394 2085 3459 2123 ex

1889 2156 2101 2210 cunctis
2132 2170 2232 2226 per
2258 2157 2447 2212 orbem
2474 2157 2782 2215 nationibus
2807 2169 2993 2230 gentes
3035 2161 3104 2216 ad
3143 2161 3301 2218 ﬁdem
3337 2179 3465 2216 con-

1889 2247 2097 2302 vocari.
2127 2247 2358 2314 Quando
2404 2257 2585 2304 autem
2635 2251 3046 2322 congregandos
3085 2261 3169 2308 est
3217 2254 3464 2322 populus,

1891 2336 2121 2408 simplici
2151 2339 2400 2394 tubarum
2426 2339 2681 2410 clangore
2708 2349 2763 2395 et
2787 2355 2896 2396 non
2916 2343 3136 2397 concise
3163 2342 3462 2398 ululabunt.

1889 2426 1948 2480 In
1976 2427 2364 2484 convocatione
2399 2429 2581 2500 populi
2611 2429 2837 2501 simplex
2867 2431 3116 2486 tubarum
3143 2431 3384 2502 clangor,
3414 2443 3470 2486 et

1890 2534 2001 2598 non
2025 2520 2275 2576 concisus
2303 2536 2425 2578 esse
2443 2521 2685 2590 iubetur,
2709 2523 2835 2592 quia
2861 2522 2955 2592 qui
2992 2522 3324 2578 multitudini
3347 2539 3467 2578 ver-

1889 2611 2022 2666 bum
2051 2611 2179 2666 ﬁdei
2226 2614 2508 2682 praedicat,
2566 2614 2800 2684 simplici
2847 2623 2903 2669 et
2954 2623 3139 2685 aperta
3199 2615 3469 2669 locutione

1891 2700 2050 2757 debet
2088 2703 2190 2770 uti,
2239 2713 2506 2773 quatenus
2536 2720 2601 2760 ea
2642 2720 2761 2774 qua:
2789 2705 3043 2760 dicuntur
3078 2707 3230 2759 multi
3276 2706 3472 2759 intelli-

1891 2800 2043 2861 gant,
2071 2802 2128 2848 et
2153 2794 2307 2849 multi
2335 2795 2461 2850 inde
2487 2794 2845 2861 aediﬁcentur,
2874 2811 2942 2851 ne
2979 2795 3117 2851 forte
3145 2797 3190 2851 si
3217 2797 3463 2850 obscura:

1891 2879 2150 2936 locutioni
2173 2885 2360 2938 doctor
2384 2899 2604 2953 operam
2637 2885 2869 2950 dederit,
2901 2894 2956 2938 et
2983 2885 3164 2955 ignota
3194 2886 3356 2938 verba
3385 2886 3467 2939 in-

1891 2971 2238 3039 terposuerit,
2265 2972 2478 3028 auditor
2503 2974 2620 3029 sine
2641 2973 2817 3028 fructu
2851 2974 3237 3036 aediﬁcationis,
3265 2989 3468 3029 vacuus

1893 3059 2019 3116 inde
2041 3063 2274 3118 recedat.
2319 3063 2458 3118 Hinc
2487 3073 2542 3119 et
2575 3065 2764 3120 doctor
2786 3065 3025 3136 gentium
3053 3065 3375 3135 quibusdam
3403 3063 3469 3120 de

201 3154 422 3225 eloquia
473 3157 652 3217 nitore
703 3155 1026 3228 refulgeant,
1083 3163 1140 3211 et
1191 3154 1498 3210 auditorum
1547 3160 1786 3208 mentem
1813 3137 2193 3222 C'linguarum
2223 3155 2536 3212 diversitate
2570 3154 2924 3227 gloriantibus
2970 3157 3084 3211 ait:
3135 3153 3378 3221 Fratres,
3425 3158 3471 3210 si

203 3245 343 3300 nulla
371 3246 462 3300 sui
494 3246 826 3302 obscuritate
851 3245 1200 3303 confundant.
1239 3245 1447 3302 Idcirco
1472 3251 1652 3300 autem
1689 3243 1788 3298 du-

203 3338 377 3403 ctiles,
428 3339 555 3408 quia
581 3354 806 3395 necesse
845 3350 952 3405 est,
994 3347 1058 3395 ut
1080 3339 1155 3405 hi,
1185 3339 1278 3408 qui
1308 3346 1594 3394 venturam
1617 3337 1788 3392 vitam

197 3429 505 3496 praedicant
521 3467 536 3494 ,
583 3429 994 3486 tribulationum
1049 3429 1397 3500 praesentium
1444 3429 1788 3484 tunsionibus

201 3526 478 3572 crescant.
519 3519 671 3584 Quod
701 3527 884 3574 autem
905 3519 1177 3584 subditur,
1209 3519 1267 3574 Si
1289 3521 1446 3574 semel
1469 3520 1784 3590 clangueris,

199 3599 413 3660 veniant
440 3607 510 3660 ad
545 3615 596 3660 te
617 3608 877 3678 principes
903 3618 951 3661 ct
993 3608 1165 3677 capita
1202 3608 1556 3662 multitudinis
1594 3606 1788 3673 Israel,

198 3695 371 3750 semel
405 3695 549 3750 tubis
576 3700 848 3766 clangere,
881 3703 966 3751 est
989 3696 1100 3750 vim
1123 3695 1278 3750 verbi
1315 3697 1573 3750 doctrinae
1597 3711 1793 3751 secun-

196 3784 329 3840 dum
360 3787 628 3842 unitatem
665 3786 792 3842 ﬁdei
830 3796 886 3842 et
918 3786 1269 3842 concordiam
1304 3801 1498 3843 sensus
1537 3786 1792 3842 catholici

195 3875 484 3944 proferre.
545 3877 630 3931 Ad
680 3891 844 3946 quem
901 3879 1140 3932 sonitum
1197 3878 1470 3947 principes
1515 3887 1571 3934 et
1613 3878 1794 3948 capita

191 3963 575 4020 multitudinis
619 3965 916 4020 convenire
955 3966 1175 4032 debent,
1225 3968 1352 4036 quia
1389 3968 1545 4022 valde
1588 3967 1793 4023 conde-

194 4070 331 4113 cens
357 4062 465 4120 est,
495 4063 556 4110 ut
581 4054 660 4112 illi
701 4057 797 4126 qui
831 4065 1074 4128 praesunt
1097 4060 1330 4124 caeteris,
1363 4073 1471 4112 una
1517 4059 1624 4116 ﬁde
1662 4074 1797 4114 una-

199 4161 307 4216 que
361 4143 658 4202 dilectione
710 4149 1112 4214 convenientes,
1161 4149 1231 4204 de
1257 4149 1429 4205 salute
1456 4165 1555 4206 sua
1599 4165 1666 4206 ac
1689 4150 1796 4207 sibi

201 4237 548 4294 subditorum
603 4237 834 4308 paciﬁca
881 4239 1182 4310 disputent,
1255 4242 1485 4311 aliisque
1543 4243 1693 4312 pacis
1741 4251 1796 4298 et

203 4327 511 4386 concordiae
537 4328 742 4384 bonum
765 4329 834 4385 ad
857 4331 1170 4402 exemplum
1196 4334 1500 4402 praebeant,
1541 4349 1612 4389 ne
1652 4333 1794 4390 forte

201 4418 248 4472 si
279 4418 444 4473 aliter
469 4417 785 4483 cecinerint,
824 4420 1023 4475 merito
1055 4435 1150 4476 eos
1177 4421 1544 4492 reprehendat
1572 4431 1792 4495 aposto-

204 4509 306 4566 lica
349 4511 684 4578 auctoritas;
729 4527 852 4582 qua:
896 4514 968 4568 ad
997 4512 1311 4570 Corinthios
1358 4516 1625 4582 scribens,
1673 4517 1789 4572 ait:

207 4597 340 4654 Cum
365 4601 512 4654 enim
547 4601 614 4656 sit
638 4601 776 4656 inter
800 4618 888 4656 vos
914 4601 1056 4657 zelus
1087 4612 1136 4657 et
1163 4605 1448 4670 contentio,
1484 4621 1658 4659 nonne
1675 4621 1796 4660 car-

207 4690 352 4744 nales
373 4690 526 4756 estis,
541 4699 591 4746 et
603 4691 890 4746 secundum
900 4692 1164 4747 hominem
1173 4693 1497 4750 ambulatis?
1513 4693 1566 4766 (Ι
1581 4693 1705 4751 Cor.
1727 4695 1794 4769 ι.)

209 4776 276 4832 Et
304 4780 480 4835 item:
519 4779 974 4850 Conuenientibus,
1001 4783 1198 4853 inquit,
1239 4785 1384 4840 vobis
1422 4786 1478 4839 in
1502 4786 1792 4852 ecclesiam,

210 4874 371 4928 audio
417 4876 557 4931 inter
591 4893 680 4932 vos
738 4877 1024 4931 schismata
1068 4895 1198 4944 esse,
1243 4888 1294 4934 et
1338 4895 1403 4934 ea;
1444 4887 1595 4949 parte
1641 4880 1796 4933 credo

214 4963 262 5035 (1
289 4962 414 5020 Cor.
444 4966 548 5040 χι).
577 4966 688 5023 Sed
729 4968 906 5039 magis
948 4968 1082 5024 illud
1127 4979 1447 5043 sequantur,
1479 4971 1626 5042 quod
1652 4971 1796 5028 idem

211 5056 502 5126 Apostolus
556 5058 751 5114 iisdem
804 5058 1102 5115 Corinthiis
1165 5062 1244 5116 ait
1283 5081 1297 5116 :
1353 5060 1577 5118 Obsecro
1621 5073 1797 5119 autem

216 5163 298 5201 vos
319 5165 416 5217 per
442 5164 632 5204 nomen
655 5149 869 5206 Domini
894 5151 1061 5205 nostri
1085 5151 1214 5205 Jesu
1241 5151 1458 5218 Christi,
1485 5164 1542 5207 ut
1565 5155 1796 5225 idipsum

215 5239 402 5294 dicatis
424 5257 623 5307 omnes,
647 5252 695 5297 et
722 5259 828 5298 non
845 5244 951 5297 sint
972 5244 1029 5296 in
1051 5242 1191 5297 vobis
1215 5243 1519 5298 schismata.
1550 5245 1679 5300 Sitis
1700 5264 1798 5300 au-

217 5340 318 5384 tem
358 5333 577 5402 perfecti
621 5335 676 5388 in
719 5334 898 5390 eodem
946 5351 1101 5390 sensu
1148 5345 1196 5389 et
1245 5336 1302 5389 in
1349 5336 1529 5390 eadem
1576 5340 1797 5393 scientia

219 5419 270 5488 (1
309 5419 434 5478 Cor.
453 5423 517 5493 ι).
533 5422 678 5480 Bene
695 5433 876 5481 autem
895 5425 1110 5491 dicitur,
1144 5426 1279 5482 Cum
1299 5427 1548 5484 concisus
1579 5428 1799 5499 clangor

217 5510 564 5580 increpuerit,
595 5515 956 5570 movebuntur
981 5526 1163 5571 castra
1188 5535 1200 5570 :
1229 5517 1354 5587 quia
1394 5517 1650 5573 nimirum
1673 5535 1797 5575 cum

220 5601 470 5656 subtilius
504 5619 568 5659 ac
595 5605 853 5660 minutius
876 5607 1276 5674 praedicationis
1301 5623 1482 5663 sermo
1508 5618 1792 5676 tractatur,

223 5688 526 5774 auditorum
571 5701 782 5747 mentes
827 5703 1014 5750 contra
1075 5698 1431 5754 tentationum
1492 5700 1793 5757 certamina

619 5785 895 5847 PATROL.
928 5777 1167 5848 CV1".-

1889 3260 2076 3299 venero
2129 3246 2198 3300 ad
2247 3263 2334 3302 vos
2372 3247 2567 3319 linguis
2607 3248 2843 3320 loquens,
2891 3249 3016 3319 quid
3054 3249 3194 3302 vobis
3226 3249 3471 3318 prodero,

1891 3337 1994 3390 nisi
2033 3338 2174 3392 vobis
2211 3339 2416 3410 loquar,
2451 3350 2544 3395 aut
2583 3343 2642 3396 in
2671 3341 2999 3405 reuelatione,
3033 3349 3124 3395 aut
3149 3341 3204 3394 in
3231 3340 3470 3406 scientia,

1890 3435 1984 3482 aut
2009 3428 2067 3482 in
2097 3431 2388 3500 praphetia,
2415 3438 2508 3485 aut
2535 3431 2591 3486 in
2633 3431 2872 3485 doctrina
2895 3432 2920 3484 2
2951 3429 3166 3496 Tamen,
3202 3447 3318 3500 qua:
3361 3431 3474 3484 sine

1892 3518 2070 3572 anima
2097 3527 2217 3572 sunt
2242 3536 2417 3574 vocem
2445 3520 2652 3586 dantia,
2681 3521 2786 3575 sive
2809 3520 2953 3582 tibia,
2980 3520 3086 3574 sive
3109 3520 3334 3582 cithara,
3366 3520 3468 3572 nisi

1893 3606 2277 3661 distinctionem
2317 3610 2521 3664 sonitus
2568 3608 2842 3675 dederint,
2885 3609 3143 3679 quomodo
3190 3609 3386 3668 scietur
3420 3605 3474 3659 id

1892 3695 2032 3764 quod
2061 3697 2287 3761 canitur,
2325 3707 2418 3750 aut
2463 3699 2855 3754 citharisatur?
2882 3698 3092 3752 Etenim
3141 3701 3188 3752 si
3223 3701 3474 3752 incertam

1891 3798 2069 3837 vocem
2092 3785 2180 3838 det
2206 3785 2348 3849 tuba,
2377 3786 2494 3856 quis
2520 3787 2727 3857 parabit
2753 3803 2808 3842 se
2832 3787 2902 3841 ad
2928 3787 3118 3841 bellum
3141 3788 3167 3842 2
3185 3787 3273 3842 Ita
3299 3799 3346 3842 et
3381 3805 3471 3843 vos

1891 3889 1986 3944 per
2005 3873 2258 3944 linguam,
2275 3877 2380 3930 nisi
2397 3875 2736 3946 manifestum
2748 3893 3037 3933 sermonem
3049 3879 3316 3946 dederitis,
3343 3897 3408 3950 qu
3416 3898 3466 3934 o-

1893 3965 2050 4018 modo
2070 3967 2266 4020 scietur
2298 3968 2354 4020 id
2387 3968 2526 4037 quod
2551 3967 2791 4023 dicitur?
2813 3970 2881 4024 Et
2918 3971 3047 4024 item
3083 3989 3095 4024 :
3141 3971 3281 4036 Quid
3313 3989 3468 4044 ergo,

1896 4055 2094 4125 inquit,
2126 4065 2204 4110 est
2235 4056 2426 4124 fratres
2449 4059 2474 4112 2
2501 4057 2634 4113 Cum
2678 4061 2978 4125 convenitis,
3009 4065 3367 4134 unusquisque
3397 4081 3476 4119 ve-

1892 4154 2060 4201 strum
2093 4135 2355 4218 psalmum
2379 4151 2552 4216 habet,
2594 4151 2888 4206 doctrinam
2911 4153 3083 4219 habet,
3107 4153 3471 4225 apocalypsim

1894 4235 2070 4303 habet,
2102 4236 2340 4308 linguam
2373 4239 2548 4305 habet,
2581 4240 3062 4311 interpretationem
3091 4243 3266 4310 habet,
3299 4245 3477 4299 omnia

1893 4325 1964 4380 ad
1985 4327 2388 4396 aediﬁcationem
2405 4331 2541 4400 ﬁant
2567 4331 2623 4403 (Ι
2649 4330 2774 4386 Cor.
2801 4331 2936 4402 xxv).
2953 4333 3214 4399 Quamvis
3239 4335 3386 4388 enim
3416 4335 3472 4389 in

1897 4419 2055 4474 bonis
2080 4420 2394 4478 doctoribus
2420 4431 2572 4478 tanta
2601 4424 2827 4480 docendi
2867 4439 2997 4480 cura
3021 4426 3091 4480 sit
3114 4425 3200 4478 vel
3224 4441 3344 4480 esse
3386 4427 3478 4481 de-

1898 4509 2047 4578 beat,
2072 4520 2132 4566 ut
2155 4513 2400 4581 verbum,
2429 4515 2554 4585 quia
2589 4516 2752 4571 nimis
2781 4518 3070 4571 obscurum
3096 4515 3166 4570 sit
3190 4516 3275 4570 vel
3304 4517 3477 4572 ambi-

1899 4617 2086 4674 guum,
2100 4601 2354 4658 Latinum
2371 4618 2494 4659 esse
2509 4619 2616 4659 non
2646 4606 2838 4676 possit,
2869 4605 3012 4674 vulgi
3032 4613 3209 4660 tamen
3223 4607 3302 4662 sic
3321 4624 3474 4664 more

1901 4692 2134 4759 dicatur,
2149 4701 2212 4748 ut
2235 4694 2565 4765 ambiguitas
2591 4695 3000 4766 obscuritasque
3013 4695 3216 4752 vitetur
3237 4716 3248 4751 :
3274 4713 3381 4754 non
3398 4699 3478 4755 sic

1902 4781 2135 4848 dicatur,
2164 4791 2226 4837 ut
2252 4799 2284 4837 a
2311 4783 2504 4850 doctis,
2536 4784 2631 4839 sed
2673 4784 2856 4856 potius
2887 4793 2945 4839 ut
2986 4785 3053 4841 ab
3094 4785 3326 4844 indoctis
3368 4789 3472 4845 dici

1902 4873 2058 4928 solet.
2131 4872 2272 4942 Quid
2333 4875 2479 4929 enim
2538 4875 2761 4945 prodest
2819 4875 3105 4935 locutionis
3149 4879 3434 4952 integritas
3457 4923 3470 4945 ,

1899 4981 2064 5038 quam
2105 4980 2216 5021 non
2253 4965 2498 5036 sequitur
2530 4964 2835 5023 intellectus
2877 4967 3165 5036 audientis,
3215 4985 3338 5026 cum
3392 4969 3473 5026 lo-

1899 5062 2101 5132 quendi
2128 5061 2349 5116 omnino
2381 5059 2529 5115 nulla
2567 5061 2638 5116 sit
2674 5076 2860 5130 causa,
2911 5063 3006 5119 sed
3049 5063 3194 5134 quod
3237 5064 3477 5135 loquitur

1899 5169 2008 5209 non
2039 5151 2360 5223 intelligunt,
2414 5163 2634 5222 propter
2684 5168 2819 5224 quos
2853 5162 2912 5210 ut
2949 5155 3250 5228 intelligant
3295 5157 3474 5225 loqui-

1900 5244 2058 5298 mur?
2084 5241 2186 5308 Qui
2215 5256 2343 5313 ergo
2373 5241 2550 5308 docet,
2578 5243 2772 5300 vitabit
2811 5247 2995 5301 omnia
3019 5247 3184 5300 verba
3213 5259 3333 5313 quae
3361 5259 3471 5299 non

1902 5334 2113 5388 docent.
2161 5333 2230 5387 Et
2256 5333 2301 5387 si
2331 5347 2430 5402 pro
2469 5335 2554 5389 his
2587 5336 2787 5407 aliqua,
2830 5353 2950 5407 quae
2980 5335 3356 5404 intelliguntur
3383 5335 3472 5389 in-

1903 5431 2056 5497 tegra
2089 5432 2270 5495 potest
2317 5425 2518 5491 dicere,
2558 5428 2610 5482 id
2643 5428 2814 5499 magis
2851 5428 3026 5497 eliget.
3061 5425 3116 5480 Si
3151 5431 3330 5478 autem
3365 5440 3472 5480 non

1903 5522 2102 5587 potest,
2135 5515 2247 5569 sive
2271 5515 2397 5585 quia
2418 5531 2523 5571 non
2556 5526 2698 5582 sunt,
2728 5517 2840 5571 sive
2861 5517 2915 5570 in
2941 5514 3229 5586 praesentia
3256 5527 3363 5567 non
3389 5529 3477 5570 oc-

1903 5613 2148 5670 currunt,
2178 5613 2361 5662 utetur
2408 5607 2571 5661 etiam
2623 5606 2798 5660 verbis
2831 5604 3010 5658 minus
3054 5601 3299 5672 integris,
3345 5601 3472 5655 dum

1903 5711 2083 5755 tamen
2121 5712 2208 5754 res
2255 5698 2372 5768 ipsa
2427 5698 2685 5754 doceatur
2738 5703 2898 5765 atque
2947 5693 3185 5764 discatur
3235 5691 3464 5770 integre,
