1990 3172
244 162 296 192 655

570 160 600 188 B.
621 161 748 189 RABANI
767 160 877 191 MAURI
892 159 1053 189 ARCHIEP.
1072 156 1227 187 MOGUNT.
1246 158 1388 188 OPERUM
1409 158 1499 187 PARS
1516 159 1538 187 l.

1819 161 1876 190 656

243 217 445 253 mexquisitum.
455 218 744 255 quandototum,quod
754 220 898 255 cogitatum
909 224 1031 254 peropus
1042 217 1069 249 Α
1081 217 1132 245 bus
1142 217 1206 252 quid
1216 217 1289 245 aliud
1302 224 1383 252 quam
1398 220 1524 245 senectus
1535 217 1625 245 cordis
1635 217 1800 253 requiritur,
1812 226 1875 248 cum

242 263 286 290 vel
301 262 383 289 etiam
398 262 511 289 verbum
537 263 659 298 iniquum
681 264 773 298 gessit,
800 263 900 291 interni
922 269 1032 291 carcere

242 308 378 344 punietur.
394 306 464 335 Hinc
476 312 518 335 est
530 309 601 343 quod
617 309 645 336 in
657 309 813 345 Evangelio,
828 309 961 345 pertinaci
973 308 1032 343 ipsa

240 354 349 382 Veritas
373 353 437 381 dicit
453 361 460 380 :
476 352 541 380 Esto
571 355 733 382 consentiens
755 355 905 382 adversario
931 359 987 386 tuo,
1000 361 1032 380 ne

242 399 310 435 forte
321 398 487 425 adversarius
504 396 592 424 tradat
613 403 637 425 te
652 398 749 433 judici,
768 403 792 426 et
805 399 891 433 judea:
905 399 992 426 tradat
1007 402 1032 424 te

242 445 372 477 ministro,
397 448 421 471 et
444 443 471 470 in
496 451 625 470 carcerem
649 445 773 471 mittaris.
796 445 878 471 Amen
897 444 955 471 dico
974 443 1030 477 tibi,

242 500 293 518 non
311 492 380 518 exies
395 490 466 522 inde,
478 489 560 517 donec
575 489 668 517 reddas
677 490 845 517 novissimum
858 490 1031 525 quadrantem

243 536 351 571 (Matth.
368 535 405 571 v).
425 534 524 570 Vulgus
539 535 631 570 quippe
651 535 843 569 promiscuum,
858 535 928 570 quod
938 543 1030 561 ascen—

241 582 315 609 derat
328 589 385 608 ram
399 581 446 613 eis,
465 579 595 615 flagrabat
612 580 742 607 desiderio
757 580 877 607 carnium
897 580 988 607 sedens
1006 584 1031 606 et

239 626 429 662 ﬂcns,junctis
452 625 502 652 sibi
524 625 623 660 pariter
648 624 711 660 ﬁliis
729 624 823 656 Israel,
846 630 869 651 et
885 625 921 651 ait
938 630 947 650 :
966 623 1030 657 Quis

240 673 313 699 dabit
328 671 399 698 nobis
426 671 461 697 ad
482 670 637 697 vescendum
658 670 771 697 carnes?
786 669 964 698 Rccordamur
977 670 1031 705 pis-

239 718 318 749 cium,
328 724 392 751 quos
413 715 611 742 comedebamus
630 716 658 742 in
677 715 794 751 Egypto
807 716 899 752 gratis.
914 714 948 742 In
959 724 1031 742 men-

239 768 290 789 tem
305 761 377 788 nobis
402 760 508 788 veniunt
536 769 695 793 cucumeres,
719 769 842 796 pepones,
868 760 989 796 parrique
1006 764 1030 787 et

239 814 307 842 cmpe
329 811 353 833 et
380 805 454 832 allia.
471 804 566 832 Anima
586 809 676 832 nostra
701 805 778 832 arida
800 810 849 837 est,
873 804 937 832 nihil
956 804 1030 832 aliud

239 852 379 887 respiciunt
394 850 463 878 oculi
475 851 565 882 nostri,
579 850 629 877 nisi
641 859 713 883 man,
723 854 775 878 etc.
787 850 867 878 Durae
882 850 1029 878 carnalium

238 902 344 925 mentes
360 905 409 932 per
428 903 549 924 amorem
577 895 666 923 seculi
691 895 769 930 quasi
793 895 916 930 quaedam
939 895 1028 922 mollia

238 955 270 973 ac
283 944 450 972 delectabilia
467 943 540 971 ferre
553 946 655 978 parata:
679 946 752 975 sunt,
769 942 831 969 dum
856 942 884 969 in
910 942 960 970 hac
973 942 1029 969 vita

239 1000 329 1020 rerum
341 991 459 1020 culmina
475 989 676 1026 apprehendere
687 993 830 1017 conantur.
846 988 1028 1016 Cessationem

238 1038 368 1065 Dominus
380 1045 396 1064 a
414 1036 506 1063 mundi
520 1035 660 1063 laboribus
681 1035 806 1070 imperat,
818 1039 919 1062 sancta:
930 1034 1028 1069 quietis

239 1082 406 1110 dulcedinem
425 1081 581 1116 persuadet,
601 1085 628 1107 et
650 1085 738 1108 tamen
756 1088 856 1108 vesana
874 1080 1028 1114 iniquorum

238 1137 314 1156 mens
330 1129 388 1163 plus
403 1136 431 1155 se
443 1127 551 1162 assequi
569 1133 666 1162 aspera
686 1126 833 1153 carnaliter
842 1133 924 1160 quam
937 1129 1028 1152 tenere

238 1175 336 1202 blanda
365 1174 525 1208 spiritaliter
551 1173 667 1208 gaudet;
688 1172 749 1208 plus
772 1172 921 1200 acerbitate
936 1170 1029 1206 fatiga-

239 1221 319 1248 tionis
336 1227 417 1254 qnam
433 1219 532 1254 quietis
547 1218 688 1245 dulcedine
700 1217 821 1253 pascitur
836 1226 843 1244 τ
856 1217 927 1253 quod
935 1222 1028 1252 aperte

239 1265 266 1291 in
285 1264 430 1298 semetipso
447 1263 524 1290 nobis
537 1262 702 1290 lsraeliticus
716 1262 829 1297 populus
843 1262 970 1294 ostendit,
981 1262 1028 1297 qui

238 1309 301 1337 dum
337 1308 511 1337 refectionem
535 1316 640 1335 mannze
664 1307 779 1343 desuper
808 1307 962 1342 acceperit,
994 1307 1028 1334 ab

238 1355 356 1391 zEgypto
371 1354 438 1382 ollas
465 1353 598 1386 carnium,
621 1360 755 1388 pepones,
769 1360 865 1388 porros
886 1360 1028 1387 caepasque

238 1401 402 1437 concupivit.
417 1400 485 1434 Quid
508 1400 581 1428 enim
596 1399 719 1435 signatur
736 1400 763 1427 in
776 1407 873 1427 manna
892 1399 943 1426 nisi
966 1406 1028 1427 esca

238 1447 341 1481 gratim,
358 1453 439 1473 suave
454 1445 572 1480 sapiens,
583 1444 617 1470 ad
630 1443 804 1471 refectionem
818 1443 955 1471 interioris
967 1443 1028 1470 vita:

239 1492 310 1519 bene
322 1484 481 1518 vacantibus
511 1490 626 1524 desuper
649 1488 729 1516 data?
747 1488 779 1515 Et
799 1488 862 1523 quid
888 1495 937 1522 per
960 1487 1027 1514 ollas

238 1536 362 1563 carnium
375 1535 426 1561 nisi
450 1534 569 1561 carnalia
593 1541 686 1568 opera,
702 1534 747 1560 vix
761 1533 966 1560 tribulationum
986 1532 1026 1558 la-

237 1580 349 1606 boribus
366 1578 442 1613 quasi
461 1578 567 1612 ignibus
586 1577 777 1612 exeoquenda?
795 1577 864 1610 Quid
878 1585 926 1612 per
945 1584 1026 1612 pepo-

237 1632 295 1654 nes,
319 1623 370 1651 nisi
385 1628 499 1649 terrenm
514 1622 687 1649 dulcedines?
701 1623 770 1655 Quid
797 1630 847 1657 per
872 1629 970 1656 porros
995 1629 1027 1649 ac

237 1678 326 1705 caepas
346 1668 516 1704 exprimitur,
533 1675 593 1701 qua:
606 1667 776 1702 plerumque,
796 1667 842 1702 qui
870 1667 1026 1700 comedunt,

236 1715 372 1750 lacrymas
392 1712 533 1744 emittunt,
561 1712 613 1739 nisi
634 1711 776 1739 dillicultas
801 1711 942 1747 przesentis
955 1712 1025 1742 vitae,

236 1768 297 1796 quae
312 1768 327 1787 a
341 1758 516 1787 dilectoribus
529 1757 585 1785 suis
601 1762 628 1784 et
640 1764 693 1784 non
716 1756 774 1784 sine
798 1755 870 1784 luctu
884 1756 983 1792 agitur,
1001 1761 1029 1783 et

235 1813 328 1835 tamen
341 1806 403 1834 cum
417 1803 543 1839 lacrymis
556 1802 680 1829 amatur?
691 1801 787 1828 Manna
803 1801 885 1837 igitur
900 1801 1028 1828 deseren-

235 1858 287 1885 tes,
301 1859 361 1880 cum
385 1850 535 1886 pcponibus
560 1856 592 1875 ac
620 1847 747 1875 carnibus
767 1855 863 1883 porros
885 1854 1028 1882 eaq-asque.

235 1898 411 1933 qutesierunt,
432 1895 495 1930 quia
516 1893 641 1920 videlicet
661 1901 795 1927 perversa:
809 1897 915 1919 mentes
937 1892 1027 1919 dulcia

234 1950 284 1979 per
299 1943 414 1978 gratiam
442 1940 542 1976 quietis
562 1939 630 1965 dona
646 1939 808 1973 despiciunt,
824 1942 851 1965 et
874 1945 923 1972 pro
937 1937 1027 1964 carnis

236 1988 421 2022 voluptatibus
435 1987 571 2014 laboriosa
595 1986 674 2020 hujus
686 1985 748 2011 vitm
761 1983 868 2016 itinera,
885 1983 965 2009 etiam
990 1982 1025 2009 la-

237 2032 339 2066 crymis
352 2032 442 2065 plena,
454 2032 657 2066 concupiscunt.
674 2030 857 2057 Contemnunt
870 2028 970 2055 habere
981 2027 1027 2054 ubi

238 2074 416 2109 spiritualiter
430 2075 575 2109 gaudeant,
590 2081 617 2101 et
630 2075 813 2101 desiderantes
826 2077 965 2108 appetunt,
980 2072 1027 2100 ubi

236 2120 384 2147 carnaliter
404 2124 522 2155 gemant.
539 2119 573 2146 Et
597 2120 663 2146 dixit
688 2119 815 2146 Dominus
837 2119 872 2145 ad
899 2117 1026 2152 Moysen:

235 2165 369 2202 Congrega
384 2165 450 2192 mihi
460 2164 624 2200 septuaginta
638 2164 708 2190 viros
722 2163 753 2190 de
767 2162 912 2189 senioribus
930 2161 1025 2195 Israel,

1042 885 1066 915 B

1084 262 1149 290 tales
1159 262 1288 298 iubentur
1310 262 1382 298 eligi,
1406 262 1452 298 qui
1469 269 1549 291 senes
1563 263 1641 291 sunt?
1660 263 1689 291 Si
1705 264 1781 292 enim
1795 272 1878 293 senc-

1083 311 1142 335 ctus
1155 308 1183 334 in
1197 307 1237 334 eis
1253 307 1376 343 corporis
1396 311 1574 342 quaereretur,
1589 315 1605 334 a
1615 308 1700 335 tantis
1713 308 1781 336 sciri
1797 315 1877 344 pote,-

1082 357 1142 380 rant
1151 360 1167 380 a
1178 352 1286 387 quantis
1297 352 1391 380 videri.
1405 352 1474 379 Dum
1487 360 1552 379 vero
1565 352 1673 387 dicitur,
1683 361 1750 389 quos
1765 358 1797 381 tu
1809 347 1878 382 nosti

1081 398 1150 434 quod
1161 406 1234 425 senes
1249 398 1338 434 populi
1352 398 1415 431 sint,
1430 398 1552 433 profecto
1566 398 1650 434 liquet
1664 400 1729 435 quia
1746 406 1878 429 senectus

1081 444 1190 476 mentis,
1207 451 1261 471 non
1274 444 1412 479 corporis,
1432 443 1556 479 eligenda
1582 446 1743 478 nuntiatur.
1762 446 1878 482 Mystioe

1081 495 1172 518 autem
1185 490 1363 519 descendente
1375 491 1402 519 in
1415 491 1486 518 nube
1499 491 1587 518 carnis
1594 491 1825 525 Christo,ditfusa
1836 497 1878 521 est

1080 543 1129 571 per
1145 536 1238 564 orbem
1260 535 1309 573 [vel
1333 535 1424 572 ﬁdem]
1441 535 1559 571 Spiritus
1582 537 1668 565 sancti
1680 538 1773 573 gratia
1796 546 1878 573 super

1080 581 1193 617 populos
1222 585 1250 608 et
1281 581 1451 617 septuaginta
1483 579 1603 617 gentium
1636 582 1737 618 linguis
1755 582 1874 615 electos;

1080 627 1222 662 evenitque
1243 634 1324 662 super
1351 634 1446 654 omnes
1472 627 1571 654 donum
1591 627 1655 655 illud
1683 628 1799 655 virtutis
1822 636 1876 656 ore

1079 672 1168 705 lestis,
1181 672 1252 707 quod
1266 671 1401 708 quondam
1414 672 1466 699 fuit
1480 672 1507 699 in
1522 671 1613 708 Moyse
1623 676 1704 708 alque
1719 674 1874 709 prophetia.

1079 718 1115 745 Et
1143 718 1179 745 ait
1199 717 1325 754 Moyses:
1341 718 1470 745 Sexcenta
1484 717 1568 745 millia
1589 719 1705 753 peditum
1728 719 1815 755 hujus
1826 728 1874 754 po-

1079 763 1135 799 puli
1149 768 1218 795 sunt,
1235 768 1259 790 et
1279 768 1308 791 tu
1327 763 1403 796 dicis,
1419 763 1493 791 Dabo
1504 763 1540 790 eis
1556 772 1627 791 esum
1650 764 1775 791 carnium
1789 773 1876 800 meus;

1079 808 1189 843 integro.
1206 807 1332 843 Nunquid
1347 808 1432 835 ovium
1449 813 1472 834 et
1493 807 1571 835 boum
1586 808 1728 835 multitudo
1745 809 1872 843 sedetur,

1081 858 1108 880 ut
1127 854 1208 889 possit
1221 855 1335 890 suﬁicere
1350 854 1384 880 ad
1397 853 1504 880 cibum?
1524 853 1563 881 vel
1581 861 1670 881 omnes
1688 855 1778 889 pisces
1795 856 1873 884 maris

1080 901 1108 929 in
1122 909 1202 928 unum
1217 900 1454 937 congregabantur,
1468 904 1497 927 ut
1511 908 1555 928 eos
1572 900 1687 928 satiant?
1701 899 1755 927 Cui
1769 909 1874 935 rapo»

1078 946 1115 973 dit
1131 952 1140 972 :
1154 945 1281 981 Nunquid
1299 953 1392 973 manus
1407 945 1514 972 Domini
1525 945 1644 972 invalida
1653 945 1712 972 est?
1729 945 1796 972 lam
1807 954 1873 972 nunc

1078 990 1174 1018 videbis
1190 996 1279 1019 utrum
1300 999 1372 1018 meus
1386 999 1471 1018 sermo
1485 998 1561 1026 opere
1571 990 1745 1025 compleatur.
1759 990 1874 1026 Septua-

1078 1037 1151 1071 ginta
1167 1046 1173 1064 :
1191 1036 1225 1062 Et
1246 1036 1314 1063 dixit
1333 1035 1437 1071 Moyses
1455 1042 1464 1061 :
1482 1034 1611 1064 Sexcenta
1634 1035 1720 1063 millia
1744 1036 1872 1070 peditum,

1077 1083 1105 1109 in
1118 1082 1211 1118 quibus
1221 1090 1279 1109 sum
1299 1082 1327 1110 in
1345 1081 1421 1117 ipsis,
1437 1086 1461 1109 et
1472 1086 1501 1108 tu
1513 1081 1616 1115 dixisti,
1628 1080 1730 1109 Carne:
1742 1082 1812 1108 dabo
1822 1083 1871 1116 eis,

1077 1133 1101 1156 et
1112 1128 1187 1156 edent
1199 1136 1285 1156 mense
1297 1128 1408 1155 dierum.
1424 1126 1552 1162 Nunquid
1563 1135 1621 1154 om
1631 1132 1654 1155 et
1663 1127 1741 1155 bam
1752 1127 1873 1161 occides:

1078 1179 1121 1201 tur
1145 1173 1209 1206 illis,
1235 1179 1258 1200 et
1279 1174 1409 1208 sufﬁciunt
1429 1173 1502 1199 illis?
1521 1174 1574 1200 A‘ut
1597 1173 1684 1200 omnis
1708 1173 1790 1208 piscis
1813 1182 1872 1201 con-

1077 1220 1226 1255 gregabitur
1250 1219 1286 1246 eis
1310 1224 1334 1246 et
1358 1219 1465 1254 sufﬁciet
1491 1218 1547 1250 eis!
1571 1217 1660 1252 Quaeri
1688 1218 1762 1246 solet
1782 1224 1869 1246 utrum

1078 1264 1130 1292 hoc
1149 1264 1253 1300 Moyses
1277 1263 1420 1292 dillidendo
1439 1263 1562 1296 dixisset,
1590 1267 1617 1291 et
1641 1268 1775 1292 nascetur
1801 1271 1870 1299 qna:-

1077 1309 1129 1337 stio
1155 1317 1204 1336 cur
1226 1309 1278 1336 hoc
1305 1309 1329 1336 ei
1350 1316 1404 1336 non
1422 1308 1628 1344 exprobraverit
1658 1309 1812 1340 Dominus,
1836 1309 1869 1336 si-

1078 1358 1123 1382 cut
1149 1354 1322 1389 exprobravit
1341 1354 1412 1389 quod
1433 1354 1465 1381 ad
1487 1358 1593 1389 petram
1614 1354 1687 1381 unde
1701 1362 1776 1390 aqua
1797 1354 1870 1382 ﬂuxit

1077 1398 1185 1426 videtur
1202 1399 1235 1426 de
1264 1403 1396 1434 potestate
1419 1398 1526 1426 Domini
1548 1399 1696 1427 dubitasse.
1725 1398 1757 1427 Si
1782 1405 1868 1428 autem

1078 1444 1227 1472 dixerimus
1250 1445 1301 1472 hoc
1313 1452 1374 1472 eum
1402 1444 1502 1472 dixisse
1526 1445 1671 1480 quaerendo
1688 1446 1804 1473 modutn
1820 1454 1870 1481 quo

1079 1489 1172 1522 ﬁeret,
1200 1490 1259 1525 ipsa
1284 1490 1389 1517 Domini
1417 1490 1557 1526 responsio
1573 1491 1618 1518 ubi
1641 1491 1675 1518 ad
1700 1499 1767 1519 eum
1785 1492 1869 1520 dixit:

1079 1534 1206 1570 Nunquid
1227 1544 1321 1563 manus
1352 1536 1459 1564 Domini
1484 1545 1537 1564 non
1567 1536 1700 1565 sulﬁciet?
1723 1538 1804 1572 quasi
1828 1546 1871 1566 ne—

1081 1580 1237 1615 darguentis
1256 1580 1364 1607 videtur
1382 1580 1454 1614 quod
1478 1580 1523 1607 ille
1543 1581 1596 1608 ista
1617 1589 1672 1608 non
1699 1581 1870 1610 credidisset.

1080 1623 1133 1652 Sed
1156 1625 1253 1652 melius
1277 1626 1394 1652 arbitror
1409 1625 1523 1661 intelligi
1545 1625 1688 1653 Dominum
1704 1626 1744 1654 ita
1763 1634 1873 1661 restan-

1078 1670 1150 1697 disse
1162 1674 1290 1704 tanquam
1303 1670 1412 1698 modum
1429 1670 1514 1698 futuri
1537 1670 1612 1703 facti,
1626 1678 1708 1706 quem
1721 1671 1769 1699 ille
1782 1672 1872 1706 requi-

1079 1714 1167 1748 rebat,
1183 1714 1273 1742 dicere
1295 1714 1426 1747 noluerit,
1443 1715 1489 1742 sed
1503 1715 1594 1750 potius
1605 1722 1687 1750 opere
1712 1716 1773 1750 ipso
1795 1723 1873 1744 suam

1077 1759 1225 1794 potentiam
1244 1758 1441 1786 demonstrare.
1455 1758 1567 1787 Poterat
1582 1759 1653 1787 enim
1672 1763 1699 1787 et
1721 1759 1819 1788 Marhe
1832 1760 1872 1788 di-

1078 1803 1151 1830 centi
1169 1811 1175 1829 z
1193 1802 1330 1835 Quomodo
1342 1803 1385 1837 ﬁet
1397 1803 1467 1829 istud
1480 1803 1604 1838 quoniam
1614 1804 1692 1830 virum
1704 1811 1759 1830 non
1772 1812 1878 1839 cogno-

1077 1856 1120 1874 sco
1132 1847 1207 1883 (Luc.
1218 1847 1260 1882 ιι),
1278 1855 1292 1874 a
1304 1847 1535 1875 calumniantibus
1545 1846 1693 1883 objiciquod
1702 1848 1797 1875 minus
1808 1856 1876 1876 cro-

1077 1892 1185 1923 diderit,
1203 1900 1264 1919 cum
1279 1891 1322 1918 illa
1343 1892 1452 1919 modum
1472 1892 1700 1928 qumsiveritmon
1714 1892 1750 1919 de
1768 1893 1875 1921 virtute

1078 1936 1183 1963 Domini
1198 1936 1369 1963 dubitaverit.
1388 1937 1465 1969 Quod
1479 1941 1570 1964 autem
1584 1944 1744 1972 responsum
1755 1943 1798 1965 est
1810 1937 1848 1964 illi
1861 1947 1870 1965 ι

1079 1983 1194 2018 Spiritus
1207 1986 1314 2009 sanctus
1326 1983 1488 2017 superveniet
1505 1983 1533 2009 in
1550 1988 1585 2015 te,
1599 1988 1623 2009 et
1637 1983 1720 2010 uirtus
1742 1983 1870 2011 Altissinti

1078 2028 1240 2055 obumbrabit
1249 2028 1296 2054 tibi
1304 2027 1410 2064 (Ibid.),
1420 2032 1527 2063 poterat
1536 2028 1702 2063 respondere
1712 2033 1739 2055 ct
1749 2028 1797 2059 sic,
1806 2036 1873 2062 quo-

1079 2075 1159 2103 modo
1172 2075 1226 2102 hic.
1249 2075 1375 2110 Nunquid
1397 2075 1509 2109 Spiritui
1530 2081 1625 2103 sancto
1638 2076 1807 2111 impossibile
1819 2080 1870 2110 est,

1078 2121 1123 2156 qui
1135 2121 1306 2155 superveniet
1321 2121 1347 2146 in
1362 2120 1405 2147 te?
1423 2128 1455 2148 ac
1470 2121 1493 2148 si
1505 2121 1574 2148 idem
1590 2128 1687 2148 sensus
1699 2128 1872 2149 consonare-

1079 2169 1130 2192 tur.
1139 2165 1224 2193 Porro
1237 2170 1327 2193 autem
1338 2166 1402 2193 talia
1414 2167 1537 2201 quaedam
1557 2167 1652 2194 dicens
1660 2167 1819 2199 Zacharias,
1835 2168 1872 2194 in-

235 2221 300 2249 quos
315 2217 343 2239 tu
353 2212 422 2239 nosti
433 2209 502 2246 quod
512 2218 584 2237 senes
595 2217 625 2235 ac
636 2208 755 2243 magistri
765 2208 816 2234 sint
826 2205 914 2242 populi
929 2205 1025 2238 Israel,

1079 2210 1247 2238 credulitatis
1260 2211 1395 2246 arguitur,
1406 2216 1433 2239 et
1445 2212 1665 2247 vocisopprcssa:
1684 2219 1767 2247 pen:
1780 2212 1871 2247 plecti-

235 2266 259 2287 ει
273 2260 351 2286 duces
366 2267 408 2286 eos
423 2258 458 2285 ad
479 2257 574 2284 ostium
589 2253 751 2282 tabernaculi
765 2252 881 2289 foederis,
895 2252 1026 2287 [aciesque

236 2303 273 2330 ibi
287 2308 357 2330 stare
370 2308 465 2330 tecum.
478 2302 513 2329 Et
524 2301 679 2328 descendant
690 2304 714 2326 et
733 2299 826 2335 loquar
843 2298 900 2330 tibi,
915 2302 939 2324 et
951 2297 1026 2332 aufe-

237 2357 295 2376 ram
312 2348 344 2375 de
360 2348 452 2383 spiritu
470 2352 527 2381 tuo,
544 2347 698 2381 tradamque
708 2346 754 2380 eis,
769 2350 797 2372 ut
821 2347 964 2372 sustentem
989 2347 1025 2370 te-

237 2402 296 2421 cum
311 2401 376 2420 onus
395 2393 483 2428 populi
499 2398 522 2420 et
542 2401 593 2420 non
608 2397 635 2418 tu
654 2391 724 2418 solus
746 2391 870 2425 graveris,
885 2393 936 2417 etc.
949 2388 1025 2416 Sicut

235 2439 395 2475 plerumque
404 2436 516 2470 juvenes
527 2437 579 2465 dici
587 2436 683 2467 solent,
693 2436 739 2471 qui
747 2435 818 2462 nulla
825 2434 930 2462 consilii
939 2434 1025 2468 gravi-

236 2488 293 2511 tate
310 2481 506 2517 deprimuntur,
519 2481 556 2508 ita
572 2489 650 2509 senes
662 2490 714 2508 non
730 2489 777 2508 eos
795 2480 934 2515 Scriptura
945 2487 1023 2507 sacra

235 2536 335 2557 vocare
346 2526 497 2558 consuevit,
509 2528 555 2561 qui
565 2527 621 2555 sola
636 2528 787 2562 quantitate
803 2531 963 2561 temporum,
977 2526 1024 2554 sed

236 2580 343 2602 morum
358 2571 551 2609 grandtevitate
565 2573 663 2600 maturi
678 2577 749 2600 sunt.
766 2572 842 2601 Unde
860 2579 910 2607 per
931 2579 1026 2606 quem-

237 2621 300 2647 dam
311 2618 462 2654 sapientem
472 2616 572 2645 dicitur
584 2625 591 2643 :
604 2616 727 2645 Senectus
739 2617 892 2646 venerabilis
903 2626 954 2645 non
967 2618 1026 2645 diu-

237 2670 317 2693 turna
335 2671 418 2701 neque
437 2671 545 2691 numero
561 2671 690 2690 annorum
711 2671 869 2701 computata.
887 2664 953 2692 Cani
966 2670 1026 2692 sunt

238 2716 327 2738 autem
338 2718 430 2738 sensus
444 2709 567 2741 hominis,
583 2713 606 2735 et
620 2715 684 2735 tetas
709 2713 848 2738 senectutis
861 2712 913 2738 vita
931 2712 1023 2738 imma-

237 2756 326 2784 culata
354 2756 427 2793 (Sap.
446 2756 494 2792 tv).
519 2755 587 2783 Hinc
611 2763 675 2791 ergo
696 2761 737 2783 est
760 2759 830 2791 quod
859 2758 893 2785 ad
919 2759 1027 2794 Moysen

239 2803 305 2830 dicit
320 2811 327 2829 :
344 2802 479 2838 Congrega
491 2802 556 2828 mihi
573 2801 737 2836 septuaginta
760 2802 828 2829 uiros
842 2803 874 2829 de
882 2804 1027 2830 senioribus

240 2847 335 2878 Israel,
350 2856 413 2881 quos
429 2853 456 2874 tu
471 2847 538 2873 nosti
553 2846 622 2881 quod
637 2854 708 2872 sones
731 2846 820 2881 populi
838 2853 908 2874 sunt.
930 2848 957 2874 In
969 2848 1029 2882 qui-

1082 2261 1134 2283 tur.
1147 2255 1252 2289 Quare?
1264 2256 1316 2283 nisi
1330 2256 1393 2291 quia
1405 2256 1536 2283 Dominus
1548 2264 1601 2283 non
1613 2256 1646 2284 de
1657 2257 1760 2288 verbis,
1776 2256 1825 2284 sed
1838 2257 1870 2283 de

1080 2299 1335 2335 cordibusjudicat?
1348 2301 1456 2336 Alioqui
1476 2306 1503 2328 ct
1516 2301 1549 2329 ad
1576 2301 1650 2329 illam
1677 2305 1785 2336 petram
1803 2301 1872 2328 unde

1079 2353 1149 2382 aqua
1161 2345 1300 2381 proﬂuxit,
1308 2350 1434 2382 poterant
1447 2346 1572 2374 excusari
1580 2346 1665 2374 verba
1676 2345 1774 2381 Moysi,
1783 2346 1834 2373 nisi
1845 2346 1870 2372 in

1078 2398 1140 2418 eum
1168 2390 1241 2418 clara
1260 2395 1334 2418 esset
1357 2390 1447 2418 divina
1467 2391 1613 2423 sententia,
1633 2390 1707 2426 quod
1726 2389 1870 2418 diuidendo

1079 2435 1143 2462 talia
1155 2435 1264 2462 dixerit.
1280 2434 1348 2461 Nam
1362 2435 1399 2462 ita
1419 2443 1448 2462 se
1472 2442 1503 2462 ea
1527 2435 1610 2462 verba
1633 2434 1757 2462 habent:
1778 2434 1872 2462 Audite

1079 2489 1131 2513 me,
1142 2479 1271 2507 increduli
1284 2487 1293 2506 :
1309 2480 1436 2515 Nunquid
1452 2481 1521 2507 enim
1542 2480 1574 2507 de
1586 2485 1660 2515 petra
1671 2480 1724 2507 ista
1738 2480 1873 2508 educi-tu

1078 2526 1148 2554 vobis
1167 2527 1282 2562 aquam?
1308 2525 1407 2562 (Exod.
1424 2526 1501 2562 xvu.)
1527 2526 1629 2554 Deinde
1653 2525 1780 2562 sequitur
1808 2535 1815 2553 :
1839 2525 1872 2553 Et

1078 2573 1176 2600 elevata
1192 2572 1294 2607 Moyses
1305 2581 1384 2599 manu
1396 2580 1457 2605 sua,
1471 2573 1596 2607 percussit
1609 2577 1710 2607 petram
1722 2572 1761 2599 bis
1774 2576 1800 2599 et
1813 2571 1875 2598 exiit

1078 2628 1148 2655 aqua
1162 2618 1255 2652 multa,
1268 2622 1292 2645 et
1301 2617 1363 2645 bibit
1376 2625 1509 2653 synagoga
1522 2621 1547 2644 et
1557 2625 1652 2652 pecora
1662 2625 1755 2644 eorum
1766 2615 1875 2652 (Ibid).

1081 2665 1181 2700 Utiquc
1195 2665 1228 2692 ad
1248 2665 1299 2692 hoc
1327 2663 1501 2699 congregavit
1525 2663 1665 2698 populum,
1679 2663 1714 2690 ad
1727 2663 1781 2691 hoc
1803 2662 1874 2690 illam

1081 2711 1194 2746 virgam,
1223 2710 1250 2737 in
1280 2717 1332 2743 qua
1357 2713 1434 2735 tanta
1455 2708 1586 2735 miracula
1613 2708 1728 2741 fecerat,
1747 2708 1876 2742 sumpsit,

1081 2763 1167 2790 eaque
1185 2759 1289 2789 petram
1314 2754 1460 2789 percussit,
1474 2758 1555 2789 atque
1577 2753 1641 2781 inde
1663 2754 1751 2781 solita:
1765 2753 1878 2782 virtutis

1076 2797 1123 2829 est
1135 2805 1295 2829 consecutus
1319 2800 1441 2828 ell‘ectus.
1458 2799 1547 2827 Verba
1559 2807 1625 2835 ergo
1638 2799 1683 2827 illa
1698 2800 1801 2835 quibus
1819 2799 1876 2826 ait:

1084 2848 1211 2884 Nunquid
1222 2855 1254 2874 cx
1261 2848 1310 2874 hac
1320 2851 1394 2881 petra
1407 2846 1542 2873 educimus
1550 2845 1620 2873 nobis
1634 2846 1753 2881 aquam?
1762 2849 1878 2881 possent
