3980 6344
44 5604 49 5643 i

224 382 324 447 σω
922 380 1457 446 ENARRATIONES
1493 386 1563 445 IN
1600 384 1788 445 LIBRI

1903 382 2367 449 NUMERORUM.
2407 422 2479 434 —
2515 392 2643 450 LIB.
2680 391 2748 449 ιι.
2970 430 2971 435 κ
3352 358 3467 466 6δέ

221 502 303 561 ,ιο
314 495 488 569 accipi
510 500 766 566 tanquam
780 492 1305 572 dicereturzmmpe
1316 515 1384 557 ex
1404 501 1507 558 hac
1524 510 1678 574 petra
1701 514 1789 555 se-
1817 499 1871 560 Α
1892 500 2037 555 modi
2063 510 2188 558 sunt
2239 502 2459 576 Paulus,
2493 507 2788 563 secundum
2835 508 3000 583 Moysi
3057 513 3288 573 formam
3316 498 3464 581 foras

204 593 457 654 'cundum
477 594 717 647 vestram
740 588 1173 648 incredulitatem
1195 608 1335 665 aqua
1368 594 1526 651 educi
1554 606 1661 651 non
1692 608 1789 664 po-

220 695 343 755 test,
363 693 426 741 ut
443 684 677 755 denique
710 686 1064 757 percutienda
1100 688 1480 743 ostenderetur
1508 686 1629 743 ﬁeri
1650 686 1789 742 divi-

220 776 361 837 nitus
388 778 630 850 potuisse
674 778 820 849 quod
844 777 923 832 illi
951 776 1268 834 inﬁdelitate
1315 795 1423 835 non
1478 780 1787 843 crederent,

219 869 449 928 maxime
503 867 631 938 quia
678 879 787 922 non
839 864 1055 921 dixerat
1100 879 1116 921 :
1155 867 1346 923 Audite
1383 884 1484 936 me,
1510 865 1788 923 increduli.

218 958 293 1018 ita
318 958 536 1031 quidem
561 946 787 1027 intelligi
829 963 1054 1027 possent
1101 956 1219 1012 haec
1266 960 1454 1023 verba,
1486 958 1592 1017 nisi
1623 958 1789 1024 Deus,

222 1051 309 1122 qui
334 1048 519 1105 cordis
536 1048 817 1116 inspector
838 1053 943 1113 est,
968 1060 1075 1115 quo
1098 1045 1281 1101 animo
1306 1047 1450 1105 dicta
1486 1045 1689 1102 fuerint
1713 1047 1795 1101 in-

220 1140 439 1201 dicaret.
470 1140 730 1212 Sequitur
752 1138 897 1196 enim
926 1137 1231 1211 Scriptura,
1265 1149 1321 1195 et
1350 1141 1482 1196 dicit
1508 1159 1523 1195 :
1557 1139 1629 1194 Et
1658 1134 1791 1194 dixit

219 1230 471 1287 Dominus
515 1228 585 1283 ad
614 1226 831 1301 Moysen
858 1237 910 1283 et
942 1230 1121 1284 Aaron
1152 1242 1171 1282 :
1203 1227 1467 1296 Quoniam
1496 1246 1600 1283 non
1623 1226 1792 1285 credi-

218 1322 369 1380 distis
390 1322 520 1377 mihi
547 1320 879 1391 sanctiﬁcare
902 1337 983 1375 me
1016 1322 1072 1376 in
1100 1330 1375 1393 conspectu
1419 1320 1652 1390 ﬁliorum
1700 1316 1788 1399 Is.-

216 1414 348 1483 ruet,
379 1402 585 1489 propter
603 1414 700 1467 hoc
744 1410 849 1467 non
876 1413 1134 1489 inducetis
1165 1428 1257 1468 vos
1288 1408 1625 1483 Sgnagogam
1654 1411 1789 1466 hanc

214 1508 270 1563 in
292 1488 484 1562 terrain
511 1520 669 1577 quam
699 1504 819 1560 dedi
850 1505 951 1559 eis.
970 1505 1049 1560 Ac
1093 1488 1191 1575 per
1217 1500 1323 1560 hoc
1349 1500 1672 1574 intelligitur
1694 1500 1788 1557 illa

213 1596 377 1652 verba
402 1595 477 1650 ita
500 1594 700 1651 dixisse
722 1592 962 1666 Moysen,
988 1602 1248 1664 tauquam
1274 1592 1340 1649 ad
1372 1592 1637 1648 incertum
1666 1606 1790 1662 per.

215 1680 477 1759 iusserit;
531 1688 594 1738 ut
641 1684 689 1739 si
732 1696 842 1739 non
875 1674 1203 1752 sequeretur
1230 1676 1473 1747 eﬂ‘ectus,
1514 1681 1617 1737 hoc
1649 1697 1790 1752 prte-

212 1768 409 1830 dixis'se
438 1774 746 1845 putaretur,
788 1784 914 1828 cum
973 1772 1089 1827 ait:
1125 1770 1382 1843 Nunquid
1427 1788 1492 1826 ea:
1516 1772 1614 1827 hac
1640 1782 1787 1843 petra
1834 1816 1843 1851 Ι

212 1864 480 1919 adurimus
520 1862 661 1917 vobis
689 1862 922 1934 aquam?
966 1856 1121 1929 Quod
1142 1860 1198 1916 in
1228 1860 1410 1916 animo
1437 1861 1554 1931 ejus
1595 1854 1790 1917 lateret
1815 1867 1864 1929 Β
1889 1853 1982 1941 qui
2007 1852 2126 1910 erat
2151 1854 2207 1908 in
2232 1853 2414 1926 Moyse
2435 1854 2724 1911 clarissimi
2750 1860 3028 1929 cujusdam
3054 1861 3276 1941 luminis
3296 1866 3467 1923 fuerit
3576 1896 3577 1899 η

211 1951 427 2008 cumino
469 1951 576 2007 nisi
615 1949 711 2007 Dei
754 1946 1022 2007 sententia
1068 1950 1410 2022 proderetur.
1436 1948 1481 2005 Ε
1508 1950 1786 2007 contrario

211 2042 390 2112 itaque
424 2042 537 2097 isto
556 2036 676 2096 loco
704 2038 963 2097 debemus
990 2039 1291 2111 intelligere
1316 2038 1483 2095 verba
1520 2039 1689 2112 Moysi
1716 2040 1784 2096 de

208 2130 491 2204 promissis
512 2130 790 2196 carnibus,
823 2130 1118 2201 quaerentis
1149 2126 1330 2201 potius
1376 2132 1645 2200 quomodo
1684 2128 1784 2187 tle-

210 2229 308 2288 ret,
344 2234 513 2291 quam
574 2214 864 2276 diffidentis
912 2219 1080 2276 fuisse
1130 2218 1346 2291 quando
1386 2218 1652 2275 sententia
1680 2218 1786 2276 Do-

206 2311 329 2367 mini
361 2324 475 2365 non
501 2316 686 2367 secuta
715 2316 802 2366 est
825 2318 947 2381 quae
972 2308 1296 2376 vindicaret,
1332 2309 1429 2365 sed
1454 2310 1635 2379 potius
1662 2324 1784 2380 qua:

208 2399 445 2456 deceret.
1369 2424 1379 2434 -

234 2498 239 2509 ‘
812 2486 1041 2546 CAPUT
1076 2488 1191 2545 VII.

254 2581 351 2637 'De
375 2578 708 2652 septuaginta
730 2581 1226 2704 seniori-igslglectis
1252 2581 1324 2636 ad
1350 2582 1711 2654 magisterium

997 2667 1033 2704 u
1078 2689 1094 2704 .

892 2666 1094 2721 papam.

266 2763 461 2838 casm.)
497 2760 648 2821 Venit
674 2780 797 2837 ergo
832 2762 1058 2835 Moyses,
1087 2772 1135 2820 et
1160 2764 1396 2821 narrauit
1414 2765 1606 2837 populo
1630 2767 1784 2821 verba

198 2854 443 2921 Durnini,
488 2868 811 2927 congregem
850 2854 1183 2927 septuaginta
1211 2856 1349 2910 uiros
1385 2852 1451 2909 de
1491 2853 1783 2910 senioribus

200 2945 397 3014 Israel,
411 2962 541 3018 quos
561 2956 705 3001 stare
727 2944 853 3014 fecit
868 2946 1012 2999 circa
1036 2944 1453 3000 tabernaculum.
1477 2940 1785 2998 Descendit-

198 3050 295 3110 συθ
321 3034 588 3092 Dominus
623 3051 719 3107 per
745 3034 956 3101 nubem,
997 3043 1048 3090 et
1085 3033 1291 3089 locutus
1311 3043 1387 3090 est
1424 3033 1495 3089 ad
1517 3048 1656 3100 eum,
1683 3048 1783 3087 au-

199 3124 370 3195 ferens
393 3126 462 3179 de
484 3124 693 3196 Spiritu
732 3124 824 3195 qui
851 3130 965 3180 erat
1001 3124 1059 3179 in
1097 3122 1309 3194 Moyse,
1346 3130 1401 3177 et
1422 3121 1557 3178 dans
1577 3131 1789 3193 septua-

1891 591 2097 659 exiens,
2130 595 2196 648 ad
2214 594 2468 664 populum
2498 595 2753 666 loquitur.
2791 597 2900 654 Sed
2935 600 3210 662 videamus
3232 616 3289 663 et
3315 609 3463 669 aliud

1891 683 2200 750 capitulum,
2228 684 2281 738 in
2303 700 2410 755 quo
2431 687 2667 743 refertur
2695 690 2837 760 quod
2867 696 3209 767 septuaginta
3239 699 3465 772 elegerit

1888 772 2037 831 viros
2079 772 2292 847 Moyses
2310 791 2373 831 ex
2399 778 2705 836 senioribus
2743 781 2931 849 lsrael,
2963 793 3020 839 et
3060 785 3315 845 habuerit
3364 807 3462 849 eos

1891 871 2016 921 ante
2036 866 2438 922 tabernaculum
2461 870 2750 926 testimonii
2774 874 2911 929 etde
2946 872 3150 946 Spiritu
3182 877 3466 950 Moysitac-

1878 954 2094 1026 'cipiens
2120 954 2286 1023 Deus,
2302 957 2510 1013 dederit
2537 962 2873 1033 septuaginta
2896 965 3222 1022 senioribus.
3246 968 3314 1025 Et
3333 970 3461 1027 dum

1882 1043 2263 1114 'requievisset,
2286 1047 2477 1117 inquit,
2512 1062 2676 1119 super
2704 1066 2798 1105 eos
2818 1050 3075 1123 Spiritus,
3099 1058 3461 1127 prophetavc-

1887 1140 2018 1189 runt
2065 1151 2272 1190 omnes.
2294 1136 2448 1203 Quod
2476 1138 2614 1193 dixit
2633 1140 2758 1210 quia
2801 1156 3081 1201 assumens
3129 1146 3195 1203 de
3250 1146 3459 1219 Spiritu

1884 1221 2077 1293 Moysi,
2101 1222 2248 1279 dedit
2265 1226 2604 1295 septuaginta
2629 1228 2951 1295 senioribus,
2976 1232 3222 1303 spiritum
3246 1252 3352 1293 non
3380 1237 3458 1297 ita

1889 1312 2153 1384 intelligas
2198 1314 2353 1384 quasi
2395 1316 2733 1372 materialcm
2757 1318 2995 1389 aliquam
3037 1337 3463 1399 corporeamque

1888 1402 2244 1458 substantiam
2301 1403 2553 1465 auferens
2583 1406 2727 1462 Deus
2749 1422 2779 1461 a
2808 1406 3007 1481 Moyse,
3042 1410 3097 1465 in
3123 1417 3463 1487 septuaginta

1888 1493 2122 1549 secuerit
2135 1493 2417 1563 portiones
2437 1500 2491 1549 et
2508 1495 2584 1550 ita
2604 1497 2894 1567 unicuique
2917 1501 3191 1557 seniorum
3211 1504 3463 1583 euiguam

1884 1582 2208 1657 particulam
2234 1583 2462 1639 dederit.
2493 1585 2723 1655 impium
2758 1597 2842 1643 est
2870 1591 2947 1645 ita
2975 1578 3275 1665 intelligere
3304 1578 3462 1653 natu-

1888 1689 2006 1729 ram
2035 1673 2270 1745 Spiritus
2294 1676 2488 1730 sancti.
2534 1675 2641 1730 Sed
2664 1677 2768 1733 hoc
2797 1681 2959 1735 modo
2993 1682 3225 1753 ﬁguram
3246 1687 3465 1761 mystici

1886 1760 2049 1837 hujus
2099 1765 2368 1821 sermonis
2411 1764 2674 1822 adverte:
2707 1771 2863 1839 quasi
2906 1770 3117 1843 Moyses
3138 1782 3193 1829 et
3230 1760 3466 1846 Spiritus

1886 1940 2127 2013 lucerna,
2159 1954 2225 1999 ex
2245 1959 2351 2013 qua
2379 1946 2718 2016 septuaginta
2745 1944 2878 2001 alias
2933 1947 3182 2006 lucernas
3206 1953 3469 2011 accende-

1884 2028 1958 2086 rit
1979 2028 2155 2097 Deus;
2186 2032 2252 2087 ad
2281 2046 2417 2103 quas
2444 2034 2516 2088 ita
2536 2033 2849 2106 principalis
2874 2036 3017 2094 illius
3040 2038 3258 2096 luminis
3284 2022 3468 2114 splen;

1882 2119 1983 2177 dor
2009 2122 2310 2189 advenerit,
2332 2132 2393 2178 ut
2418 2125 2571 2196 origo
2593 2126 2761 2197 ipsius
2781 2126 3000 2184 luminis
3029 2131 3163 2186 nihil
3185 2133 3367 2190 damni
3392 2150 3463 2193 ex

1881 2213 2210 2269 commercio
2231 2214 2582 2271 derivationis
2627 2218 2924 2288 acceperit.
2965 2219 3033 2275 Et
3054 2221 3157 2278 hoc
3187 2224 3348 2280 modo
3371 2225 3466 2296 pie

1880 2300 2200 2374 intelligitur
2223 2304 2367 2373 quod
2388 2306 2650 2377 scriptum
2675 2317 2779 2376 est,
2806 2311 2932 2380 quia
2959 2313 3466 2377 abstulitDominus

1882 2392 1950 2448 de
1976 2391 2180 2463 Spiritu
2221 2392 2407 2467 Moysi,
2441 2404 2499 2452 et
2546 2398 2696 2455 dedit
2743 2405 3089 2475 septuaginta
3131 2388 3462 2467 senioribus.

1883 2480 1992 2540 Sed
2017 2486 2297 2542 videamus
2319 2487 2451 2557 quid
2487 2496 2574 2545 est
2596 2492 2739 2562 quod
2788 2492 2843 2548 in
2886 2497 3365 2567 consequentibus.
3394 2498 3467 2555 Et

1882 2576 2170 2646 requievit,
2224 2577 2419 2647 inquit,
2457 2595 2620 2651 super
2653 2597 2747 2638 eos
2791 2582 3046 2654 Spiritus,
3086 2595 3141 2642 et
3172 2590 3464 2663 prqpheta—

1881 2673 2079 2721 verunt
2111 2682 2321 2722 omnes.
2347 2667 2712 2738 Requiescere
2735 2670 3000 2743 Spiritum
3028 2691 3135 2730 non
3162 2677 3217 2733 in
3238 2678 3466 2747 quibus-

1883 2770 2095 2826 cunque
2118 2756 2429 2815 hominibus
2452 2760 2707 2830 legimus,
2740 2763 2834 2818 sed
2860 2764 2916 2819 in
2944 2765 3123 2821 beatis
3151 2774 3209 2822 et
3233 2748 3459 2824 sanctis.

1884 2843 2197 2915 Requiescit
2232 2850 2375 2905 enim
2410 2848 2646 2921 Spiritus
2680 2848 2777 2907 Dei
2805 2852 2860 2908 in
2896 2854 2983 2910 his
3008 2856 3101 2925 qui
3121 2857 3308 2913 mundi
3333 2868 3461 2914 sunt

1883 2935 2066 3002 corde,
2096 2945 2152 2992 et
2174 2936 2229 2992 in
2262 2938 2347 2994 his
2393 2939 2484 3009 qui
2528 2941 2863 2997 mortiﬁcant
2899 2944 3111 3001 animas
3140 2961 3267 3001 suas
3286 2962 3319 3001 a
3340 2962 3466 3020 pec-

1884 3035 2024 3082 cato.
2059 3024 2212 3082 Sicut
2237 3041 2269 3084 e
2295 3030 2572 3086 contrario
2624 3029 2713 3088 ille
2750 3032 2843 3103 qui
2879 3032 3091 3090 habitat
3136 3035 3193 3091 in
3234 3051 3464 3108 corpore

1885 3115 2099 3172 subdito
2125 3118 2383 3188 peccatis,
2413 3121 2625 3176 etiamsi
2657 3121 2928 3179 habitabit
2958 3122 3255 3195 aliquando
3290 3126 3347 3182 in
3369 3141 3467 3193 eo,

197 3214 341 3287 ginta
364 3216 520 3272 viris.
555 3213 790 3286 Cumque
826 3214 1157 3286 requieuisset
1194 3215 1250 3269 in
1281 3215 1357 3270 eis
1383 3213 1631 3286 Spiritus,
1661 3229 1785 3286 pro-
1810 3210 1859 3277 ο
1887 3223 1996 3265 non
2023 3210 2168 3265 enim
2185 3212 2367 3282 potest
2385 3211 2620 3285 Spiritus
2659 3216 2881 3273 sanctus
2903 3218 3236 3274 consortium
3262 3218 3471 3277 habere

195 3306 568 3378 phetmrunt,
600 3321 695 3362 nec
720 3303 864 3360 ultra
908 3314 1258 3360 moverunt.
1290 3302 1358 3359 Et
1385 3302 1535 3369 exiit,
1588 3302 1781 3374 inquit,

198 3395 418 3470 onses
462 3397 530 3452 ad
584 3395 863 3468 populum,
884 3405 941 3452 et
978 3394 1192 3459 locutus
1247 3402 1334 3450 est
1378 3394 1548 3450 verba
1594 3394 1782 3450 Domi-

196 3487 269 3544 ni.
308 3488 505 3545 Donec
548 3485 715 3542 verba
758 3486 857 3541 Dei
904 3485 1056 3541 audit
1097 3484 1308 3555 Moyses
1343 3494 1402 3542 et
1440 3485 1509 3541 ab
1543 3485 1663 3556 ipso
1693 3484 1787 3541 do-

197 3584 371 3647 cetur,
406 3579 556 3634 intus
587 3585 673 3633 est
712 3585 769 3632 et
802 3577 860 3632 in
900 3576 1254 3633 interioribus
1301 3577 1573 3647 consistit,
1622 3586 1786 3648 atque

194 3664 250 3723 lu
307 3667 547 3725 secretis
600 3665 854 3722 habetur.
935 3664 1043 3723 Ubi
1098 3679 1231 3721 vero
1296 3666 1472 3722 turbis
1544 3667 1788 3745 loquitur

192 3762 247 3813 et
299 3757 509 3828 populo
558 3756 854 3822 ministrat,
889 3754 941 3811 ei
997 3754 1090 3826 qui
1143 3755 1293 3811 intus
1325 3770 1434 3812 non
1467 3761 1648 3828 potest
1675 3765 1788 3811 sta-

190 3858 271 3914 re,
302 3847 467 3902 exire
505 3844 705 3900 dicitur
749 3843 916 3901 foras.
948 3838 1091 3913 Quid
1144 3860 1276 3916 ergo
1329 3845 1519 3903 formae
1563 3854 1620 3903 et
1662 3845 1788 3903 talis

188 3934 446 3992 continet
497 3945 701 3997 sermo,
754 3930 863 3988 nisi
901 3934 1047 4004 quod
1096 3935 1275 3989 omnis
1328 3935 1517 3991 doctor
1571 3943 1627 3991 et
1673 3951 1789 3991 ma-

190 4027 368 4102 gister
392 4022 679 4093 Ecclesiae,
704 4024 752 4081 si
790 4025 858 4081 de
900 4023 1345 4095 profundioribus
1386 4027 1661 4099 mysteriis
1686 4027 1807 4082 ali--

192 4118 324 4191 quid
354 4113 620 4183 moveat,
649 4115 697 4171 si
747 4130 1009 4172 arcanum
1052 4116 1183 4187 quid
1223 4118 1560 4175 reconditum
1601 4121 1667 4177 de
1692 4120 1788 4176 Dei

194 4205 467 4279 sapientia
488 4203 737 4274 proferat
759 4204 905 4260 inter
922 4204 1215 4276 perfectos,
1239 4207 1413 4263 donec
1430 4208 1484 4262 in
1503 4207 1787 4278 profundis

196 4295 453 4354 sensibus
473 4300 745 4362 versatur,
773 4293 925 4351 intus
967 4306 1089 4351 esse
1112 4303 1168 4350 et
1191 4296 1246 4351 in
1272 4296 1624 4354 interioribus
1657 4313 1788 4357 cou-

197 4389 391 4445 sistere
417 4386 679 4445 dicendus
708 4391 811 4443 est.
837 4385 975 4443 Cum
1010 4402 1142 4445 vero
1166 4402 1297 4460 ergo
1323 4388 1564 4459 loquitur
1583 4388 1649 4445 ad
1670 4398 1783 4448 tur-

197 4478 314 4545 bas,
336 4486 399 4535 et
424 4490 492 4533 ea
514 4475 725 4548 profert
752 4488 873 4548 quae
909 4474 1183 4533 suillciunt
1209 4476 1298 4535 his
1328 4479 1423 4550 qui
1466 4476 1599 4536 foris
1626 4489 1776 4547 sunt,

1883 3302 2093 3371 peccati
2117 3308 2173 3356 et
2202 3303 2518 3359 societatem
2540 3304 2766 3377 spiritus
2786 3305 2935 3362 mali.
2965 3306 3189 3363 Certum
3205 3317 3289 3364 est
3313 3308 3466 3365 enim

1881 3391 2092 3460 peccati
2118 3399 2361 3464 tempore
2397 3394 2587 3451 adesse
2612 3395 2668 3451 in
2700 3396 2863 3453 corde
2900 3397 3329 3470 uniuscujusque
3353 3396 3471 3472 spi—

1884 3479 2050 3536 ritum
2087 3482 2309 3549 malum,
2340 3492 2396 3540 et
2424 3500 2586 3555 agere
2605 3494 2792 3555 partes
2819 3501 2968 3541 suas.
3000 3486 3098 3542 Cui
3126 3487 3314 3560 utique
3344 3506 3472 3556 cum

1884 3570 2035 3627 locus
2084 3571 2262 3638 datur,
2317 3582 2372 3628 et
2420 3575 2680 3645 recipitur
2709 3591 2742 3630 a
2770 3578 2931 3633 nobis
2967 3593 3066 3649 per
3111 3580 3473 3651 cogitationes

1886 3662 2078 3727 malas,
2105 3670 2162 3717 et
2186 3678 2285 3733 per
2310 3666 2776 3733 concupiscentias
2798 3668 3067 3738 pessimas
3092 3654 3481 3743 contristatus;

1886 3761 1943 3808 et
1963 3758 2023 3806 ut
2049 3751 2126 3809 ita
2156 3750 2333 3807 dicam
2357 3760 2768 3825 coangustatus,
2805 3754 3023 3829 fugatur
3048 3759 3114 3815 de
3138 3761 3295 3818 nobis
3348 3744 3479 3833 Spi-E

1887 3842 2024 3899 ritus
2049 3850 2289 3900 sanctus.
2305 3842 2535 3914 Propter
2561 3845 2704 3917 quod
2727 3855 2783 3904 et
2810 3848 3124 3919 Apostolus,
3149 3842 3330 3912 sciens
3351 3832 3481 3913 me

1886 3934 1962 3990 ita
1989 3935 2256 4001 accidere,
2288 3937 2546 3994 mouebat
2574 3939 2759 3996 dicens
2782 3959 2795 3995 :
2815 3940 2994 3998 Nolite
3023 3947 3476 4015 contristareSpi-

1886 4024 2046 4078 ritum
2075 4034 2332 4107 sanctum,
2354 4026 2411 4081 in
2434 4043 2538 4098 quo
2561 4029 2889 4100 signatiestis
2916 4033 2970 4086 in
2991 4033 3076 4088 die
3100 4036 3468 4107 redemptionis

1887 4110 2103 4185 (Ephes.
2140 4112 2235 4186 tv).
2272 4114 2443 4187 igitur
2466 4128 2757 4187 peccantes
2783 4122 3169 4193 contristamus
3197 4122 3471 4197 Spiritum.

1887 4211 2132 4259 sanctum
2153 4222 2167 4271 ;
2185 4204 2331 4272 juste
2349 4221 2479 4262 vero
2497 4216 2717 4280 agentes
2737 4219 2790 4265 et
2803 4212 3008 4276 sancte,
3032 4215 3275 4287 requiem
3296 4217 3348 4273 ei
3364 4233 3469 4293 ρας

1886 4307 2071 4350 ramus
2088 4294 2158 4349 Ain
2188 4297 2365 4352 nobis.
2399 4296 2556 4354 Unde
2606 4309 2662 4356 et
2703 4303 2847 4372 quod
2887 4320 3031 4361 nunc
3056 4307 3133 4363 ait
3154 4308 3218 4361 de
3250 4316 3489 4378 septua-_

1886 4383 2034 4479 ginta
2062 4387 2418 4479 presbyteris,
2441 4389 2569 4460 quia
2591 4392 2859 4467 requievit
2882 4393 2935 4447 in
2961 4394 3039 4450 eis
3070 4394 3326 4464 Spiritus,
3353 4397 3491 4479 lau-‘

1886 4476 2010 4534 dem
2041 4478 2168 4534 vita:
2195 4495 2386 4535 eorum
2412 4491 2466 4536 et
2484 4482 2719 4539 virtutes
2743 4485 3016 4556 exposuit.

197 4572 251 4623 et
273 4582 395 4640 qua,
440 4573 621 4638 potest
667 4566 863 4640 vulgus
885 4564 1073 4624 audire
1092 4609 1110 4636 ,
1135 4564 1284 4624 foras
1311 4568 1532 4637 dicitur,
1558 4577 1614 4626 et
1634 4570 1784 4642 loqui
1807 4551 1864 4613 Ι)
1958 4564 2199 4636 Denique
2227 4569 2355 4639 quia
2383 4584 2484 4639 pro
2510 4570 2747 4640 puritate
2774 4550 2955 4628 cordis
2983 4587 3173 4630 eorum
3212 4585 3270 4633 et
3296 4550 3491 4637 since—-i

198 4650 263 4714 ad
285 4656 554 4732 populum
604 4657 775 4713 verba
814 4656 1051 4713 Domini.
1083 4654 1200 4715 Hoc
1251 4660 1409 4717 video
1453 4669 1509 4717 et
1556 4658 1784 4720 Paulum

198 4746 392 4807 fe‘cisse
412 4758 479 4806 et
504 4750 651 4808 intus
674 4748 892 4822 quidem
931 4750 1100 4808 ﬁxisse
1126 4765 1250 4808 cum
1279 4751 1522 4808 diceret:
1559 4752 1783 4826 Sapien-

200 4840 329 4897 tiam
347 4850 531 4897 autem
558 4840 824 4915 loquimur
848 4841 985 4898 inter
1010 4838 1268 4917 perfectos
1297 4855 1316 4896 :
1343 4843 1659 4914 sapientiam
1689 4862 1788 4900 au-

202 4939 300 4987 tem
326 4946 443 4988 non
469 4933 630 5004 hujus
658 4931 867 4999 mundi,
905 4944 1024 5004 qute
1051 4932 1365 4999 destruetur,
1402 4930 1494 4988 sed
1522 4930 1788 5005 loquimur

204 5016 297 5076 Dei
358 5019 682 5094 sapientiam
733 5021 791 5075 in
860 5020 1107 5091 mysterio
1179 5020 1541 5077 absconditam
1566 5063 1581 5089 ,
1628 5040 1789 5095 quam

207 5124 353 5169 nemo
402 5112 707 5185 principum
749 5110 912 5182 hujus
953 5109 1140 5167 mundi
1185 5111 1423 5182 cognouit
1449 5110 1502 5187 (I
1528 5110 1651 5169 Cor.
1698 5113 1787 5186 tt).

207 5196 367 5261 Vides
403 5203 678 5277 quomodo
704 5203 856 5259 intus
884 5210 970 5259 est
1018 5209 1076 5258 et
1119 5200 1335 5257 interna
1371 5210 1537 5272 atque
1588 5218 1790 5260 arcana

209 5293 402 5353 divina
428 5296 709 5371 sapientiae
731 5301 981 5369 penetrat
990 5293 1211 5362 Paulus,
1234 5306 1357 5351 cum
1378 5294 1495 5351 haec
1515 5294 1793 5366 loquitur?

207 5382 343 5445 Cum
387 5394 574 5446 autem
601 5388 844 5461 procedit
888 5388 958 5444 ad
984 5384 1262 5462 populum,
1292 5386 1419 5443 audi
1457 5387 1587 5459 quid
1617 5389 1792 5461 loqui-

211 5486 299 5537 tur
336 5496 353 5537 :
386 5480 572 5539 Omnis
592 5497 761 5539 sermo
789 5480 963 5537 malus
990 5496 1095 5535 non
1114 5479 1363 5551 procedat
1390 5480 1455 5534 de
1480 5497 1570 5536 ore
1595 5492 1785 5537 vestro.

213 5568 317 5641 Qui
369 5575 672 5647 furabatur,
721 5576 840 5647 jam
886 5592 991 5630 non
1044 5572 1251 5645 furetur
1280 5568 1498 5646 (Ephes.
1550 5576 1647 5647 tv).
1675 5576 1784 5630 Et:

216 5663 580 5741 Unusquisque
602 5669 685 5724 vir
702 5683 917 5722 uxorem
942 5664 1150 5730 habent,
1179 5672 1228 5718 et
1256 5680 1580 5739 umqquue
1604 5667 1792 5723 mulier

214 5759 384 5816 uirum
410 5775 565 5817 suum
589 5759 777 5815 habeat
805 5756 857 5825 (1
884 5755 1008 5814 Cor.
1036 5757 1155 5828 vu).
1182 5754 1307 5811 Hmc
1330 5763 1384 5812 et
1409 5758 1454 5813 si
1482 5774 1589 5831 qua
1608 5760 1791 5832 hujus-

1890 4658 2053 4713 ritatc
2079 4659 2294 4725 mentis,
2320 4666 2486 4731 atque
2519 4660 2889 4733 intelligentiae
2919 4666 3216 4734 capacitate
3258 4672 3491 4741 requie—,

1890 4746 1971 4800 vit
2012 4745 2249 4816 Spiritus
2283 4756 2522 4815 sanctus,
2557 4751 2814 4808 continuo
2863 4760 2917 4809 et
2954 4765 3210 4825 operatur
3252 4758 3306 4813 iu
3350 4761 3473 4827 eis;

1890 4852 1993 4895 nec
2019 4838 2192 4894 otium
2235 4838 2456 4910 patitur,
2485 4840 2576 4896 ubi
2614 4842 2872 4912 operandi
2902 4848 3129 4903 materia
3156 4849 3317 4922 digna
3347 4838 3493 4929 8119-:

1890 4927 2117 4999 peditat.
2158 4928 2248 4984 Ait
2269 4929 2411 4985 enim
2439 4928 2715 5003 Scriptura
2745 4952 2758 4987 ι
2793 4930 2861 4987 Et
2892 4938 3136 5007 requievit
3168 4940 3223 4993 in
3250 4939 3324 4994 eis
3348 4939 3477 5011 Spi-

1895 5019 2026 5074 ritus
2059 5028 2111 5075 et
2141 5021 2593 5093 praphetaverunt.
2638 5023 2696 5078 In
2744 5025 2993 5085 omnibus
3036 5044 3167 5103 ergo
3204 5031 3296 5104 qui
3340 5047 3468 5103 pro-

1892 5114 2256 5184 phetaveruut
2302 5115 2567 5185 requievit
2599 5114 2832 5189 Spiritus
2861 5129 3105 5187 sanctus,
3150 5137 3251 5179 nec
3285 5131 3473 5181 uuuen

1894 5203 1949 5259 in
1976 5204 2158 5276 aliquo
2186 5205 2428 5276 ipsorum
2456 5207 2531 5262 ita
2559 5210 2843 5281 requievit.
2890 5213 3030 5269 sicut
3072 5213 3126 5267 in
3165 5208 3469 5268 Salvatorc.

1890 5293 2121 5366 Propter
2158 5297 2302 5367 quod
2344 5304 2399 5351 et
2448 5298 2705 5369 scriptum
2754 5311 2836 5357 est
2884 5304 2951 5358 de
2991 5317 3056 5357 eo
3088 5298 3266 5368 :Quia
3315 5304 3477 5357 exivit

1891 5389 2039 5458 uirga
2066 5384 2131 5441 de
2158 5387 2333 5441 radice
2368 5385 2535 5453 Iesse,
2571 5400 2619 5446 et
2649 5392 2746 5461 ﬂos
2771 5393 2834 5447 de
2865 5390 3041 5444 radice
3068 5388 3181 5456 eius
3206 5389 3475 5455 ascendit,

1892 5489 1943 5536 et
1966 5478 2211 5548 requievit
2239 5495 2393 5551 super
2412 5496 2530 5534 eum
2559 5478 2785 5552 Spiritus
2815 5480 2930 5545 Dei,
2959 5478 3171 5547 spiritus
3200 5478 3475 5548 sapientia:

1892 5581 1942 5627 et
1960 5568 2270 5633 intellectus,
2301 5570 2514 5639 spiritus
2542 5570 2746 5624 consilii
2780 5577 2827 5622 et
2859 5566 3205 5636 fortitudinis,
3249 5567 3468 5637 spiritus

1892 5662 2122 5719 scientia:
2145 5672 2195 5716 et
2215 5662 2443 5733 pietatis.
2471 5672 2518 5715 et
2549 5661 2753 5715 repleuit
2770 5674 2885 5711 eum
2899 5656 3112 5728 spiritus
3134 5659 3336 5711 (tutoris
3366 5656 3473 5714 Da-

1894 5752 2302 5829 mini.(1sa.x1).
2320 5752 2424 5808 Sed
2435 5752 2668 5808 fortasse
2682 5750 2872 5820 aliquis
2895 5749 3055 5805 dicit:
3072 5748 3215 5805 Nihil
3237 5749 3469 5820 amplius
3494 5732 3501 5747 ’
