3892 6346
482 389 587 446 659

1119 389 1179 443 Β.
1223 380 1474 446 ΒΑΒΑΝΙ
1514 386 1738 448 MAUM
1771 388 2054 448 ARCHIEE

2156 390 2434 450 [OGUN'L
2477 393 2763 454 OPERUM
2797 392 2975 450 PARS
3014 394 3052 448 Ι.

480 497 763 556 ostendisti
792 497 859 556 de
895 494 1113 552 Christo
1138 495 1401 565 scriptum
1432 511 1597 564 quam
1631 496 1854 570 reliquis
1880 498 2053 552 homi-
2078 505 2129 566 Α
2155 503 2214 557 in
2239 505 2589 573 sequentibus
2605 521 2732 563 vero
2755 515 3010 576 tanquam
3031 522 3130 576 pro
3158 507 3312 578 culpa
3337 507 3583 565 ablatum
3609 526 3643 566 a
3671 527 3728 571 Ie

481 591 661 649 nibus.
688 588 840 646 Sicut
870 587 1014 643 enim
1049 589 1116 642 de
1147 586 1358 642 caeteris
1388 587 1644 658 scriptum
1675 595 1776 652 est,
1807 589 1932 660 quia
1964 603 2050 644 re-

481 682 686 755 quievit
722 694 884 752 super
909 693 1003 735 eos
1029 677 1284 748 Spiritus,
1325 678 1404 733 ita
1438 679 1503 733 de
1534 678 1812 741 Salvatore
1849 680 2053 736 dictum

481 782 604 838 est,
681 771 924 843 requievit
986 786 1141 841 super
1191 783 1308 824 eum
1354 769 1583 841 Spiritus
1645 771 1876 828 Domini.
1946 772 2052 832 Sed

481 861 604 918 vide
658 862 784 932 quia
833 875 994 930 supra
1051 858 1255 915 nullum
1317 861 1484 916 alium
1544 861 1778 932 Spiritus
1822 861 1917 916 Dei
1973 874 2056 918 re»

481 952 752 1021 quievisse
781 950 1115 1023 septemplici
1151 952 1353 1006 virtute
1390 952 1730 1008 describitur.
1779 951 1885 1008 Per
1909 953 2054 1024 quod

483 1041 602 1096 sine
630 1040 793 1095 dubio
836 1040 949 1110 ipsa
989 1039 1080 1096 illa
1105 1040 1272 1096 divini
1313 1040 1550 1112 Spiritus
1589 1041 1910 1112 substantia;
1935 1056 2056 1114 quas

483 1133 611 1202 quia
637 1149 744 1190 uno
768 1134 987 1188 nomine
1018 1149 1124 1189 non
1166 1143 1380 1204 poterat
1413 1136 1543 1202 dici,
1576 1136 1804 1194 diversis
1825 1138 2056 1196 vocabu-

481 1221 551 1278 lis
581 1222 919 1296 explanatur,
965 1225 1306 1294 requiescere
1343 1242 1505 1297 super
1549 1229 1778 1299 virgam,
1825 1245 1946 1300 quae
1990 1231 2056 1286 de

485 1311 653 1383 stirpe
677 1312 826 1370 Jesse
857 1317 1194 1386 procederet,
1225 1320 1600 1391 prophetatur.
1622 1319 1807 1376 Habeo
1831 1330 1887 1376 et
1910 1322 2057 1377 aliud

483 1403 876 1472 testimonium,
922 1420 1030 1474 quo
1059 1405 1253 1463 docere
1280 1409 1481 1478 possim
1522 1409 1578 1464 in
1619 1409 1845 1465 Domino
1880 1411 2058 1470 salva—

483 1501 627 1560 tore,
659 1495 712 1549 in
762 1510 827 1550 eo
855 1493 1116 1568 Spiritum
1163 1481 1411 1555 saucium
1454 1500 1653 1556 eximio
1689 1503 1920 1571 quodam
1966 1516 2058 1572 ge—

483 1599 633 1650 nere,
664 1594 720 1639 et
744 1584 900 1654 longe
927 1587 1087 1643 aliter
1107 1591 1442 1660 requievisse
1479 1607 1638 1662 quam
1677 1592 1846 1648 fertur
1880 1593 1933 1648 in
1957 1607 2058 1650 cae-

485 1676 635 1731 teris.
688 1675 829 1732 Dicit
855 1675 1088 1736 Joannes
1133 1681 1372 1753 Baptista
1420 1683 1488 1738 de
1525 1697 1591 1739 eo
1622 1700 1636 1740 :
1671 1683 1774 1750 Qui
1800 1685 2058 1762 _misitme

485 1765 747 1835 baptizare
771 1768 825 1820 in
848 1785 1010 1840 aqua,
1029 1769 1118 1825 ille
1140 1771 1268 1826 mihi
1304 1772 1437 1828 dixit
1465 1786 1484 1825 .-
1505 1771 1672 1844 Super
1695 1761 1846 1843 quem
1867 1761 2056 1829 uideris

2150 610 2346 651 munus
2375 597 2610 665 reposcit
2642 606 2698 654 et
2723 597 2853 655 dicit
2885 613 2898 651 :
2925 596 3104 652 Redde
3146 599 3277 652 mihi
3306 600 3550 655 lctitiam
3583 606 3724 659 satis

2151 690 2279 742 laris
2314 689 2392 741 tui
2415 705 2432 742 :
2454 696 2503 742 et
2525 689 2710 758 spiritu
2733 688 3009 757 principali
3051 689 3305 758 conﬁrma
3349 706 3432 744 me
3475 692 3666 763 (Ibid.
3690 695 3724 765 ).

2152 775 2292 842 Quid
2328 791 2458 832 vero
2481 777 2646 832 etiam
2676 778 2745 834 de
2768 777 3058 834 Salomone
3077 793 3502 836 commemorem
3519 824 3536 848 ,
3566 799 3724 853 quem

2152 882 2314 926 nemo
2340 868 2528 940 utique
2551 869 2839 934 dicet,°aut
2865 870 2983 926 sine
3005 869 3213 939 Spiritu
3236 880 3429 928 sancto
3455 873 3725 942 iudicasse

2146 957 2381 1030 judicia;
2402 959 2486 1014 vel
2510 960 2765 1028 templum
2786 958 3018 1017 Domino
3039 962 3444 1027 eonstruxisse;
3489 972 3586 1018 aut
3613 979 3720 1019 rut.

2153 1062 2246 1106 sus
2298 1051 2355 1104 in
2402 1059 2592 1106 sancto
2634 1048 2838 1119 Spiritu
2882 1048 3215 1108 daemonibus
3264 1053 3468 1122 templa
3510 1053 3721 1120 fecisse,

2153 1148 2250 1194 aut
2273 1140 2452 1210 impiis
2481 1140 2800 1196 mulieribus
2824 1139 3038 1197 ﬂexisse
3065 1143 3236 1198 latera
3265 1157 3387 1198 sua.
3427 1143 3612 1199 Etia
3643 1146 3722 1201 ilb

2153 1231 2437 1300 propheta,
2473 1232 2566 1301 qui
2609 1232 2664 1286 in
2707 1233 2868 1289 tertio
2914 1247 3203 1303 regnorum
3251 1233 3392 1289 libro
3437 1234 3496 1288 in
3544 1235 3721 1292 Betis!

2155 1319 2472 1376 mittebatur
2511 1336 2542 1375 a
2585 1321 2836 1385 Domino,
2880 1323 2935 1379 in
2965 1322 3173 1392 Spiritu
3208 1324 3397 1393 utique
3427 1324 3528 1378 Dei
3565 1327 3718 1380 verba

2154 1411 2367 1468 locutus
2390 1420 2501 1478 est;
2531 1426 2640 1468 non
2667 1423 2848 1470 tamen
2879 1414 2932 1471 in
2965 1412 3170 1484 Spiritu
3199 1415 3295 1470 Dei
3337 1416 3718 1485 pravaricauts

2157 1516 2277 1557 esse
2305 1509 2630 1572 prateeptum
2670 1501 2882 1558 Domini
2918 1503 3218 1560 credendus
3245 1511 3352 1570 est,
3398 1519 3508 1573 quo
3547 1504 3722 1572 juss-

2157 1586 2334 1646 l‘uerat
2383 1605 2492 1645 non
2538 1590 2866 1649 manducare
2907 1606 3102 1660 panem
3152 1594 3207 1648 in
3247 1593 3436 1650 Bothe]
3463 1609 3482 1648 :
3510 1606 3723 1664 propter

2157 1680 2301 1748 quod
2327 1687 2433 1735 eta
2459 1679 2614 1735 leone
2638 1680 2923 1750 perimitur
2949 1681 3079 1754 (ΙΙΙ
3107 1682 3234 1751 Reg.
3278 1686 3436 1755 xm).
3481 1685 3586 1742 Sed
3610 1689 3720 1742 len-

2159 1785 2284 1840 gum
2310 1778 2393 1825 est
2419 1771 2502 1825 ire
2528 1785 2625 1839 per
2659 1771 2918 1842 singulos.
2961 1771 3074 1842 Ego
3101 1782 3286 1830 autem
3329 1774 3462 1830 licet
3500 1792 3604 1832 non
3633 1793 3719 1833 us-

485 1857 744 1928 Spiritum
779 1860 878 1916 Dei
916 1862 1306 1919 descendentem
1343 1874 1392 1922 et
1430 1877 1722 1922 manentem
1744 1869 1800 1922 in
1827 1885 1908 1931 eo,
1951 1869 2054 1937 ipse

2159 1873 2482 1929 quequaque
2526 1861 2892 1930 pronuntiem,
2943 1871 3072 1934 puto
3118 1873 3300 1920 tamen
3342 1866 3490 1934 quod
3519 1867 3571 1921 in
3593 1882 3718 1921 uos-

484 1955 559 2000 est
591 1947 789 2017 (Joan.
825 1949 907 2022 ι).
955 1950 1013 2007 Si
1060 1953 1288 2010 dixisset
1333 1955 1587 2026 Spiritum
1642 1959 2056 2025 descendentem,

482 2044 537 2089 et
583 2054 690 2092 non
732 2039 1068 2107 addidisset,
1116 2052 1162 2098 et
1203 2056 1494 2101 manentem
1527 2048 1581 2102 in
1615 2065 1709 2116 eo,
1736 2051 1870 2105 nihil
1913 2066 2055 2120 pra:-

486 2127 701 2198 cipuum
757 2145 789 2182 a
847 2133 1056 2188 caeteris
1126 2133 1330 2190 habere
1388 2137 1678 2194 videretur.
1745 2139 1899 2196 Nunc
1965 2157 2060 2196 au-

482 2222 591 2272 tem
618 2218 820 2276 addidit
842 2231 890 2276 et
933 2235 1226 2281 manentem
1256 2229 1312 2282 in
1336 2245 1416 2295 eo,
1457 2237 1515 2284 ut
1537 2238 1682 2286 esset
1705 2230 1808 2287 hoc
1834 2232 1974 2301 signi
2004 2233 2058 2286 in

484 2307 785 2380 Salvatore,
817 2302 960 2382 quod
1003 2316 1059 2370 in
1084 2317 1248 2386 nullo
1278 2319 1385 2374 alio
1408 2322 1581 2390 possit
1605 2323 1837 2378 ostendi.
1872 2324 2060 2379 Denuo

483 2399 629 2455 enim
659 2403 922 2474 scriptum
962 2413 1047 2459 est
1067 2407 1191 2476 quia
1219 2410 1479 2464 manserit
1502 2412 1556 2465 in
1588 2427 1654 2467 eo
1681 2412 1912 2482 Spiritus
1934 2429 2058 2468 san-

484 2497 622 2544 ctus.
647 2489 714 2548 Et
740 2507 807 2547 ne
832 2495 952 2562 quis
975 2504 1127 2564 putet
1148 2513 1234 2552 me
1260 2498 1312 2553 in
1339 2499 1444 2557 hoc
1471 2502 1735 2573 derogare
1755 2506 2057 2574 prophetis,

485 2577 664 2663 sciunt
706 2579 828 2650 ipsi,
877 2584 1004 2652 quia
1051 2601 1158 2641 non
1195 2587 1327 2658 ipsis
1376 2591 1594 2662 derogo,
1642 2594 1934 2663 praeferens
1977 2597 2060 2651 eis

485 2657 776 2724 Dominum
823 2687 1001 2732 meum
1037 2673 1219 2732 Jesum
1267 2657 1873 2740 Christum.iiecolunt
1911 2686 2058 2740 enim

484 2757 676 2832 singuli
709 2761 850 2818 dicta
886 2778 1004 2831 sua,
1043 2774 1099 2824 et
1142 2767 1440 2838 inveniunt,
1472 2772 1614 2840 quod
1655 2774 1721 2830 de
1765 2774 1910 2829 nullo
1953 2775 2060 2830 alio

485 2849 686 2932 dictum
715 2861 816 2922 est,
842 2854 968 2926 quia
993 2867 1262 2926 peccatum
1291 2875 1395 2914 non
1425 2861 1576 2931 fecit,
1603 2880 1694 2918 nec
1721 2865 1955 2921 intentus
1981 2871 2058 2921 est

484 2939 636 2996 dolus
661 2941 715 2995 in
753 2959 840 2997 ore
865 2944 978 3016 ejus
1013 2944 1147 3017 (Isa.
1174 2948 1316 3019 Lm).
1352 2949 1484 3020 Quia
1508 2953 1653 3010 enim
1685 2951 1833 3009 solus
1852 2964 1938 3011 est
1965 2957 2059 3026 qui

482 3036 762 3098 peccatum
805 3047 912 3087 non
935 3031 1083 3100 fecit,
1129 3035 1333 3094 idcirco
1360 3038 1414 3092 in
1444 3039 1557 3109 ipso
1600 3040 1715 3096 solo
1747 3044 1964 3110 mansit,
2004 3053 2062 3099 et

482 3121 781 3186 permansit
811 3119 1045 3191 Spiritus
1075 3135 1313 3182 sanctus.
1355 3126 1413 3183 Si
1441 3131 1584 3185 enim
1610 3131 1726 3202 ipse
1747 3141 1831 3189 est
1855 3136 1921 3190 de
1949 3149 2059 3205 quo

2155 1951 2316 2008 nullis
2371 1952 2535 2006 etiam
2589 1955 2966 2011 communibus
3016 1955 3294 2011 hominum
3345 1959 3554 2025 gestis,
3601 1973 3714 2028 qua:

2156 2042 2401 2112 quamvis
2428 2051 2652 2110 peccato
2680 2058 2788 2100 non
2812 2054 3066 2109 careant,
3095 2059 3204 2101 non
3242 2054 3430 2101 tamen
3462 2048 3614 2120 digna
3639 2049 3716 2103 vi-

2156 2132 2405 2198 deantur,
2435 2134 2630 2202 quibus
2657 2135 2918 2192 interesse
2946 2134 3210 2204 Spiritum
3238 2147 3487 2194 sanctum
3527 2139 3714 2195 dixeri-

2157 2238 2277 2278 mus
2303 2241 2314 2276 :
2346 2230 2407 2278 ut
2434 2224 2584 2279 verbi
2615 2225 2811 2294 gratia,
2845 2226 3111 2282 connubia
3137 2227 3376 2299 legitima
3399 2238 3576 2285 carent
3601 2230 3717 2299 qi-

2158 2313 2280 2368 dem
2309 2321 2550 2382 peccato,
2579 2328 2649 2370 ne
2689 2323 2871 2372 tamen
2898 2317 3127 2386 tempori
3157 2317 3256 2383 illi,
3286 2333 3392 2386 quo
3417 2318 3718 2391 coniugales

2157 2409 2310 2454 actus
2353 2411 2633 2472 geruntur,
2677 2406 2964 2472 praesentia
3011 2405 3246 2475 Spiritus
3282 2409 3454 2462 sancti
3492 2409 3725 2474 dabitur,

2157 2491 2320 2545 etiam
2347 2492 2394 2544 si
2438 2494 2704 2561 propheta
2733 2508 2854 2550 esse
2880 2495 3149 2561 videatur,
3185 2497 3277 2566 qui
3300 2496 3476 2552 oﬂicio
3503 2514 3712 2568 genera-

2158 2584 2321 2639 tionis
2361 2583 2694 2653 obsequitur.
2747 2585 2856 2643 Sed
2885 2586 2991 2642 alia
3033 2587 3189 2657 plura
3236 2596 3384 2656 sunt,
3434 2591 3492 2644 in
3536 2591 3713 2661 quibus

2159 2672 2270 2728 sola
2300 2674 2400 2729 sibi
2441 2674 2638 2730 sullicit
2675 2676 2756 2731 vis
2795 2677 3050 2744 humana,
3095 2687 3152 2735 et
3186 2694 3362 2749 neque
3393 2696 3484 2737 res
3512 2683 3713 2753 indiget,

2158 2777 2334 2834 neque
2358 2764 2514 2820 decet
2537 2766 2726 2823 adesse
2749 2769 3095 2836 praemium
3117 2771 3292 2826 sancti
3321 2769 3585 2842 Spiritus.
3623 2773 3717 2830 Sed

2159 2856 2215 2912 in
2242 2856 2359 2914 haec
2399 2872 2496 2928 per
2534 2873 2819 2916 excessum
2867 2864 3155 2931 quemdam
3203 2866 3560 2932 incurrimus,
3605 2867 3718 2922 dum

2159 2949 2445 3004 ostendere
2467 2947 2735 3015 volumus,
2766 2965 2927 3020 super
2951 2952 3124 3007 solum
3144 2954 3439 3012 Dominum
3465 2967 3522 3014 et
3551 2957 3720 3013 Salvo

2160 3046 2334 3094 torem
2356 3055 2534 3100 meum
2562 3040 2766 3108 lesum,
2792 3045 3058 3100 mansisse
3086 3044 3349 3116 Spiritum
3381 3049 3516 3133 Dei;
3543 3052 3596 3106 in
3623 3065 3718 3106 cie-

2159 3128 2292 3186 teris
2311 3139 2493 3185 autem
2515 3133 2764 3190 omnibus
2791 3135 3012 3199 sanctis,
3043 3136 3187 3192 sicut
3205 3146 3260 3192 et
3288 3139 3344 3192 in
3387 3128 3720 3210 Septuaginta

483 3205 755 3298 singulare
791 3209 989 3280 aliquid
1023 3221 1077 3268 et
1117 3215 1376 3272 eximium
1403 3200 1638 3286 dicitur,
1658 3221 1761 3277 hoc
1790 3223 1933 3293 quod
1965 3200 2056 3281 Qu-
2085 3200 2132 3265 C
2162 3219 2490 3283 senioribus,
2518 3237 2549 3277 a
2571 3222 2766 3291 quibus
2785 3225 2936 3280 verbi
2959 3225 3120 3296 hiqua
3140 3229 3409 3298 processit
3433 3200 3718 3295 eaordium,

485 3287 584 3362 pra
610 3295 861 3365 diximus,
890 3297 1017 3369 quia
1056 3312 1339 3372 peccatum
1379 3323 1488 3363 non
1517 3307 1664 3375 fecit,
1695 3287 1907 3370 constat
1933 3315 2060 3372 reli-

487 3389 623 3453 Quos
653 3399 840 3442 omnes
874 3386 1040 3447 fuisse
1065 3392 1165 3448 sub
1205 3403 1449 3464 peccato.
1482 3395 1542 3454 Si
1568 3414 1772 3465 omnes,
1808 3418 2057 3461 necessa-

485 3471 568 3527 rio
598 3479 653 3529 et
679 3476 990 3548 prophetas.
1034 3478 1103 3538 Et
1125 3484 1393 3553 quomodo
1431 3489 1701 3556 convenit,
1733 3498 1792 3545 ut
1820 3499 2058 3564 tempore

487 3565 696 3650 peccati
724 3567 989 3626 mansisse
1024 3570 1076 3626 in
1107 3573 1186 3630 eis
1221 3573 1465 3632 dicamus
1486 3575 1748 3650 Spiritum
1775 3584 2057 3640 sanctum?

482 3651 592 3708 Aut
619 3655 664 3709 si
692 3653 786 3712 tibi
817 3655 1130 3718 incredibile
1170 3663 1416 3722 videatur
1440 3668 1732 3742 prophetas
1765 3680 2056 3744 postquam

484 3755 804 3822 acceperant
854 3747 1111 3821 Spiritum
1171 3765 1440 3825 sanctum,
1501 3761 1739 3830 potuisse
1802 3779 2054 3832 peccare,

481 3833 655 3891 πῶυο
683 3836 753 3892 ad
780 3836 956 3910 ipsum
987 3839 1205 3916 Moysen
1235 3861 1399 3917 quem
1425 3848 1686 3908 habemus
1723 3851 1779 3908 in
1807 3854 2056 3915 manibus

483 3933 838 3997 revertamur,
889 3932 980 4002 qui
1017 3932 1204 4009 utique
1252 3937 1521 3996 maximus
1567 3949 1672 4010 est,
1721 3949 1778 3998 et
1825 3945 2055 4004 eximius

480 4017 887 4085 prophetarum.
925 4019 1045 4096 Ipse
1091 4023 1351 4085 describit
1384 4036 1440 4088 et
1476 4031 1844 4088 tesumonium
1869 4035 1962 4092 dat
1987 4036 2055 4094 de

479 4107 792 4186 semetipso,
847 4112 974 4182 quia
999 4120 1308 4190 peccaverit
1349 4117 1406 4178 in
1449 4135 1515 4178 eo
1557 4123 1700 4194 quod
1738 4125 1874 4180 dixit
1905 4127 2053 4182 :Au—

479 4195 586 4250 dite
613 4197 716 4276 me,
738 4198 998 4254 increduli
1019 4217 1038 4254 :
1064 4202 1316 4276 Nunquid
1337 4209 1402 4264 de
1420 4219 1568 4280 petra
1589 4213 1692 4266 ista
1714 4215 2053 4283 producimus

479 4285 620 4341 vobis
654 4289 884 4359 aquam?
909 4287 1109 4361 (Exod.
1146 4297 1310 4368 xvu.)
1341 4297 1399 4354 In
1435 4300 1523 4357 his
1568 4304 1714 4358 enim
1757 4305 1916 4362 dictis
1946 4323 2052 4365 non

479 4374 838 4434 sanctiﬁcavit
884 4377 1171 4440 Dominum
1204 4383 1259 4440 in
1309 4400 1449 4458 aqua
1481 4390 1950 4459 contradictionis,
1997 4396 2052 4452 id

477 4473 584 4534 est,
609 4478 719 4524 non
749 4476 833 4526 est
869 4469 1108 4528 conﬁsus
1152 4473 1210 4529 in
1252 4474 1448 4536 virtute
1473 4476 1591 4544 Dei,
1614 4489 1671 4536 et
1697 4481 1832 4537 dixit
1869 4501 1880 4539 :
1914 4483 2049 4551 Quia

474 4566 668 4628 potens
695 4567 776 4615 est
801 4559 944 4617 Deus
971 4561 1037 4618 de
1070 4571 1224 4636 petra
1264 4566 1368 4622 ista
1391 4568 1477 4624 vel
1504 4567 1607 4624 hac
1641 4571 1873 4629 educere
1893 4544 2047 4631 vobis
2072 4544 2128 4605 D

479 4659 706 4714 aquam;
747 4650 840 4704 sed
885 4653 1039 4724 quasi
1077 4669 1144 4710 ex
1181 4653 1489 4714 diliideutia:
1519 4657 1798 4731 cujusdam
1842 4663 2048 4735 fragili-

479 4745 591 4792 tate
611 4741 890 4808 respondit
909 4742 1095 4800 dicens
1128 4761 1144 4799 :
1179 4745 1430 4818 Nunquid
1463 4753 1763 4822 poterimus
1791 4755 1944 4810 vobis
1981 4755 2050 4812 de

475 4834 632 4898 petra
654 4826 758 4881 hac
777 4829 1006 4887 educere
1031 4835 1260 4903 aquam?
1283 4836 1418 4906 Quia
1452 4853 1582 4910 ergo
1602 4851 1883 4912 peccatum
1911 4845 1962 4898 ei
1990 4845 2046 4900 in

476 5095 572 5162 sit,
600 5096 695 5152 sed
723 5096 792 5153 de
815 5097 1008 5167 spiritu
1039 5105 1270 5170 peccati.
1308 5105 1461 5174 Quod
1485 5109 1531 5163 si
1561 5107 1856 5180 Scriptura:
1895 5116 2048 5171 testi-

477 5187 660 5244 monio
696 5195 878 5249 tantus
913 5192 1174 5262 propheta
1203 5195 1410 5269 Moyses
1435 5203 1739 5258 ostenditur
1761 5203 2047 5275 aliquando

474 5278 729 5338 habuisse
749 5278 1009 5353 Spiritum
1030 5283 1148 5348 Dei,
1171 5285 1455 5356 aliquando
1478 5306 1608 5347 vero
1631 5307 1740 5348 non
1767 5293 2042 5360 habuisse,

473 5373 684 5443 peccati
713 5373 919 5431 scilicet
948 5382 1206 5447 tempore,
1242 5388 1452 5434 certum
1485 5391 1569 5437 est
1591 5386 1718 5452 quia
1745 5393 1803 5439 et
1825 5385 1892 5439 de
1916 5385 2046 5440 reli-

473 5465 596 5534 quis
620 5465 896 5537 prophetis
919 5466 1110 5523 similis
1138 5466 1310 5523 iorma
1336 5473 1562 5528 tenenda
1583 5472 1671 5528 sit.
1702 5473 1840 5540 Quid
1862 5484 2045 5530 autem

473 5553 540 5609 de
560 5554 728 5612 David
760 5557 935 5613 dicam
955 5597 971 5625 ,
1000 5558 1093 5628 qui
1133 5556 1338 5628 Spiritu
1381 5569 1565 5617 sancto
1594 5571 1849 5633 tanquam
1875 5566 2049 5635 possit

475 5645 698 5714 auferri,
727 5657 848 5704 orat
883 5664 951 5706 ne
975 5650 1253 5707 auferatur
1276 5661 1331 5706 et
1361 5653 1490 5707 dicit
1518 5671 1530 5707 :
1562 5653 1645 5707 Ne
1683 5657 1934 5723 projicias
1963 5673 2043 5711 me

469 5749 511 5792 α
527 5735 662 5808 [acie
680 5747 792 5809 tua,
806 5753 852 5797 et
870 5743 1107 5831 spiritum
1130 5756 1274 5800 (mnu
1306 5763 1368 5801 ne
1388 5744 1600 5814 auferas
1629 5765 1660 5801 α
1676 5763 1753 5802 me
1775 5750 1793 5821 (
1805 5748 1942 5804 Psnl.
1966 5753 2039 5822 1.).

2160 3309 2490 3378 requievisse
2535 3309 2797 3380 Spiritum
2830 3313 2926 3369 Dei
2956 3323 3190 3382 tantum,
3221 3326 3277 3372 et
3303 3328 3588 3387 operatus
3616 3334 3722 3373 esse

2158 3397 2547 3468 interpretatur
2571 3415 2634 3455 ea
2661 3415 2780 3472 qua:
2805 3403 3164 3472 expediebant
3191 3405 3276 3460 his
3315 3422 3418 3477 per
3440 3422 3576 3478 quos
3599 3422 3716 3478 ope-

2159 3489 2404 3558 rabatur,
2426 3500 2481 3550 et
2505 3500 2567 3547 ut
2590 3493 2722 3550 utile
2754 3503 2873 3550 erat
2896 3495 2980 3551 his
3011 3495 3208 3565 quibus
3235 3499 3638 3556 ministrabant.

2229 3579 2611 3640 Romanaeth
2657 3583 2714 3636 in
2761 3586 2948 3640 castris
2989 3595 3166 3640 autem
3205 3587 3310 3640 duo
3350 3588 3476 3652 uiri,
3510 3605 3728 3657 quorum

2158 3690 2295 3730 unus
2322 3676 2603 3730 uocabatur
2623 3675 2821 3742 Eldad,
2847 3687 2897 3732 et
2917 3677 3050 3732 alter
3071 3678 3278 3742 Medad,
3306 3694 3465 3748 super
3485 3695 3620 3749 qua
3645 3696 3729 3734 re-

2155 3769 2346 3837 quievit
2372 3767 2622 3836 Spiritus.
2648 3768 2790 3822 Nam
2812 3777 2863 3823 et
2885 3771 2988 3839 ipsi
3025 3770 3256 3838 descripti
3273 3769 3485 3837 fuerant
3526 3778 3582 3826 et
3621 3787 3726 3825 non

2155 3858 2394 3912 exierunt
2415 3858 2485 3912 ad
2513 3858 2928 3914 tabernaculum.
2960 3858 3080 3914 Non
3103 3860 3172 3915 ob
3188 3867 3570 3930 contemptum
3598 3875 3722 3930 prat-

2155 3949 2300 4018 cepti
2326 3947 2560 4014 Domini,
2582 3950 2678 4006 sed
2713 3946 2885 4022 magis
2914 3951 2984 4007 ob
3015 3953 3354 4009 devotionem
3379 3952 3713 4014 humilitatis.

2155 4039 2212 4095 in
2238 4041 2433 4100 castris
2475 4041 2532 4098 hi
2575 4042 2682 4098 duo
2707 4043 2809 4097 viri
2845 4053 3248 4112 remanserunt,
3297 4046 3459 4116 quasi
3487 4043 3715 4114 indignos

2154 4132 2476 4200 semetipsos
2509 4131 2814 4202 iudicantes
2838 4136 2907 4192 ad
2931 4137 3338 4205 perceptionem
3365 4136 3506 4191 tanti
3541 4148 3716 4190 mune-

2156 4219 2251 4278 ris.
2281 4219 2348 4276 Et
2390 4220 2511 4278 ideo
2542 4222 2815 4290 inspector
2857 4223 3099 4278 cordium
3140 4224 3336 4296 dignos
3359 4222 3716 4292 eosjudieavit

2153 4311 2327 4380 gratia
2357 4311 2592 4382 Spiritus
2612 4314 2696 4368 sui
2720 4331 2734 4368 :
2762 4329 2992 4385 quorum
3015 4323 3130 4370 tota
3151 4315 3385 4372 intentio
3408 4313 3713 4372 humilitatis

2152 4401 2354 4456 virtute
2381 4403 2640 4458 adornata
2661 4403 2780 4460 fuit.

2224 4485 2455 4560 Cumque
2480 4492 2844 4561 prophetarent
2886 4493 2944 4546 in
2981 4494 3202 4560 castris,
3252 4494 3493 4554 cucurrit
3531 4501 3713 4564 ραις-α

2153 4579 2410 4633 nuntiavit
2447 4578 2619 4650 Moysi
2654 4581 2831 4636 dicens
2855 4598 2874 4636 :
2899 4580 3076 4636 Eidad
3102 4592 3153 4636 et
3193 4581 3391 4638 Πράαό
3421 4583 3714 4653 prophetat

2153 4669 2210 4723 in
2249 4669 2453 4722 castris.
2489 4667 2680 4724 Statim
2709 4668 2891 4735 Iosue,
2921 4671 3064 4739 ﬁlius
3101 4671 3253 4738 Nun,
3289 4673 3534 4727 minister
3560 4671 3714 4741 Hogsi

2154 4767 2203 4812 et
2229 4758 2418 4813 electus
2443 4759 2508 4812 de
2531 4758 2787 4828 pluribus,
2817 4761 2890 4815 ait
2917 4777 2937 4815 :
2971 4760 3191 4817 Domine
3217 4763 3310 4828 mi,
3339 4761 3574 4834 Rogus,
3603 4775 3713 4830 pro-

2153 4852 2270 4907 hibe
2317 4871 2422 4907 eos.
2471 4852 2696 4907 Atille:
2729 4853 2893 4920 Quid,
2941 4854 3130 4924 inquit,
3181 4853 3452 4910 cmularis
3488 4870 3586 4925 pro
3610 4853 3716 4908 me!

2154 4940 2284 5006 Quis
2309 4941 2526 5006 tribuat,
2572 4951 2628 4995 ut
2671 4944 2839 4998 omnis
2865 4943 3091 5014 populus
3138 4945 3426 5014 prophetes,
3451 4951 3506 4999 et
3541 4944 3626 5000 det
3651 4944 3714 4997 eis

2146 5030 2401 5086 Dominus
2433 5030 2684 5101 Spiritum
2715 5035 2910 5089 suum?
2950 5033 3046 5090 Pia
3071 5044 3353 5105 pastorum
3381 5051 3564 5103 mens,
3599 5033 3714 5104 quia

2146 5135 2254 5178 non
2275 5123 2547 5191 propriam
2591 5125 2837 5194 gloriam,
2867 5126 2962 5181 sed
2997 5127 3237 5183 auctoris
3262 5127 3489 5196 quaerit;
3524 5127 3592 5187 ab
3613 5139 3716 5181 out-

2146 5210 2306 5266 nibus
2324 5213 2438 5266 vult
2459 5212 2700 5281 adjuvari
2726 5215 2868 5283 quod
2889 5215 3020 5286 agit.
3044 5214 3246 5272 Fidelis
3267 5231 3510 5288 namque
3533 5215 3715 5288 pral-

2147 5305 2303 5354 cator
2325 5308 2476 5371 optat
2502 5302 2549 5354 si
2576 5301 2692 5356 fieri
2720 5301 2927 5368 valeat,
2957 5311 3021 5359 ut
3047 5304 3355 5370 veritatem,
3382 5320 3552 5375 quam
3577 5303 3722 5360 soils

2146 5385 2291 5458 loqui
2321 5405 2428 5444 non
2457 5389 2670 5456 sufﬁcit,
2695 5404 2788 5445 ora
2811 5399 3125 5447 «rectorum
3155 5402 3369 5449 sonent.
3398 5393 3556 5451 Unde
3596 5406 3710 5449 cum

2142 5473 2303 5532 Josue
2333 5479 2536 5534 duobus
2560 5479 2612 5532 in
2641 5480 2835 5535 castris
2862 5482 3275 5538 remanentibus-
3296 5491 3465 5553 atque
3489 5484 3713 5554 plmbe-

2146 5570 2383 5624 tantibus
2432 5570 2592 5624 vellet
2641 5571 2940 5639 obsistere,
2990 5573 3040 5628 ei
3078 5587 3176 5644 per
3217 5571 3442 5646 Moysen
3470 5573 3713 5630 dicitur:

2146 5661 2284 5725 Quid
2306 5659 2567 5714 (emutatis
2591 5679 2683 5731 pro
2709 5665 2828 5718 me?
2861 5663 2992 5730 Quis
3033 5666 3252 5732 tribuat,
3276 5677 3332 5721 ut
3360 5670 3533 5723 omnis
3558 5684 3717 5739 popl-

2142 5755 2222 5807 Ius
2263 5752 2548 5821 prophetat,
2588 5764 2636 5808 et
2679 5756 2762 5810 det
2801 5758 2875 5812 eis
2919 5757 3174 5814 Dominus
3217 5756 3474 5830 Spiritum
3497 5751 3716 5819 ἐκιιιιι
