3892 6346
495 345 600 401 66⁸5

1161 344 1221 396 Β.
1259 341 1514 400 MBAN!
1552 341 1769 399 MAUltl
1807 339 2128 398 ARCHIEP.
2171 340 2480 402 MOGUNT.
2522 342 2805 400 OPERUM
2842 343 3042 400 PARS.
3083 343 3129 401 1.

3631 350 3735 409 664

494 459 859 531 derogandum
909 473 1019 515 non
1069 461 1241 515 solum
1298 461 1526 524 sanctis,
1584 459 1677 514 sed
1732 456 2058 526 quibuslibet
2083 455 2313 514 Adomo
2342 474 2454 513 mea
2491 458 2660 526 ﬁdelis
2697 468 2789 512 est.
2843 455 2948 510 Ore
2977 458 3046 511 ad
3086 475 3141 513 os
3183 457 3372 528 loquar
3399 461 3470 514 ad
3513 475 3656 529 eum,
3683 467 3734 520 in
3789 504 3791 506 -

491 550 750 620 proximis
779 549 934 615 meis,
962 550 1152 605 videns
1177 559 1377 619 quanta
1400 564 1467 603 ex
1493 550 1594 604 hac
1619 548 1915 617 indignatio
1950 548 2062 603 fue—

490 642 562 697 rit
583 641 698 709 Dei,
720 651 918 712 quanta
947 641 1182 696 vindicta
1204 642 1545 712 processerit.
1581 641 1840 710 Denique,
1871 641 2063 695 adver-

490 748 611 787 sum
648 743 926 802 peccatum
975 733 1122 788 istud
1164 732 1328 787 simili
1379 733 1744 804 indignatione
1794 734 1959 788 etiam
2003 733 2060 788 in

487 824 712 896 psalmis
737 824 949 879 Domini
991 824 1319 880 commoveri
1359 825 1604 878 videmus
1626 831 1681 878 et
1705 823 1886 879 dicere
1919 843 1930 876 :
1962 822 2058 878 Se-

488 915 614 969 dens
644 916 888 970 adversus
922 917 1138 987 fratrem
1176 923 1323 968 tuum
1361 914 1665 968 detrahebas
1691 955 1706 980 ,
1731 925 1778 968 et
1813 915 2060 970 adversus

486 1007 656 1076 ﬁlium
689 1010 872 1062 matris
918 1018 1021 1063 tute
1048 1008 1272 1079 ponebas
1319 1006 1626 1061 scandalum
1654 1004 1673 1076 (
1705 1005 1853 1060 Psal.
1885 1005 2056 1076 nix).

487 1095 750 1152 Similiter
774 1105 954 1153 autem
975 1106 1030 1152 et
1069 1097 1123 1152 in
1153 1096 1258 1150 alio
1278 1097 1488 1167 psalmo
1531 1111 1595 1150 ex
1624 1111 1856 1164 persona
1900 1096 2053 1166 justi,

484 1192 670 1248 scietis
696 1192 798 1246 hoc
824 1193 934 1247 Deo
954 1205 1115 1260 quam
1146 1190 1378 1244 maxime
1415 1189 1718 1258 displicere,
1761 1189 1900 1258 quod
1931 1189 2059 1243 diei-

481 1293 572 1338 tur
605 1302 617 1338 :
651 1283 1012 1338 Detrahentem
1065 1283 1262 1336 occulte
1295 1282 1542 1336 adversus
1577 1283 1872 1353 prox-imum
1904 1297 2056 1334 suum

477 1374 819 1445 persequebar
848 1372 1037 1445 (Psal.
1086 1389 1152 1428 cx
1179 1373 1218 1444 ).
1246 1371 1326 1426 Ex
1367 1372 1452 1426 his
1500 1372 1665 1441 igitur
1706 1371 1953 1426 omnibus
1979 1370 2057 1424 di-

477 1463 618 1519 vime
647 1463 941 1534 Scriptura:
959 1463 1305 1519 sermonibus
1322 1462 1471 1517 velut
1499 1461 1694 1532 gladiis
1733 1461 2057 1530 quibusdam

475 1554 732 1624 utrinque
764 1555 956 1621 acutis,
988 1555 1327 1610 obtrectandi
1357 1552 1637 1618 fratribus,
1675 1560 1730 1608 et
1762 1551 2055 1621 derogandi

473 1646 676 1699 sanctis
711 1646 901 1698 vitium
930 1660 1258 1699 resecemus.
1303 1643 1476 1714 Lepra
1525 1643 1672 1698 enim
1707 1641 2057 1708 consequitur

475 1736 796 1804 derogantes
821 1741 875 1788 et
900 1735 1162 1804 tecologos
1183 1732 1572 1806 (ἁεικολόγουςῖ)
1584 1733 1714 1786 Post
1737 1733 1850 1784 haec
1869 1740 2050 1785 autem

2160 548 2326 616 specie
2358 557 2407 601 et
2444 563 2547 602 non
2580 549 2636 601 in
2671 549 2945 618 aenigmate
2981 558 3029 602 et
3068 548 3238 617 gloria
3277 548 3448 603 Deum
3477 552 3633 607 videt.
3659 555 3734 624 lEt

2158 653 2318 708 quare
2359 654 2464 692 non
2511 637 2754 692 timuistis
2801 638 3077 691 detrahere
3121 637 3320 707 fantulo
3368 655 3486 694 meo
3533 640 3734 712 Moysi?

2159 727 2228 782 Et
2291 730 2372 782 ira
2439 728 2634 797 furoris
2694 728 2909 782 Domini
2973 730 3116 798 facta
3170 739 3244 783 est
3304 745 3464 798 super
3517 731 3640 786 illos
3688 746 3730 788 et

2159 816 2502 871 discesserunt
2542 833 2560 870 :
2603 825 2651 869 et
2709 816 2865 870 nubes
2920 816 3127 870 recessit
3172 835 3206 871 a
3249 815 3617 873 tabernaculo.
3669 821 3728 875 Et

2159 923 2273 960 ecce
2337 905 2511 960 Maria
2579 906 2720 973 facta
2786 915 2862 959 est
2925 907 3131 974 leprosa
3206 909 3344 964 sicut
3401 911 3513 964 nix.
3584 909 3729 966 Vide-

2159 997 2230 1049 tis
2291 996 2417 1064 quid
2501 996 2603 1051 sibi
2668 1011 2844 1065 ptume
2917 997 3249 1051 contulerint
3309 1000 3728 1064 obtrectatores;

2159 1087 2287 1156 quid
2322 1100 2450 1140 vero
2477 1087 2550 1141 illi
2581 1087 2668 1141 cui
2695 1087 3132 1142 obtrectaverant
3158 1090 3510 1158 qumsiverint
3545 1090 3724 1146 laudis.

2159 1176 2272 1232 Sibi
2305 1179 2709 1246 turpitudinem,
2737 1177 2815 1230 illi
2844 1177 3188 1246 splendorem
3212 1195 3227 1245 ;
3270 1180 3374 1234 sibi
3403 1180 3635 1250 lepram,
3656 1181 3724 1236 illi

2159 1269 2412 1340 gloriam;
2448 1269 2548 1324 sibi
2586 1269 2959 1338 opprobrium,
2991 1268 3066 1321 illi
3094 1269 3560 1338 magniﬁcentiam
3596 1287 3724 1341 quaa-

2158 1364 2416 1418 siverunt.
2447 1362 2833 1416 Verumtamen
2861 1360 3071 1430 Moyses
3102 1361 3424 1430 priusquam
3454 1370 3722 1431 acceperat

2158 1453 2566 1522 Ethiopissam,
2611 1465 2716 1505 non
2746 1458 2830 1504 est
2872 1451 3156 1519 scriptum,
3198 1451 3325 1519 quia
3358 1450 3412 1504 in
3443 1452 3625 1520 specie
3651 1452 3723 1505 lo-

2159 1554 2314 1601 cutus
2347 1553 2430 1599 est
2460 1545 2600 1597 Deus
2623 1544 2695 1607 ei,
2723 1552 2778 1596 et
2806 1558 2915 1597 non
2945 1543 3000 1595 in
3041 1543 3347 1610 aenigmate.
3392 1540 3500 1596 Sed
3526 1542 3617 1595 ubi
3643 1557 3723 1597 ae-

2159 1637 2297 1704 cepit
2343 1633 2753 1702 .Ethiopissam,
2783 1641 2908 1687 tunc
2937 1632 3068 1687 dicit
3093 1631 3161 1686 de
3191 1647 3257 1686 eo
3286 1631 3450 1694 Deus,
3487 1633 3612 1700 quia
3635 1647 3716 1687 ore

2159 1729 2224 1782 ad
2255 1743 2315 1781 os
2339 1727 2531 1794 loquar
2554 1725 2621 1779 ad
2649 1737 2793 1787 eum,
2821 1724 2876 1776 in
2902 1723 3102 1790 specie,
3130 1730 3185 1774 et
3208 1736 3312 1775 non
3340 1721 3397 1774 in
3425 1722 3710 1790 aenigmate.

476 1838 510 1876 a
535 1825 830 1878 moralibus
852 1826 918 1878 ad
949 1824 1353 1892 intelligentiam
1381 1823 1664 1893 mysticam
1694 1830 2048 1875 transeamus.
2080 1807 2130 1865 Β
2156 1819 2310 1874 Modo
2335 1818 2479 1872 enim
2509 1831 2631 1871 cum
2661 1815 2872 1884 Moyses
2899 1815 3049 1868 venit
3082 1812 3150 1866 ad
3185 1827 3303 1877 nos,
3331 1820 3389 1866 et
3417 1813 3714 1882 coniunctus

475 1911 733 1978 Quamvis
759 1924 813 1967 et
847 1915 901 1966 in
931 1913 1295 1982 superioribus
1318 1927 1482 1982 pauca
1504 1912 1615 1981 jam
1643 1912 1784 1967 dicta
1804 1919 1949 1974 sunt,
1971 1918 2052 1964 ta-

473 2017 596 2055 men
613 2018 732 2072 quu:
755 2001 992 2057 defuisse
1013 2005 1263 2057 videntur
1283 2003 1558 2056 addemus.
1584 2001 1878 2056 Videamus
1899 2015 2050 2070 ergo,

468 2094 591 2162 quis
621 2101 706 2146 est
732 2094 825 2161 qui
871 2093 1092 2163 derogat
1135 2090 1332 2161 Moysi,
1371 2091 1493 2160 quis
1528 2090 1593 2145 de
1619 2104 1684 2145 eo
1710 2090 1850 2144 male
1883 2090 2052 2158 loqui-

465 2189 558 2240 tur
589 2202 602 2237 :
636 2199 743 2239 non
765 2183 910 2238 solus
936 2183 1165 2253 judaeus,
1193 2183 1287 2238 sed
1317 2193 1372 2238 et
1409 2183 1672 2247 haeretici,
1702 2182 1794 2250 qui
1825 2197 1935 2236 non
1961 2195 2050 2236 re-

464 2273 672 2344 cipiunt
727 2277 901 2346 legem
960 2283 1015 2329 et
1074 2277 1401 2344 prophetas,
1462 2275 1565 2344 ipsi
1631 2275 1919 2328 detrahunt
1982 2273 2048 2329 de

466 2363 667 2435 Moyse.
713 2366 954 2433 Denique
994 2365 1166 2419 solent
1201 2367 1248 2417 ei
1289 2365 1452 2420 etiam
1489 2365 1694 2418 crimen
1746 2363 2047 2433 impingere

461 2452 746 2519 dicentes,
801 2455 927 2524 quia
977 2453 1247 2509 homicida
1293 2452 1395 2508 fuit
1448 2453 1658 2524 Moyses
1704 2473 1717 2507 :
1775 2454 2047 2509 interfecit

462 2545 611 2598 enim
638 2543 973 2617 Egyptium,
1021 2553 1075 2600 et
1119 2545 1223 2599 alia
1255 2545 1423 2599 multa
1450 2544 1532 2599 vel
1565 2545 1620 2598 in
1651 2545 1846 2614 ipsum,
1875 2543 1960 2598 vel
1986 2544 2042 2598 in

459 2637 753 2707 prophetas
791 2637 1106 2707 blasphemo
1143 2652 1236 2692 ore
1274 2637 1617 2692 concinnant.
1650 2637 1741 2691 [sti
1790 2652 1917 2706 ergo
1949 2637 2042 2708 qui

459 2725 753 2783 detrahunt
794 2727 982 2798 Moysi,
1035 2728 1236 2782 habent
1257 2728 1463 2796 lepram
1507 2729 1563 2782 in
1595 2728 1774 2782 anima
1819 2742 1940 2791 sua,
1985 2733 2043 2781 et

462 2827 589 2872 sunt
625 2819 680 2872 in
716 2818 933 2872 hemine
965 2818 1224 2872 interiore
1257 2817 1454 2889 leprosi
1489 2835 1501 2870 :
1535 2825 1590 2871 et
1617 2817 1736 2872 ideo
1771 2815 2040 2870 habentur

460 2917 613 2962 extra
646 2915 825 2962 castra
857 2908 1112 2963 Ecclesiae
1137 2907 1253 2962 Dei.
1285 2904 1414 2962 Sive
1453 2921 1581 2979 ergo
1625 2906 1867 2961 haeretici
1913 2914 2039 2960 sunt

463 2997 554 3067 qui
577 2999 837 3068 derogant
879 2998 1068 3068 Moysi,
1099 2998 1211 3053 sive
1239 2997 1307 3098 (ξ
1332 2995 1570 3052 Ecclesia
1601 2997 1713 3051 sint
1737 2997 1828 3066 qui
1859 2998 2038 3051 detra-

459 3085 597 3142 hunt
626 3085 908 3152 fratribus,
955 3095 1011 3143 et
1031 3088 1172 3142 male
1201 3085 1496 3156 loq‘uuntur
1520 3087 1587 3142 de
1614 3087 1873 3141 fratribus
1897 3087 2033 3152 suis,

455 3178 708 3232 omnibus
732 3178 825 3247 qui
851 3148 955 3233 hoc
982 3178 1117 3233 vitio
1148 3148 1380 3249 aguntur
1396 3219 1410 3243 ,
1448 3178 1802 3235 dubitandum
1824 3196 1931 3235 non
1954 3148 2039 3234 est
2066 3148 2110 3210 C

455 3267 588 3338 quin
631 3267 829 3338 leprosi
875 3269 985 3322 sint
1025 3269 1082 3322 in
1134 3269 1315 3323 anima
1351 3283 1466 3324 sua.
1501 3267 1569 3324 Et
1603 3269 1773 3324 Maria
1819 3270 2038 3338 quidem

458 3356 855 3411 interveniente
880 3355 1059 3411 Aaron
1096 3356 1350 3426 pontifice
1385 3360 1612 3426 septima
1649 3358 1735 3412 die
1763 3367 1987 3412 curatur
2019 3372 2034 3411 :

453 3462 556 3503 nos
611 3461 740 3502 vero
801 3447 848 3503 si
904 3445 1314 3503 obtrectationis
1376 3448 1508 3502 vitio
1570 3449 1922 3504 inciderimus
1979 3449 2036 3504 in

452 3539 648 3593 animae
685 3537 911 3608 lepram,
955 3554 1125 3608 usque
1158 3539 1225 3592 ad
1261 3537 1426 3594 ﬁnem
1463 3539 1779 3608 septimanae
1825 3540 2034 3604 mundi,

450 3627 508 3683 id
551 3635 654 3693 est,
695 3642 867 3698 usque
902 3628 969 3682 ad
1007 3629 1426 3684 resurrectionis
1471 3638 1688 3699 tempus
1731 3629 1930 3700 leprosi
1977 3630 2037 3685 in

450 3718 633 3772 anima
661 3717 1100 3788 permanebimus
1143 3727 1198 3774 et
1219 3719 1480 3774 immundi
1502 3760 1516 3784 ,
1561 3719 1670 3774 nisi
1699 3719 1826 3774 dum
1854 3721 2034 3789 poeni-

447 3807 602 3862 tendi
629 3813 844 3877 tempus
889 3813 974 3860 est
1009 3807 1366 3876 corrigamus,
1397 3815 1454 3860 et
1481 3807 1730 3860 conversi
1755 3808 1824 3860 ad
1850 3807 2035 3861 Domi-

447 3911 578 3952 num
629 3894 812 3953 Jesum
853 3909 918 3952 ac
969 3895 1333 3967 supplicantes
1381 3894 1453 3959 ei,
1508 3909 1608 3964 per
1653 3895 2034 3966 paenitentiam

446 4003 743 4060 purgemur
770 3987 838 4042 ab
869 3988 1210 4042 immunditia
1241 3987 1404 4057 lepra}
1432 3994 1655 4041 nostrae.
1704 3985 1818 4056 Ego
1849 3995 2030 4041 autem

445 4073 598 4146 pu'to,
631 4079 775 4145 quod
813 4091 920 4130 non
952 4076 1096 4130 solus
1123 4076 1212 4130 ille
1237 4077 1466 4146 populus
1494 4076 1662 4147 prior,
1707 4091 1884 4147 neque
1926 4077 2030 4132 soli

446 4166 710 4229 harretici,
763 4166 831 4218 de
853 4165 1048 4231 quibus
1074 4181 1237 4234 supra
1278 4167 1700 4221 memoravimus
1737 4167 2031 4221 detrahant

447 4256 516 4311 de
547 4253 745 4323 Moyse,
773 4254 868 4308 sed
899 4261 954 4308 et
977 4255 1170 4319 omnis,
1203 4257 1295 4323 qui
1323 4257 1524 4325 scripta
1555 4255 1672 4323 ejus
1696 4255 1839 4310 male
1868 4257 2028 4311 intel-

446 4349 587 4420 ligit,
632 4347 827 4435 et.qui
873 4347 1172 4417 spiritalem
1219 4347 1392 4418 legem
1446 4350 1739 4405 carnaliter
1780 4351 2025 4422 suscipit,

2152 1916 2235 1963 est
2262 1906 2386 1961 huic
2413 1903 2760 1974 Ethiopissaa
2784 1912 3004 1966 nostrae,
3036 1902 3121 1955 lex
3151 1901 3246 1955 Dei
3283 1900 3401 1968 jam
3428 1916 3534 1954 non
3569 1902 3622 1954 in
3653 1900 3714 1954 ﬁ-

2151 2000 2298 2072 guris
2329 2005 2380 2053 et
2407 1998 2460 2050 in
2491 1996 2816 2064 imaginibus
2839 1993 2982 2048 sicut
3007 1991 3179 2062 prius,
3208 1990 3303 2044 sed
3323 1990 3380 2043 in
3415 1990 3530 2059 ipsa
3550 1990 3712 2059 specie

2148 2090 2395 2145 veritatis
2423 2087 2752 2158 agnoscitur.
2806 2085 2873 2138 Et
2913 2099 3033 2154 qua:
3063 2082 3215 2151 prius
3249 2082 3305 2134 in
3333 2081 3610 2148 aenigmate
3631 2081 3716 2135 de-

2151 2183 2524 2252 signabantur,
2557 2193 2702 2233 nune
2733 2177 2788 2231 in
2817 2176 2995 2246 specie
3035 2182 3091 2227 et
3116 2173 3347 2227 veritate
3374 2171 3713 2239 complentur.

2148 2271 2213 2326 Et
2266 2272 2386 2325 ideo
2423 2270 2534 2333 ille,
2563 2268 2655 2336 qui
2699 2267 2906 2336 species
2945 2265 3239 2334 ﬁgurarum
3288 2268 3340 2316 et
3374 2263 3711 2330 :enigmatum

2148 2361 2481 2425 disserebat,
2537 2359 2705 2414 dicit:
2741 2356 2948 2411 Scimus
2997 2362 3171 2407 autem
3199 2393 3214 2417 ,
3259 2351 3501 2421 quoniam
3545 2360 3713 2420 patres

2146 2455 2310 2509 nostri
2354 2469 2527 2506 omnes
2564 2451 2658 2505 sub
2694 2449 2827 2503 nube
2873 2449 3106 2517 fuerunt,
3158 2455 3206 2498 et
3251 2443 3510 2497 amnesin
3552 2440 3714 2510 Moyse

2144 2546 2392 2615 baptizati
2417 2552 2556 2609 sunt,
2600 2543 2655 2595 in
2688 2540 2820 2596 nube
2848 2550 2895 2594 et
2928 2541 2982 2592 in
3004 2537 3176 2600 mari;
3203 2546 3252 2589 et
3281 2551 3459 2588 omnes
3500 2534 3712 2588 eamdm

2142 2653 2313 2690 escam
2335 2644 2382 2690 et
2401 2644 2579 2704 potum
2602 2632 2889 2703 spiritalem
2913 2628 3172 2682 biberunt.
3199 2625 3456 2680 Bibebant
3479 2634 3638 2677 autem
3655 2621 3713 2673 de

2139 2729 2368 2801 spiritali
2390 2737 2629 2798 sequente
2641 2735 2806 2796 petra.
2826 2722 2988 2776 Petra
3015 2736 3134 2774 vero
3150 2728 3262 2773 erat
3287 2717 3532 2772 Christus
3547 2715 3594 2785 (1
3605 2712 3712 2768 Cor.

2139 2819 2217 2890 κ).
2243 2817 2406 2872 Vides
2427 2814 2695 2886 quomodo
2715 2813 3002 2883 aenigmata
3028 2809 3164 2880 legis
3181 2807 3384 2862 Paulus
3409 2807 3713 2870 absolvit,“

2140 2909 2348 2978 species
2399 2907 2745 2977 aenigmatum
2791 2904 2948 2958 docet
2985 2909 3040 2955 et
3085 2899 3249 2962 dicit,
3301 2897 3435 2966 quia
3481 2906 3630 2968 petra
3662 2896 3708 2950 in

2141 3001 2427 3070 aenigmate
2468 3006 2587 3054 erat
2627 2995 2767 3066 apud
2808 2994 3060 3064 Moysen,
3104 2999 3403 3058 antequam
3422 2988 3712 3060 iungeretur

2142 3093 2268 3147 huic
2296 3100 2496 3146 nostra:
2521 3086 2872 3154 Ethiopissa:
2897 3098 2911 3137 :
2944 3097 3088 3137 nunc
3116 3083 3172 3135 in
3200 3080 3386 3149 specie
3411 3090 3565 3151 petra
3588 3077 3711 3134 Chri-

2143 3193 2259 3240 stus
2296 3192 2399 3238 est.
2445 3181 2599 3236 Nunc
2640 3177 2787 3233 enim
2824 3192 2886 3233 os
2923 3177 2991 3231 ad
3037 3191 3099 3231 os
3142 3175 3388 3246 loquitur
3421 3190 3519 3244 per
3540 3175 3711 3245 legem,

2143 3275 2287 3329 Deus
2317 3281 2475 3328 antea
2513 3271 2568 3325 in
2605 3269 2893 3340 :enigmate
2925 3266 3028 3320 fuit
3052 3266 3388 3335 baptismum
3427 3267 3484 3319 in
3510 3265 3640 3318 nube
3664 3269 3714 3316 et

2142 3366 2197 3419 in
2234 3363 2406 3428 mari;
2455 3375 2598 3415 nunc
2643 3369 2825 3414 autem
2858 3359 2914 3413 in
2951 3355 3133 3426 specie
3169 3356 3519 3425 regeneratio
3562 3352 3711 3408 estin

2143 3469 2283 3525 aqua
2333 3459 2388 3507 et
2441 3450 2644 3521 Spiritu
2701 3458 2909 3504 saneto.
2970 3446 3123 3500 Tune
3174 3454 3296 3500 erat
3344 3445 3398 3499 in
3450 3445 3716 3516 amigmate

2141 3560 2341 3601 manna
2377 3543 2561 3607 cibus;
2600 3555 2744 3596 nunc
2770 3548 2950 3594 autem
2983 3537 3039 3592 in
3075 3537 3254 3605 specie
3283 3549 3413 3588 caro
3442 3535 3608 3589 Verbi
3628 3532 3716 3587 Dei

2139 3650 2305 3690 verus
2335 3639 2417 3688 est
2445 3632 2596 3687 cibus
2625 3630 2765 3686 sicut
2800 3630 2913 3698 ipse
2937 3625 3074 3682 dicit
3102 3645 3114 3680 :
3148 3625 3282 3692 Quia
3314 3640 3438 3677 caro
3463 3640 3584 3676 mea
3613 3638 3722 3676 cere

2139 3736 2212 3781 est
2238 3727 2402 3790 cibus,
2423 3730 2470 3778 et
2498 3722 2711 3792 sanguis
2730 3736 2873 3774 meus
2897 3735 3011 3772 vere
3038 3727 3113 3772 est
3128 3725 3270 3786 potus
3290 3713 3477 3784 (Joan.
3500 3711 3604 3784 Ix).
3628 3709 3724 3766 Sic

2140 3830 2270 3886 ergo
2299 3813 2411 3882 jam
2451 3827 2594 3867 nunc
2635 3810 2844 3880 Moyses
2891 3807 3033 3878 apud
3074 3822 3167 3862 nos
3204 3805 3450 3875 positus,
3494 3812 3556 3859 et
3596 3803 3710 3859 huic

2138 3907 2488 3977 Ethiopissaa
2535 3901 2889 3972 conjunctus,
2939 3899 3027 3955 vel
3072 3900 3187 3969 ipse
3231 3897 3297 3952 ad
3343 3911 3488 3962 nos,
3527 3895 3612 3950 vel
3650 3892 3710 3946 ad

2138 4000 2314 4070 ipsum
2350 3996 2609 4051 Dominus
2656 4008 2765 4047 non
2809 3991 3048 4061 loquitur
3083 3991 3140 4045 in
3181 3988 3508 4060 aenigmate,
3542 3983 3626 4039 sed
3653 3983 3706 4036 in

2138 4085 2334 4156 specie.
2368 4083 2468 4139 Hic
2505 4093 2683 4137 autem
2727 4080 2946 4134 additur
2973 4097 2985 4132 :
3017 4078 3085 4133 Et
3113 4078 3363 4148 gloriam,
3396 4075 3587 4146 inquit,
3613 4072 3710 4127 Do.

2135 4175 2266 4228 mini
2301 4174 2448 4228 vidit.
2495 4172 2719 4239 Quando
2762 4170 2899 4225 vidit
2942 4169 3154 4239 Moyses
3197 4167 3429 4238 gloriam
3477 4160 3710 4220 Domini?

2136 4267 2250 4336 Ego
2281 4274 2410 4321 tunc
2441 4265 2594 4329 dico,
2625 4261 2842 4332 quando
2885 4259 3307 4314 transformatus
3343 4266 3428 4312 est
3468 4253 3715 4310 Dominus

2135 4357 2192 4411 in
2227 4365 2440 4420 monte,
2477 4363 2530 4408 et
2561 4353 2750 4407 aderat
2791 4351 2866 4406 ibi
2897 4349 3111 4420 Moyses
3149 4363 3272 4403 cum
3301 4345 3420 4401 Elia
3445 4388 3458 4411 ,
3482 4351 3537 4400 et
3565 4340 3720 4398 collo--

445 4440 615 4512 MOYSi
642 4439 864 4511 derogat
887 4439 1015 4508 quia
1049 4439 1115 4494 de
1153 4440 1332 4494 verbis
1374 4442 1578 4495 saﬂCliS
1606 4441 1899 4495 carnaliter
1926 4443 2028 4497 ho-
2053 4483 2111 4543 Β
2136 4450 2441 4521 quebantur
2478 4447 2546 4500 ei.
2590 4445 2657 4499 Et
2690 4443 2812 4498 ideo
2851 4450 2998 4498 recte
3033 4442 3088 4498 in
3129 4438 3595 4508 consequentibus
3631 4435 3719 4492 ad-

445 4531 620 4584 mines
648 4529 820 4584 docet.
853 4528 1095 4584 Audistis
1121 4530 1251 4600 quid
1277 4529 1380 4585 sibi
1402 4530 1592 4600 judieii
1631 4532 2028 4589 obtrectatores

444 4629 500 4676 et
526 4619 833 4690 maleloqui,
874 4630 928 4676 et
952 4623 1082 4691 quid
1105 4623 1467 4678 damnationis
1493 4625 1797 4693 acquirant.
1829 4624 2027 4682 Audite

444 4723 611 4774 nunc,
662 4719 717 4764 et
755 4720 1014 4779 quantum
1065 4712 1313 4769 beneﬁcii
1363 4714 1644 4770 conferant
1690 4715 1776 4771 his
1829 4717 2027 4786 quibus

443 4801 770 4854 obtrectant.
807 4800 1092 4870 Nunquam
1119 4803 1362 4860 invenies
1393 4813 1574 4861 tantas
1613 4805 1799 4861 laudes
1851 4807 2024 4860 Deum

444 4891 648 4946 dixisse
693 4892 760 4946 de
806 4889 988 4961 Moyse
1036 4893 1236 4948 famulo
1276 4909 1395 4958 suo,
1444 4903 1677 4963 quantas
1727 4911 1872 4950 nunc
1916 4895 2023 4950 dici

444 4981 664 5052 quidem
691 4981 994 5045 videamus,
1032 4985 1248 5051 quando
1279 4985 1345 5037 ab
1377 4985 1688 5039 hominibus
1713 4985 1765 5040 ei
1799 4985 2027 5054 deroga—

444 5083 560 5127 tum
601 5079 701 5127 est.
744 5070 883 5125 Audi
911 5085 1038 5138 ergo
1077 5071 1132 5125 in
1183 5073 1535 5140 sequentibus
1579 5073 1708 5142 quid
1757 5073 1923 5138 dicat,
1971 5080 2027 5126 et

443 5162 641 5233 quibus
671 5161 889 5233 Moysen
913 5160 1161 5214 laudibus
1184 5160 1373 5235 efferat
1411 5161 1646 5233 Spiritus
1673 5172 1914 5219 sanctus.

513 5253 588 5308 Et
609 5252 894 5316 descendit,
923 5249 1120 5319 inquit,
1147 5248 1402 5308 Dominus
1434 5255 1490 5307 in
1514 5253 1756 5308 columna
1779 5256 1949 5318 nubis,
1975 5260 2026 5308 et

441 5344 583 5398 stetit
607 5342 677 5398 ad
706 5343 896 5397 ostium
922 5337 1241 5393 tabernaculi
1280 5343 1581 5396 testimonii.
1611 5341 1679 5394 Et
1711 5345 1874 5396 vocati
1901 5351 2024 5398 sunt

444 5437 624 5490 Aaron
664 5444 712 5488 et
741 5435 916 5490 Maria
937 5473 950 5498 ,
987 5441 1034 5486 et
1058 5439 1310 5485 steterunt
1337 5433 1508 5496 ambo,
1541 5441 1588 5486 et
1623 5433 1753 5486 dixit
1779 5435 1849 5487 ad
1890 5450 2018 5490 eos:

443 5526 635 5580 Audite
682 5529 833 5581 verba
875 5535 1034 5576 mea:
1064 5520 1315 5591 Si'fuerit
1356 5523 1470 5591 quis
1507 5533 1726 5578 vestrum
1772 5526 2023 5594 propheta

446 5616 676 5683 Domini,
731 5621 784 5672 in
814 5617 1095 5671 visionibus
1128 5617 1174 5669 ei
1204 5630 1482 5685 (ignoscor,
1534 5622 1580 5666 et
1611 5615 1663 5666 in
1703 5617 1897 5669 somnis
1946 5615 2023 5669 lo-

444 5725 579 5779 qum
615 5713 660 5764 ei
689 5726 705 5763 :
737 5729 840 5766 non
876 5715 1006 5766 sicut
1044 5712 1244 5780 famulo
1283 5727 1396 5770 meo
1438 5707 1630 5776 Mousi,
1688 5712 1776 5779 qui
1822 5711 1874 5766 in
1915 5720 2024 5766 tota

2131 4538 2331 4610 jungit,
2363 4545 2416 4591 et
2445 4549 2612 4604 quare
2639 4549 2745 4589 non
2776 4533 3035 4588 timuistis
3061 4531 3353 4586 detrahere
3383 4527 3584 4584 famulo
3608 4541 3722 4583 meo

2137 4627 2339 4699 Moysi?
2368 4624 2519 4692 Quod
2547 4625 2826 4680 evidenter
2856 4624 3044 4692 utique
3079 4623 3147 4676 ad
3173 4637 3267 4676 eos
3305 4621 3523 4676 dictum
3550 4620 3723 4690 dirigi-

2134 4729 2245 4785 tur,
2277 4721 2367 4790 qui
2395 4716 2680 4787 Evangelia
2712 4715 2931 4785 quidem
2959 4714 3239 4782 suscipere
3263 4714 3548 4780 videntur,
3577 4713 3721 4767 dero-

2134 4819 2264 4884 gant
2307 4818 2484 4864 autem
2520 4807 2710 4878 Moysi.
2752 4806 2822 4861 Et
2855 4807 3057 4860 merito
3087 4814 3426 4875 arguuntur,
3457 4805 3580 4875 quia
3605 4820 3717 4858 cum

2134 4901 2347 4956 discant
2376 4915 2473 4969 per
2499 4896 2849 4965 Evangelium
2889 4896 3032 4964 quod
3064 4893 3280 4964 Moyses
3317 4909 3430 4949 una
3465 4911 3585 4950 cum
3609 4893 3719 4948 Elia

2131 4989 2265 5044 vidit
2293 4988 2517 5059 gloriam
2551 4983 2785 5049 Domini,
2814 4983 2919 5053 legi
2949 4992 3004 5038 et
3035 4981 3316 5054 prophetis
3343 4983 3465 5037 ausi
3488 4990 3609 5040 sunt
3633 4982 3720 5036 de-

2133 5091 2341 5148 rOgare.
2377 5076 2444 5130 Et
2477 5075 2597 5130 ideo
2628 5088 2729 5126 nos
2760 5086 2868 5126 non
2899 5071 3250 5126 detrahamus
3277 5069 3481 5143 Moysi,
3509 5086 3604 5127 nec
3630 5071 3720 5125 de-

2131 5181 2386 5237 rogemus
2418 5165 2559 5235 legi,
2593 5165 2687 5219 sed
2719 5161 2883 5216 simus
2923 5178 3028 5216 non
3056 5161 3226 5215 solum
3258 5161 3531 5216 auditores
3569 5160 3716 5230 legis,

2131 5258 2222 5312 sed
2265 5258 2521 5327 factores,
2555 5265 2616 5310 ut
2650 5269 2773 5309 eum
2802 5254 2922 5322 ipso
2957 5252 3140 5323 Moyse
3177 5250 3575 5322 congloriticari
3601 5266 3719 5306 me-
3799 5326 3802 5328 _

2131 5362 2366 5402 reamur.
2396 5349 2508 5420 Ego
2541 5357 2718 5402 autem
2742 5355 2872 5417 puto
2899 5347 3042 5414 quod
3067 5353 3123 5400 et
3155 5345 3230 5399 illi
3261 5348 3551 5400 materiam
3576 5359 3718 5413 pras-

2129 5445 2273 5492 staut
2321 5439 2390 5492 ad
2430 5439 2798 5509 derogandum
2835 5437 3034 5507 Moysi,
3073 5437 3165 5506 qui
3197 5437 3348 5491 verbi
3383 5452 3553 5494 causa
3588 5452 3719 5492 cum

2127 5527 2326 5597 legitur
2362 5527 2502 5580 liber
2539 5527 2758 5581 Levitici
2783 5568 2796 5589 ,
2838 5526 2921 5580 vel
2963 5527 3124 5582 lectio
3165 5525 3560 5591 Numerorum,
3600 5540 3719 5579 non

2128 5617 2418 5671 ostendunt
2454 5617 2718 5684 quomodo
2766 5617 2879 5670 haec
2922 5632 3042 5685 quin
3077 5616 3130 5669 in
3177 5617 3470 5686 muigmate
3505 5615 3726 5685 scripta-

2129 5718 2277 5774 sunt,
2310 5707 2531 5776 intelligi
2559 5723 2655 5778 per
2684 5709 2917 5777 speciem
2957 5708 3221 5778 debeant;
3252 5711 3306 5766 id
3332 5720 3438 5777 est,
3473 5711 3568 5779 qui
3602 5723 3716 5764 non
