3892 6346
178 363 262 422 666
855 349 1388 410 ENARRATIONES
1430 348 1499 405 1N
1537 348 1798 408 LIBRUM
1834 345 2297 408 NUMERORUM.
2335 377 2407 392 --
2433 347 2560 406 LIB.
2599 345 2667 405 II.

3294 351 3401 411 666

175 468 465 545 spiritaliter
484 481 551 524 ea
570 479 690 537 qua:
710 463 765 520 in
792 463 909 537 lege
936 464 1184 534 leguntur
1205 469 1499 531 exponunt.
1530 458 1726 516 Neces-
1752 461 1804 523 Α
1827 461 2050 516 aborsus
2086 461 2277 516 bonus.
2317 459 2498 516 Bonus
2538 470 2719 515 autem
2758 459 2984 515 aborsus
3023 459 3242 530 dicitur,
3275 481 3400 524 cum

174 565 294 624 sario
314 561 462 616 enim
490 560 582 630 qui
609 557 834 612 audiunt
862 557 1024 610 ritum
1047 553 1434 609 sacriﬁciorum
1450 592 1464 616 ,
1490 552 1573 605 vel
1605 551 1726 605 sab-

172 661 431 720 batorum,
474 651 560 707 vel
601 650 859 707 similium
896 649 950 704 in
988 646 1230 702 Ecclesia
1265 645 1518 708 recitari,
1559 642 1726 698 oll'en-

177 751 363 812 ;lantur,
395 750 452 799 et
479 743 661 799 dicant
691 759 705 795 :
741 739 877 807 Quid
913 740 1017 793 hoc
1045 751 1264 793 necesse
1289 744 1373 791 est
1402 736 1456 789 in
1484 733 1725 789 Ecclesia

167 839 288 910 legi?
311 836 455 904 Quid
475 835 632 890 nobis
657 840 883 904 prosunt
909 837 1179 901 praecepta
1207 827 1454 892 Judaica,
1476 835 1530 882 et
1559 825 1726 895 spreti

172 928 322 1001 pOpuli
351 925 754 981 observantiae?
787 923 915 978 Haec
939 920 1251 977 Judzeorum
1281 927 1437 984 sunt,
1473 927 1528 973 et
1555 918 1724 973 Judaei

128 1009 136 1028 ‘
173 1021 227 1075 de
248 1019 322 1073 his
348 1017 606 1073 viderint.
636 1013 714 1070 Ne
742 1029 870 1083 ergo
897 1011 1205 1083 hujusmodi
1228 1009 1544 1066 offendicula
1573 1008 1727 1062 audi-

173 1107 349 1161 toribus
394 1104 689 1167 accedant,
722 1100 896 1156 danda
925 1115 1091 1170 opera
1132 1107 1216 1153 est
1252 1099 1317 1152 ad
1345 1098 1625 1153 scientiam
1648 1097 1724 1151 le-

170 1196 265 1265 gis;
291 1202 342 1250 et
365 1195 666 1249 secundum
695 1192 799 1246 hoc
820 1191 962 1260 quod
995 1188 1253 1260 spiritalis
1278 1198 1361 1243 est
1385 1189 1488 1253 lex,
1523 1187 1723 1241 intelli-

168 1284 316 1355 genda
350 1292 410 1338 et
450 1283 786 1353 explananda
823 1289 949 1336 sunt
983 1296 1104 1350 quae
1142 1279 1418 1350 leguntur,
1447 1295 1514 1333 ne
1541 1279 1724 1333 docto-

167 1393 272 1433 rum
291 1392 484 1442 causa,
509 1377 618 1432 imo
653 1375 858 1430 desidia
885 1383 940 1429 et
979 1373 1332 1443 negligentia,
1362 1372 1430 1424 ab
1458 1370 1725 1438 imperitis

167 1476 214 1523 et
241 1467 457 1523 indoctis
485 1467 779 1536 derogetur
808 1464 1000 1533 Moysi.
1034 1461 1142 1516 Sed
1168 1471 1224 1515 et
1249 1467 1631 1514 convertamur
1659 1458 1726 1511 ad

163 1557 426 1612 Dominum
453 1566 515 1610 ut
540 1556 750 1610 auferat
779 1569 812 1608 a
835 1552 993 1607 nobis
1021 1551 1266 1605 velamen
1297 1550 1514 1612 litterae,
1537 1556 1590 1601 et
1620 1563 1726 1601 non

162 1647 301 1702 nobis
327 1646 584 1702 deformis
615 1646 798 1700 vultus
823 1643 1030 1714 Moysi,
1067 1641 1164 1697 sed
1195 1642 1460 1712 gloriosus
1489 1649 1545 1696 et
1569 1641 1727 1695 deco-

157 1752 240 1792 rus
265 1745 541 1808 appareat,
571 1738 646 1791 ita
670 1744 731 1790 ut
752 1750 859 1790 non
891 1734 1066 1789 solum
1095 1731 1484 1796 obtrectemus,
1510 1731 1604 1786 sed
1626 1746 1724 1800 pro

1827 552 1948 606 aliis
1983 561 2367 621 comparatur:
2399 551 2540 606 sicut
2571 550 2928 606 Ecclesiastes
2969 550 3048 603 ait
3086 569 3098 603 :
3139 551 3210 605 Et
3237 555 3348 610 dixi
3377 571 3398 608 :

1825 643 2004 698 Bonus
2035 653 2108 698 est
2148 643 2394 708 aborsus,
2422 644 2590 712 magis
2615 659 2773 712 quam
2798 641 2906 695 ille.
2947 640 3049 707 Qui
3078 643 3206 697 ille?
3229 646 3318 714 qui
3346 647 3403 702 in

1826 733 2072 798 vanitate,
2103 732 2296 802 inquit,
2327 731 2549 794 incedit,
2583 740 2630 784 et
2665 731 2717 784 in
2757 731 2979 784 tenebris
3009 731 3246 786 ambulat
3277 733 3404 804 (Ec-

1825 821 1948 874 cles.
1979 821 2075 890 v1).
2117 821 2236 876 Non
2272 835 2400 892 ergo
2438 819 2680 875 absolute
2724 821 2920 875 bonum
2962 822 3093 877 dicit
3122 824 3401 891 aborsum,

1825 915 1918 968 sed
1952 915 2152 968 bonum
2188 914 2361 983 magis
2386 928 2545 982 quam
2575 913 2684 967 vita
2712 929 2831 982 qua:
2862 913 2915 967 in
2945 915 3275 970 vanitatibus
3303 915 3404 972 du-

1824 1006 1981 1068 citur,
2006 1015 2062 1060 st
2084 1007 2135 1060 in
2163 1006 2397 1060 tenebris
2421 1006 2753 1075 ignorantiae.
2784 1006 2851 1061 Et
2878 1007 3216 1077 proclamavit
3243 1008 3398 1081 Mog.-

1823 1115 1902 1152 ses
1930 1099 1997 1151 ad
2022 1098 2304 1152 Dominum
2341 1099 2517 1152 dicens
2543 1117 2560 1151 :
2584 1097 2745 1161 Deus,
2774 1116 2956 1168 precor
2982 1111 3060 1165 te,
3089 1117 3220 1155 sana
3257 1119 3396 1157 eam.

1822 1188 1890 1244 Et
1913 1205 2073 1259 quem
2113 1189 2397 1259 Oportebat
2439 1204 2599 1244 orare
2634 1205 2732 1259 pro
2772 1191 3002 1244 sanitate
3042 1193 3220 1262 populi
3257 1194 3398 1250 illius

1823 1281 1926 1336 nisi
1955 1280 2205 1351 Moysen?
2228 1279 2357 1334 Orat
2386 1279 2594 1349 Moyses
2615 1293 2713 1348 pro
2739 1278 2860 1341 illis,
2888 1287 2941 1332 et
2965 1278 3102 1333 forte
3128 1283 3229 1337 hoc
3252 1292 3397 1352 orat,

1824 1371 2040 1440 quando
2091 1388 2215 1426 cum
2262 1371 2492 1424 Domino
2532 1368 2659 1423 Jesu
2705 1368 2923 1423 Christo
2971 1369 3400 1442 colloquuhatur,

1829 1472 1949 1512 cum
1989 1459 2042 1512 in
2079 1467 2263 1512 monte
2304 1458 2723 1513 transformatus
2751 1466 2867 1523 est,
2908 1466 3102 1527 petens
3135 1461 3203 1513 ab
3231 1476 3314 1526 eo,
3343 1469 3406 1518 ut

1828 1564 1950 1602 cum
1978 1548 2246 1618 plenitudo
2287 1549 2516 1619 gentium
2553 1550 2844 1613 introisset,
2877 1559 3000 1602 tunc
3037 1551 3205 1604 omnis
3235 1549 3406 1606 Israel

1825 1642 2002 1697 salvus
2025 1643 2171 1710 ﬁeret
2205 1641 2375 1713 (Rom.
2407 1643 2506 1713 ιι).

1894 1732 1965 1786 Et
1986 1732 2119 1785 dixit
2144 1733 2403 1786 Dominus
2425 1733 2495 1784 ad
2526 1731 2742 1802 Moysen
2771 1749 2784 1785 :
2821 1731 2879 1786 Si
2911 1743 3062 1802 pater
3085 1733 3199 1802 ejus
3234 1733 3407 1804 spuis-

151 1829 513 1896 magnitudine
547 1841 836 1888 sensuum,
874 1823 1085 1877 laudem
1115 1822 1164 1875 ei
1201 1828 1258 1876 et
1289 1821 1514 1889 gloriam
1542 1819 1723 1874 confe-
1749 1819 1796 1882 B
1822 1831 1897 1877 set
1935 1823 1989 1874 in
2032 1821 2218 1890 faciem
2264 1823 2408 1890 ejus,
2455 1839 2557 1876 non
2611 1823 2930 1876 erubesceret
2969 1833 3161 1894 septem
3183 1823 3409 1878 diebus!

145 1933 340 1974 ramus.
373 1918 449 1972 Et
481 1918 561 1970 ira
604 1916 805 1969 furoris
843 1912 1056 1968 Domini
1085 1911 1228 1966 facta
1266 1918 1348 1965 est
1386 1925 1548 1978 super
1577 1909 1716 1975 illos,

139 2015 192 2060 et
213 2007 620 2069 discesserunt;
650 2012 705 2058 et
738 2003 908 2056 nubes
937 2000 1160 2054 recessit
1189 2014 1218 2052 a
1256 1997 1622 2053 tabernaculo.
1649 1997 1720 2051 Et

135 2111 248 2148 ecce
285 2094 470 2148 Maria
511 2094 653 2162 facta
694 2101 766 2146 est
813 2091 1014 2162 leprosa
1056 2091 1192 2144 sicut
1241 2090 1352 2142 nix.
1399 2089 1484 2142 Ira
1521 2088 1720 2144 furoris

134 2183 346 2238 Domini
369 2181 611 2237 eﬂicitur
637 2195 800 2250 super
822 2194 914 2234 eos
944 2180 1034 2248 qui
1057 2179 1199 2234 male
1221 2178 1515 2248 loquuntur
1545 2188 1601 2233 et
1624 2179 1720 2232 de-

138 2274 371 2329 trahunt.
430 2271 810 2326 Verumtamen
857 2270 1002 2338 quod
1046 2269 1177 2324 dicit
1228 2268 1387 2322 nubes
1431 2269 1638 2322 recessit
1688 2286 1722 2323 a

144 2358 499 2423 tabernaculo,
530 2368 577 2412 et
607 2375 723 2412 ecce
751 2357 926 2411 Maria
957 2358 1098 2427 facta
1127 2366 1203 2412 est
1226 2357 1432 2428 leprosa
1451 2359 1585 2412 sicut
1607 2358 1719 2422 nix,

151 2447 591 2506 considerandum
637 2447 947 2517 diligentius
988 2456 1104 2513 est,
1146 2449 1289 2518 quod
1326 2448 1478 2517 prius
1517 2447 1723 2502 recedit

150 2539 331 2602 nubes,
348 2545 402 2591 et
422 2536 499 2590 ita
518 2536 668 2604 lepra
694 2535 931 2604 repletur
955 2553 968 2589 :
997 2543 1057 2589 ut
1074 2537 1392 2591 ostendatur
1410 2536 1534 2605 quia
1557 2535 1723 2590 etiam

151 2628 191 2682 si
217 2636 298 2682 est
327 2627 382 2680 in
413 2627 597 2696 aliquo
619 2625 795 2696 gratia
827 2625 1063 2696 Spiritus
1089 2625 1259 2679 sancti
1283 2633 1340 2678 et
1361 2625 1632 2680 obtrectat
1659 2640 1723 2678 ac

151 2717 406 2783 detrahit,
437 2717 646 2772 recedit
682 2715 751 2770 ab
785 2731 852 2771 eo
884 2725 1008 2786 post
1033 2715 1521 2779 obtrectationem;
1557 2724 1614 2768 et
1645 2715 1726 2769 sic

149 2806 286 2878 lepra
313 2807 566 2878 repletur
591 2808 771 2861 anima
799 2805 934 2874 ejus.
957 2805 1094 2860 Nam
1123 2814 1179 2860 et
1202 2803 1432 2875 papulas
1462 2803 1550 2858 ille
1575 2804 1726 2872 prior

147 2896 322 2952 habuit
356 2898 411 2952 in
454 2912 518 2952 se
545 2897 778 2966 gratiam
806 2895 941 2962 Dei;
990 2896 1086 2952 sed
1124 2903 1412 2965 postquam
1447 2895 1501 2948 in
1537 2909 1724 2947 verum

148 2977 350 3059 Moysen
384 2988 682 3043 Dominum
723 2994 969 3040 nostrum
1002 2984 1184 3040 Jesum
1225 2983 1503 3040 Christum
1538 2991 1726 3038 exten-

145 3079 328 3136 derunt
375 3080 600 3151 linguas
640 3078 992 3148 blaSphemize
1031 3092 1173 3142 suae,
1215 3076 1464 3132 discessit
1510 3075 1579 3130 ab
1618 3074 1723 3129 illis

1823 1911 2108 1982 Separetur
2143 1921 2332 1982 septem
2376 1913 2554 1966 diebus
2599 1923 2747 1966 extra
2792 1922 3001 1976 castra,
3053 1923 3101 1966 et
3141 1923 3253 1983 post
3293 1915 3406 1969 haec

1822 2004 2076 2058 introibit.
2109 2004 2247 2070 Quid
2285 2013 2368 2060 est
2391 2045 2404 2069 ,
2437 2005 2481 2058 si
2515 2013 2670 2074 pater
2695 2003 2810 2072 ejus
2845 2005 3082 2074 spuisset
3117 2005 3170 2059 in
3210 2004 3404 2060 faciem

1822 2093 1953 2163 ejus,
1986 2095 2335 2149 erubesceret
2362 2105 2567 2164 septem
2604 2094 2825 2148 diebus?
2855 2094 3080 2148 Mariam
3115 2110 3405 2168 synagoga:

1821 2187 1940 2241 loco
1965 2187 2265 2256 posuimus.
2296 2187 2493 2255 Expuit
2518 2195 2672 2256 pater
2697 2185 2813 2254 ejus
2850 2186 2903 2240 in
2933 2185 3146 2240 faciem.
3182 2186 3409 2255 Signum

1821 2275 2032 2345 repudii
2059 2284 2143 2330 est
2173 2277 2226 2329 in
2257 2275 2448 2330 faciem
2489 2276 2731 2345 conspui.
2764 2276 3006 2345 Denique
3041 2275 3096 2328 in
3129 2275 3244 2345 lege
3273 2275 3409 2331 scri-

1819 2373 1973 2436 ptum
2003 2371 2115 2432 est',
2161 2367 2251 2421 ubi
2287 2365 2529 2435 jubctur,
2570 2376 2627 2419 ut
2664 2366 2843 2420 relicta
2870 2369 3132 2436 proximi,
3168 2369 3408 2438 proximo

1822 2459 2003 2512 nubat.
2044 2457 2105 2513 Si
2134 2458 2356 2512 voluerit
2378 2459 2648 2528 proximus
2683 2459 2962 2529 repudiare
2991 2459 3326 2529 conjugium,
3351 2467 3409 2513 ut

1823 2549 2152 2603 decalceatus
2183 2549 2238 2603 in
2269 2549 2457 2618 faciem
2482 2560 2804 2620 conspuatur
2828 2549 3008 2621 (Deut.
3034 2551 3161 2624 xxv)
3189 2570 3201 2605 :
3228 2561 3284 2606 et
3303 2552 3411 2607 hoc

1823 2641 2007 2696 datum
2033 2649 2117 2696 est
2146 2640 2291 2695 velut
2317 2641 2529 2712 signum
2554 2641 2785 2710 repudii.
2816 2640 2955 2695 Hinc
2977 2656 3107 2712 ergo
3133 2640 3324 2704 Maria,
3353 2640 3412 2696 id

1823 2740 1936 2796 est,
1980 2732 2210 2802 populus
2243 2731 2333 2786 ille
2367 2746 2489 2785 cum
2529 2731 2844 2800 repudiatur
2873 2746 2905 2784 a
2938 2731 3068 2796 Deo,
3101 2729 3326 2800 conspui
3354 2729 3414 2786 in

1825 2822 2018 2876 faciem
2057 2821 2272 2876 dicitur.
2327 2821 2600 2875 Habemus
2628 2829 2684 2874 et
2721 2821 2774 2874 in
2811 2819 2918 2874 alio
2951 2819 3072 2873 loco
3100 2819 3414 2888 signiﬁcan-

1826 2913 1959 2967 tiam
1996 2912 2174 2982 sputi,
2216 2927 2342 2966 cum
2385 2912 2516 2966 dicit
2553 2909 2720 2966 Isaias
2765 2929 2778 2964 :
2821 2909 3015 2963 Omnes
3056 2918 3228 2978 gentes
3270 2909 3409 2962 sicut

1825 3011 1985 3073 gutta:
2007 3001 2205 3067 situlte,
2236 3009 2285 3056 et
2303 3001 2439 3056 sicut
2464 3008 2675 3071 sputum
2703 3006 2958 3069 reputatte
2983 3005 3106 3051 sunt
3135 2995 3270 3068 (Isa.
3293 2994 3409 3067 XL).

1826 3091 2142 3150 Ostenditur
2183 3092 2235 3148 in
2271 3091 2374 3148 hoc
2403 3091 2555 3156 loco,
2588 3089 2732 3161 quod
2766 3087 2930 3144 etiam
2960 3086 3192 3158 populus
3219 3086 3310 3142 ille
3337 3085 3415 3142 si-

144 3171 318 3236 nubes,
343 3180 400 3226 et
424 3169 682 3225 transivit
712 3169 780 3223 ad
807 3183 904 3222 nos
928 3168 982 3222 in
1008 3176 1248 3223 montem
1274 3164 1564 3230 excelsum,
1599 3179 1722 3255 cum
1751 3164 1795 3228 C
1827 3193 1920 3238 cm
1945 3191 2133 3255 gemes
2165 3191 2376 3239 amem
2407 3198 2528 3252 qua.
2557 3182 2612 3236 in
2651 3188 2869 3251 ερυωω
2896 3186 3235 3249 reputant”,
3261 3176 3414 3248 πίε..

143 3256 378 3316 Salvator
421 3267 615 3316 noster
655 3257 1076 3314 transformatus
1111 3266 1224 3324 est,
1262 3265 1318 3312 et
1350 3257 1519 3312 nubes
1558 3254 1724 3310 reful-

141 3364 260 3420 gens
297 3349 653 3406 obumbravit
693 3348 986 3419 discipulos
1033 3349 1181 3419 ejus;
1231 3357 1288 3404 et
1328 3348 1477 3403 venit
1514 3362 1618 3402 vox
1656 3346 1722 3402 de

141 3441 271 3496 nube
307 3442 502 3497 dicens
551 3456 566 3494 :
595 3439 699 3494 llic
736 3451 810 3494 est
851 3439 1027 3495 Filius
1063 3458 1209 3496 meus
1251 3441 1504 3506 dilectus,
1535 3442 1591 3493 in
1619 3456 1721 3510 quo

138 3532 260 3585 mihi
293 3534 419 3588 bene
456 3532 778 3603 complacuit
812 3531 1042 3602 (Matth.
1070 3533 1237 3604 xvu).
1280 3533 1410 3588 Post
1447 3535 1550 3587 hoc
1593 3549 1723 3601 ergo

137 3619 298 3677 Maria
319 3623 476 3679 facta
514 3631 601 3677 est
637 3622 849 3692 leprosa
879 3623 1020 3677 sicut
1053 3624 1164 3677 nix.
1202 3623 1379 3678 Donec
1412 3623 1598 3678 aderat
1627 3639 1725 3676 nu-

137 3712 240 3779 bes,
271 3714 451 3770 Maria
478 3729 588 3768 non
615 3724 736 3770 erat
765 3712 1001 3784 leprosa,
1033 3715 1131 3770 sed
1160 3729 1286 3770 cum
1316 3715 1584 3770 discessit.
1618 3713 1726 3768 Do-

133 3821 223 3862 nec
247 3808 406 3863 enim
436 3807 685 3861 visitatio
715 3805 813 3861 Dei
850 3814 970 3860 erat
1006 3806 1061 3860 in
1097 3805 1293 3877 populo
1319 3805 1438 3869 illo,
1471 3821 1578 3860 non
1607 3811 1728 3860 erat

133 3898 401 3971 Ieprosus.
451 3897 558 3952 Ubi
591 3913 721 3954 vero
762 3899 1042 3964 discessit,
1079 3901 1371 3969 ignominia
1419 3899 1600 3954 vultus
1644 3899 1727 3954 sui

133 3991 374 4048 contexit
399 4004 555 4046 eum.
585 3988 694 4045 Sed
718 4005 819 4045 nos
856 3990 1146 4046 timeamus
1176 4005 1244 4045 ne
1269 3989 1409 4045 forte
1433 3989 1730 4060 elfugemus

134 4097 162 4137 a
183 4083 346 4139 nobis
389 4083 545 4136 hanc
579 4080 777 4136 nubem
819 4079 959 4136 male
985 4080 1290 4150 loquendo,
1325 4081 1468 4136 male
1499 4081 1728 4152 agendo,

138 4171 266 4226 male
309 4157 649 4241 cogitando,
697 4176 752 4223 et
790 4176 920 4224 tunc
963 4169 1246 4240 apparebit
1286 4170 1339 4224 in
1385 4169 1540 4226 nobis
1583 4169 1730 4239 lepra

139 4262 353 4328 pacati.

201 4348 268 4404 Et
291 4351 530 4421 respexit
561 4350 742 4404 Aaron
774 4350 844 4403 ad
872 4349 1126 4414 Mariam,
1149 4358 1198 4404 et
1223 4365 1339 4404 ecce
1367 4358 1480 4404 erat
1501 4347 1725 4420 leprosa.

142 4439 204 4494 Et
230 4442 362 4496 dixit
389 4442 587 4497 Aaron
613 4441 682 4496 ad
713 4435 932 4512 Moysen
963 4455 981 4493 :
1008 4439 1229 4506 Precor,
1252 4441 1494 4508 Domine,
1518 4457 1581 4494 ne
1602 4457 1730 4494 con-

1825 3281 1944 3330 ctus
1987 3282 2091 3330 est.
2142 3273 2210 3328 Et
2254 3288 2443 3329 revera
2493 3272 2538 3327 si
2594 3271 2906 3328 consideres
2949 3271 3212 3326 honorem
3258 3269 3414 3324 illum

1823 3366 2095 3436 priorem,
2129 3380 2253 3420 cum
2290 3364 2615 3435 pontiﬁcalis
2657 3363 2798 3435 apud
2841 3378 2936 3419 eos
2974 3363 3109 3419 ordo
3157 3361 3413 3428 ﬂorebat,

1823 3473 1947 3512 cum
1985 3457 2214 3528 insignia
2253 3457 2595 3512 sacerdotum
2615 3495 2630 3521 ,
2662 3470 2785 3510 cum
2814 3453 3056 3509 Levitica
3084 3451 3416 3518 ministeria,

1825 3563 1949 3602 cum
1988 3547 2245 3615 majestas
2274 3548 2488 3616 templi,
2516 3559 2640 3602 cum
2675 3545 3014 3616 prophetalis
3051 3543 3328 3613 splendor,
3357 3548 3418 3596 et

1827 3652 1951 3692 cum
1987 3637 2299 3691 caelestibus
2341 3652 2505 3705 super
2539 3645 2738 3690 terram
2773 3634 3063 3689 consortiis
3100 3633 3416 3698 utebantur,

1828 3727 1922 3795 qui
1959 3726 2132 3780 honor
2178 3725 2282 3780 fuit
2308 3725 2397 3780 ille
2418 3763 2433 3789 ,
2461 3740 2584 3793 qua:
2612 3723 2819 3792 gloria?
2853 3723 2922 3776 Et
2949 3737 3165 3775 rursum
3196 3721 3242 3776 si
3269 3736 3418 3778 nunc

1829 3819 2083 3890 aspicias,
2113 3825 2318 3888 quanto
2344 3816 2411 3872 de
2436 3816 2633 3870 decore
2662 3815 3003 3876 horrescant,
3035 3811 3153 3866 sine
3192 3810 3416 3880 templo,

1829 3911 1947 3966 sine
1977 3909 2171 3974 altari,
2205 3907 2322 3963 sine
2366 3905 2669 3970 sacrificio,
2715 3905 2834 3960 sine
2871 3902 3187 3972 prophetia,
3215 3911 3270 3956 et
3299 3900 3429 3959 sine,

1830 3999 2135 4054 sacerdotio
2155 4036 2170 4063 ,
2207 3997 2323 4052 sine
2349 3996 2455 4050 ulla
2486 3995 2694 4051 caalesti
2722 3993 3036 4049 visitatione
3062 3991 3290 4060 dispersi
3315 4005 3416 4060 per

1831 4104 2044 4144 omnem
2078 4096 2282 4142 terram
2304 4126 2318 4151 ,
2346 4085 2572 4157 profuge
2598 4086 2869 4149 viventes,
2907 4082 3030 4152 quis
3053 4095 3160 4136 non
3191 4079 3417 4134 eviden-

1832 4189 1915 4235 ter
1934 4187 2211 4250 agnoscat,
2240 4178 2509 4248 quomodo
2532 4176 2783 4246 conspuit
2807 4183 2962 4244 pater
2987 4173 3106 4243 ejus
3133 4172 3187 4226 in
3221 4170 3418 4226 faciem

1831 4269 1976 4338 ejus,
2019 4278 2076 4323 et
2109 4267 2345 4339 perfudit
2381 4267 2561 4321 vultus
2599 4280 2788 4321 eorum
2825 4262 3157 4336 ignominia?
3197 4261 3422 4330 Septem

1829 4374 1959 4430 ergo
1991 4359 2179 4415 diebus
2215 4365 2497 4427 separatur
2524 4365 2680 4412 extra
2717 4363 2917 4411 castra.
2947 4353 3195 4407 Diximus
3216 4351 3332 4420 jam
3358 4350 3417 4404 in

1831 4450 2200 4520 superioribus
2225 4449 2370 4518 quod
2395 4455 2602 4517 septem
2626 4446 2744 4500 dies
2771 4443 2860 4499 isti
2882 4441 3244 4511 septimanam
3264 4452 3423 4492 mun-

144 4530 308 4587 tuleris
342 4533 401 4587 in
434 4548 535 4586 nos
572 4541 878 4602 peccatum,
907 4532 1154 4602 quoniam
1190 4532 1546 4601 ignorauimus
1585 4531 1726 4602 quod
1752 4501 1807 4562 Β
1830 4501 2125 4609 (Πᾟώᾧῖ
2141 4501 2472 4609 designent:
2501 4501 2560 4592 In
2613 4534 2918 4604 septimana
2944 4501 3119 4586 -enim
3173 4527 3417 4595 dierum,

142 4625 454 4688 peccauimus
482 4637 502 4675 :
533 4637 600 4676 ne
638 4620 733 4691 ﬁat
774 4621 945 4676 simile
982 4623 1161 4686 morti,
1200 4631 1249 4676 et
1284 4633 1341 4676 ut
1378 4622 1597 4678 aborsus
1624 4623 1732 4693 eje-

144 4720 243 4766 ctus
283 4714 345 4768 de
386 4714 548 4770 vulva
589 4714 800 4769 matris.
844 4713 916 4766 Et
966 4713 1186 4768 comedit
1233 4713 1510 4767 dimidium
1557 4715 1732 4768 carnis

145 4800 263 4868 ejus.
303 4803 434 4858 V-ult
473 4804 537 4858 in
569 4803 680 4858 hoc
713 4802 1031 4866 ostendere,
1078 4801 1205 4870 quia
1244 4801 1471 4872 populus
1497 4802 1588 4856 ille
1618 4802 1731 4856 for-

145 4899 309 4948 matus
334 4894 392 4948 in
419 4893 588 4948 vulva
618 4892 840 4961 quidem
866 4891 1032 4946 fuerit
1061 4907 1172 4946 suae
1199 4891 1396 4946 matris
1425 4906 1729 4962 synagogze,

143 4995 238 5038 non
254 4993 432 5040 tamen
448 4983 751 5056 pervenire
769 4982 1008 5052 potuerit
1027 4981 1094 5035 ad
1116 4979 1365 5036 etl‘ectum
1385 4989 1440 5037 et
1460 4981 1731 5051 integrum

145 5084 376 5144 partum;
419 5079 572 5134 sicut
611 5074 764 5130 enim
801 5072 1030 5127 aborsus
1067 5071 1413 5142 imperfectus
1439 5081 1494 5127 et
1526 5073 1732 5128 incom-

145 5167 337 5234 positus
358 5177 446 5224 est
473 5175 701 5239 partus,
729 5164 891 5220 itaet
917 5161 1005 5217 ille
1038 5161 1268 5233 populus
1306 5163 1578 5232 aliquanto
1612 5165 1735 5234 qui-

149 5254 258 5312 dem
293 5267 548 5331 tempore
589 5257 742 5312 intra
774 5253 992 5310 vulvam
1028 5251 1220 5306 matris
1242 5291 1257 5316 ,
1293 5252 1397 5307 hoc
1434 5260 1550 5316 est,
1591 5253 1736 5308 intra

150 5361 418 5423 synagoga:
454 5346 865 5406 institutionem
893 5343 1103 5414 positus
1127 5349 1240 5406 est;
1272 5341 1368 5396 sed
1393 5342 1631 5411 peccatis
1659 5343 1735 5398 in-

150 5443 543 5500 tercedentibus
567 5438 804 5495 formari
827 5437 895 5491 ad
918 5436 1207 5504 integrum,
1233 5433 1606 5504 vivificarique
1629 5449 1735 5490 non

150 5535 328 5598 potuit.
366 5537 439 5592 Et
477 5537 610 5591 ideo
650 5530 844 5602 ahjecti
887 5538 1012 5585 sunt
1049 5528 1196 5582 velut
1220 5527 1449 5584 aborsus
1481 5525 1734 5598 imperfe-

153 5629 262 5677 ctus
285 5634 340 5679 et
365 5627 738 5686 immaturus,
771 5631 996 5692 peccato
1032 5619 1236 5674 scilicet
1274 5627 1628 5675 consumente
1656 5617 1739 5670 di-

154 5718 398 5790 midium,
427 5728 491 5777 ut
519 5720 634 5785 ait,
677 5715 851 5770 carnis
890 5713 1026 5777 ejus.
1057 5711 1125 5767 Et
1154 5719 1335 5768 tamen
1373 5709 1644 5766 interdum
1681 5714 1739 5764 et

1827 4642 2094 4690 creatum
2116 4632 2284 4687 totius
2311 4628 2542 4684 visibilis
2563 4627 2843 4696 productae
2868 4619 3122 4676 videntur
3143 4633 3266 4676 esse
3293 4617 3420 4674 sub-

1829 4724 2063 4780 stantiae.
2100 4721 2255 4776 Tunc
2293 4719 2438 4774 enim
2485 4733 2606 4786 quae
2645 4730 2755 4770 non
2791 4709 3164 4776 erant,-facta
3191 4716 3335 4764 sunt.
3359 4706 3420 4763 In

1830 4813 2134 4882 septimana
2170 4823 2301 4864 vero
2343 4806 2509 4863 totius
2549 4803 2772 4867 mundi,
2825 4807 3036 4858 secreta
3085 4798 3319 4870 quadam
3364 4805 3422 4854 et

1834 4903 1947 4956 Deo
1973 4899 2186 4970 cognita
2226 4896 2629 4966 dispensatione
2649 4935 2664 4960 ,
2694 4907 2815 4964 quae
2845 4900 2974 4946 tunc
3009 4891 3272 4962 producta
3294 4894 3422 4942 sunt

1838 4990 2197 5060 explicantur.
2240 4986 2464 5042 Interim
2504 4985 2559 5039 in
2601 4983 2703 5038 hac
2741 4980 3041 5051 septimana
3082 4993 3188 5050 qua
3230 4989 3422 5048 seque-

1838 5091 2011 5141 strata
2064 5090 2148 5137 est
2195 5079 2364 5134 Maria
2391 5118 2406 5143 ,
2457 5091 2564 5132 non
2617 5084 2903 5131 moventur
2950 5080 3135 5130 castra
3186 5069 3420 5127 filiorum

1835 5178 2032 5242 Israel,
2061 5177 2157 5232 sed
2185 5182 2334 5232 stant
2355 5188 2464 5228 uno
2499 5173 2553 5228 in
2580 5173 2701 5229 loco
2739 5171 3013 5236 conclusi,
3043 5177 3100 5225 et
3133 5167 3311 5223 nullus
3336 5173 3423 5221 est

1838 5269 1919 5324 eis
1951 5267 2172 5324 omnino
2202 5263 2508 5335 profectus,
2532 5265 2704 5321 donec
2733 5263 3026 5320 mandetur
3067 5256 3234 5314 Maria
3273 5271 3306 5312 a
3342 5253 3422 5311 le-

1839 5375 1938 5432 pra
1958 5373 2076 5414 sua.

2461 5444 2689 5503 CAPUT
2727 5443 2797 5498 X.

1841 5543 1920 5598 De
1947 5540 2222 5610 duodecim
2263 5537 2677 5610 exploratoribus
2711 5533 2886 5610 missis
2911 5548 2957 5610 _a
2999 5525 3180 5610 Moyse
3216 5525 3272 5610 in
3310 5535 3418 5580 ter-

1972 5628 2086 5665 ram
2113 5602 2388 5673 Chanaan,
2418 5620 2464 5664 et
2495 5609 2557 5662 de
2583 5608 2663 5660 Itis
2684 5619 2799 5672 qum
2830 5602 2951 5653 inde
2975 5605 3118 5679 gesta
3142 5604 3285 5651 sunt.

1843 5714 1857 5761 '.
1913 5703 2066 5776 (ΟΛΡ.
2100 5701 2244 5775 xm.)
2274 5699 2551 5773 Profectus
2581 5703 2654 5751 est
2683 5690 2906 5764 populus
2931 5688 2996 5744 de
3031 5687 3272 5756 Aseroth,
3299 5687 3425 5770 ﬁxi.
