3892 6346
499 335 600 392 671

1156 326 1216 379 Β.
1259 322 1513 379 RA‘BANI
1551 321 1769 379 MAURI
1806 317 2133 374 ARCHIEP.
2173 317 2480 374 MOGUN'I‘.
2517 317 2805 375 OPERUII
2841 317 3022 376 PARS
3061 321 3102 374 I.

3647 326 3739 382 672

497 451 575 506 ita
603 455 660 504 et
681 459 784 503 nos
804 448 1020 515 oportet
1039 439 1310 509 expellere
1330 437 1634 494 Jebusteum
1657 436 1725 489 de
1750 431 2072 495 Jerusalem,
2101 429 2158 492 Λ
2180 445 2306 500 ceps
2335 431 2530 502 agitur,
2561 439 2617 486 et
2638 433 2706 487 ad
2735 431 3050 502 lapidandos
3072 431 3302 504 eos,'qui'
3315 433 3461 492 bona
3482 439 3734 509 nuntiant,

495 548 550 596 et
599 538 678 592 sic
724 533 1092 590 haereditatem
1139 530 1254 598 ejus
1302 528 1578 596 consequi.
1621 525 1726 581 Sed
1748 525 1826 578 illi
1855 523 2072 593 quidem

496 629 769 686 faciebant
792 627 909 681 haec
939 625 1106 679 armis
1127 623 1453 687 visibilibus,
1488 635 1590 677 nos
1621 627 1800 674 autem
1830 616 2074 672 invisibi-

494 719 654 774 libus.
685 715 765 773 Illi
794 714 1085 770 vincebant
1110 711 1482 780 corporalibus
1519 708 1743 778 praeliis,
1772 723 1872 762 nos
1893 713 2073 760 autem

497 807 728 884 spiritali
775 805 1074 862 certamine
1122 817 1422 874 speramus.
1468 799 1624 866 Quod
1656 799 1698 853 si
1740 798 1822 851 vis
1862 796 2071 861 audire,

495 902 716 970 Paulus,
744 901 836 971 qui
866 915 974 956 non
998 896 1170 952 solum
1197 895 1456 966 magister
1485 893 1744 964 gentium,
1774 891 1869 946 sed
1895 898 1952 945 et
1973 890 2096 956 mi-_

495 993 626 1050 litize
654 992 812 1062 hujus
837 991 1096 1060 magister
1119 997 1219 1052 est,
1247 985 1516 1056 quomodo
1554 981 1875 1053 pugnaverit
1899 981 2070 1050 prior,

495 1084 622 1139 audi
645 1083 774 1154 quid
803 1081 920 1152 ipse
948 1079 1242 1144 describat,
1267 1077 1406 1132 sicut
1431 1076 1596 1129 etiam
1617 1088 1779 1140 supra
1807 1087 2074 1127 memora-

491 1178 670 1233 vimus
701 1192 714 1229 :
752 1173 877 1228 Non
927 1181 1024 1236 est,
1073 1170 1266 1241 inquit,
1318 1168 1465 1222 nobis
1496 1166 1794 1222 colluctatio
1826 1164 2072 1220 adversus

495 1284 708 1324 carnem
729 1275 777 1322 et
803 1265 1128 1335 sanguinem,
1158 1262 1247 1317 sed
1278 1261 1527 1315 adversus
1551 1258 1878 1329 principatus
1903 1265 1949 1310 et
1982 1271 2075 1325 po—

495 1368 728 1430 testates,
754 1357 1001 1412 adversus
1031 1363 1254 1409 rectores
1280 1353 1462 1408 mundi
1505 1351 1666 1421 hujus
1719 1350 2069 1414 tenebrarum,

493 1435 768 1512 adversum
787 1444 1052 1516 spiritalia
1075 1445 1314 1515 nequitur
1342 1444 1393 1495 in
1423 1440 1708 1496 cazlestibus
1738 1436 2068 1510 (Ephes.v1).

490 1523 788 1610 Propterea
808 1547 863 1592 et
888 1539 1028 1593 hanc
1055 1551 1292 1606 pugnam
1321 1531 1618 1604 spiritalem
1644 1539 1804 1600 atque
1830 1527 2073 1584 invisibi-

491 1629 597 1685 lem
645 1628 987 1700 pugnaturis,
1036 1625 1299 1697 spiritalia
1344 1639 1495 1680 arma
1527 1631 1582 1679 et
1636 1622 1926 1676 invisibilia
1964 1618 2072 1676 tela

2175 523 2384 592 prosilit
2412 542 2424 577 :
2454 523 2706 592 Maiestas
2751 524 2965 580 Domini
3018 537 3145 594 vero
3175 526 3412 596 protegit
3442 542 3541 582 eos
3577 529 3631 586 in
3653 548 3735 587 nu-

2173 614 2348 679 bibus,
2381 624 2434 669 et
2455 617 2592 672 dixit
2610 615 2869 672 Dominus
2882 617 2950 672 ad
2969 617 3190 687 Moysen
3213 635 3226 670 :
3253 616 3470 674 Feriam
3485 636 3574 676 eos
3593 635 3734 679 morte

2174 713 2234 772 et
2251 705 2547 758 interimam
2567 723 2673 770 eos,
2705 716 2752 759 et
2777 706 2974 776 faciam
2996 716 3045 762 te
3066 716 3114 760 et
3140 707 3351 761 domum
3392 711 3564 779 patris
3593 715 3661 765 tui
3687 715 3732 768 in

2176 795 2436 848 nationem
2461 812 2726 865 magnam,
2747 807 2795 850 et
2822 795 2984 850 multo
3011 799 3373 869 magis,quam
3399 801 3516 856 lure
3549 815 3638 858 est.
3661 805 3730 861 Fit

2175 899 2303 952 ergo
2336 893 2482 940 tanta
2514 888 2629 942 haec
2648 887 2995 944 comminatio
3024 903 3055 944 a
3089 890 3340 955 Domino,
3362 907 3477 946 non
3502 902 3559 946 ut
3587 896 3729 964 passi-

2173 974 2297 1030 bilis
2317 983 2372 1028 et
2401 976 2692 1032 iracundia:
2717 977 2845 1032 vitio
2887 978 3170 1047 subiacens
3216 982 3528 1036 ostenditur
3578 985 3725 1041 divisa

2174 1075 2388 1133 natura,
2415 1068 2511 1122 sed
2539 1077 2598 1122 ut
2643 1085 2742 1138 per
2763 1071 2878 1125 haec
2905 1079 2959 1124 et
2986 1071 3153 1142 Moysi
3178 1073 3418 1128 cbaritas
3441 1090 3604 1144 quam
3625 1093 3723 1148 erga

2173 1159 2428 1229 populum
2459 1159 2784 1225 habebat,et
2807 1160 2902 1215 Dei
2933 1160 3170 1226 bonitas,
3202 1178 3322 1232 qua:
3348 1179 3518 1234 supra
3547 1181 3721 1222 omnem

2173 1257 2407 1302 mentem
2422 1257 2505 1304 est
2519 1251 2934 1305 innotescerent.
2955 1249 3225 1306 Scribitur
3245 1255 3392 1308 enim
3426 1255 3591 1310 irasci
3610 1245 3742 1312 Deus-

2172 1346 2228 1392 et
2249 1339 2568 1394 comminari
2599 1339 2874 1394 interitum
2901 1341 3118 1410 populo,
3161 1357 3269 1412 quo
3308 1343 3573 1399 doceatur
3593 1347 3720 1402 homo

2174 1435 2382 1482 tantum
2409 1429 2511 1484 sibi
2537 1445 2656 1486 esse
2686 1431 2826 1498 apud
2848 1431 3017 1494 Deum
3044 1431 3147 1486 loci
3177 1441 3499 1503 tantumque
3528 1419 3719 1502 ﬁduciae,

2173 1527 2233 1572 ut
2254 1520 2418 1574 etiam
2449 1521 2494 1575 si
2516 1521 2584 1575 sit
2613 1521 2788 1592 aliqua
2822 1523 2875 1578 in
2917 1522 3028 1577 Deo
3075 1524 3394 1594 indignatio,
3425 1527 3718 1584 obsecratio-

2171 1607 2329 1662 nibus
2351 1609 2630 1679 mitigetur
2653 1611 2924 1677 humanis,
2950 1620 3263 1682 tantumque
3291 1615 3356 1680 de
3375 1630 3441 1670 eo
3465 1617 3716 1686 impetrare

489 1719 766 1789 componit
791 1727 846 1774 et
887 1718 1018 1772 dicit
1051 1733 1064 1770 :
1101 1714 1316 1768 Induite
1340 1730 1427 1768 vos
1453 1712 1672 1768 loricam
1726 1711 1995 1764 charitatis
2021 1718 2068 1764 et
2095 1773 2144 1789 ἣ
2169 1713 2328 1766 posse
2377 1700 2676 1773 hominem,
2726 1711 2786 1756 ut
2831 1709 2888 1756 et
2931 1705 3149 1773 propria
3178 1704 3424 1760 instituta
3449 1717 3710 1765 convertat.

488 1773 691 1880 9219;."
713 1807 921 1872 “dum,
954 1813 1273 1862 “summa
1325 1811 1531 1864 scutum
1559 1801 1709 1868 ﬁdei,
1744 1801 1800 1854 εη
1819 1816 1921 1870 (μισ
1944 1816 2066 1870 ροε-
2095 1773 2398 1862 B-Bonitas
2415 1793 2560 1848 enim
2583 1809 2702 1863 quae
2731 1796 3080 1866 subsequitur
3111 1798 3476 1865 iracundiam,
3504 1810 3557 1854 et
3581 1800 3710 1871 Moysi

488 1901 600 1968 sitis
621 1900 797 1952 omnia
826 1897 928 1951 tela
949 1895 1164 1966 maligni
1192 1894 1355 1963 ignita
1379 1892 1724 1961 exstinguere.
1757 1889 1864 1944 Sed
1883 1898 1930 1943 et
1955 1886 2067 1958 gla-

488 1969 634 2048 dium
665 1991 902 2061 spiritus,
930 1987 1122 2058 inquit,
1151 1987 1418 2050 assumite,
1465 1984 1603 2053 quod
1633 1993 1707 2037 est
1734 1983 1946 2036 verbum
1968 1981 2065 2036 Dei

488 2077 698 2156 (Ibid).
724 2078 859 2136 Cum
881 2093 1009 2149 ergo
1036 2076 1232 2132 talibus
1259 2085 1313 2130 te
1335 2073 1634 2127 armaveris
1672 2071 1809 2136 telis,
1835 2087 2066 2141 sequens

484 2161 902 2233 Iesum-ducem,
933 2183 1040 2222 non
1078 2165 1319 2221 verearis
1363 2165 1606 2238 gigantes
1652 2164 1791 2219 illos.
1849 2164 2066 2218 Videbis

484 2261 627 2316 enim
655 2258 922 2330 quomodo
951 2273 1044 2313 eos
1067 2257 1162 2312 tibi
1194 2255 1442 2326 subiiciet
1469 2252 1645 2309 Jesus.
1680 2255 1748 2308 Et
1779 2255 1920 2309 sicut
1965 2253 2065 2307 Pa-

485 2358 597 2406 tres
617 2349 967 2406 calcaverunt
994 2346 1239 2402 cervices
1260 2345 1522 2418 gentium,
1564 2345 1635 2398 ita
1657 2353 1712 2399 et
1742 2353 1799 2398 tu
1830 2344 2066 2399 calcabis

485 2425 648 2508 super
673 2437 914 2492 cervices
938 2436 1237 2490 hominum.
1261 2435 1379 2506 Ipse
1395 2435 1540 2489 enim
1568 2434 1698 2488 dicit
1721 2434 1805 2488 his
1828 2435 1918 2502 qui
1941 2449 2062 2486 eum

487 2527 718 2582 ﬁdeliter
745 2535 1045 2596 sequuntur
1072 2545 1084 2580 :
1110 2523 1243 2580 Ecce
1272 2527 1408 2578 enim
1437 2525 1558 2578 dedi
1586 2525 1725 2578 vobis
1759 2533 2062 2594 potestatem

484 2605 725 2672 calcandi
751 2635 907 2688 super
925 2625 1184 2688 serpentes
1206 2625 1252 2669 et
1276 2616 1597 2684 scorpiones,
1621 2621 1667 2667 et
1684 2630 1840 2682 super
1860 2629 2062 2665 omnem

482 2708 722 2762 virtutem
747 2707 946 2761 inimici
1004 2704 1158 2779 (Luc.
1187 2705 1265 2776 x).
1309 2703 1434 2760 Vult
1471 2705 1616 2758 enim
1666 2701 1822 2757 Jesus
1851 2717 2066 2772 semper

481 2811 571 2852 res
595 2796 872 2852 mirabiles
897 2795 1107 2861 facere;
1158 2795 1272 2850 vult
1322 2795 1388 2850 de
1417 2794 1641 2850 locustis
1674 2795 1918 2866 gigantes
1947 2794 2064 2847 vin-

482 2902 635 2953 cere;
668 2897 724 2944 et
752 2891 816 2944 de
837 2889 925 2944 his
945 2890 1035 2959 qui
1064 2888 1119 2943 in
1149 2888 1312 2944 terris
1354 2895 1479 2943 sunt
1523 2887 1772 2943 cmlestes
1801 2901 2064 2956 superare

484 2979 774 3048 nequitias.
801 2979 869 3034 Et
891 2980 1123 3036 fortasse
1149 2978 1253 3034 hoc
1273 2985 1409 3042 erat,
1425 2977 1568 3049 quod
1584 2978 1797 3033 dicebat
1813 2978 1866 3032 in
1892 2977 2065 3031 Evan-

483 3068 637 3138 geliis
656 3086 669 3121 :
690 3066 828 3133 Quia
843 3070 932 3138 qui
945 3067 1108 3123 credit
1122 3068 1176 3121 in
1188 3084 1326 3134 eum,
1343 3085 1446 3122 non
1463 3067 1630 3121 solum
1645 3067 1802 3137 faciet
1815 3065 1928 3132 illa,
1943 3082 2062 3137 quae

2168 1881 2420 1937 ﬁduciam
2440 1885 2678 1938 ostendit
2703 1887 2844 1955 apud
2867 1885 3059 1952 Deum,
3083 1895 3137 1940 et
3161 1887 3394 1944 alienam
3441 1891 3513 1945 ab
3539 1892 3712 1950 iracun-

2168 1971 2269 2026 diae
2318 1973 2450 2028 vitio
2492 1974 2729 2029 divinam
2751 1973 2940 2030 “docet
2985 1991 3107 2031 esse
3147 1987 3444 2033 naturam:
3480 1981 3624 2035 simul
3669 1991 3712 2036 ct

2167 2064 2488 2134 mysterium
2518 2065 2572 2118 in
2598 2065 2780 2120 szeculi
2804 2065 3000 2121 futuris
3022 2067 3345 2138 explendum
3373 2073 3604 2127 continet
3621 2088 3712 2128 ser-

2167 2168 2275 2218 mo,
2300 2168 2396 2222 per
2418 2170 2580 2224 quem
2608 2156 2879 2226 promittit
2899 2155 3198 2227 Deusquod
3219 2159 3384 2215 alium
3408 2161 3509 2216 hoc
3531 2163 3711 2231 abiecto

2167 2245 2474 2300 resuscitet.
2507 2244 2599 2298 Ait
2622 2246 2769 2299 enim
2795 2261 2809 2300 :
2834 2244 3136 2300 Percutiam
3160 2265 3248 2302 eos
3271 2261 3431 2304 morte
3453 2261 3499 2304 et
3517 2251 3710 2320 perdam

2165 2348 2276 2398 eos,
2297 2343 2346 2386 et
2369 2334 2565 2404 faciam
2591 2344 2640 2388 te
2662 2345 2711 2388 et
2733 2336 2947 2390 domum
2967 2338 3134 2406 patris
3159 2339 3239 2392 tui
3264 2341 3320 2392 in
3348 2342 3596 2395 nationem
3613 2359 3711 2396 ma-

2164 2441 2343 2495 gnam,
2376 2425 2538 2479 multo
2562 2429 2729 2496 magis
2751 2445 2910 2498 quam
2935 2429 3046 2483 haec
3071 2440 3167 2483 est.
3213 2430 3568 2488 Comminatio
3590 2434 3707 2487 enim

2165 2512 2302 2578 haec,
2334 2529 2441 2569 non
2488 2523 2571 2570 est
2619 2516 2917 2582 iracundia,
2955 2518 3048 2572 sed
3075 2520 3380 2590 prophetia.
3409 2519 3707 2576 Assumenda

2165 2619 2399 2674 namque
2439 2615 2557 2660 erat
2586 2607 2692 2661 alia
2728 2609 2900 2676 natio,
2926 2608 2979 2662 id
3018 2619 3124 2675 est,
3172 2612 3403 2682 populus
3444 2614 3544 2668 iste
3567 2614 3709 2667 natio-

2164 2712 2316 2762 num,
2345 2699 2440 2753 sed
2485 2713 2592 2752 non
2637 2714 2736 2768 per
2774 2699 3014 2770 Moysen.
3075 2699 3373 2756 Excusavit
3420 2718 3479 2757 se
3515 2717 3709 2771 namque

2166 2787 2398 2859 Moyses.
2429 2786 2649 2844 Sciebat
2676 2806 2911 2861 namque
2939 2792 3064 2861 quia
3096 2807 3229 2863 gens
3263 2793 3354 2848 illa
3383 2809 3588 2865 magna,
3609 2808 3709 2863 qua!

2164 2878 2579 2946 repromittitur,
2601 2895 2708 2934 non
2729 2896 2828 2950 per
2849 2879 3070 2952 Moysen
3091 2883 3334 2937 vocanda
3360 2894 3502 2949 erat,
3531 2886 3612 2940 sed
3629 2899 3709 2955 per

2162 2965 2350 3021 Jesum
2375 2966 2669 3035 Christum,
2695 2978 2750 3025 et
2780 2986 2887 3042 non
2923 2970 3210 3038 Mosaieus,
3262 2973 3359 3029 sed
3407 2974 3708 3030 Christianus

2164 3067 2284 3112 erat
2330 3060 2558 3128 populus
2599 3061 2968 3132 appellandus.
3021 3062 3231 3119 Idcirco
3291 3064 3461 3135 igitur
3501 3065 3708 3135 pluribus

480 3137 589 3227 ipse
602 3157 750 3227 facit,
767 3137 863 3212 sed
879 3158 1107 3229 majora,
1129 3157 1526 3227 inquit,horum
1549 3157 1702 3227 faciet
1725 3155 1905 3229 (Joan.
1922 3155 2057 3228 xxv).
2089 3137 2134 3202 Ο
2163 3149 2483 3206 CXIIOI‘latur
2533 3151 2742 3223 Moyses
2778 3169 2875 3224 pro
2903 3152 3101 3223 populo
3144 3152 3270 3220 illo;
3308 3155 3560 3213 Dominus
3597 3169 3709 3209 vero

484 3247 627 3302 Vere
653 3247 797 3301 enim
830 3249 1003 3318 maius
1033 3249 1166 3302 mihi
1224 3249 1452 3315 videtur,
1487 3248 1532 3304 si
1583 3250 1746 3303 homo
1798 3249 1853 3303 in
1895 3263 2060 3304 carne

482 3327 715 3409 positus,
740 3335 946 3408 fragilis
976 3347 1031 3392 et
1059 3339 1317 3404 caducus,
1365 3338 1468 3394 fide
1517 3346 1726 3392 tantum
1777 3337 1980 3393 Christi
2007 3346 2061 3394 et

485 3429 653 3484 verbo
674 3428 791 3499 eius
817 3437 1077 3494 armatus,
1106 3445 1270 3500 super
1295 3430 1540 3510 gigaﬁes
1568 3431 1870 3486 daamonum
1900 3430 2057 3503 legis,

488 3520 738 3589 quamvis
758 3519 873 3590 ipse
897 3520 967 3574 sit
990 3520 1083 3591 qui
1113 3519 1280 3574 vincit
1302 3519 1358 3574 in
1377 3520 1554 3586 nobis,
1580 3521 1699 3592 plus
1725 3531 1905 3576 tamen
1929 3522 2061 3576 dicit

485 3622 623 3673 esse,
655 3610 796 3678 quod
825 3625 923 3680 per
945 3625 1044 3666 nos
1067 3609 1234 3665 vincit
1262 3626 1425 3682 quam
1453 3611 1598 3682 quod
1641 3626 1738 3683 per
1782 3627 1841 3668 se
1867 3612 2055 3667 vincit.

487 3699 720 3755 Tantum
746 3708 830 3756 est
849 3707 909 3756 ut
933 3715 1032 3756 nos
1057 3701 1224 3756 armis
1252 3701 1370 3757 istis
1402 3715 1618 3774 semper
1644 3702 1814 3759 simus
1841 3703 2056 3770 armati,

483 3799 540 3846 et
557 3791 897 3848 conversatio
921 3799 1106 3848 nostra
1136 3809 1350 3864 semper
1374 3793 1430 3849 in
1479 3795 1632 3850 cmlis
1655 3795 1746 3861 sit,
1773 3795 1859 3850 vel
1882 3796 2059 3850 omnis

480 3889 660 3936 motus
688 3891 894 3949 noster,
924 3885 1100 3939 omnis
1146 3893 1320 3951 actus,
1373 3885 1550 3940 omnis
1579 3886 1856 3957 cogitatio,
1881 3886 2059 3941 omnis

483 3985 665 4026 sermo
695 3974 936 4028 caelestis
955 3973 1044 4029 sit.
1070 3974 1283 4042 Quanto
1315 3977 1457 4032 enim
1487 3992 1585 4032 nos
1624 3976 1752 4032 illuc
1781 3978 2059 4033 ardentius

479 4063 844 4129 ascendimus,
875 4073 1024 4120 tanto
1051 4066 1127 4120 illi
1154 4068 1462 4137 praecipites
1482 4069 1607 4123 inde
1630 4069 2060 4126 descendenLEt

480 4159 681 4224 quanto
707 4168 806 4207 nos
835 4169 1118 4223 augemur,
1164 4167 1312 4212 tanto
1339 4160 1417 4213 illi
1465 4159 1748 4217 inferiores
1799 4161 2055 4219 eﬂiciunt.

481 4242 633 4314 (CAP.
670 4245 808 4313 xxv.)
832 4242 1064 4316 Cumque
1089 4248 1335 4303 clamaret
1362 4254 1529 4304 omnis
1570 4255 1874 4318 multitudo,
1902 4264 1949 4307 et
1980 4256 2060 4308 la-

479 4333 687 4404 pidibus
712 4334 861 4389 vellet
888 4352 974 4389 eos
1002 4337 1307 4406 opprimere,
1357 4344 1598 4410 apparuit
1649 4345 1818 4413 gloria
1845 4347 2057 4403 Domini

479 4443 635 4498 super
663 4436 852 4482 tectum
879 4427 1110 4498 feederis,
1161 4433 1360 4486 cunctis
1409 4434 1695 4489 videntibus
1742 4437 1930 4493 Israel.
1987 4440 2055 4494 Et

479 4514 611 4568 dixit
664 4515 906 4571 dominus
934 4519 1004 4571 ad
1047 4516 1266 4588 Moysen
1299 4535 1317 4572 :
1347 4518 1618 4594 Usquequo
1659 4525 1891 4582 detrahet
1932 4529 2057 4582 mihi

479 4603 700 4673 populus
728 4605 863 4660 isle.’
891 4606 1170 4680 Quousque
1198 4626 1302 4664 non
1345 4612 1553 4666 credent
1583 4615 1709 4668 mihi
1740 4617 1792 4670 in
1821 4617 2057 4672 omnibus

479 4691 664 4760 signis,
689 4709 806 4760 qua:
833 4695 932 4763 feci
957 4715 1134 4752 coram
1157 4699 1270 4755 eis?
1287 4699 1500 4756 Feriam
1521 4704 1684 4774 igitur
1707 4724 1794 4760 eos
1809 4707 2054 4777 pestilen-

481 4781 558 4835 tia
579 4793 731 4852 atque
745 4801 1080 4855 consumam;
1108 4800 1155 4844 te
1171 4801 1344 4846 autem
1370 4793 1564 4861 faciam
1585 4797 1873 4868 principem
1901 4817 2056 4870 super

483 4881 682 4944 gentem
715 4889 993 4943 magnam,
1018 4887 1067 4932 et
1096 4879 1364 4949 fortiorem
1407 4900 1564 4954 quam
1597 4885 1707 4940 Itwc
1748 4897 1843 4955 est,
1871 4898 1925 4944 et
1954 4891 2051 4946 rel.

483 4963 776 5019 Duodecim
817 4965 968 5020 missi
1018 4977 1146 5023 sunt
1193 4971 1581 5041 inspectatores
1610 4992 1677 5030 ex
1710 4978 1832 5032 [iliis
1866 4980 2051 5047 Israel,

484 5053 550 5108 ad
573 5053 1016 5109 considerandam
1047 5065 1271 5125 terram,
1303 5077 1421 5131 quas
1451 5064 1532 5119 eis
1561 5063 1736 5120 fuerat
1766 5069 2055 5136 repromis-

483 5157 563 5200 sa.
587 5143 653 5200 Hi
682 5161 896 5217 quoque
911 5156 1035 5219 post
1054 5152 1405 5226 quadraginta
1434 5156 1550 5212 dies
1573 5159 1825 5230 regressi,
1841 5159 2053 5216 diversa

484 5238 816 5296 renuntiant.
843 5240 981 5296 Nam
996 5256 1063 5297 ex
1094 5241 1180 5298 his
1197 5245 1252 5298 in
1273 5247 1702 5319 desperationem
1725 5252 1946 5308 mittunt
1966 5269 2057 5325 po-

481 5329 688 5401 pulum.
718 5332 790 5388 ita
823 5343 883 5388 ut
911 5333 1079 5389 velint
1133 5333 1341 5404 abiecto
1391 5339 1592 5412 Moyse,
1641 5343 1842 5415 eligere
1888 5344 2052 5402 alium

485 5425 703 5488 ducem,
731 5430 788 5478 et
811 5425 1012 5479 reverti
1037 5425 1091 5479 in
1127 5423 1449 5497 Egyptum;
1480 5431 1572 5487 alii
1594 5447 1722 5487 vero
1759 5435 1864 5489 duo
1909 5435 2050 5490 bona

483 5514 749 5579 nuntiant,
776 5523 830 5569 et
853 5515 1204 5571 cohortantur
1226 5518 1477 5587 populum
1508 5537 1826 5589 permanere
1868 5525 1921 5579 in
1949 5525 2053 5580 ﬁde

483 5603 722 5662 dicentes
755 5625 768 5661 :
801 5607 862 5663 Si
887 5609 1058 5680 diligit
1087 5627 1180 5664 nos
1214 5605 1376 5674 Deus,
1431 5611 1720 5667 introducet
1751 5631 1842 5669 nos
1867 5616 1922 5669 in
1952 5626 2056 5670 ter-

485 5709 597 5747 ram
615 5698 769 5753 hanc.
796 5699 904 5761 Sed
919 5703 1144 5772 populus
1165 5701 1498 5758 inﬁdelitatis
1520 5701 1894 5774 desperatione
1913 5723 2053 5777 pras-

2160 3243 2520 3312 correptionis
2545 3244 2762 3298 modum
2799 3243 2996 3299 librata
3032 3245 3434 3314 moderatione,
3469 3248 3710 3320 dispensat

2159 3337 2213 3385 et
2236 3331 2369 3387 dicit
2395 3351 2408 3387 :

2233 3420 2502 3486 Quia‘viri
2529 3424 2755 3495 quidem,
2783 3426 2873 3495 qui
2895 3427 3132 3480 exierunt
3170 3427 3236 3481 de
3281 3428 3530 3502 Egypto,
3554 3438 3600 3484 et
3619 3438 3715 3482 ten-

2160 3522 2401 3569 taverunt
2429 3533 2510 3569 me
2541 3527 2696 3587 atque
2735 3517 2993 3572 increduli
3013 3531 3438 3588 permanserunt,
3464 3522 3640 3577 cadent
3666 3520 3718 3573 in

2159 3605 2363 3660 deserto
2415 3607 2511 3660 hoc
2542 3622 2559 3660 :
2586 3607 2658 3662 Et
2688 3625 2790 3662 non
2815 3609 3083 3677 videbunt,
3113 3611 3304 3682 inquit,
3334 3623 3536 3675 terram,
3564 3627 3719 3682 quam

2151 3698 2336 3767 juravi
2357 3699 2593 3768 patribus
2617 3715 2830 3765 eorum;
2847 3701 2936 3754 sed
2961 3700 3061 3770 ﬁlii
3078 3719 3267 3766 eorum,
3279 3702 3370 3771 qui
3378 3712 3501 3755 sunt
3517 3715 3718 3754 mecum

2157 3791 2260 3854 hic,
2283 3791 2574 3861 quicunque
2601 3792 2843 3860 ignorant
2862 3792 3055 3846 bonum
3082 3794 3155 3848 vel
3174 3793 3390 3847 malum.
3414 3790 3506 3847 Sit
3525 3790 3696 3846 (ortas

2159 3879 2234 3934 sis
2265 3879 2467 3948 aliquid
2489 3880 2654 3934 etiam
2703 3882 2902 3937 secreti
2947 3883 3190 3955 mysterii
3224 3883 3279 3938 in
3307 3883 3496 3938 verbis
3517 3880 3716 3936 Domini

2161 3968 2391 4025 dicentis
2422 3987 2435 4023 :
2463 3967 2592 4023 Filii
2624 3970 2877 4040 ipsorum,
2928 3973 3017 4041 qui
3074 3981 3195 4027 sunt
3224 3989 3428 4026 mecum
3476 3972 3568 4025 hic.
3622 3967 3711 4024 Ubi

2157 4076 2360 4114 mecum
2380 4061 2469 4115 hic
2488 4061 2510 4114 ’ἶ
2533 4061 2640 4114 Αιιῑ
2669 4061 2937 4132 quomodo
2965 4064 3207 4117 mecum?
3252 4063 3355 4131 Qui
3387 4063 3545 4118 habet
3570 4074 3714 4116 aures

2160 4151 2363 4205 audiat.
2398 4149 2505 4205 Nos
2533 4152 2753 4206 interim
2780 4152 3028 4217 dicimus,
3053 4153 3180 4223 quia
3214 4163 3402 4224 patres
3434 4152 3595 4210 nostri
3620 4149 3715 4204 fue-

2161 4251 2285 4295 runt
2306 4243 2532 4312 populus
2560 4243 2647 4296 ille
2675 4244 2853 4313 prior;
2887 4259 2985 4299 nos
3025 4252 3207 4299 autem
3237 4244 3332 4298 lilii
3374 4245 3606 4316 ipsorum
3627 4256 3712 4312 pro

2161 4332 2265 4387 illis
2291 4334 2625 4388 surreximus
2667 4342 2722 4387 et
2761 4333 2927 4389 erecti
2975 4350 3180 4400 sumus,
3230 4335 3324 4404 qui
3365 4335 3712 4390 nesciebamus

2160 4424 2362 4478 bonum
2387 4423 2471 4478 vel
2508 4424 2728 4478 malum.
2761 4424 2840 4478 Ex
2878 4425 3126 4495 gentibus
3165 4426 3312 4479 enim
3359 4440 3565 4490 sumus,
3605 4423 3712 4492 quia

2161 4530 2338 4585 neque
2362 4513 2525 4580 bona,
2555 4531 2674 4584 quae
2703 4530 2770 4567 ex
2795 4515 2904 4570 Deo
2931 4516 3155 4569 veniunt
3188 4531 3537 4582 noveramus,
3562 4528 3713 4583 neque

2161 4605 2322 4670 mala,
2354 4622 2474 4674 qua:
2498 4621 2563 4659 ex
2592 4615 2816 4674 peccato
2844 4614 3191 4676 generantur.
3234 4605 3292 4659 Si
3323 4614 3508 4660 tamen
3555 4619 3717 4662 succe-

2159 4695 2348 4750 dentes
2377 4697 2430 4749 in
2458 4696 2636 4750 locum
2653 4711 2861 4761 eorum,
2887 4696 2978 4765 qui
3006 4694 3201 4763 abiecti
3234 4704 3379 4763 sunt,
3403 4698 3545 4752 tanti
3561 4697 3716 4766 lapsus

2162 4786 2446 4842 timeamus
2509 4787 2816 4856 exemplum
2841 4826 2856 4851 ,
2922 4786 3202 4842 audientes
3258 4790 3718 4844 commonitionem

2157 4876 2311 4931 Pauli
2341 4879 2605 4932 dicentis:
2647 4875 2772 4931 Vide
2796 4884 2972 4931 autem
3009 4879 3334 4934 severitatem
3375 4891 3428 4934 et
3457 4881 3718 4934 bonitatem

2155 4969 2273 5022 Dei.
2307 4968 2373 5022 In
2393 4985 2479 5022 eos
2508 4979 2681 5022 autem
2707 4968 2796 5038 qui
2840 4969 3157 5035 ceciderunt,
3188 4972 3556 5039 severitatem;
3592 4972 3642 5026 in
3682 4978 3723 5024 te

2153 5060 2361 5130 quidem
2389 5060 2687 5125 bonitatem,
2731 5059 2776 5114 si
2812 5069 2985 5113 tamen
3025 5064 3374 5130 permanseris
3404 5065 3460 5116 in
3489 5064 3724 5118 bonitate.

2153 5157 2364 5228 Alioqui
2389 5167 2437 5212 et
2461 5169 2518 5212 tu
2543 5159 2820 5223 excideris,
2846 5167 2896 5213 et
2938 5159 3020 5213 illi
3059 5162 3106 5216 si
3131 5177 3236 5216 non
3260 5159 3646 5231 permanserint
3682 5153 3728 5205 in

2153 5237 2539 5316 incredulitate,
2569 5251 2862 5304 inserentur
2897 5249 3077 5322 (Rom.
3129 5252 3231 5323 ιι).
3283 5250 3514 5306 Addidit.
3569 5256 3730 5304 autem

2157 5347 2280 5410 post
2302 5341 2417 5396 haec
2441 5339 2700 5395 Dominus
2723 5348 2781 5395 et
2796 5339 2928 5396 dicit
2959 5359 2973 5396 :
3002 5340 3128 5395 Filii
3157 5342 3315 5396 vestri
3350 5349 3509 5396 erant
3561 5334 3732 5392 incola

2156 5433 2503 5504 quadraginta
2576 5435 2727 5487 annis
2791 5436 2848 5489 in
2898 5434 3122 5490 deserto.
3194 5433 3264 5490 Et
3320 5433 3451 5503 quid
3516 5431 3737 5488 habere!

2158 5526 2400 5596 mysterii
2443 5540 2700 5580 numerus
2745 5524 2882 5591 iste,
2931 5524 3170 5581 declarat
3218 5523 3404 5579 dicens
3465 5540 3478 5575 :
3539 5520 3734 5577 Secun-

2157 5617 2304 5682 dum,
2346 5616 2539 5684 inquit,
2577 5633 2848 5670 numerum
2896 5617 3099 5671 dierum
3136 5617 3324 5688 quibus
3367 5609 3736 5668 considerastis

2157 5718 2352 5764 terram
2405 5706 2754 5778 quadraginta
2806 5707 3023 5782 diebus,
3077 5723 3174 5778 pro
3233 5707 3319 5760 die
3375 5722 3475 5776 per
3546 5713 3738 5758 unum
