1990 3172
83 201 133 230 675

431 187 699 222 ENARRATIONES
717 189 751 218 IN
768 181 898 217 LIBRUM
917 177 1149 216 NUMERORUM.
1167 202 1203 207 ——
1221 186 1284 215 LIB.
1303 187 1336 215 II.

1650 179 1702 217 cii
1718 191 1720 196 π

83 250 210 288 recipietis
232 252 338 285 peccata
356 251 441 275 vestra
464 241 638 283 quadraginta
664 245 750 272 annis.
774 244 867 271 Timeo
880 245 906 275 Α
919 242 1031 278 peccati.
1048 241 1113 276 Quae
1124 242 1147 269 si
1159 243 1248 270 omnia
1259 242 1351 270 videre
1359 243 1507 279 possimus,
1519 245 1720 274 etvulrierate"

83 306 147 334 ergo
162 295 280 332 mysterii
298 292 378 328 hujus
396 297 499 321 secreta
520 293 663 320 discutere.
685 290 769 318 Video
794 290 866 318 enim

84 344 155 380 quod
167 345 341 378 peccatorum
363 339 392 367 in
410 339 462 366 hoc
484 338 554 365 ratio
573 336 819 372 comprehenditur,
840 339 868 363 et

84 394 232 427 poenarum.
259 386 289 414 Si
306 385 380 414 enim
405 385 551 420 unicuique
579 387 752 419 peccatorum
780 389 868 409 annus

86 433 228 463 ascribitur
241 431 276 459 ad
287 438 381 466 pmnas
390 437 440 465 pro
450 429 532 457 unius
554 429 608 457 diei
629 432 749 464 peccato,
776 431 803 454 et
826 433 868 454 se-

87 479 198 508 cundum
208 476 343 504 rationem
357 475 462 503 dierum
475 474 572 509 quibus
583 478 721 510 peccatur,
736 479 867 501 annorum

86 524 193 552 totidem
205 528 335 549 numerus
348 520 376 548 in
389 519 527 556 suppliciis
543 518 742 547 consumendus
754 522 806 551 est,
822 525 869 545 ve-

87 579 150 600 reor
162 577 196 598 ne
208 569 280 597 forte
296 567 436 604 nobisqui
458 566 579 602 quotidie
600 572 755 601 peccamus,
768 568 795 592 et
809 563 868 591 nul-

86 617 138 645 lum
152 615 222 643 forte
231 614 297 642 vitae
309 613 495 641 nostraediem
509 612 611 647 absque
633 614 746 646 peccato
766 614 869 637 transe-

86 664 180 699 gimus,
195 669 231 689 ne
240 661 297 696 ipsa
313 658 383 687 forte
394 658 492 686 smcula
505 657 666 686 saeculorum
677 654 798 683 sufﬁcere
807 662 870 689 pos-

85 698 138 736 sint
152 707 185 735 ad
194 713 288 742 pcenas
300 705 422 732 luendas.
438 703 467 731 In
480 711 512 731 eo
526 703 598 731 enim
621 701 692 736 quod
702 700 815 737 populus
825 698 870 727 illo

86 753 262 789 quadraginta
273 750 380 779 dierum
396 749 505 782 delicto,
526 748 704 784 quadraginta
716 746 794 773 annis
808 752 871 773 cru-

86 799 168 827 ciatur
181 798 210 825 in
223 797 339 829 deserto,
354 802 404 823 nec
419 794 531 822 Terram
545 792 673 821 Sanctam
683 791 802 826 introire
810 798 871 826 per-

87 844 210 876 mittitur,
225 839 521 875 similitudo.quaedam
551 838 635 866 futuri
654 836 751 873 judicii
764 835 872 863 videtur

87 889 195 922 ostendi,
214 888 262 915 ubi
278 890 452 922 peccatorum
472 885 544 913 ratio
558 883 728 913 discutienda
752 885 804 913 est,
818 879 870 908 nisi

919 290 1015 316 animae
1028 289 1128 317 sentire
1142 290 1293 323 cicatrices,
1309 295 1412 319 certum
1427 295 1478 324 est,
1492 293 1563 327 quod
1574 300 1659 329 usque
1671 292 1706 322 ad
1718 295 1720 299 ’

918 342 1034 365 mortem
1047 337 1237 365 resisteremus
1246 338 1390 365 adversum
1405 343 1558 373 peccatum.
1581 339 1610 367 Si
1632 335 1720 369 nuncl

919 383 989 411 sicut
1003 382 1030 410 hi
1042 383 1087 418 qui
1100 384 1143 411 vel
1152 384 1272 412 daemone
1283 383 1391 419 repleti,
1412 384 1455 412 vel
1478 389 1568 414 mente
1594 382 1720 415 alienati'

919 432 992 461 sunt,
1007 435 1060 455 non
1075 428 1195 456 sentiunt
1209 428 1233 457 si
1255 428 1442 463 vulnerantur,
1460 430 1523 464 quia
1536 431 1720 460 naturalibus

919 474 1043 501 sensibus
1060 478 1161 507 carent,
1175 474 1214 501 ita
1236 478 1264 502 et
1278 482 1328 502 nos
1339 475 1383 502 vel
1402 475 1596 510 cupiditatibus
1610 465 1720 505 seculiI

920 523 1041 547 amentes
1055 519 1143 547 eﬂ‘ecti
1153 519 1197 547 vel
1212 520 1349 553 inebriati,
1371 520 1472 548 sentire
1492 529 1547 549 non
1562 528 1721 557 possumus

920 570 1021 600 quanta
1033 566 1156 600 vulnera,
1170 571 1286 602 quantas
1299 567 1477 595 contritiones
1488 567 1586 596 animae
1596 576 1711 604 peccan-

921 611 955 639 do
965 611 1159 645 conquirimus.
1172 612 1206 639 Et
1218 612 1278 640 ideo
1288 613 1551 647 consequentissima
1565 614 1636 641 ratio
1656 618 1709 647 est,

920 663 1018 691 poenae,
1030 656 1056 684 id
1071 660 1122 689 est,
1133 663 1205 684 cura:
1216 664 1248 685 ac
1264 657 1453 685 medicationis
1464 662 1571 693 tempus
1582 659 1709 692 extendi;

922 707 950 730 et
963 710 1013 738 per
1033 703 1242 737 unumquodque
1262 702 1358 731 vulnus
1387 710 1436 738 pro
1462 703 1593 739 qualitate
1612 705 1725 740 plagae.”

923 748 1047 775 medendi
1066 755 1174 783 quoque
1195 748 1282 783 spatia
1306 748 1461 784 propagari.
1477 748 1523 776 Sic
1535 756 1600 784 ergo
1612 751 1640 777 et
1664 743 1725 786 Dei’f

922 794 1037 828 aequitas
1051 801 1083 821 ac
1096 793 1247 828 benignitas
1258 794 1340 821 etiam
1351 794 1379 820 in
1385 793 1452 829 ipsis
1463 794 1561 821 animae
1574 791 1724 830 suppliciis‘

923 839 1034 867 evidens
1047 838 1104 872 fiat,
1115 842 1145 866 ut
1157 839 1216 866 haec
1227 838 1349 872 audiens,
1363 838 1410 874 qui
1422 839 1546 874 peccavit
1557 838 1725 874 resipiscat,“

925 888 953 912 et
965 884 1034 911 ultra
1046 891 1099 911 non
1111 889 1214 919 peccet.
1226 883 1374 912 Conversio
1387 884 1460 912 enim
1471 884 1498 912 in
1511 884 1641 920 praesenti
1659 884 1729 913 vit‘a‘

87 936 135 964 ει-ίι
145 919 235 969 δῃάυε
246 919 362 961 foﬁassc
376 931 605 959 etiam’bonomm
622 936 733 965 operum
747 934 874 962 eompen-
886 919 911 949 Β
925 935 952 959 et
962 929 1122 966 pmnitentia
1133 930 1273 958 fructuosa
1294 933 1370 965 gesta
1391 919 1519 957 celerem?
1531 929 1653 958 conferet
1665 927 1721 958 hu—‘

88 981 161 1014 satio,
175 980 221 1007 vel
231 979 314 1007 etiam
326 986 432 1011 eorum,
445 985 505 1013 quae
519 977 546 1004 in
555 977 611 1004 vita
626 983 674 1003 sua
688 974 874 1010 unusquisque

88 1027 152 1055 mala
163 1026 273 1060 recipit,
283 1029 313 1052 ut
319 1024 455 1052 Abraham
466 1024 499 1051 de
508 1023 613 1050 Lazaro
622 1022 712 1050 docuit
721 1020 796 1057 (Luc.
805 1019 872 1055 xv1).

89 1073 137 1101 Sed
149 1073 205 1100 haec
220 1071 311 1099 nullus
324 1075 367 1099 est
379 1078 460 1098 nosse
474 1070 506 1097 ad
522 1070 667 1105 integrum,
678 1068 729 1096 nisi
746 1067 817 1094 illius
831 1063 874 1093 cui

89 1125 161 1146 omne
180 1118 317 1154 judicium
345 1116 427 1143 tradit
449 1115 539 1143 Pater.
566 1114 643 1148 Quod
658 1114 715 1142 dies
727 1112 832 1148 peccati
847 1111 875 1138 in

88 1172 182 1192 annum
196 1171 282 1200 paena
292 1165 446 1198 reputatur,
462 1168 516 1188 non
529 1160 617 1188 solum
640 1160 668 1187 in
682 1160 735 1187 hoc
749 1159 829 1193 libro,
846 1161 875 1188 in

88 1218 137 1245 quo
151 1209 220 1237 nihil
235 1208 346 1236 omnino
359 1211 401 1235 est
416 1207 488 1242 quod
511 1206 629 1234 dubitari
646 1206 742 1241 possit,
756 1205 875 1233 ostendi-

88 1260 140 1288 tur,
152 1254 198 1282 sed
213 1258 242 1282 et
255 1254 284 1282 in
295 1252 385 1281 libello
397 1252 529 1284 Pastoris,
546 1252 569 1279 si
582 1251 625 1279 cui
637 1255 728 1279 tamen
742 1251 876 1286 scriptura

87 1299 244 1335 recipienda
255 1298 373 1331 videtur,
386 1297 484 1324 similia
499 1297 685 1331 designantur.
693 1295 747 1323 Sed
761 1294 877 1323 fortasse

87 1343 183 1379 aliquis
198 1347 280 1379 neget
301 1342 418 1370 bonitati
440 1342 488 1369 Dei
515 1341 673 1374 convenire,
688 1346 719 1367 ut
734 1348 784 1375 pro
796 1340 877 1368 unius

88 1390 138 1418 diei
149 1393 275 1425 peccato,
289 1396 389 1416 annum
399 1387 592 1423 suppliciorum
601 1387 741 1423 rependat.
755 1385 808 1414 Sed
820 1387 880 1426 for:

84 1440 158 1463 tasse
174 1434 276 1469 aliquis
291 1434 364 1461 dicet
377 1433 459 1461 etiam
475 1442 482 1459 :
498 1431 528 1460 Si
545 1432 617 1460 diem
630 1440 680 1468 pro
705 1432 748 1459 die
771 1431 877 1465 reddat,

89 1481 211 1516 quamvis
236 1480 351 1516 justum,
373 1487 427 1507 non
453 1483 544 1506 tamen
569 1478 690 1506 clemens
712 1478 818 1505 videtur
832 1482 879 1505 aut

89 1526 244 1562 benignum.
259 1524 331 1552 Audi
344 1532 408 1560 ergo
426 1523 529 1555 adhaec,
543 1524 566 1551 si
581 1523 651 1551 forte
663 1523 799 1558 possimus
811 1521 879 1550 (111Ιί-

90 1569 214 1597 cultatem
230 1569 269 1597 rei
279 1568 594 1604 exemplislucidioribus
606 1568 761 1604 explanare.
776 1567 806 1595 Si
820 1567 877 1595 vul-

90 1622 137 1642 nus
150 1614 261 1651 corpori
276 1613 422 1650 inﬂigatur,
434 1618 480 1641 aut
490 1621 634 1641 nervorum
648 1614 777 1649 junctura
792 1613 877 1641 resol-

91 1664 175 1692 vatur,
200 1660 254 1688 sub
265 1659 346 1686 unius
360 1659 434 1686 home
449 1659 536 1694 spatio
551 1659 637 1695 ,liujus
656 1659 749 1686 mundi
767 1658 880 1685 vulnera

93 1706 179 1733 solent
194 1705 357 1740 corporibus
370 1705 503 1737 accidere,
517 1709 544 1732 et
556 1704 739 1740 postmodum,
755 1704 881 1731 cruciati-

92 1750 140 1778 bus
157 1759 190 1778 ac
214 1750 354 1778 doloribus
366 1750 480 1783 exactis,
494 1750 579 1777 multo
591 1751 635 1777 vix
648 1754 768 1784 tempore
779 1750 879 1777 sanari.

94 1795 190 1830 Quanti
203 1796 276 1824 enim
289 1796 400 1824 timores
413 1796 440 1822 in
455 1795 525 1828 loco,
540 1800 641 1829 quanta
656 1800 789 1823 tormenta
802 1803 883 1830 gene—

92 1845 198 1868 rantur.
212 1840 275 1867 Jam
289 1848 354 1868 vero
367 1840 389 1867 si
403 1840 507 1867 accidat
518 1844 548 1867 ut
559 1840 586 1866 in
604 1840 699 1867 eodem
719 1839 830 1866 vulnere
841 1838 883 1866 vel

90 1886 115 1913 in
128 1885 226 1914 eadem
243 1886 372 1918 fractura,
381 1885 480 1912 iterum
490 1889 517 1912 et
531 1885 628 1920 sacpius
641 1885 701 1919 quis
714 1884 882 1917 vulneretur,

89 1931 319 1967 frequentiusque
333 1930 483 1965 frangatur,
495 1930 603 1964 quantis
614 1931 668 1957 hoc
681 1930 770 1965 pomis
782 1929 884 1963 curari,

90 1976 207 2012 quantis
221 1978 312 2009 potest
325 1974 490 2001 cruciatibus
513 1974 653 2007 medicari,
679 1978 781 2009 quanto
794 1978 885 2001 autem

91 2025 231 2055 tempore,
241 2019 265 2046 si
278 2023 368 2046 tamen
379 2018 507 2053 potuerit,
520 2018 554 2045 ad
564 2018 707 2045 sanitatem
718 2018 884 2052 perducitur.

92 2066 125 2094 Et
147 2066 195 2093 vix
217 2065 366 2101 aliquando
383 2066 419 2092 ita
433 2066 583 2099 curabitur,
609 2070 639 2093 ut
662 2065 705 2093 vel
720 2065 886 2094 debilitatem

96 2111 231 2146 corporis,
254 2110 297 2137 vel
323 2109 474 2137 foeditatem
500 2110 635 2137 cicatricis
653 2109 772 2145 effugiat.
789 2110 886 2138 Transi

98 2165 168 2184 nunc
181 2156 217 2184 ab
227 2155 350 2190 exemplo
363 2155 485 2190 corporis
501 2155 534 2182 ad
547 2155 644 2183 animus
655 2155 778 2183 vulnera.
789 2155 886 2183 Anima

103 2202 209 2238 quoties
223 2205 331 2237 peccat,
349 2201 429 2229 toties
444 2200 610 2228 vulneratur.
618 2201 651 2228 Et
662 2209 696 2228 ne
709 2201 816 2228 dubites
825 2208 888 2236 pec-

102 2248 167 2275 catis
177 2254 241 2275 eam
252 2246 326 2274 velut
337 2246 397 2273 telis
404 2249 431 2273 et
441 2245 537 2281 gladiis
547 2245 692 2278 vulnerari,
701 2245 763 2273 audi
770 2245 886 2281 Aposto-

920 977 1039 1011 jusmodi
1054 976 1211 1004 vulneribus
1222 976 1396 1009 medicinam,
1408 977 1471 1012 quia
1488 977 1648 1011 paenitentia
1663 979 1724 1005 non

925 1023 1011 1051 solum
1019 1023 1116 1051 vulnus
1126 1020 1292 1058 praeteritum
1305 1027 1392 1055 sanat,
1408 1023 1454 1051 sed
1464 1028 1493 1050 et
1504 1023 1575 1050 ultra
1598 1017 1730 1051 animam”

924 1072 1038 1104 peccato
1051 1075 1106 1095 non
1126 1068 1190 1095 sinit
1207 1068 1352 1095 vulnerari.
1368 1067 1424 1095 Imo
1445 1072 1473 1095 et
1496 1067 1561 1095 illud
1580 1068 1725 1108 adjiciam}

924 1115 1001 1142 verbi
1015 1122 1116 1142 causa:
1133 1113 1163 1142 Si
1179 1118 1306 1149 peccator
1318 1122 1387 1145 sum,
1417 1115 1539 1148 nunquid
1557 1106 1651 1141 eadem
1666 1114 1719 1141 erit

925 1159 992 1187 mihi
1002 1166 1081 1195 ptena
1092 1159 1114 1186 si
1128 1159 1212 1186 semel
1222 1159 1343 1193 peccavi,
1353 1166 1412 1192 qua:
1423 1159 1481 1185 etsi
1493 1159 1611 1186 secundo
1623 1162 1649 1186 et
1665 1163 1719 1185 ter-

926 1206 976 1239 tio,
988 1210 1016 1233 et
1029 1206 1052 1233 si
1068 1205 1238 1240 frequentius
1248 1205 1375 1239 peccem?
1389 1204 1446 1231 Non
1472 1204 1508 1231 ita
1524 1205 1586 1237 erit,
1604 1205 1650 1231 sed
1671 1211 1721 1239 pro

926 1252 1017 1284 modo,
1033 1255 1061 1279 et
1074 1258 1198 1283 numero,
1217 1255 1244 1279 et
1260 1259 1387 1278 mensura
1401 1251 1516 1286 peccati,
1540 1252 1621 1278 etiam
1635 1258 1722 1286 poenae

927 1297 1065 1332 quantitas
1075 1296 1209 1324 metienda
1224 1301 1276 1324 est.
1284 1296 1355 1323 Deus
1369 1296 1441 1323 enim
1452 1296 1524 1323 dabit
1536 1296 1613 1323 nobis
1623 1303 1721 1331 panem

927 1342 1118 1378 lacrymarum,
1133 1346 1160 1369 et
1172 1341 1278 1377 potabit
1289 1349 1338 1368 nos
1349 1341 1376 1367 in
1389 1341 1528 1376 lacrymis,
1541 1341 1586 1368 sed
1601 1341 1628 1367 in
1644 1349 1720 1367 men-

927 1395 1001 1415 sura.
1018 1386 1144 1414 Mensura
1159 1391 1249 1414 autem
1262 1386 1320 1414 hac
1333 1387 1395 1418 erit,
1410 1394 1490 1420 quam
1503 1386 1553 1412 sibi
1566 1386 1592 1413 in
1604 1386 1655 1412 hac
1668 1385 1722 1412 vita

928 1433 1117 1469 unusquisque
1130 1432 1172 1460 vel
1185 1432 1282 1467 majus,
1293 1432 1337 1459 vel
1364 1432 1480 1466 amplius
1498 1431 1636 1465 peccando
1650 1438 1723 1465 quae-

929 1478 1018 1505 sierit.
1040 1477 1094 1505 Sed
1109 1481 1136 1505 et
1148 1477 1218 1504 calix
1231 1477 1259 1504 in
1277 1484 1357 1503 manu
1375 1476 1492 1509 Domini,
1507 1476 1562 1503 vini
1587 1476 1655 1503 meri
1666 1475 1721 1511 ple-

929 1531 979 1550 nus
991 1523 1073 1550 misto
1086 1522 1185 1550 dicitur
1197 1529 1266 1549 esse.
1281 1521 1408 1548 Miscetur
1423 1529 1487 1556 ergo
1497 1521 1555 1548 sine
1567 1521 1648 1548 dubio
1662 1521 1721 1547 uni-

929 1568 1027 1603 cuique
1043 1571 1069 1595 et
1080 1567 1126 1595 fiet
1137 1566 1269 1601 judicium
1283 1566 1351 1601 ejus,
1367 1574 1420 1593 non
1433 1566 1518 1593 solum
1531 1566 1563 1593 de
1574 1566 1652 1593 malis
1664 1573 1723 1600 quae

932 1614 1026 1649 gessit,
1044 1613 1091 1641 sed
1117 1613 1199 1641 etiam
1213 1620 1247 1640 ex
1271 1612 1364 1645 bonis;
1383 1616 1409 1638 et
1422 1615 1511 1638 tamen
1526 1619 1587 1638 cum
1609 1616 1725 1646 utraque

934 1660 1111 1692 misceantur,
1119 1659 1163 1686 fex
1174 1660 1233 1694 ejus
1241 1667 1321 1694 quam
1335 1666 1384 1694 ego
1394 1662 1459 1694 puto
1470 1659 1604 1686 malorum
1619 1663 1723 1693 partem

932 1704 997 1738 dici,
1011 1713 1066 1732 non
1079 1705 1112 1732 ad
1127 1704 1264 1740 integrum
1279 1704 1461 1737 cxinanictur,
1478 1703 1524 1731 sed
1534 1704 1601 1736 lucc,
1617 1708 1646 1730 ut
1660 1703 1729 1731 dixi-

931 1759 1003 1784 mus,
1015 1751 1042 1778 in
1053 1759 1134 1778 manu
1146 1751 1194 1778 Dei
1207 1754 1280 1778 sunt.
1291 1750 1420 1776 Nostrum
1432 1753 1474 1776 est
1488 1753 1578 1775 autem
1591 1749 1623 1775 ad
1636 1757 1728 1776 cmen-

934 1798 1071 1825 dationem
1086 1797 1168 1823 citius
1180 1795 1320 1827 festinare,
1334 1796 1366 1821 ad
1391 1794 1577 1829 pcenitentiam
1597 1793 1656 1821 sine
1671 1793 1727 1821 dis—

936 1842 1108 1870 simulatione
1119 1842 1251 1873 converti,
1259 1841 1351 1874 lugere
1363 1840 1509 1873 praeterita,
1518 1846 1614 1866 cavere
1626 1839 1727 1872 futura,

937 1887 1065 1914 invocare
1081 1884 1275 1913 auxiliumDei.
1292 1883 1391 1911 Statim
1403 1883 1475 1910 enim
1488 1887 1517 1910 ut
1528 1891 1677 1910 conversus
1690 1883 1716 1911 iu

938 1930 1086 1968 gemueris,
1098 1930 1189 1958 salvus
1202 1929 1266 1958 eris.
1283 1927 1406 1956 Invenies
1414 1928 1486 1954 enim
1500 1927 1670 1960 advocatum,
1683 1927 1729 1963 qui

935 1984 986 2011 pro
1008 1979 1034 2002 te
1062 1973 1214 2009 interpellat
1237 1973 1358 2004 Patrem,
1382 1973 1525 1999 Dominum
1536 1972 1628 1999 Iesum
1646 1972 1730 1999 multo

935 2020 1154 2056 prwslantiorem
1163 2027 1244 2054 quam
1261 2019 1310 2046 fuit
1333 2019 1451 2053 Moyses;
1468 2019 1512 2053 qni
1528 2022 1616 2046 tamen
1642 2018 1731 2045 oravit

936 2074 987 2101 pro
997 2065 1043 2093 illo
1053 2065 1153 2101 populo
1166 2069 1194 2092 et
1207 2064 1348 2092 exauditus
1359 2068 1410 2090 est.
1420 2063 1453 2090 Et
1464 2062 1579 2090 fortasse
1587 2067 1731 2097 propterea

936 2111 1043 2146 Moyses
1069 2110 1198 2138 scribitur
1223 2110 1401 2137 intervenisse
1426 2116 1475 2143 pro
1501 2109 1619 2142 peccatis
1638 2107 1729 2143 populi

936 2157 1036 2192 prioris
1050 2160 1077 2184 et
1090 2156 1251 2191 impetrasse
1273 2155 1392 2187 veniam,
1415 2158 1446 2180 ut
1466 2154 1550 2181 multo
1578 2154 1664 2188 magis
1681 2162 1731 2180 nos

938 2202 1115 2235 confidamus,
1124 2202 1194 2237 quod
1202 2201 1349 2229 advocatus
1361 2207 1454 2228 uoster
1463 2200 1541 2227 Iesus
1553 2199 1730 2225 indubitatam

937 2249 1018 2277 nobis
1030 2248 1138 2276 veniam
1152 2247 1294 2283 praestabit
1309 2255 1323 2274 a
1335 2247 1426 2279 Patre,
1440 2246 1463 2273 si
1486 2250 1577 2271 tamen
1589 2248 1733 2283 converta-

100 2291 153 2319 lum
166 2294 323 2319 monentem
340 2299 347 2317 :
360 2276 491 2317 Auunvtite
505 2294 607 2317 scutum
619 2276 691 2325 ﬁdei,
703 2292 731 2318 in
743 2276 879 2326 quo-postia

939 2303 1001 2322 mur
1011 2295 1046 2322 ad
1061 2302 1135 2327 eum,
1146 2298 1174 2320 et
1187 2301 1241 2320 non
1254 2292 1365 2320 recedat
1376 2296 1449 2318 retro
1459 2298 1507 2317 cor
1518 2294 1652 2322 nostrum,
1662 2280 1733 2317 sicut

102 2337 131 2364 (is
138 2337 226 2364 omnia
238 2335 331 2372 jacula
342 2335 451 2371 maligni
462 2335 538 2371 ignea
551 2336 714 2371 exstinguere
722 2334 885 2373 (Ephec.v1).

103 2382 180 2410 Vides
186 2385 372 2418 ergopeccata
383 2381 493 2417 maligni
501 2388 559 2408 esse
566 2380 656 2415 jacula
663 2389 723 2417 quae
735 2382 762 2408 in
770 2382 887 2409 animam

101 2428 263 2463 diriguntur.
274 2427 380 2454 Patitur
391 2430 482 2454 autem
499 2426 588 2453 anima
614 2434 667 2454 non
680 2426 766 2454 solum
778 2427 889 2454 vulnera

101 2473 260 2508 jaculorum,
274 2473 322 2501 sed
332 2476 360 2500 et
374 2471 509 2499 fracturas
528 2472 636 2506 pedum,
662 2480 724 2500 cum
737 2472 825 2507 laquei
839 2480 889 2508 pa-

106 2524 195 2546 rantur
208 2519 326 2555 pedibus
340 2517 410 2552 ejus,
428 2521 456 2545 et
478 2517 685 2552 supplantantur
698 2525 806 2553 gressus
820 2518 888 2552 ejus.

106 2563 165 2592 Hac
185 2571 251 2600 ergo
274 2568 305 2590 et
325 2562 478 2598 hujusmodi
499 2562 621 2594 vulnera,
649 2567 750 2597 quanto
769 2567 892 2598 tempore

106 2613 181 2644 putas
193 2617 273 2645 posse
287 2608 396 2636 curari?
409 2607 431 2635 Ο
443 2608 466 2635 si
476 2607 611 2643 possimus
624 2613 672 2641 per
682 2608 895 2643 unumquodque.

108 2660 242 2690 peccatum
257 2656 350 2683 videre
365 2655 499 2690 quomodo
512 2655 594 2682 homo
606 2658 699 2681 noster
710 2654 822 2681 interior
834 2654 892 2681 vul-

110 2705 227 2737 neratur,
239 2704 374 2739 quomodo
387 2710 477 2731 sermo
492 2702 580 2729 malus
593 2702 691 2729 vulnus
712 2700 817 2736 inﬂigit.
832 2701 891 2729 Non

109 2748 208 2784 legistis
221 2750 324 2782 dicunt,
341 2748 404 2784 quia
427 2747 636 2775 vulneraverant
661 2746 754 2781 gladii,
777 2746 825 2773 sed
838 2753 892 2773 non

111 2793 146 2820 ita
158 2798 186 2821 ut
201 2794 311 2830 lingua?
326 2793 489 2821 Vulneratur
513 2800 577 2827 ergo
597 2797 625 2819 et
637 2800 686 2827 per
699 2792 819 2827 linguam
831 2791 892 2819 ani-

112 2847 167 2872 ma;
180 2840 338 2867 vulneratur
350 2844 378 2867 et
392 2847 442 2874 per
462 2839 640 2875 cogitationes
654 2843 681 2866 ct
696 2839 892 2875 concupiscen-

113 2882 161 2913 tias
175 2886 273 2919 malas;
288 2886 421 2921 frangitur
437 2890 529 2914 autem
540 2889 567 2914 et
578 2886 739 2921 conteritur,
749 2893 799 2922 per
809 2893 892 2921 opera

939 2340 1058 2368 Joannes
1068 2340 1095 2366 in
1103 2339 1223 2374 Epistola
1231 2346 1279 2366 sua
1292 2338 1359 2365 dicit
1371 2347 1376 2364 ε
1389 2336 1454 2364 Hart:
1462 2341 1549 2363 autem
1560 2336 1630 2369 dico,
1643 2336 1730 2370 ﬁlioli,

940 2390 969 2412 ut
986 2393 1039 2411 non
1049 2385 1158 2420 peccetis
1171 2383 1261 2419 (Joan.
1279 2383 1320 2417 ιι).
1341 2383 1399 2415 Quo
1423 2382 1445 2409 si
1467 2382 1620 2417 peccaverit
1634 2382 1731 2417 aliquis

941 2434 1075 2461 vestrum,
1089 2429 1222 2456 habemus
1237 2428 1395 2455 advoeatum
1410 2428 1481 2463 apud
1501 2428 1608 2455 Patrem
1617 2427 1731 2461 justum,

943 2475 989 2510 qui
1002 2474 1157 2509 interpellat
1170 2481 1221 2509 pro
1234 2473 1353 2508 peccatis
1366 2472 1476 2500 nostris.
1733 2502 1736 2510 ι

979 2520 1144 2555 Locutusque
1155 2523 1193 2546 est
1209 2518 1312 2553 Moyses
1332 2518 1451 2545 universa
1466 2518 1541 2546 verba
1555 2519 1611 2546 [nec
1628 2518 1664 2547 ad
1676 2526 1732 2547 om-

944 2575 987 2593 nes
1000 2566 1069 2601 ﬁlios
1081 2565 1177 2598 Israel,
1189 2570 1213 2592 et
1227 2564 1292 2592 luxit
1307 2565 1418 2600 populus
1431 2565 1518 2593 nimis.
1537 2565 1571 2592 Et
1585 2574 1643 2593 ecce
1656 2573 1732 2592 mane

942 2612 1027 2646 primo
1040 2614 1186 2645 surgentes,
1206 2610 1377 2638 ascenderunt
1399 2612 1519 2638 verticem
1544 2611 1641 2637 montis
1655 2615 1736 2646 atque,

943 2654 1065 2684 dixerunt
1081 2663 1090 2682 :
1107 2655 1202 2683 Parati
1217 2665 1307 2684 sumus
1327 2657 1466 2684 ascendere
1477 2656 1513 2683 ad
1527 2655 1665 2689 locum,de
1679 2663 1731 2690 quo

945 2702 1074 2730 Dominus
1086 2701 1188 2729 locutus
1196 2706 1244 2735 est,
1251 2702 1313 2738 quia
1323 2703 1493 2738 peccavimus.
1502 2699 1602 2733 Quibus
1611 2699 1714 2735 Moyses
1721 2710 1731 2728 .-

947 2747 1011 2781 Cur,
1028 2748 1127 2783 inquit,
1144 2748 1355 2783 transgredimini
1370 2748 1472 2775 verbum
1487 2745 1601 2777 Domini,
1608 2745 1678 2780 quod
1689 2754 1732 2772 ro-

946 2794 984 2820 bis
999 2802 1051 2820 non
1066 2788 1136 2820 celet
1163 2794 1191 2821 in
1210 2793 1381 2829 prosperum?
1401 2792 1490 2818 Nolite
1505 2791 1652 2818 ascendere.
1670 2790 1731 2819 Non

945 2840 1014 2867 enim
1024 2839 1153 2866 Dominus
1164 2844 1201 2867 est
1212 2840 1351 2871 uobiscum,
1362 2847 1392 2865 ne
1403 2837 1533 2864 corruatis
1545 2845 1634 2864 coram
1646 2836 1732 2864 inimi-

944 2888 982 2914 cis
1004 2886 1105 2914 vestris.
1119 2886 1292 2914 Amalec/rites
1306 2890 1330 2913 et
1345 2883 1510 2912 Chartam-ua
1524 2890 1584 2911 ante
1593 2892 1636 2912 vos
1649 2889 1729 2911 sunt:
