3980 6344
217 332 312 392 στι

911 315 1450 378 ΕΝΔΒΜΊἸΟΝΕΒ
1482 316 1550 374 IN
1587 314 1772 370 LIBRI

1878 314 2339 374 NUMERORUM.
2376 347 2442 359 —
2482 320 2608 374 LIB.
2647 321 2711 374 II.

3342 325 3444 384 673

215 455 332 501 cum
363 435 590 508 εμιιίυοι
614 435 778 491 hom
797 433 1108 504 deoalogum
1132 431 1270 504 legis
1286 430 1555 485 intellectu
1578 439 1634 483 et
1650 443 1775 498 ope-
1802 432 1853 490 Α
1877 443 2034 499 quam
2055 430 2266 496 horum,
2290 447 2406 501 qua:
2429 431 2631 486 locutus
2655 441 2730 486 est
2757 431 3008 490 Dominus
3029 437 3098 492 ad
3131 436 3370 510 Moysen,
3397 452 3445 496 et

215 533 416 590 ratione
437 537 650 593 tenens,
674 525 849 581 ofﬁcio
873 525 1099 581 rectoris
1121 523 1414 593 delegatur.
1433 523 1488 576 In
1511 537 1615 592 qua
1635 521 1780 576 obla-

217 624 354 679 tione
378 617 554 673 oleum
577 628 633 671 et
660 615 846 670 vinum
870 613 1042 669 tertiae
1070 615 1242 684 partis
1266 614 1358 667 hin
1389 612 1546 668 simul
1567 612 1782 667 exhibe-

215 723 322 777 tur,
345 707 566 780 quando
581 705 838 769 ebaritas,
866 703 1233 759 misericordia
1257 711 1312 758 et
1331 703 1502 773 gratia
1527 701 1782 772 spiritalis

219 800 488 862 doctrinm,
534 797 603 853 ab
642 803 707 851 es
746 801 874 868 erga
902 793 1242 850 subditorum
1285 807 1472 847 curam
1502 791 1784 861 diligenter

217 890 552 962 impenditur.
603 887 740 942 Item
783 886 838 942 in
887 885 1162 942 oblatione
1196 895 1308 942 tres
1335 885 1560 940 decima:
1592 883 1781 939 simila

145 1007 151 1018 ι
218 982 391 1041 oti‘erri
419 977 832 1051 praecipiuntur,
861 976 1020 1032 simul
1044 987 1100 1031 et
1129 976 1366 1032 medium
1397 992 1664 1032 niensurse
1688 977 1781 1033 bin

217 1077 268 1131 in
292 1074 412 1129 oleo
439 1073 552 1128 sive
573 1071 722 1126 vino.
763 1069 831 1128 Et
859 1069 988 1139 quid
1015 1069 1074 1124 in
1095 1070 1254 1126 bonis
1286 1069 1504 1124 nomine
1529 1069 1631 1124 nisi
1658 1083 1781 1124 san;-

215 1173 420 1221 etorum
464 1161 880 1233 praedicatorum
909 1159 1042 1215 ordo
1083 1160 1416 1230 designatur,
1466 1160 1558 1229 qui
1592 1171 1778 1229 agrum

215 1256 544 1312 Dominicum
561 1252 764 1318 colunt,
785 1262 840 1307 et
861 1266 1077 1306 vomere
1097 1250 1403 1321 evangelico
1417 1251 1779 1320 exsurpautes

212 1346 392 1420 spinas
437 1344 692 1399 vitiorum
715 1382 736 1408 ,
782 1342 1141 1412 multiplicant
1185 1352 1424 1412 segetem
1479 1341 1779 1395 virtutum?

211 1438 307 1505 Qui
341 1447 465 1492 eum
505 1434 676 1489 tribus
700 1433 925 1488 decimis
953 1434 1148 1487 similae
1183 1432 1504 1498 offeruntur,
1531 1435 1657 1502 quia
1687 1433 1776 1486 de-

210 1528 452 1598 ealogum
469 1526 623 1593 legis,
646 1524 898 1589 scientia,
921 1535 1084 1594 Opere
1110 1533 1168 1579 et
1191 1525 1435 1579 doctrina
1464 1525 1568 1578 rite
1596 1532 1778 1578 tenerr-

212 1627 302 1686 ωε,
331 1620 460 1675 ﬁdei
487 1626 690 1674 sancite
712 1616 995 1672 Trinitatis
1022 1616 1138 1670 veri
1161 1624 1458 1670 assertores
1495 1630 1614 1669 esse
1647 1627 1776 1684 pro-

209 1711 418 1768 bantur.
465 1708 532 1764 Hi
577 1723 706 1775 ergo
735 1707 1060 1763 claritatem
1099 1707 1430 1775 praecipuam
1457 1706 1654 1760 debent
1683 1706 1778 1761 lia-

1881 520 2145 574 maudavil
2171 538 2263 590 per
2287 538 2406 575 eum
2443 523 2512 575 ad
2541 539 2648 588 vos,
2686 541 2720 577 α
2759 525 2841 579 die
2873 543 2978 596 qua
3016 531 3160 598 coepit
3191 532 3378 600 jubere
3397 545 3446 589 et

1881 613 2044 676 ultra,
2074 613 2332 684 oblitaque
2357 614 2514 683 fuerit
2537 615 2813 670 multitudo
2835 617 3005 686 facere
3025 621 3201 689 σπεῖσαι
3228 623 3447 680 vitulum

1879 705 1946 758 de
1965 714 2198 758 armento
2219 705 2580 760 holocaustum
2616 708 2670 761 in
2698 709 2908 762 odorem
2933 711 3302 767 suavissimum
3331 717 3445 786 ejus

1878 803 1942 848 ac
1969 793 2076 846 liba
2100 802 2154 847 ut
2193 796 2516 849 cmrensoniar
2542 795 2842 869 postulant},
2873 798 3178 870 liircuutque
3207 819 3300 871 pro
3327 822 3447 874 pec-

1879 893 2026 949 cato;
2065 893 2112 938 et
2157 886 2356 956 rogabit
2385 886 2627 941 sacerdos
2650 904 2744 957 pro
2783 890 2923 942 omni
2952 891 3284 946 multitudine
3307 889 3450 962 lilio;
3514 939 3516 942 ,

1879 989 1998 1028 rum
2045 973 2240 1041 Israel,
2281 986 2329 1030 et
2381 977 2670 1032 dimittetur
2698 981 2800 1044 eis,
2839 983 3086 1052 quoniam
3129 1000 3232 1038 non
3269 996 3445 1056 sponte

1877 1074 2236 1132 peccaverunt,
2262 1072 2316 1118 et
2337 1065 2431 1119 rel.
2460 1065 2566 1136 (Ex
2591 1067 2930 1140 Augustino.)
2972 1069 3165 1127 Merito
3188 1073 3446 1142 quaeritur

1878 1169 1997 1224 qua:
2019 1156 2125 1208 sint
2152 1156 2263 1225 ipsa
2288 1169 2507 1225 peccata
2535 1158 2830 1214 nolentium
2851 1201 2865 1226 ,
2899 1169 3079 1217 utrum
3103 1179 3134 1218 a
3160 1166 3444 1221 nescienti-

1877 1243 1977 1299 bus
2001 1245 2428 1313 committuntur,
2455 1263 2524 1302 an
2547 1251 2712 1304 etiam
2739 1252 2910 1320 possit
2935 1262 3082 1308 recte
3115 1255 3218 1312 dici
3255 1273 3444 1326 pecca-

1880 1344 1992 1390 tum
2027 1349 2146 1391 esse
2184 1338 2433 1404 nolentis,
2463 1340 2606 1408 quod
2637 1341 2817 1396 facere
2839 1343 3196 1412 compellitur.
3226 1347 3362 1402 Nam
3387 1357 3443 1403 et

1878 1429 1982 1483 hoc
2007 1439 2193 1484 contra
2222 1431 2553 1486 voluntatem
2581 1434 2761 1490 facere
2794 1435 2900 1490 dici
2925 1437 3080 1491 solet.
3121 1436 3226 1494 Sed
3258 1441 3444 1511 utique

1877 1520 1991 1574 vult
2032 1529 2248 1590 propter
2286 1523 2432 1590 quod
2469 1522 2618 1587 facit,
2654 1537 2776 1578 cum
2800 1525 2928 1580 :vult
2971 1526 3174 1592 vivere,
3214 1529 3261 1582 si
3298 1530 3444 1600 quis-

1879 1626 2062 1680 quam,
2103 1612 2208 1667 nisi
2247 1612 2468 1678 fecerit,
2498 1621 2728 1670 mortem
2755 1617 3006 1672 minetur.
3050 1619 3175 1674 Vult
3199 1636 3330 1692 ergo
3365 1624 3444 1677 fa-

1878 1718 2032 1767 cere,
2083 1705 2210 1773 quia
2263 1705 2379 1760 vult
2422 1707 2636 1770 vivere,
2674 1716 2729 1762 et
2770 1709 2894 1764 ideo
2931 1726 3034 1766 non
3066 1727 3164 1780 per
3208 1714 3443 1783 seipsum

207 1798 499 1863 btre,etlu
526 1797 942 1854 necessitatibus
962 1796 1196 1864 proximi
1223 1810 1320 1864 per
1348 1793 1773 1848 misericordiam
1802 1787 1850 1850 Β
1876 1797 2176 1865 appetendo
2231 1805 2290 1850 ut
2338 1797 2534 1853 falsum
2593 1797 2740 1866 iuret
2763 1841 2778 1863 ,
2848 1801 2942 1855 sed
2996 1811 3054 1856 ut
3115 1801 3306 1858 falsum
3351 1803 3443 1872 ju-

207 1889 550 1954 sonsudentio,
572 1889 698 1944 aliis
712 1888 913 1944 bonum
932 1886 1236 1955 exemplum
1254 1887 1512 1956 praebere.
1539 1885 1650 1941 Nec
1666 1903 1773 1940 non

206 1978 408 2047 clipeis
432 1977 756 2033 studendum
786 1983 872 2032 est
889 2011 904 2042 ,
928 1983 989 2030 ut
1023 1977 1078 2030 in
1112 1977 1286 2046 gratia
1309 1975 1488 2029 divina
1515 1983 1774 2044 quantum

208 2068 520 2126 mrtalibus
548 2067 807 2139 possibile
839 2075 924 2123 est
948 2067 1254 2137 proﬁciant,
1277 2073 1332 2121 et
1357 2067 1426 2121 ad
1452 2067 1576 2120 vitae
1599 2066 1774 2136 perfe-

205 2161 436 2218 ctionem
465 2175 530 2214 ac
555 2158 897 2214 sanctitatem
925 2157 1270 2228 perveniant,
1309 2155 1465 2224 juxta
1498 2155 1639 2221 illud]
1664 2156 1771 2210 Do-

205 2251 462 2310 niuictlm
487 2255 814 2320 praestitum
841 2266 854 2301 :
883 2247 1066 2303 Sancti
1090 2255 1274 2309 estote,
1302 2247 1427 2316 quia
1445 2262 1538 2314 ego
1562 2255 1772 2300 sanctus

209 2359 333 2407 sum,
374 2340 627 2397 Dominus
673 2339 813 2394 Deus
846 2348 1005 2393 vester
1029 2337 1215 2408 (Leuit.
1250 2336 1384 2405 xxx).
1426 2335 1559 2389 illud
1592 2343 1770 2389 tamen

200 2432 333 2500 Quod
359 2431 424 2487 in
441 2432 542 2487 huc
561 2430 672 2483 vita
698 2429 800 2484 sibi
826 2428 997 2493 deest,
1019 2428 1072 2482 in
1093 2427 1296 2481 ccelesti
1322 2426 1652 2481 beatitudine
1675 2440 1774 2493 per

198 2521 416 2582 Domini
438 2521 665 2593 gratiam
694 2519 754 2576 in
788 2534 846 2575 se
879 2518 1266 2588 perﬁciendum
1294 2519 1489 2572 debent
1523 2529 1766 2586 sperare.

789 2625 1013 2686 CAPUT
1049 2629 1182 2684 XIII.

563 2701 638 2758 De
666 2702 913 2773 primitiis
942 2700 1164 2754 Domino
1195 2699 1406 2753 dandis.

261 2789 450 2863 (lum)
490 2790 718 2850 Locutus
764 2802 840 2846 est
878 2791 1136 2845 Dominus
1167 2791 1235 2844 ad
1284 2790 1500 2860 Moysen
1545 2791 1768 2846 dicens:

195 2882 431 2954 loquere
448 2882 573 2952 ﬁliis
595 2882 764 2938 Israel
785 2893 832 2938 et
856 2883 998 2936 dices
1033 2881 1102 2934 ad
1133 2896 1259 2935 eos:
1292 2880 1422 2935 Cum
1448 2881 1691 2935 ueneritis
1717 2882 1771 2934 in

194 2983 426 3038 turam,
459 2990 621 3043 quam
648 2973 784 3027 dabo
814 2972 988 3037 vobis,
1019 2979 1066 3025 et
1101 2970 1427 3024 comederitis
1458 2970 1522 3022 de
1549 2970 1771 3039 panibus

193 3065 424 3135 regionis
449 3064 622 3130 illius,
654 3063 966 3134 separabitis
993 3061 1252 3131 primitias
1298 3059 1522 3113 Domino
1553 3059 1617 3113 de
1645 3061 1771 3114 cibis

1877 1887 2050 1943 rando
2097 1888 2263 1943 vivat.
2311 1888 2464 1956 Quod
2501 1889 2548 1944 si
2581 1890 2654 1944 ita
2689 1899 2800 1955 est,
2860 1899 3040 1946 utrum
3079 1893 3286 1962 possint
3337 1894 3444 1949 dici

1876 1977 1980 2034 ista
2031 1988 2250 2049 peccata
2299 1980 2591 2034 nolentium
2616 2019 2633 2044 ,
2692 1980 2868 2050 qualia
2917 1981 3008 2036 hie
3042 1981 3294 2038 dicuntur
3339 1997 3443 2038 ex-

1875 2071 2089 2138 pianda.
2123 2069 2256 2124 Nam
2286 2071 2332 2125 si
2358 2070 2642 2142 diligenter
2679 2070 3070 2135 consideretur,
3099 2071 3240 2127 forte
3263 2073 3440 2143 ipsum

1874 2173 2100 2230 peccare
2125 2177 2284 2215 nco
2301 2161 2460 2226 velit,
2487 2162 2584 2218 sed
2603 2171 2820 2232 propter
2846 2162 2988 2218 aliud
3011 2163 3073 2218 ﬁt
3092 2199 3110 2227 ,
3136 2165 3279 2232 quod
3309 2163 3438 2227 vult,

1875 2251 1966 2320 qui
1998 2261 2206 2319 peccat.
2235 2250 2437 2306 Omnes
2461 2252 2654 2321 quippe
2677 2252 2948 2318 homines,
2970 2253 3064 2322 qui
3100 2254 3334 2310 scientes
3358 2252 3442 2308 fa-

1875 2341 2024 2394 ciunt
2067 2340 2210 2409 quod
2245 2357 2352 2394 non
2384 2341 2530 2405 licet,
2562 2341 2616 2395 id
2641 2341 2840 2396 vellent
2871 2341 3051 2398 licere.
3101 2343 3282 2413 Usque
3309 2344 3442 2400 adeo

1875 2432 2048 2500 ipsum
2091 2441 2369 2500 peccatum
2422 2446 2584 2485 nemo
2624 2431 2828 2500 appetit
2868 2440 3086 2502 propter
3111 2432 3214 2490 hoc
3245 2434 3440 2503 ipsum,

1874 2522 1968 2576 sed
1994 2531 2214 2590 propter
2242 2523 2371 2576 illud
2389 2522 2534 2592 quod
2558 2539 2620 2576 ex
2655 2537 2721 2579 eo
2741 2523 3107 2592 consequitur.
3139 2521 3266 2579 Hinc
3295 2525 3339 2579 si
3369 2525 3444 2579 ita

1873 2627 1933 2666 se
1959 2613 2178 2678 habent,
2212 2630 2322 2668 non
2347 2624 2474 2670 sunt
2493 2623 2714 2682 peccata
2743 2614 3042 2670 nolentium
3065 2616 3172 2672 nisi
3198 2615 3445 2674 nescien-

1874 2704 2026 2768 tium,
2053 2719 2172 2774 qum
2201 2705 2583 2760 discernuntur
2609 2721 2639 2760 a
2667 2707 2906 2774 peccatis
2931 2706 3250 2762 volentium.

1944 2796 2166 2868 Mystice
2193 2808 2374 2852 autem
2396 2797 2628 2854 oll‘erunt
2662 2798 2761 2853 ﬁlii
2795 2799 2962 2854 Israel
2998 2799 3224 2852 vitulum
3263 2798 3330 2854 de
3359 2812 3446 2853 ar-

1874 2897 2057 2946 mento
2079 2891 2132 2943 in
2157 2889 2552 2955 holocaustum,
2580 2905 2702 2943 cum
2733 2889 2920 2945 ﬁdeles
2945 2889 3132 2958 ρορυιὶο
3159 2887 3316 2958 plena
3341 2887 3446 2944 ﬁde

1873 2994 2072 3050 corpus
2092 2980 2428 3035 Dominicum
2460 2995 2560 3051 pro
2586 2980 2761 3034 salute
2786 2981 3000 3050 generis
3026 2980 3244 3034 Iuniani
3273 2980 3330 3033 in
3350 2994 3446 3033 ara

1873 3071 2051 3125 crucis
2073 3070 2408 3124 immolatum
2438 3071 2493 3125 in
2521 3071 2740 3125 odorem
2767 3070 3070 3135 suavitatis,
3093 3071 3324 3125 Domino
3335 3086 3450 3126 cre-

189 3155 398 3208 sestrt's.
429 3153 576 3208 Sicut
602 3153 670 3206 de
696 3152 832 3206 areis
865 3151 1126 3220 primitias
1157 3149 1484 3218 separabitis,
1522 3149 1597 3201 ita
1625 3157 1674 3202 et
1704 3150 1768 3204 de

1876 3161 2006 3216 dunt
2033 3163 2086 3216 et
2106 3162 2452 3217 conﬁtentur.
2481 3161 2724 3218 Oderunt
2744 3161 3068 3217 sacriﬁcium
3094 3161 3212 3229 ejus
3243 3176 3309 3216 ac
3339 3161 3447 3216 libs

187 3243 478 3312 pulmentis
514 3243 706 3297 dabitis
755 3243 1020 3312 primitiae
1055 3241 1297 3294 Omnino.
1334 3240 1474 3306 Quid
1508 3247 1593 3294 est
1628 3242 1768 3310 quod

191 3333 472 3402 primitias
495 3333 564 3388 de
590 3332 723 3390 cibis
749 3331 1006 3388 lsraelitae
1028 3331 1255 3387 Domino
1271 3329 1529 3398 iubentur
1550 3330 1766 3397 oﬁ‘erre,

193 3424 291 3480 hoc
319 3432 426 3490 est,
451 3433 510 3478 ut
547 3424 688 3480 sicut
729 3421 796 3478 de
830 3424 974 3478 areis
1012 3421 1279 3492 primitias
1317 3423 1662 3490 separabunt,
1695 3421 1770 3475 ita

193 3515 360 3569 etiam
381 3515 452 3569 de
475 3513 766 3585 pulmentis
793 3512 1066 3581 primitiva
1092 3511 1318 3564 Domino
1338 3510 1609 3564 tribuant?
1640 3510 1771 3564 Ter-

192 3619 308 3658 ram
332 3605 500 3675 igitur
522 3619 688 3674 quam
708 3603 1070 3672 ingredientes
1093 3599 1320 3654 Domino
1339 3599 1640 3654 oblationes
1658 3601 1771 3654 sive

190 3694 463 3764 primitias
502 3693 699 3748 debent
739 3689 962 3754 oll‘erre,
1001 3695 1322 3758 praesentem
1361 3686 1660 3740 Ecclesium
1700 3688 1772 3740 si-

187 3781 456 3853 gniﬁcare
473 3783 721 3851 superius
750 3780 1004 3834 diximus.
1033 3777 1174 3846 Ergo
1199 3777 1444 3846 quisquis
1473 3775 1770 3831 Ecclesium

183 3888 285 3944 per
316 3872 488 3926 ﬁdem
522 3880 576 3925 et
620 3871 948 3939 baptismum
987 3869 1300 3933 intraverit,
1341 3883 1562 3924 necesse
1601 3877 1682 3924 est
1710 3875 1771 3922 ut

183 3971 408 4016 terram
430 3959 610 4016 carnis
633 3973 769 4022 suae,
805 3958 906 4012 hoc
949 3965 1052 4021 est,
1092 3957 1430 4026 corporalem
1451 3958 1618 4010 vitam
1650 3957 1772 4011 dili-

185 4059 390 4123 genter
419 4049 478 4104 in
502 4049 598 4106 Dei
627 4049 820 4103 timore
844 4055 1118 4112 exerceat,
1142 4054 1410 4116 quatenus
1433 4045 1644 4116 frugem
1665 4047 1772 4101 vir-

187 4150 376 4196 tutum
423 4139 482 4194 in
517 4153 586 4194 ea
632 4151 948 4193 escreseere
994 4136 1184 4202 faciat,
1230 4139 1370 4192 unde
1409 4138 1512 4193 sibi
1549 4136 1770 4192 refectio

190 4241 402 4287 uitet-na
442 4236 798 4299 prmparetur.
847 4227 1105 4282 iubemur
1155 4239 1288 4298 ergo
1328 4243 1436 4282 non
1487 4227 1660 4283 solum
1703 4228 1769 4282 de

192 4324 356 4387 areis,
387 4321 486 4375 sed
515 4320 664 4376 etde
691 4319 984 4390 pulmentis
1021 4319 1292 4386 primitias
1319 4319 1546 4374 Destino
1573 4334 1766 4374 coisse-

1873 3264 1934 3310 nt
1956 3257 2290 3311 caeremonias
2313 3256 2616 3326 postulant,
2641 3271 2764 3310 cum
2799 3256 2854 3310 in
2885 3263 3232 3311 sacramento
3251 3261 3446 3324 panem

1871 3356 1930 3404 et
1951 3350 2136 3403 vinum
2164 3349 2220 3402 in
2241 3347 2808 3403 commemorationem
2831 3346 3112 3426 passionis
3145 3344 3263 3414 eius
3286 3355 3449 3415 super

1872 3437 2043 3493 altare
2086 3439 2354 3503 deferunt,
2407 3453 2470 3493 ac
2513 3440 2580 3493 de
2625 3454 2688 3494 eo
2735 3439 3142 3508 participantes,
3173 3451 3372 3508 corpus
3392 3445 3449 3492 et

1872 3530 2188 3599 sanguinem
2237 3531 2354 3599 ejus
2400 3531 2666 3583 veraciter
2708 3541 2768 3582 se
2808 3529 3112 3597 percepisse
3150 3525 3444 3581 conﬁdunt.

1871 3619 2114 3674 Oderunt
2146 3621 2356 3673 hircum
2399 3635 2496 3688 pro
2539 3626 2793 3688 peccato,
2833 3629 2954 3673 cum
2991 3619 3162 3688 ipSam
3204 3615 3448 3671 humani-

1873 3713 2037 3760 tatem
2076 3705 2192 3772 ejus
2244 3719 2349 3760 non
2394 3709 2787 3775 peccatricem,
2821 3707 2915 3760 sed
2950 3707 3005 3759 in
3042 3704 3446 3759 similitudinem

1873 3799 2056 3853 carnis
2101 3799 2339 3867 peccati,
2394 3798 2496 3852 hoc
2533 3806 2646 3862 cst,
2695 3803 2896 3851 nosti-te
2936 3795 3282 3850 mortalitatis
3318 3811 3447 3850 con-

1871 3893 2070 3942 sortem
2119 3895 2242 3941 eum'
2301 3887 2629 3956 suscepisse,
2687 3900 2750 3940 ac
2804 3899 2904 3954 pro
2955 3886 3194 3954 peccatis
3244 3886 3446 3940 nostris

1872 3977 2228 4032 dissolvendis
2257 3978 2518 4032 obtulisse
2563 3976 2853 4031 credimus.
2886 3974 3165 4045 Rogatque
3211 3975 3326 4044 ipse
3358 3988 3446 4028 sa-

1871 4069 2064 4122 cerdos
2089 4109 2102 4130 ,
2153 4068 2244 4137 qui
2313 4065 2606 4122 advocatus
2659 4073 2843 4121 noster
2889 4073 2974 4120 est
3033 4065 3174 4134 apud
3229 4064 3446 4120 Patrem

1869 4167 1970 4232 pro
2023 4149 2262 4232 peccatis
2321 4161 2503 4231 populi
2561 4161 2642 4215 sui
2703 4165 2762 4216 ei
2803 4160 3104 4214 dimittetur
3158 4159 3248 4222 ei,
3308 4163 3444 4226 quo-

1870 4252 2017 4306 niam
2050 4251 2346 4306 secundum
2380 4249 2530 4304 Pauli
2563 4249 2930 4304 sententiam:
2967 4247 3037 4300 In
3062 4246 3246 4302 diebus
3268 4248 3445 4302 carnis

1869 4345 1982 4395 siste
2029 4355 2204 4410 preces
2251 4338 2751 4410 supplicationesque
2801 4338 2871 4392 ad
2926 4351 3044 4392 sunt
3071 4377 3086 4402 ,
3137 4337 3236 4406 qui
3282 4338 3444 4405 possit

192 4429 368 4474 crare.
407 4413 552 4481 Quid
575 4420 660 4469 est
681 4412 748 4466 de
775 4424 908 4467 area
947 4412 1220 4481 primitias
1249 4426 1534 4481 separare,
1564 4413 1666 4466 nisi
1702 4411 1768 4465 de

1876 4429 2018 4485 illum
2043 4450 2075 4485 a
2095 4440 2272 4501 omorte
2304 4430 2504 4485 salvum
2536 4431 2710 4500 facere
2737 4471 2752 4496 ,
2795 4435 2915 4484 cum
2941 4429 3172 4482 clamore
3193 4423 3368 4480 ualido
3397 4437 3447 4480 et

623 4501 820 4566 αωοίοι
844 4501 1048 4557 laboris
1069 4502 1366 4570 Primde
1385 4502 1620 4593 υοωίιιοί
1639 4517 1766 4557 eon-
1791 4483 1846 4548 Β
1872 4483 2408 4593 cessisset;
2455 4483 2844 4576 mea...
2883 4533 2982 4590 pro
3016 4523 3114 4572 sua
3160 4517 3447 4572 reverentia

192 4594 455 4651 secrato?
481 4593 554 4650 Et.
580 4593 710 4663 quid
733 4593 802 4648 de
823 4593 1115 4661 pulmentis
1137 4593 1412 4662 primitiva
1439 4603 1524 4650 est
1547 4592 1764 4659 οὓτω,

191 4685 298 4742 nisi
321 4687 392 4741 ds
425 4683 736 4742 domesticis
764 4683 1070 4752 disciplinis
1105 4697 1242 4753 quas
1282 4686 1336 4740 in
1363 4687 1654 4754 semetipso
1681 4701 1766 4742 so-

191 4774 356 4830 lerter
385 4775 632 4844 quisque
670 4789 923 4830 exercere
971 4775 1158 4839 debet,
1182 4775 1578 4831 inchoationem
1613 4777 1768 4832 bona:

190 4865 488 4920 voluntatis
523 4864 748 4918 Domino
784 4863 1068 4922 dedicare?
1106 4863 1230 4919 Sive
1265 4865 1320 4918 in
1356 4865 1647 4934 semetipso
1671 4865 1768 4919 ali-

193 4955 314 5024 quis
343 4957 616 5012 virtutum
647 4941 844 5012 stmliis
885 4969 1108 5024 operam
1150 4957 1266 5020 det,
1288 4957 1406 5012 sive
1444 4957 1514 5011 de
1537 4956 1764 5012 aliorum

194 5047 365 5101 salute
406 5046 669 5110 docendo,
719 5044 1072 5108 exhortando,
1116 5052 1274 5113 atque
1315 5045 1470 5100 bonis
1502 5047 1767 5118 exemplis

196 5134 542 5201 provocando
570 5136 720 5206 pium
745 5134 990 5190 laborem
1015 5134 1308 5202 impendat,
1338 5149 1564 5191 necesse
1585 5145 1673 5193 est
1706 5146 1766 5192 ut

194 5223 297 5280 hac
321 5239 436 5278 non
463 5223 568 5278 sibi
591 5224 784 5292 aliquis
801 5259 826 5288 ,.
849 5222 944 5277 sed
968 5222 1155 5292 gratia:
1193 5222 1414 5290 deputet
1439 5224 1634 5282 divinas
1658 5265 1674 5290 ,
1708 5237 1766 5280 ut

194 5315 246 5370 si
272 5325 624 5372 consecrent:
647 5315 826 5372 omnis
853 5315 984 5374 boui
1009 5314 1242 5379 initium,
1276 5329 1308 5367 a
1335 5329 1444 5384 quo
1465 5315 1764 5388 decetgpo.

195 5407 314 5462 ηιξ
331 5408 502 5466 huius
524 5405 865 5480 perfectionis
893 5407 1346 5478 supplementum.

779 5519 1004 5576 CAPUT
1039 5520 1176 5574 XIV.

633 5591 712 5648 De
733 5594 956 5661 peccatis
981 5593 1310 5661 ignorantia.

267 5680 454 5755 (him)
481 5679 632 5752 Quod
659 5682 712 5738 si
736 5697 828 5751 per
854 5682 1205 5753 ignorantiam
1237 5684 1596 5754 prater-irritis
1617 5685 1768 5755 quid-

1875 4613 2060 4687 (Hebr.
2103 4615 2179 4682 v).
2224 4613 2496 4667 Praeterea
2537 4619 2592 4666 et
2639 4613 2918 4666 incensum
2958 4607 3215 4676 jubentur
3249 4605 3445 4662 oﬂ'erre

1871 4717 1972 4773 pro
2007 4717 2066 4756 se
2101 4709 2156 4756 et
2192 4715 2290 4770 pro
2331 4707 2556 4770 peccato
2600 4707 2762 4770 atque
2785 4707 2976 4754 errore
3003 4705 3120 4754 suo.
3160 4697 3442 4752 incensum

1871 4810 1998 4865 ergo
2019 4794 2248 4848 olfcrunt
2269 4807 2368 4862 pro
2381 4792 2617 4862 peccatis
2637 4791 2772 4854 suis,
2795 4790 2885 4860 qui
2902 4791 3200 4845 orationem
3220 4803 3344 4844 cum
3365 4786 3445 4857 je-

1866 4886 2032 4955 juniis
2052 4893 2105 4939 et
2129 4883 2484 4956 elemosynis
2505 4877 2614 4938 Deo
2639 4879 2959 4948 oﬂbruntdn
2987 4881 3183 4952 quibus
3201 4877 3444 4952 placatus

1869 4977 2079 5034 veniam
2104 4979 2305 5033 erroris
2321 4975 2478 5048 digne
2503 4967 2894 5046 postulantibus
2917 4973 3124 5031 tribuit.
3152 4972 3440 5044 Sequitur:

1941 5067 2095 5134 Quod
2121 5070 2166 5122 si
2195 5071 2373 5122 anima
2408 5068 2638 5121 nesciens
2669 5067 2952 5136 peccaverit
2971 5109 2984 5133 ,
3014 5067 3202 5135 οπενετ·
3228 5079 3442 5133 capram

1868 5161 2168 5215 anniculam
2207 5177 2298 5229 pro
2345 5167 2553 5229 peccato
2591 5173 2706 5223 suo,
2757 5167 2806 5212 et
2856 5155 3218 5227 deprecabitur
3241 5167 3336 5224 pro
3379 5169 3442 5206 ea

1867 5251 2108 5306 sacerdos
2127 5290 2140 5313 ,
2171 5251 2306 5319 quod
2332 5249 2506 5302 inscio
2525 5249 2806 5318 peccaverit
2845 5265 3022 5302 coram
3050 5245 3308 5306 Domino;
3336 5244 3438 5294 im—

1869 5339 2188 5411 petrabilque
2214 5340 2265 5393 si
2292 5339 2513 5403 ueniam,
2544 5347 2596 5392 et
2619 5339 2909 5392 dimittetur
2933 5336 3012 5390 illi
3028 5375 3044 5400 ,
3073 5343 3178 5388 etc.
3208 5332 3438 5401 Capram

1872 5445 2002 5500 ergo
2028 5429 2331 5484 anniculam
2363 5428 2538 5496 offert,
2569 5433 2658 5501 qui
2690 5428 3063 5501 paenitentiam
3093 5437 3190 5495 pro
3217 5434 3438 5494 peceato

1874 5538 1977 5577 non
2015 5522 2206 5591 tepide,
2246 5523 2338 5578 sed
2383 5523 2586 5578 fervide
2615 5524 2771 5592 gerit,
2803 5529 2857 5572 et
2885 5517 3120 5587 perfecte
3157 5531 3185 5568 a
3219 5524 3440 5583 peccato

1873 5615 2081 5679 eodem,
2141 5625 2302 5683 atque
2353 5614 2746 5671 studiosissimo
2800 5607 3000 5662 recedit
3045 5605 3337 5675 proposito,
3376 5602 3440 5657 de

1878 5705 2076 5764 caetero
2104 5719 2331 5776 cavens,
2379 5705 2724 5777 quotidieque
2769 5698 3180 5755 commissorum
3227 5694 3440 5752 veniam
