3892 6346
509 321 617 378 679
1142 311 1206 366 Β.
1245 307 1499 365 RABANI
1537 305 1756 364 MAURI
1790 301 2111 362 ARCHIEP.
2152 297 2460 359 MOGUNT.
2500 297 2790 356 OPERUM
2822 298 3005 356 PARS
3041 299 3082 357 ι.
3643 306 3734 364 ego

504 429 802 508 postulans,
832 424 1187 500 ingemiscens
1214 422 1344 477 dicit
1369 437 1490 476 cum
1516 421 1784 489 Pmpheta
1815 438 1827 472 :
1871 417 2074 470 Delicta
2101 419 2154 478 Α
2177 415 2230 468 in
2260 413 2354 508 die
2401 414 2642 508 sabbati,
2681 413 2977 508 obtulerunt
3007 430 3132 508 eum.
3166 412 3338 484 Moysi
3383 420 3434 468 et
3477 412 3658 508 Aaron
3692 427 3735 468 et

498 503 786 596 iuventutis
828 534 979 581 mete,
1029 526 1077 570 et
1119 515 1444 584 ignorantias
1483 530 1622 565 meas
1669 527 1731 563 ne
1759 508 2074 573 memineris,
2177 507 2428 559 universe
2484 505 2828 558 multitudini.
2873 503 2978 568 Qui
3023 503 3350 566 ,recluscrunt
3381 520 3502 557 eum
3552 505 3608 556 in
3637 521 3734 556 car-

506 594 727 672 Domine
764 628 783 666 :
828 607 1112 667 secundum
1161 620 1406 675 magnam
1444 600 1860 656 misericordiam
1906 607 2076 661 tuam,
2177 611 2381 660 cerem,
2437 597 2716 649 nescientes
2756 594 2882 663 quid
2935 610 3091 664 super
3137 611 3198 649 eo
3265 595 3440 664 facere
3493 594 3731 650 deberem.

507 721 704 761 memor
731 709 839 756 esto
862 698 984 764 mei,
1015 695 1253 749 Domine.
1302 692 1695 763 Adjuvabitque
1722 703 1844 743 eum
1879 687 1947 741 ad
1981 686 2081 740 im-
2175 687 2422 759 Dixitque
2450 689 2708 742 Dominus
2729 686 2799 740 ad
2828 685 3046 757 Moysen
3069 701 3086 738 :
3118 685 3288 739 Morte
3308 687 3578 740 moriatur
3603 689 3736 744 homo

507 795 825 870 petrandam
851 790 1064 846 veniam
1089 786 1404 841 intercessio
1437 781 1707 855 pontiﬁcis
1731 778 1946 843 summi,
1987 776 2080 848 qui
2175 781 2302 846 iste;
2343 779 2528 834 obruat
2553 795 2670 833 eum
2696 778 2862 832 omnis
2890 776 3044 830 turba
3080 776 3340 847 lapidibus
3367 786 3526 832 extra
3561 788 3732 833 castra.

507 868 616 943 non
645 900 741 956 per
765 881 1080 953 sanguinem
1108 877 1383 932 hircorum
1417 884 1473 928 et
1518 872 1830 936 vitulorum,
1865 869 1958 926 sed
1984 883 2081 940 per
2181 870 2412 942 Cumque
2438 887 2558 924 eum
2578 871 2875 925 eduxissent
2897 869 3064 938 foras,
3101 868 3387 923 obruerunt
3415 869 3672 938 lapidibus
3693 881 3733 925 et

506 979 822 1051 sanguinem
891 971 1167 1045 proprium
1221 967 1464 1023 introivit
1523 963 1688 1022 semel
1745 962 1800 1017 in
1853 969 2076 1026 sancta,
2178 971 2414 1016 mortuus
2455 970 2552 1027 est,
2591 962 2725 1016 sicut
2754 971 3068 1032 praeceperat
3094 959 3371 1016 Dominus.
3403 959 3552 1026 Quid
3582 971 3731 1019 autem

507 1077 708 1126 eterna
743 1063 1110 1136 redemptione
1137 1061 1374 1115 inventa.

1102 1168 1330 1224 CAPUT
1366 1166 1482 1222 XV.

815 1243 894 1298 De
916 1241 1140 1312 peccatis
1162 1256 1254 1310 per
1280 1237 1577 1308 superbiam
1607 1234 1780 1304 factis.

583 1335 762 1410 (ιβιδ.)
784 1335 975 1387 Anima
1002 1348 1142 1395 vero,
1160 1347 1276 1399 qua:
1297 1345 1390 1401 per
1403 1327 1696 1398 superbiam
1717 1323 1915 1395 aliquid
1945 1337 2082 1375 com-

509 1429 728 1492 miserit,
757 1426 864 1480 sive
888 1423 1012 1477 civis
1038 1423 1102 1476 sit
1128 1421 1236 1484 ille,
1270 1419 1372 1474 sive
1399 1418 1702 1488 peregrinus
1723 1415 1969 1486 quoniam
1995 1411 2084 1464 ad-

508 1533 683 1574 versus
711 1516 995 1569 Dominum
1035 1509 1237 1566 rebellis
1269 1509 1405 1579 fuit,
1433 1507 1618 1579 peribit
1645 1507 1708 1560 de
1746 1503 1936 1575 populo
1965 1519 2081 1567 suo,

505 1621 558 1667 et
589 1609 816 1680 reliqua.
845 1605 954 1678 (Ea:
989 1600 1331 1675 Augustino.)
1387 1600 1518 1668 Quae
1563 1601 1671 1654 sint
1699 1603 1919 1668 peccata
1966 1607 2085 1666 quze

505 1702 643 1757 ﬁunt
669 1700 724 1754 in
747 1711 909 1751 manu
935 1693 1221 1764 superbiae,
1246 1691 1302 1746 id
1328 1699 1436 1755 est,
1463 1688 1714 1760 superbia
1739 1684 2084 1741 committun-

505 1802 614 1857 tur,
647 1789 928 1858 Scriptura
953 1787 1070 1856 ipsa
1106 1786 1160 1839 in
1194 1780 1650 1851 consequentibus
1677 1777 1810 1832 satis
1836 1774 2084 1844 exposuit
2109 1764 2158 1824 B

505 1881 600 1936 ubi
627 1881 704 1934 ait
727 1896 740 1932 :
775 1876 1040 1943 Quoniam
1066 1872 1276 1929 verbum
1315 1871 1639 1940 contempsit.
1673 1867 1831 1922 Aliud
1853 1873 1936 1921 est
1956 1877 2084 1936 ergo

505 1979 777 2043 praecepta
805 1975 1175 2029 contemnere,
1202 1963 1349 2017 aliud
1375 1960 1593 2032 quidem
1618 1959 1798 2030 magni
1829 1959 2082 2027 pendere,

509 2058 606 2115 sed
635 2065 727 2111 aut
753 2056 1000 2127 ignarum
1028 2062 1217 2110 contra
1255 2052 1459 2118 facere,
1481 2058 1574 2106 aut
1602 2050 1803 2106 victum
1832 2047 1916 2102 vel
1946 2046 2085 2101 invi-

511 2156 646 2204 tum.
676 2146 806 2214 Quae
839 2145 944 2200 duo
983 2143 1214 2199 fortasse
1256 2142 1566 2212 pertineant
1609 2141 1677 2195 ad
1710 2140 1800 2194 illa
1842 2145 2085 2208 peccata,

509 2252 631 2308 quae
659 2251 691 2290 a
739 2235 1046 2290 nolentibus
1093 2232 1229 2286 ﬁunt
1256 2246 1272 2285 :
1304 2232 1371 2286 de
1396 2231 1590 2300 quibus
1621 2227 1872 2298 superius
1899 2241 2088 2294 quem-

506 2327 796 2383 admodum
829 2327 940 2382 Deo
967 2324 1260 2394 propitiato
1307 2322 1657 2391 expiarentur
1685 2316 1992 2380 admonuit,
2025 2329 2090 2369 ac

509 2416 705 2472 deinde
742 2413 975 2484 subjecit
1019 2420 1243 2483 peccata
1273 2410 1556 2480 superbiat,
1587 2422 1710 2462 cum
1745 2407 1973 2475 quisque
2001 2419 2091 2457 su-

509 2505 828 2576 perbiendo,
871 2505 926 2559 id
969 2511 1070 2568 est,
1118 2508 1446 2574 praeceptum
1477 2497 1868 2555 contemnendo
1898 2510 2089 2566 perpe-

514 2611 634 2651 ram
662 2586 794 2651 facit
825 2609 840 2648 :
866 2596 1009 2666 quod
1034 2608 1203 2665 genus
1232 2594 1441 2664 peccati
1465 2608 1574 2648 non
1601 2591 1739 2647 dixit
1761 2589 1868 2645 ullo
1896 2602 2093 2660 genere

508 2687 764 2744 sacriﬁcii
797 2701 1031 2758 purgare
1053 2695 1304 2758 oportere
1333 2694 1588 2754 tanquam
1627 2680 1926 2738 insanabile
1950 2679 2093 2748 judi-

509 2791 684 2842 cans;
739 2776 832 2831 illa
871 2777 1134 2830 duntaxat
1179 2776 1483 2840 curatione,
1527 2788 1647 2842 qua:
1692 2787 1790 2842 per
1827 2771 2093 2826 sacrificia

510 2867 858 2939 gerebantur,
887 2866 1068 2935 qualia
1105 2863 1350 2920 facienda
1377 2865 1435 2918 in
1464 2865 1568 2919 hac
1597 2862 1876 2932 Scriptura
1903 2861 2094 2930 praeci-

511 2957 754 3028 piuntur.
783 2955 914 3024 Quae
940 2957 988 3011 si
1015 2971 1112 3026 per
1140 2957 1256 3026 ipsa
1297 2955 1665 3020 attendantur,
1705 2953 1836 3008 nulli
1869 2961 2094 3023 peccato

509 3055 739 3118 possunt
765 3046 1004 3111 mederi;
1042 3047 1088 3100 si
1114 3054 1296 3100 autem
1326 3060 1414 3100 res
1459 3046 1589 3114 ipsa:
1633 3058 1863 3112 quorum
1911 3057 2093 3097 sacra-

2181 1053 2456 1120 insinuat,
2487 1051 2629 1123 quod
2663 1061 2774 1108 tam
2812 1053 3070 1107 atrociter
3094 1051 3250 1120 jussu
3287 1052 3385 1107 Dei
3421 1052 3588 1109 fuerit
3615 1055 3731 1109 idem

2180 1146 2248 1200 ab
2275 1145 2421 1200 omni
2454 1145 2649 1216 pOpulo
2677 1145 2976 1199 tmcidatus
3001 1185 3014 1208 ,
3046 1145 3189 1214 quod
3233 1144 3390 1200 facile
3437 1145 3512 1200 ab
3539 1146 3730 1203 inﬁdeli-

2180 1237 2282 1292 bus
2304 1237 2669 1306 promittitur?
2702 1235 3008 1308 intelligant
3034 1251 3164 1307 ergo
3191 1237 3317 1306 quia
3348 1237 3471 1293 haec
3499 1239 3664 1293 omnia
3688 1239 3730 1294 in

2185 1340 2309 1401 typo
2335 1329 2651 1386 acciderunt
2682 1329 2788 1384 illis
2822 1345 2835 1383 :
2869 1329 3072 1398 scripta
3105 1337 3233 1384 sunt
3262 1330 3409 1384 enim
3445 1328 3518 1383 ad
3550 1344 3732 1400 correp-

2183 1421 2385 1476 tionem
2435 1429 2699 1476 nostram.
2758 1419 2850 1476 Ille
2900 1420 3044 1474 enim
3111 1419 3374 1490 pristinus
3425 1420 3732 1489 carnaliqu

2184 1511 2346 1566 homo
2371 1510 2464 1580 qui
2493 1509 2636 1565 diem
2670 1509 2880 1565 sabbati
2924 1509 3130 1564 violare
3158 1524 3323 1564 ausus
3355 1517 3443 1565 est
3465 1509 3592 1564 dum
3617 1509 3732 1579 ligna

2183 1601 2477 1672 colligeret,
2494 1608 2714 1670 propter
2736 1599 2880 1670 quod
2893 1607 2978 1655 est
3003 1608 3059 1654 et
3079 1600 3320 1669 punitus,
3344 1599 3582 1655 formam

2187 1692 2384 1748 ﬁcabat
2411 1691 2528 1761 ejus
2549 1693 2640 1762 qui
2671 1693 2830 1748 hodie
2867 1693 2924 1747 in
2953 1691 3173 1748 Christo
3203 1693 3478 1763 signatus,
3499 1691 3732 1748 invenitur

2185 1797 2344 1854 agere
2373 1781 2592 1836 carnale
2627 1796 2800 1851 opus,
2847 1782 2902 1836 id
2949 1790 3064 1845 est,
3105 1782 3432 1837 contrahere
3475 1781 3638 1852 ligna,
3671 1780 3729 1835 fc-

2184 1888 2334 1938 num,
2359 1871 2631 1942 stipulam,
2655 1872 2723 1927 ad
2752 1887 2932 1927 escam
2960 1872 3100 1943 ignis
3119 1873 3309 1928 aeterni
3333 1873 3728 1928 convenientem.

2185 1963 2313 2031 Quae
2340 1963 2467 2017 dum
2493 1963 2694 2034 colligit
2726 1963 2781 2018 in
2826 1979 2979 2019 suam
3027 1963 3347 2033 perniciem,
3393 1964 3442 2018 si
3484 1962 3634 2018 fuerit
3661 1963 3732 2018 de-

2184 2054 2504 2126 prehensus,
2533 2053 2748 2123 pellitur
2771 2055 2839 2110 ab
2867 2046 3117 2109 omnibus
3155 2062 3212 2109 et
3239 2053 3426 2110 statim
3452 2054 3694 2111 occiditur
3718 2071 3730 2106 :

2187 2145 2313 2199 dum
2357 2143 2632 2212 judicatur
2681 2143 2750 2199 ab
2801 2144 3154 2214 spiritalibus.
3208 2142 3302 2199 Sic
3337 2159 3464 2215 ergo
3514 2145 3734 2200 omnibus

2188 2249 2520 2303 quaecunque
2548 2233 2654 2288 illis
2677 2232 2876 2288 Iudaeis
2895 2249 2993 2303 per
3019 2233 3192 2304 legem
3213 2234 3533 2298 acciderunt,
3553 2233 3737 2288 forma-

2191 2324 2316 2379 liter
2342 2323 2687 2394 intelligenda
2711 2332 2856 2378 sunt.

2260 2413 2409 2466 Dixit
2431 2431 2632 2484 quoque
2663 2413 2922 2468 Dominus
2963 2416 3034 2468 ad
3075 2415 3296 2487 Moysen
3325 2433 3343 2470 :
3379 2415 3602 2488 Loquere
3633 2417 3738 2487 ﬁliis

2194 2501 2366 2556 Israel
2397 2513 2443 2557 et
2469 2504 2608 2557 dices
2647 2505 2716 2557 ad
2743 2521 2849 2570 eos,
2878 2514 2933 2558 ut
2961 2506 3160 2575 faciant
3187 2507 3287 2560 sibi
3311 2507 3544 2575 ﬁmbrias
3560 2525 3640 2579 per
3660 2526 3736 2562 an-

2192 2593 2339 2663 gulos
2366 2594 2671 2664 palliorum,
2711 2605 2956 2665 ponentes
2989 2598 3044 2650 in
3084 2598 3159 2652 eis
3189 2599 3344 2652 vittas
3385 2600 3733 2669 hyacinthina.

2196 2682 2339 2749 Quas
2367 2702 2485 2738 cum
2524 2687 2761 2753 viderim,
2799 2689 3214 2742 recordabuntur
3235 2691 3471 2744 omnium
3502 2692 3738 2744 mandato-

2195 2788 2310 2825 rum
2334 2773 2564 2838 Domini,
2594 2793 2656 2829 ne
2680 2784 2964 2846 sequantur
2989 2776 3329 2846 cogitationes
3348 2795 3498 2843 suas,
3524 2788 3565 2832 et
3587 2778 3738 2832 oculos

2194 2883 2314 2920 suos
2334 2884 2425 2938 per
2445 2885 2524 2922 res
2545 2870 2715 2924 varias
2740 2870 3081 2939 fornicantes;
3096 2870 3189 2923 sed
3212 2872 3381 2942 magis
3403 2882 3740 2943 praceptorum

2197 2956 2411 3011 Domini
2437 2975 2708 3025 memores,
2753 2960 2950 3028 faciant
2988 2977 3080 3026 ea,
3113 2961 3320 3032 sintque
3345 2965 3514 3017 sancti
3547 2962 3739 3017 Domino

2198 3046 2306 3102 Deo
2337 3065 2451 3102 suo.
2480 3049 2592 3119 Ego
2613 3049 2870 3106 Dominus
2899 3050 3042 3107 Deus
3067 3063 3250 3120 vester,
3283 3054 3374 3124 qui
3410 3056 3558 3109 eduxi
3587 3070 3664 3108 vos
3689 3052 3742 3105 de

510 3107 693 3195 inenta
721 3146 848 3194 sunt
878 3138 1249 3208 inquirantur,
1280 3139 1337 3192 in
1362 3137 1444 3192 eis
1467 3136 1699 3191 inveniri
1734 3135 1934 3206 poterit
1965 3149 2094 3204 pur-
2119 3107 2165 3170 (ἶ
2197 3146 2338 3191 terra
2370 3107 2588 3208 Egypti
2611 3149 2666 3193 ut
2693 3156 2856 3194 essem
2885 3140 3026 3195 Deus
3055 3107 3250 3196 vester:
3282 3107 3576 3199 éecundum
3596 3143 3746 3198 histo-

512 3233 659 3302 gatio
687 3239 1055 3300 peccatorum.
1083 3229 1238 3296 Quod
1267 3245 1397 3300 ergo
1421 3230 1683 3298 scriptum
1713 3237 1798 3283 est
1839 3247 1853 3283 :
1898 3226 2096 3282 Pecca-

513 3325 600 3372 tor
652 3333 773 3371 cum
823 3318 1016 3369 venerit
1068 3318 1123 3369 in
1177 3317 1497 3385 profundum
1539 3315 1823 3380 malorum,
1863 3324 2096 3369 contem—

513 3407 591 3462 nit
632 3405 814 3477 (Prav.
847 3405 1025 3476 xvm),
1055 3405 1154 3460 iste
1180 3405 1512 3475 significatus
1553 3413 1669 3471 est,
1709 3419 1872 3474 quem
1918 3404 2099 3474 Scrip—

517 3503 641 3550 tura
677 3494 780 3550 hoc
824 3494 943 3549 loco
987 3494 1118 3548 dicit
1164 3495 1219 3548 in
1263 3508 1423 3546 manu
1461 3493 1728 3562 superbia:
1764 3493 2093 3562 delinquere.

518 3581 632 3640 Hoc
655 3585 817 3654 igitur
839 3584 956 3638 sine
993 3599 1154 3652 paena
1183 3581 1298 3651 ejus
1326 3583 1418 3652 qui
1455 3583 1747 3639 committit
1781 3599 1890 3638 non
1923 3591 2100 3651 potest

521 3673 750 3738 aboleri,
805 3681 969 3743 atque
1021 3673 1140 3727 ideo
1191 3687 1296 3726 non
1347 3679 1525 3741 potest
1568 3685 1690 3726 esse
1737 3671 2093 3740 impunitum;

513 3772 718 3819 etcum
746 3763 1058 3833 paenitendo
1097 3769 1319 3818 sanatur
1354 3779 1367 3815 :
1417 3762 1534 3830 ipsa
1560 3761 1704 3816 cnim
1741 3760 1956 3816 afﬂictio
1984 3774 2100 3830 pte-

515 3855 762 3918 nitentis,
789 3868 950 3923 paena
994 3855 1202 3923 peccati
1229 3861 1344 3919 est;
1375 3853 1622 3922 quamvis
1666 3851 2003 3907 medicinalis
2046 3861 2100 3907 et

511 3943 766 4000 salubris.
799 3942 988 3998 Merito
1009 3943 1205 4012 quippe
1228 3957 1480 4013 magnum
1497 3941 1767 4009 iudicatur
1791 3950 2096 4011 peccatum,

508 4049 631 4091 cum
665 4036 915 4106 superbia
940 4042 1271 4104 praeceptum
1297 4034 1613 4088 contemnit.
1641 4032 1747 4089 Sed
1771 4047 1802 4088 e
1823 4033 2099 4089 contrario

509 4133 569 4179 ut
598 4126 781 4178 sanari
819 4125 1019 4192 possit,
1064 4140 1158 4179 cor
1186 4125 1477 4178 contritum
1506 4132 1563 4180 ut
1589 4123 1929 4178 humiliatum
1956 4125 2100 4179 Deus

503 4227 612 4268 non
639 4211 1250 4280 spernitNerumtamen
1269 4213 1395 4279 quia
1418 4213 1534 4266 sine
1547 4226 1707 4280 paena
1731 4228 1837 4266 non
1863 4212 1952 4275 sit,
1977 4212 2097 4267 ideo

508 4301 637 4357 talia
668 4301 795 4356 hinc
825 4299 969 4353 dicta
997 4307 1125 4354 sunt
1160 4317 1172 4352 :
1207 4300 1397 4365 Deum,
1433 4301 1626 4370 inquit,
1671 4301 1754 4354 hic
1795 4301 2094 4369 exacerbat,

506 4390 634 4461 quia
660 4389 801 4443 Deus
826 4388 1062 4460 superbis
1089 4388 1300 4442 resistit.
1347 4389 1416 4442 Et
1440 4389 1888 4444 exterminabitur
1916 4391 2093 4445 anima

507 4482 598 4538 illa
625 4483 692 4537 de
724 4481 923 4553 populo
950 4483 1086 4548 suo‘,
1116 4481 1370 4552 quoniam
1397 4480 1522 4536 talis
1541 4481 1761 4536 omnino
1787 4483 1840 4537 in
1870 4498 2096 4539 numero

507 4585 695 4626 eorum
719 4571 809 4641 qui
833 4571 903 4626 ad
923 4570 1093 4626 Deum
1114 4571 1409 4642 pertinent,
1432 4586 1538 4626 non
1567 4579 1670 4627 est.
1693 4571 1955 4638 Quoniam
1980 4589 2096 4645 ver-

507 4662 635 4716 bum
664 4662 877 4716 Domini
901 4662 1260 4732 contempsit,
1288 4672 1344 4718 et
1375 4663 1626 4717 mandata
1657 4662 1774 4732 ejus
1802 4665 2091 4736 dispersit,

512 4751 839 4805 contritione
915 4760 1225 4806 conteretur
1281 4751 1462 4805 anima
1514 4751 1624 4806 illa.
1683 4752 1862 4819 Quare
1910 4763 2093 4810 autem

512 4839 843 4895 contritione
868 4849 1196 4905 conteretur,
1223 4849 1614 4910 consequenter
1627 4840 2091 4912 adjungitdicens:

512 4927 792 4984 Peccatum
815 4927 927 4997 ejus
945 4929 1000 4980 in
1028 4928 1143 4994 illo,
1162 4945 1225 4984 ac
1255 4945 1352 5000 per
1376 4930 1480 4984 hoc
1504 4930 1551 4984 si
1575 4930 1665 4984 tali
1691 4939 1915 5000 peccato
1940 4932 2093 4987 debi-

511 5027 628 5078 ‘hm
649 5019 1033 5076 contritionem
1061 5021 1176 5089 ipse
1209 5021 1312 5075 sibi
1355 5021 1607 5076 adhibeat
1640 5023 1973 5092 paenitendo,
2001 5039 2096 5080 cor

513 5109 830 5177 contritum,
851 5115 914 5163 ut
937 5107 1138 5162 dictum
1168 5117 1273 5173 est,
1303 5108 1446 5164 Deus
1469 5125 1587 5176 non
1622 5110 1846 5182 spernit.

1098 5218 1327 5275 CAPUT
1371 5220 1509 5276 XVI.

514 5316 592 5373 De
619 5316 825 5387 homine
849 5313 1122 5387 colligente
1158 5311 1303 5382 ligna
1339 5313 1396 5387 i_n
1433 5314 1517 5368 die
1552 5315 1787 5387 sabbati;
1815 5326 1864 5372 et
1887 5317 1951 5372 de
1973 5319 2092 5387 [im-

586 5387 710 5442 briis
769 5381 1021 5455 faciendis
1065 5398 1157 5454 per
1205 5381 1423 5451 angulos
1476 5381 1915 5453 palliorumcum
1957 5381 2094 5443 vittis

587 5455 956 5527 hyacinthinis.
1982 5459 1988 5465 ·

588 5567 768 5641 (1310.)
807 5565 1032 5622 Factum
1062 5574 1136 5620 est
1164 5575 1338 5619 autem
1371 5583 1486 5618 cum
1510 5577 1675 5621 essent
1714 5568 1812 5637 ﬁlii
1841 5569 2012 5625 Israel
2041 5573 2096 5625 in

522 5663 817 5730 sotitudine,
847 5670 893 5718 et
934 5659 1242 5717 invenissent
1292 5660 1551 5713 hominem
1570 5660 1911 5734 :colligenlem
1953 5665 2097 5736 ligna

2198 3227 2336 3282 riam
2361 3243 2491 3299 ergo
2512 3231 2783 3284 mandavit
2803 3231 3062 3287 Dominus
3080 3248 3181 3302 per
3207 3233 3428 3304 Moysen
3456 3236 3565 3291 ﬁliis
3581 3233 3746 3294 lsracl.

2200 3321 2254 3374 in
2294 3329 2527 3390 quatuor
2558 3323 2766 3393 angulis
2790 3323 3088 3392 'palliorum
3126 3326 3506 3396 byacinthinas
3539 3327 3749 3381 ﬁmbrias

2199 3409 2408 3475 facere,
2455 3411 2520 3465 ad
2548 3411 2903 3468 lsraeliticum
2933 3416 3188 3484 populum
3236 3417 3674 3487 dignoscendum,
3700 3425 3751 3471 ut

2204 3501 2476 3568 quomodo
2506 3501 2560 3554 in
2588 3497 2905 3570 corporibus
2939 3504 3281 3558 circumcisio
3305 3507 3516 3577 signum
3541 3505 3754 3560 iudaice

2199 3590 2374 3660 gentis
2402 3591 2573 3658 daret,
2604 3590 2680 3644 ita
2713 3601 2768 3646 et
2800 3594 2966 3648 vestis
2996 3595 3224 3650 haberet
3260 3596 3492 3666 aliquam
3519 3597 3756 3651 differen-

2198 3680 2357 3745 tiam;
2395 3689 2448 3734 et
2485 3690 2544 3735 ut
2578 3693 3074 3749 commonerentur,
3104 3687 3222 3755 quia
3262 3685 3441 3739 habitu
3489 3703 3516 3740 a
3549 3688 3760 3742 caeteris

2199 3770 2448 3840 gentibus
2479 3771 2573 3824 Dei
2599 3780 2870 3841 praecepto
2897 3772 3238 3839 differebant,
3269 3775 3536 3829 distarent
3558 3783 3618 3829 et
3645 3775 3758 3831 reli-

2200 3861 2379 3931 gione,
2407 3869 2675 3931 quatenus
2701 3879 2868 3918 unum
2898 3864 3070 3918 Deum
3095 3864 3327 3920 colerent
3347 3865 3545 3934 spretis
3565 3866 3756 3920 cunctis

2199 3951 2354 4006 idolis
2384 3953 2684 4018 nationum,
2715 3952 2938 4023 ejusque
2960 3956 3214 4010 mandata
3239 3955 3623 4011 studiosissime
3638 3971 3756 4010 con-

2198 4054 2418 4095 servare
2454 4042 2776 4096 niterentur.
2825 4043 3128 4115 Allegorice
3181 4053 3362 4099 autem
3405 4061 3504 4100 nos
3535 4046 3754 4108 instruit,

2197 4139 2258 4185 ut
2304 4131 2686 4201 intelligamus,
2733 4133 2860 4202 quia
2908 4135 3161 4189 mandata
3196 4150 3318 4205 qua:
3362 4135 3606 4190 videntur
3651 4149 3755 4189 esse

2198 4220 2419 4275 minima
2445 4221 2500 4275 in
2531 4222 2718 4276 habitu
2743 4221 2878 4296 legis
2897 4266 2910 4290 ,
2941 4224 2985 4278 si
3029 4233 3254 4294 propter
3282 4224 3556 4280 cmlestem
3583 4226 3752 4287 vitam,

2199 4311 2343 4377 quod
2369 4311 2504 4366 vitta
2530 4313 2886 4382 hyacinthina
2911 4315 3211 4385 significat,
3250 4314 3486 4369 colorem
3519 4315 3654 4369 aeris
3677 4327 3753 4368 ex-

2196 4399 2453 4467 ρτὶωειιδ,
2507 4410 2812 4468 serventur,
2859 4405 3091 4456 multum
3134 4403 3442 4473 proﬁciant.
3497 4403 3596 4468 Qui
3632 4403 3754 4456 enim

2198 4492 2393 4559 spernit
2415 4493 2650 4556 minima,
2676 4493 2930 4562 paulatim
2952 4494 3154 4563 deﬂuit.
3178 4494 3417 4564 Ideoque
3439 4508 3653 4549 necesse
3669 4501 3753 4552 est.

2200 4588 2262 4634 ut
2300 4583 2604 4654 secundum,
2628 4583 2870 4653 Apostoli
2914 4585 3326 4649 documentum,
3366 4585 3475 4640 sive
3505 4585 3757 4638 manduce-

2201 4690 2336 4738 mus,
2369 4673 2474 4727 sive
2497 4674 2753 4740 bibamus,
2786 4677 2891 4731 sive
2915 4677 3064 4732 aliud
3087 4678 3214 4749 quid
3235 4695 3479 4750 agamus,
3528 4677 3757 4734 omniain

2200 4763 2422 4834 gloriam
2449 4763 2548 4819 Dei
2575 4765 2855 4834 faciamus.

2771 4876 3000 4934 CAPUT
3037 4877 3200 4935 XVII.

2201 4944 2280 5000 De
2297 4946 2548 5001 seditione
2563 4943 2753 5013 Cbore,
2782 4947 2998 5003 Dathan
3019 4960 3067 5004 et
3096 4951 3296 5006 Abiron
3323 4960 3516 5006 contra
3552 4951 3764 5023 Kayser,

2757 5028 2804 5072 et
2834 5035 2988 5088 paena
3013 5037 3214 5076 eorum.

2272 5125 2422 5196 (CAP.
2466 5126 2602 5198 xvr.)
2651 5127 2789 5182 Ecce
2833 5140 3006 5184 autem
3053 5129 3224 5186 Chore
3273 5130 3417 5199 ﬁlius
3464 5129 3649 5194 Isaar,
3689 5128 3770 5197 ﬁlii

2203 5213 2390 5279 Caath,
2420 5216 2520 5284 ﬁlii
2564 5215 2706 5282 Levi,
2737 5228 2786 5271 et
2825 5217 3058 5284 Dat/ian,
3105 5230 3156 5274 et
3189 5219 3425 5282 Abiram,
3460 5219 3571 5288 ﬁlii
3616 5217 3772 5279 Elisb,

2201 5303 2324 5359 Han
2346 5323 2550 5376 quoque
2577 5305 2720 5375 ﬁlius
2751 5305 2998 5374 Phelech,
3040 5310 3106 5364 de
3132 5309 3259 5378 ﬁliis
3295 5309 3502 5375 Ruben,
3552 5321 3777 5364 surrexe-

2196 5405 2319 5448 runt
2346 5407 2528 5450 contra
2562 5396 2777 5466 Moysen
2804 5437 2819 5463 ,
2849 5397 3072 5469 aliisque
3110 5399 3341 5468 ﬁliorum
3367 5399 3550 5454 Israel
3585 5397 3778 5453 ducenti

2197 5487 2574 5556 quinquaginta
2598 5488 2715 5549 viri,
2742 5505 2979 5558 proceres
3009 5507 3316 5562 synagogas,
3349 5501 3396 5545 et
3433 5493 3529 5560 qui
3565 5503 3779 5560 tempore

2199 5581 2426 5646 concilii,
2465 5598 2558 5650 per
2605 5584 2819 5636 nomina
2864 5583 3202 5638 vocabantur.
3254 5583 3490 5654 Cumque
3533 5586 3784 5638 stetissent

2200 5672 2447 5730 adversus
2471 5671 2688 5743 Moysen
2709 5685 2758 5729 et
2778 5674 2981 5743 Aaron,
3029 5675 3316 5732 dixerunt:
3350 5676 3602 5746 Suﬂiciat
3636 5673 3782 5736 vobis:
