3892 6346
154 339 245 401 681

840 328 1390 393 “assummum
1425 330 1493 388 IN
1532 326 1792 388 manu
1827 280 2291 387 manumanu.
2325 354 2402 371 —
2430 325 2558 383 LIB.
2598 324 2665 383 ιι.

3291 318 3399 379 682

136 451 267 527 φάη
295 452 467 505 opinis
508 450 792 509 multitudo
836 458 1135 506 sanctorum
1179 456 1275 517 est,
1309 456 1357 503 et
1399 446 1455 501 in
1483 447 1612 518 ipsis
1645 450 1721 502 est
1748 449 1803 510 Α
1823 445 1969 500 nitur
2005 443 2322 510 inferorum,
2354 449 2411 496 et
2441 439 2680 495 maxime
2714 418 2785 490 oin
2814 431 3046 489 mortuis
3072 416 3193 488 me
3230 420 3406 507 accipi

136 543 426 599 Dominus.
492 538 602 596 Cur
658 542 929 599 elevamini
980 557 1135 612 super
1179 538 1428 611 populum
1473 536 1731 592 Domini?

158 632 300 699 Quod
343 647 465 685 cum
503 632 734 687 audisset
781 631 1021 703 Moyses,
1059 630 1283 702 procidit
1323 645 1517 699 pronus
1554 628 1611 681 in
1648 626 1733 703 {a-

132 726 300 779 tcient.
337 722 669 793 Locutusque
696 734 772 779 est
796 723 865 777 ad
886 720 1073 777 Chore
1100 729 1148 776 et
1170 718 1239 773 ad
1270 736 1472 774 omnem
1501 716 1734 772 multitu-

155 810 341 870 dinem.
376 812 558 883 Mane,
601 813 797 885 inquit,
826 823 1007 867 notum
1048 812 1203 882 faciet
1230 809 1507 875 Dominus,
1546 806 1636 880 qui
1661 807 1731 862 ad

136 923 206 961 :se
224 906 539 977 pertineant,
563 913 614 961 et
637 914 846 960 sanctos
866 903 1148 977 applicabit
1176 903 1309 968 sibi;
1338 910 1389 958 et
1410 916 1538 972 quos
1554 897 1733 970 elege-

155 999 235 1064 rit,
263 996 756 1069 appropinquabant
790 997 870 1063 ei,
896 1004 952 1052 et
976 996 1136 1067 reliq.
1165 993 1276 1067 (Ea:
1316 990 1577 1062 Isidoro.)
1625 990 1732 1046 Per

150 1090 419 1147 excidium
451 1088 647 1156 Chore,
695 1089 908 1144 Dathan
938 1095 996 1143 et
1021 1088 1248 1152 Abiron,
1279 1085 1371 1156 qui
1402 1084 1505 1140 sibi
1540 1091 1732 1139 contra

153 1179 366 1253 ﬂoysen
391 1189 448 1237 et
474 1181 655 1237 Aaron
695 1181 1036 1237 sacerdotem
1058 1180 1059 1189 ‘
1080 1177 1420 1237 sacriﬁcandi
1454 1175 1731 1233 licentiam

156 1273 530 1340 vendicantes,
557 1285 751 1343 ptenas
774 1287 876 1344 pro
896 1272 1008 1328 suis
1032 1269 1313 1327 conatibus
1337 1267 1731 1340 expenderent,

144 1364 522 1435 signiﬁcantur
554 1363 612 1417 hi
638 1363 731 1433 qui
758 1363 994 1420 haereses
1019 1370 1075 1418 et
1106 1362 1402 1416 schismata
1428 1357 1610 1413 facere
1636 1369 1731 1411 eo-

153 1469 366 1529 nantur,
409 1469 467 1517 et
512 1460 713 1516 multos
745 1464 947 1516 secum
978 1456 1247 1513 trahendo
1277 1453 1570 1524 decipiunt,
1609 1464 1741 1506 eon-

126 1558 455 1610 ‘ttimnentes
483 1552 796 1608 sac‘erdOtes
821 1548 1043 1617 Christi,
1075 1556 1131 1604 et
1155 1563 1215 1604 se
1237 1546 1444 1603 a'clero
1478 1544 1597 1616 ejus
1627 1540 1741 1614 ple—

148 1645 340 1716 bisque
394 1646 655 1704 societate
715 1644 1066 1719 segregantes
1091 1687 1106 1714 ,
1157 1644 1492 1729 constituere
1540 1640 1741 1729 audent

146 1735 425 1795 Ecclesiae
470 1748 528 1795 et
557 1738 703 1794 aliud
747 1736 920 1793 altare
947 1732 1279 1808 preccmque
1305 1730 1465 1790 aliam
1492 1775 1508 1801 ,
1540 1728 1753 1799 illicitis

1834 538 1989 594 solet.
2025 535 2131 593 Sed
2158 536 2411 606 quoniam
2432 535 2581 607 ipsos
2605 530 2851 585 viventes
2888 527 3092 583 dictum
3124 534 3210 583 est
3232 527 3301 583 ad
3326 527 3410 583 in-

1834 626 1979 684 feros
2015 628 2383 694 descendisse,
2416 632 2473 681 et
2506 625 2622 696 ipsa
2668 619 2984 679 narratione
3032 619 3162 692 quid
3206 619 3411 677 factum

1832 719 1996 776 fuerit
2013 721 2150 777 satis
2200 727 2438 791 apparet,
2481 713 2827 773 manifestum
2872 720 2979 781 est,
3013 719 3077 768 ut
3102 711 3238 780 dixi,
3270 711 3413 769 infe-

1834 815 2009 871 riores
2052 820 2237 887 partes
2289 821 2449 868 terra:
2485 809 2785 865 inferorum
2835 806 3098 863 vocabulo
3128 819 3415 879 nuncupa-

1834 915 1938 974 tas,
1971 909 2027 962 in
2064 904 2470 976 comparatione
2504 898 2664 971 hujus
2701 898 2997 972 superioris
3024 906 3205 965 terrm,
3234 897 3291 952 in
3321 911 3419 952 cu-

1827 994 1919 1073 jus
1939 998 2081 1056 facie
2101 999 2324 1065 vivitur,
2346 998 2486 1053 sicut
2516 996 2572 1052 in
2595 996 3000 1066 comparatione
3019 992 3145 1050 caeli
3174 992 3422 1067 superio-

1832 1096 1934 1163 ris,
1974 1094 2067 1149 ubi
2096 1100 2413 1150 sanctorum
2453 1089 2757 1145 demoratio
2790 1097 2875 1144 est
2917 1087 3255 1159 angelorum,
3286 1100 3419 1158 pec~

1835 1195 2023 1246 cantes
2071 1184 2293 1259 angelos
2347 1185 2405 1239 in
2456 1182 2620 1254 hujus
2681 1180 2825 1237 aeris
2872 1180 3119 1241 dett-usos
3164 1178 3424 1248 caligine,

1837 1279 2120 1351 Scriptura
2149 1279 2301 1343 dicit,
2332 1285 2592 1348 tanquam
2614 1273 2949 1337 carceribus
2980 1271 3141 1326 inferi
3174 1271 3425 1353 punien-

1840 1372 1939 1428 dos
1964 1368 2253 1425 reservari.
2300 1366 2361 1423 Si
2384 1366 2524 1421 enim
2553 1363 2720 1433 Deus,
2754 1362 2951 1432 inquit,
2982 1359 3181 1432 angelis
3205 1377 3428 1429 peccan-

1842 1463 1981 1517 tibus
2008 1478 2111 1515 non
2135 1460 2386 1531 pepercit,
2415 1458 2505 1513 sed
2546 1455 2845 1513 carceribus
2876 1452 3120 1524 caliginis
3148 1451 3319 1520 inferi
3350 1468 3433 1507 re-

1842 1552 2093 1619 trudens,
2140 1550 2363 1605 tradidit
2432 1548 2489 1603 in
2543 1547 2752 1621 judicio
2819 1542 3113 1616 puniendos
3180 1542 3437 1627 reservari

1843 1641 1897 1718 (I
1927 1644 2046 1699 Pet.
2080 1643 2189 1713 ιιι),
2223 1658 2350 1700 cum
2372 1640 2650 1712 apostolus
2673 1637 2873 1695 Paulus
2902 1636 3190 1709 principem
3209 1643 3439 1703 potesta-

1840 1733 1908 1787 tis
1942 1734 2102 1802 aeris,
2133 1732 2279 1790 dicat
2320 1731 2615 1805 diabolum,
2668 1732 2771 1813 qui
2801 1737 3051 1811 operatur
3076 1728 3134 1784 in
3153 1725 3283 1813 ﬁliis
3300 1725 3439 1798 Αἰθί-

124 1826 370 1884 ”vocibus
392 1828 604 1884 faciunt
630 1829 929 1884 Dominicae
951 1828 1141 1883 hostiae
1163 1828 1468 1892 veritatem,
1489 1842 1589 1897 per
1610 1824 1743 1882 falsa
1771 1832 1822 1895 Β
1846 1827 2061 1897 demite.

140 1920 419 1975 sacriﬁcia
450 1919 826 1991 profanantes.
873 1918 941 1973 Hi
980 1916 1080 1989 ‘qui
1116 1928 1308 1974 contra
1350 1917 1597 1973 ordinem
1646 1918 1743 1975 Dei

114 2011 426 2076 “nituntur,
454 2010 527 2066 ob
556 2009 880 2065 temeritatis
906 2010 1187 2065 audaciam
1216 2017 1373 2065 terra:
1397 2007 1745 2082 compagibus

138 2103 329 2172 ruptis
354 2143 370 2168 ,
418 2102 673 2174 profundi
718 2102 868 2157 hiatu
905 2113 1255 2174 merguntur;
1298 2116 1401 2156 nec
1441 2109 1649 2155 tantum
1688 2100 1745 2155 hi

138 2196 243 2264 qui
274 2197 441 2251 duces
482 2212 670 2254 eorum
706 2203 870 2264 sunt,
916 2199 1013 2252 sed
1038 2204 1092 2252 et
1118 2194 1197 2252 illi
1225 2196 1317 2269 qui
1354 2196 1743 2251 consentiendo

138 2284 447 2355 participes
490 2287 804 2341 earumdem
830 2285 1009 2342 effecti
1049 2294 1195 2354 sunt,
1228 2286 1284 2343 in
1330 2286 1511 2359 ignem
1551 2286 1744 2343 aeterni

137 2372 339 2445 iudicii
365 2385 671 2448 praeparata
695 2377 902 2433 ultione
929 2378 1207 2450 peribunt.

138 2466 141 2469 λ
220 2467 456 2523 Locutus
486 2478 564 2524 est
588 2468 848 2528 Dominus
878 2473 947 2526 ad
978 2471 1197 2544 Moysen
1225 2482 1273 2527 et
1300 2473 1485 2528 Aaron
1514 2472 1694 2528 dicens
1726 2487 1742 2525 :

142 2559 488 2633 Separamini
514 2564 580 2619 de
608 2565 779 2621 medio
812 2567 1231 2638 congregationis
1256 2568 1439 2639 hujus,
1466 2576 1522 2620 ut
1544 2583 1630 2621 eos
1660 2582 1746 2620 re-

141 2664 308 2727 pente
334 2654 661 2726 disperdam,
703 2662 759 2712 et
781 2665 998 2712 caetera.
1032 2656 1142 2729 (Ex
1182 2656 1521 2729 Augustino.)
1546 2656 1748 2712 Notan—

144 2744 284 2800 dum
307 2754 393 2802 est
410 2745 743 2815 tuncjubere
764 2747 1053 2803 Dominum
1077 2747 1195 2804 ﬁeri
1216 2751 1617 2820 separationem
1630 2765 1754 2804 cor-

142 2836 428 2907 poralem,
454 2846 579 2893 Cum
618 2836 733 2906 jam
779 2838 1020 2893 vindicta
1049 2839 1296 2895 imminet
1324 2840 1503 2895 malis.
1531 2840 1624 2895 Sic
1641 2838 1755 2895 Noe

128 2930 281 2984 'cum
310 2929 470 2984 domo
502 2943 600 2984 sua
630 2937 915 3002 separatur
940 2946 973 2985 a
1003 2932 1216 3003 caeteris
1241 2930 1443 2987 diluvio
1464 2931 1751 3001 perituris;

2418 1913 2648 1973 CAPUT
2685 1911 2875 1969 XVIII.
3170 1972 3173 1977 ὗ
3328 1958 3329 1961 η
3366 1986 3369 1997 Ι

1845 2009 1926 2069 De
1960 2008 2244 2067 thuribulis
2295 2010 2666 2065 seditiosorum
2702 2008 2768 2063 ab
2812 2006 3058 2065 inccndio
3096 2004 3442 2076 sublatisper

2336 2078 2566 2134 Eleazar
2602 2078 2948 2135 sacerdotem.
3174 2136 3177 2141 _
3204 2136 3209 2145 _

1919 2194 2099 2267 (Imm)
2131 2194 2462 2264 Locutusque
2483 2202 2559 2250 est
2580 2194 2843 2250 Dominus
2862 2193 2935 2249 ad
2966 2192 3187 2265 Moysen
3210 2194 3393 2255 diem
3421 2207 3440 2245 :

1844 2286 2085 2359 Prwcipe
2105 2286 2370 2343 Eleazaro
2397 2286 2512 2355 ﬁlio
2530 2287 2715 2343 Aaron
2734 2286 3019 2352 sacerdoti,
3050 2296 3109 2342 ut
3139 2286 3293 2343 tollat
3322 2287 3446 2343 thu-

1846 2378 2045 2446 ribula,
2069 2395 2185 2450 qua:
2208 2380 2386 2447 iacent
2414 2379 2473 2433 in
2498 2378 2768 2445 incendio,
2795 2386 2847 2433 et
2875 2378 3050 2449 ignem
3086 2378 3187 2433 hac
3212 2377 3445 2449 illucque

1846 2470 2132 2540 dispergat,
2158 2470 2410 2542 quoniam
2432 2470 2770 2539 sanctiﬁcata
2796 2479 2921 2525 sunt
2954 2470 3011 2524 in
3044 2470 3301 2527 niortibtts
3319 2486 3445 2541 psc-

1849 2572 2120 2629 catorum;
2151 2563 2508 2634 producatque
2532 2580 2596 2618 ea
2624 2564 2681 2617 in
2706 2562 2939 2619 laminas
2963 2573 3012 2619 et
3039 2564 3213 2634 alligat
3259 2562 3444 2629 altari,

1848 2673 1910 2714 eo
1938 2656 2079 2728 quod
2110 2656 2344 2712 oblatum
2366 2658 2434 2712 sit
2468 2657 2526 2710 in
2551 2656 2627 2711 eis
2661 2657 2935 2712 incensum
2961 2654 3225 2720 Domino;
3251 2665 3299 2708 et
3323 2670 3449 2708 sart-

1851 2749 2084 2817 ctiﬁcata
2105 2756 2250 2814 sunt,
2280 2757 2337 2802 ut
2375 2756 2591 2802 cernant
2630 2763 2693 2802 ea
2742 2763 2837 2817 pro
2864 2747 3014 2815 signa
3037 2752 3087 2799 et
3111 2750 3449 2798 monumento

1851 2838 1953 2909 [irai
1977 2838 2168 2893 Israel.
2200 2838 2471 2906 Quaeritur
2494 2838 2602 2893 hoc
2627 2836 2771 2904 loco,
2795 2852 2896 2892 cur
2920 2851 3030 2890 non
3050 2835 3121 2889 ad
3144 2833 3371 2903 Moysen
3394 2839 3454 2887 et

1855 2932 2040 2988 Aaron
2063 2932 2204 2987 sicut
2236 2931 2293 2985 in
2343 2928 2742 3000 superioribus,
2776 2927 3039 2983 Dominus
3085 2924 3302 2981 locutus
3353 2926 3450 2990 sit,

132 3017 230 3075 ‘sic
251 3017 407 3074 Loth
433 3034 560 3074 cum
585 3020 698 3076 suis
730 3029 1016 3090 separatur
1041 3034 1073 3074 a
1101 3019 1354 3076 Sodomis
1384 3022 1506 3093 igne
1543 3021 1757 3078 ccelitus
1858 3031 1954 3085 sed
2006 3030 2075 3085 ad
2110 3026 2331 3100 Moysen
2380 3033 2439 3081 et
2485 3023 2810 3080 Eleazarum
2853 3021 3027 3076 ﬁlium
3084 3018 3289 3074 Aaron.
3324 3018 3455 3076 llaec

128 3112 576 3179 “consumendis;
613 3113 692 3169 Sic
716 3113 831 3185 ipse
853 3113 1083 3184 POPUIUS
1110 3115 1177 3169 ab
1200 3112 1496 3186 {Egi/pilis,
1528 3114 1754 3171 marinis
1858 3122 1995 3180 mihi
2025 3138 2187 3179 causa
2211 3121 2434 3177 interim
2473 3123 2737 3187 occurrit,
2764 3119 3023 3190 quoniam
3061 3115 3292 3188 quaestio
3335 3120 3458 3170 erat

141 3203 417 3261 fluctibus
439 3205 781 3272 obruendus;
808 3207 887 3263 sic
922 3206 1013 3262 isti
1035 3223 1179 3263 nunc
1203 3224 1235 3262 a
1261 3222 1533 3281 synagoga
1554 3206 1753 3275 Chore,
1785 3196 1831 3262 C
1861 3219 1931 3273 de
1957 3218 2215 3291 progenie
2249 3217 2617 3283 sacerdotum,
2642 3214 2700 3270 id
2741 3223 2847 3281 est,
2868 3213 2936 3269 de
2957 3222 3067 3284 quo
3108 3225 3308 3284 genere
3332 3222 3459 3267 esse

145 3297 375 3353 Αδίνθη
413 3306 468 3353 et
511 3297 744 3366 Dama",
769 3299 863 3370 (Ιυί
902 3315 962 3356 se
986 3300 1245 3372 Ρνίωίίίίδ
1289 3316 1389 3372 Per
1431 3301 1755 3358 seditionem
1861 3311 2160 3368 deberent:
2193 3311 2336 3367 unde
2362 3310 2439 3366 illi
2465 3324 2532 3366 ex
2558 3308 2665 3364 alio
2687 3323 2885 3380 genere
2905 3308 3033 3378 quia
3057 3307 3160 3363 sibi
3188 3319 3458 3377 usurpare

126 3394 500 3471 abrumpere
542 3391 872 3448 voluerunt:
907 3408 1032 3449 cum
1087 3394 1283 3464 quibus
1342 3404 1527 3449 tamen
1581 3396 1759 3452 sancti
1861 3404 2227 3460 sacerdotium
2255 3403 2375 3459 ausi
2401 3408 2682 3469 sunt,tam
2702 3400 2977 3457 horrendo
2994 3409 3052 3455 et
3070 3398 3306 3455 mirabili
3329 3414 3457 3469 sup-

122 3474 333 3540 antea
353 3483 596 3540 viventes
625 3493 1143 3555 conversantesque,
1165 3493 1221 3541 et
1240 3501 1365 3542 cum
1386 3488 1601 3543 caeteris
1625 3501 1762 3557 quos
1861 3495 2025 3564 plicio
2050 3494 2353 3565 perierunt,
2375 3510 2483 3551 non
2505 3496 2573 3549 ad
2605 3493 2811 3559 Aaron,
2842 3492 2935 3560 qui
2960 3491 3075 3561 jam
3102 3505 3345 3545 summus
3376 3505 3462 3545 sa.

120 3572 432 3645 reprobat
460 3575 628 3643 Deus,
667 3576 969 3630 secundum
994 3575 1161 3631 verba
1196 3590 1317 3645 quae
1357 3577 1414 3631 in
1460 3592 1557 3633 eos
1579 3577 1763 3631 incre-
1869 3583 2063 3638 cei-dos
2082 3592 2226 3649 erat,
2255 3585 2353 3639 sed
2377 3585 2445 3638 ad
2471 3584 2703 3641 Eleazar
2724 3583 2896 3638 voluit
2920 3582 3070 3651 loqui
3100 3580 3263 3647 Deus,
3291 3582 3385 3651 qui
3409 3582 3463 3636 ei

144 3679 309 3735 pans
342 3663 490 3732 dicit,
519 3666 883 3722 contaminari
908 3673 1090 3721 tamen
1123 3668 1191 3721 ab
1222 3667 1305 3722 eis
1329 3668 1556 3723 minime
1584 3677 1768 3737 potuc-
1869 3673 2165 3727 succedere
2210 3670 2463 3736 debebat,
2490 3681 2546 3725 et
2584 3672 2824 3725 secundo
2855 3669 2971 3738 jam
3020 3670 3325 3724 sacerdotio
3348 3670 3466 3724 fun-

118 3750 332 3822 ‘runt;
376 3772 477 3812 nec
515 3758 759 3826 separari
790 3774 849 3814 se
873 3756 1013 3827 iussi
1041 3767 1188 3826 sunt,
1222 3760 1441 3830 quando
1466 3760 1766 3825 vindictam
1872 3762 2122 3833 gebatur,
2155 3769 2218 3815 ut
2239 3772 2306 3815 eo
2330 3761 2491 3815 modo
2545 3767 2750 3815 sortem
2793 3760 3010 3829 generis
3035 3760 3463 3828 commendaret,

140 3838 439 3907 Dorninus
469 3849 584 3903 sive
615 3849 920 3917 diﬂ‘erebat,
948 3852 1064 3906 sive
1111 3851 1276 3906 talem
1318 3851 1634 3919 adhibebat,
1659 3867 1767 3922 qua
1873 3869 1997 3923 qua:
2020 3854 2075 3907 in
2103 3851 2542 3909 successionibus
2570 3850 2915 3907 sacerdotum
2942 3851 3330 3907 essedeberet.
3355 3851 3465 3908 Sed

118 3926 505 3996 Tinnocentes
532 3938 831 4007 periclitari
855 3940 943 3993 vel
983 3939 1108 3995 laedi
1157 3957 1265 3996 non
1315 3950 1540 4011 possent
1575 3961 1592 3998 ;
1629 3942 1771 3997 sicut
1874 3944 2195 4008 notandum,
2247 3957 2390 3998 novo
2433 3941 2596 3996 modo
2637 3941 2783 3996 dicta
2817 3941 3154 3998 sanctiﬁcata
3189 3956 3349 4012 poena
3374 3958 3468 3997 εοε-

150 4029 520 4104 serpentium
575 4030 886 4097 morsibus,
926 4032 1070 4086 sicut
1116 4041 1298 4104 strage
1340 4035 1617 4102 mortium,
1663 4052 1771 4106 qua
1873 4048 2018 4098 rum,
2047 4048 2079 4086 a
2119 4031 2316 4101 quibus
2356 4032 2459 4087 hoc
2496 4039 2786 4102 peccatum
2837 4031 3017 4087 fuerat
3065 4042 3461 4103 perpetratum,

150 4122 326 4178 Deus
386 4133 552 4192 quem
601 4119 841 4187 volebat,
872 4121 1014 4178 sicut
1048 4122 1280 4189 volebat,
1304 4123 1413 4181 alio
1434 4127 1773 4195 percutiebat
1874 4125 2000 4195 quia
2029 4138 2130 4194 per
2158 4138 2252 4178 eos
2289 4122 2597 4193 exemplum
2628 4124 2812 4179 datum
2842 4130 2925 4178 est
2953 4125 3163 4179 caeteris
3192 4126 3466 4195 quomodo

150 4213 416 4280 intacto;
452 4228 563 4269 non
604 4213 749 4270 sicut
779 4230 919 4285 aqua
970 4216 1181 4283 diluvii,
1212 4226 1307 4273 aut
1349 4219 1506 4290 ignea
1564 4220 1769 4291 pluvia,
1876 4216 2150 4270 timerent.
2180 4213 2728 4284 Circumpositionem
2758 4223 2939 4269 autem
2967 4214 3126 4270 altari
3161 4231 3262 4271 cur
3293 4232 3360 4272 ex
3386 4218 3468 4273 eis

150 4317 258 4361 aut
327 4322 473 4376 aqua
518 4307 690 4365 maris
727 4316 821 4362 aut
871 4309 1024 4365 hiatu
1063 4318 1256 4378 terrae,
1304 4327 1429 4383 qua:
1481 4315 1774 4383 permistos
1870 4304 2428 4383 'ﬁerivoluit,addidit
2454 4305 2662 4370 dicens,
2692 4306 2950 4375 quoniam
2980 4305 3161 4360 oblata
3186 4312 3312 4359 sunt
3338 4316 3467 4361 ante

148 4398 387 4469 pariter
424 4407 731 4454 assumeret
759 4417 773 4453 :
804 4415 914 4455 non
955 4401 1084 4471 quia
1119 4410 1175 4458 et
1203 4403 1278 4458 ibi
1308 4380 1453 4460 Dens
1480 4380 1607 4461 suos
1639 4420 1772 4461 con-
1873 4397 2046 4453 Deum
2075 4380 2133 4452 ei
2151 4395 2511 4461 sanctiﬁcata,
2546 4395 2690 4452 facta
2718 4404 2845 4451 sunt
2875 4396 2933 4451 in
2973 4396 3188 4465 signum
3220 4394 3343 4449 ﬁliis
3389 4396 3467 4450 ls—

151 4502 403 4545 Servare
423 4503 533 4544 non
560 4498 777 4560 posset;
834 4493 931 4548 sed
957 4494 1091 4563 quid
1134 4510 1271 4566 opus
1302 4505 1423 4552 erat
1468 4499 1769 4554 tentatione
1796 4553 1846 4566 Ἀ
1875 4489 2008 4545 rael.
2043 4487 2163 4544 Non
2188 4503 2322 4560 ergo
2354 4489 2408 4543 in
2430 4487 2511 4543 eis
2549 4477 2832 4558 reproba‘ri
2886 4482 3080 4548 voluit,
3122 4485 3266 4557 quod
3291 4502 3319 4539 a
3346 4485 3469 4539 tali-

151 4579 436 4636 miraculi
480 4581 572 4637 ubi
603 4584 877 4655 separatio
902 4584 1023 4641 ﬁeri
1046 4595 1284 4655 poterat,
1316 4596 1377 4643 ut
1404 4589 1489 4645 vel
1513 4606 1654 4661 aqua
1682 4590 1771 4646 vel
1795 4578 1850 4612 ν
1872 4584 1977 4640 bus
1998 4582 2180 4638 oblata
2203 4589 2350 4643 sunt,
2383 4582 2477 4637 sed
2520 4583 2627 4636 hoc
2664 4580 2844 4651 potius
2893 4578 3123 4651 cogitari
3171 4588 3225 4634 et
3261 4581 3467 4638 attendi

152 4671 342 4741 ignis,
378 4670 464 4725 vel
485 4670 669 4728 hiatus
716 4682 897 4742 terrae,
931 4691 1071 4745 quos
1125 4678 1447 4745 invenisset,
1497 4680 1773 4736 auferret?
1877 4685 2004 4730 ante
2032 4688 2192 4744 quem
2219 4674 2400 4729 oblata
2454 4681 2600 4737 sunt,
2638 4672 2691 4727 id
2718 4681 2820 4736 est,
2850 4671 2977 4741 quia
3006 4679 3132 4727 ante
3152 4671 3465 4740 Dominum,

156 4752 267 4817 Sic
297 4767 361 4816 et
389 4761 445 4816 in
495 4761 603 4818 ﬁne
637 4779 669 4818 a
706 4764 931 4821 zizaniis
956 4769 1358 4837 separabuntur
1388 4768 1681 4837 frumenta,
1721 4779 1777 4826 et
1875 4774 1939 4822 ut
1968 4764 2091 4837 plus
2129 4767 2185 4819 in
2239 4766 2321 4820 eis
2354 4765 2565 4820 valeret
2614 4779 2817 4819 nomen
2867 4763 3106 4830 Domini,
3132 4773 3260 4822 ante
3306 4781 3469 4837 quem

156 4855 361 4910 malos
389 4857 760 4913 cremantibus
781 4857 1036 4928 ﬂammis,
1052 4860 1187 4931 justi
1229 4861 1511 4933 fulgebunt
1532 4864 1674 4921 sicut
1696 4863 1777 4920 sol
1879 4858 2059 4914 oblata
2084 4864 2231 4924 sunt,
2256 4872 2420 4928 quam
2456 4856 2752 4927 pessimum
2780 4855 3035 4911 meritum
3074 4871 3266 4912 eorum
3290 4873 3320 4910 a
3350 4858 3472 4927 qui-

155 4947 221 5002 in
252 4960 440 5017 regno
471 4945 651 5003 Patris
670 4964 884 5005 eorum.
1879 4951 1983 5007 bus
2000 4950 2179 5007 oblata
2209 4957 2354 5005 sunt.
2380 4947 2494 5004 Hoc
2519 4956 2702 5003 autem
2714 4946 2829 5018 jam
2854 4956 2911 5004 et
2934 4947 2989 5003 in
3018 4946 3206 5005 Exodo
3232 4964 3467 5025 comme-

243 5036 552 5108 Confestim
576 5039 740 5110 igitur
759 5050 818 5094 ut
848 5043 1064 5096 cessauit
1087 5042 1249 5113 loqui,
1271 5044 1512 5116 disrupta
1535 5055 1610 5100 est
1633 5054 1774 5101 terra
1880 5052 2191 5102 moraverat
2218 5042 2525 5114 Scriptura,
2550 5042 2765 5113 quando
2797 5040 2969 5097 altare
2995 5039 3318 5097 fabricatum
3349 5054 3470 5098 esse

155 5129 272 5185 sub
303 5129 527 5201 pedibus
564 5147 783 5197 eorum;
832 5140 883 5187 et
920 5133 1158 5203 aperiens
1205 5150 1264 5187 os
1308 5151 1480 5200 suum,
1512 5137 1776 5192 devoravit
1880 5138 2031 5193 dicit.
2067 5137 2220 5193 Unde
2252 5135 2571 5205 intelligitur
2603 5149 2803 5207 genera
2834 5150 3017 5189 rerum
3058 5144 3335 5203 gestarum
3358 5132 3470 5191 dis-

150 5223 329 5288 itlos,
358 5238 481 5277 cum
526 5223 878 5280 tabernaculis
907 5227 1041 5291 suis,
1070 5235 1119 5279 et
1162 5227 1405 5280 universa
1440 5228 1777 5294 substantia;
1880 5229 2081 5285 tributa
2103 5243 2222 5284 esse
2244 5243 2342 5299 per
2370 5227 2560 5291 libros,
2592 5242 2701 5281 non
2742 5234 3047 5295 temporum
3085 5223 3221 5276 ordo
3245 5229 3464 5276 contex-

156 5315 640 5387 ascenderuntque
686 5317 789 5372 sivi
840 5318 899 5373 in
940 5319 1205 5389 infernum
1268 5318 1433 5390 operti
1476 5319 1634 5374 Immo
1661 5361 1675 5385 ,
1730 5329 1779 5375 et
1883 5330 1988 5377 tus.
2015 5320 2238 5392 Mystice
2268 5326 2451 5375 autem
2481 5316 2660 5374 Chore
2682 5317 2911 5388 ﬁguram
2955 5319 3103 5368 tenet
3154 5325 3340 5368 eorum
3370 5309 3466 5380 qui

153 5407 459 5479 perierunt
496 5407 561 5464 de
606 5409 780 5464 medio
816 5410 1187 5467 multitudinis.
1224 5409 1533 5467 Notandum
1585 5426 1779 5468 secuno
1884 5422 2076 5467 contra
2119 5410 2544 5466 ecclesiasticam
2575 5410 2740 5465 ﬁdem
2780 5418 2839 5464 et
2888 5398 3192 5461 doctrinam
3219 5399 3469 5457 veritatis

154 5500 323 5563 dum
361 5497 542 5554 locum
569 5506 851 5556 terrenum
896 5501 1072 5558 dictos
1111 5518 1233 5560 esse
1271 5505 1500 5573 inferos,
1532 5506 1637 5561 hoc
1673 5512 1777 5572 est,

156 5587 237 5645 in
316 5587 667 5646 interioribus
713 5599 875 5648 terra:
929 5593 1194 5663 partibus.
1252 5595 1414 5652 Varie
1471 5596 1671 5667 quippe
1720 5596 1780 5651 in

162 5677 516 5747 Scripturis,
567 5690 625 5736 et
674 5683 774 5737 sub
813 5682 1090 5740 intellectu
1145 5686 1463 5758 multiplici,
1505 5688 1646 5744 sicut
1688 5701 1778 5742 rc-

158 5785 322 5845 rusn
366 5772 434 5829 de
480 5771 682 5858 quibus
714 5774 894 5845 agitur
940 5793 1132 5835 sensus
1180 5781 1388 5850 exigit,
1439 5796 1635 5837 nomen
1683 5796 1780 5852 po-

518 5864 796 5927 PATROL.
842 5866 1059 5933 CVlll.

1883 5505 2192 5575 insurgunt.
2227 5502 2500 5573 Scriptum
2531 5517 2661 5575 ergo
2684 5502 2751 5556 de
2775 5497 2957 5555 Chore
2985 5506 3042 5551 ct
3060 5497 3129 5551 de
3156 5504 3301 5551 coetu
3326 5495 3468 5565 ejus,

1883 5595 2029 5666 quod
2068 5594 2122 5648 in
2147 5592 2351 5649 batillis
2383 5594 2541 5651 aereis
2571 5595 2854 5649 incensum
2882 5587 3141 5645 obtulerit
3172 5586 3313 5659 ignis
3339 5585 3470 5643 alie-

1882 5685 1961 5741 ni.
1990 5683 2220 5740 .lubetur
2241 5701 2269 5741 a
2298 5685 2407 5743 Deo
2455 5684 2594 5758 ignis
2634 5681 2852 5755 quidem
2905 5678 3115 5735 alienus
3146 5677 3383 5751 dispergi
3416 5689 3472 5735 et

1883 5775 2107 5834 effundi.

2900 5849 2994 5928 ’ξω
