3892 6346
445 405 552 463 683

1094 389 1156 444 Β.
1196 374 1453 442 mam
1488 364 1714 439 MAURI
1747 325 2070 436 AttcmEn.
2110 366 2422 433 uocum.
2463 360 2749 430 eranum
2783 356 2965 424 ptas
2998 352 3042 422 ι.

3508 346 3725 414 ,684

514 508 713 568 Batilla
733 520 875 573 vero,
897 499 1095 575 inquit,
1118 498 1243 572 quia
1259 496 1588 568 sanctiﬁcata
1603 504 1748 563 sunt,
1766 486 1929 565 facito
1946 509 2036 549 eas
2062 492 2117 559 Α
2139 488 2372 547 Domini.
2396 486 2629 562 Cumque
2650 485 2880 559 oriretur
2897 474 3084 537 seditio
3106 478 3155 534 et
3185 468 3445 531 tumultus
3468 472 3728 528 incresce-

445 604 671 660 laminas
692 594 938 665 ductiles,
960 604 1009 649 et
1036 590 1307 648 circumda
1329 590 1394 646 ea:
1414 590 1488 646 eis
1504 586 1695 656 altare,
1712 585 1837 659 quia
1856 584 2037 640 oblata

442 705 563 753 sunt
580 708 760 751 coram
776 687 1026 754 Domino,
1040 694 1087 739 et
1109 682 1439 755 sancti/iacta
1455 688 1599 737 sunt.
1618 678 1732 736 Hoc
1749 682 1879 750 ergo
1902 674 2037 732 mihi

446 809 543 869 per
571 782 715 847 hanc
743 780 975 860 ligurem
1010 778 1225 838 videtur
1261 775 1497 846 ostendi,
1530 774 1675 850 quod
1711 772 1898 831 batilla
1930 772 2037 827 ista

448 862 571 963 qua!
599 880 883 952 Scriptura
915 874 1159 932 nominat
1187 886 1344 937 aerea,
1375 862 1604 943 ﬁgurant
1638 873 1859 923 teneant
1886 862 2037 920 Scri-

446 956 622 1057 pturm
639 974 836 1032 divina:
858 989 871 1026 ;
893 968 982 1027 cui
1010 966 1306 1039 Scriptura)
1331 959 1576 1021 bzeretici
1598 960 1776 1035 ignem
1800 956 2041 1015 alienum

451 1050 814 1145 imponentes,
835 1062 941 1122 hoc
963 1071 1067 1131 est,
1098 1073 1318 1117 sensum
1349 1066 1404 1114 et
1432 1053 1845 1129 intelligentiam
1872 1068 1902 1105 a
1929 1050 2039 1105 Do-’

2138 590 2236 650 ret,
2262 580 2470 654 Moyses
2497 561 2549 637 et
2585 579 2765 635 Aaron
2798 575 3045 649 fugerunt
3084 570 3153 625 ad
3192 561 3602 625 tabernaculum
3629 563 3724 635 fc-

2136 675 2297 731 deris.
2331 673 2486 743 Quod
2527 681 2804 745 postquam
2846 664 3069 740 ingressi
3112 673 3258 730 sunt,
3312 655 3524 737 operuit
3573 657 3728 712 nubes

2137 744 2554 833 tabernaculum,
2603 744 2665 822 et
2702 760 2947 835 apparuit
2979 748 3149 832 gloria
3197 748 3439 819 Domini,
3472 757 3580 808 etc.
3618 744 3728 805 Non

2138 861 2367 935 legimus
2426 867 2588 916 antea
2654 855 2781 930 quia
2845 846 3118 909 obtexerit
3167 842 3341 904 nubes
3403 836 3724 899 tabernacu-

2138 955 2252 1015 lum
2273 950 2591 1019 testimonii,
2629 957 2685 1006 et
2732 946 3050 1021 apparuerit
3092 941 3355 1014 majestas
3407 937 3650 1003 Domini,
3674 943 3732 992 et

2140 1032 2411 1122 receperit
2446 1048 2588 1103 intra
2626 1042 2827 1099 nubein
2858 1026 3081 1111 Moysen
3125 1046 3182 1094 et
3208 1036 3417 1122 Aaron,
3462 1031 3569 1087 nisi
3597 1043 3728 1085 nunc

451 1112 524 1129 ....
564 1112 814 1135 πρυ-νυ,
836 1112 940 1122 .-η
967 1112 1067 1131 ---,
1362 1112 1401 1114 η
1607 1112 1637 1129 υ
2267 1112 2286 1122 _

449 1112 602 1225 milio
625 1162 858 1219 alienam
895 1156 951 1213 et
991 1152 1207 1210 veritati
1247 1150 1579 1207 contrariam
1606 1144 2040 1213 intruducentes,
2143 1156 2268 1200 cum
2300 1136 2662 1197 insurrexerit
2688 1134 2743 1190 in
2762 1149 2859 1189 eos
2886 1131 3139 1205 pepulus,
3166 1136 3221 1183 et
3242 1112 3494 1198 lapidare
3522 1138 3614 1178 eos
3641 1136 3724 1176 vo-

414 1314 417 1315 ν
450 1257 732 1315 incensum
748 1249 977 1309 Domino
992 1262 1102 1303 non
1123 1246 1307 1309 suave,
1328 1236 1423 1298 sed
1437 1235 1770 1298 exsecrabile
1783 1211 2038 1291 oti‘erunt.
2143 1234 2264 1291 luit.
2279 1233 2565 1290 Discamus
2582 1245 2649 1285 ex
2662 1229 2767 1284 hoc
2787 1231 2991 1299 quanta
3010 1223 3082 1279 sit
3103 1219 3313 1279 utilitas
3339 1217 3394 1315 in
3412 1211 3726 1289 persecutio-

406 1314 426 1371 ³
451 1348 522 1404 Et
553 1346 676 1402 ideo
702 1341 880 1398 forma
902 1334 1257 1396 ecclesiarum
1287 1302 1660 1389 saCerdolibus
1698 1326 1876 1393 datur,
1907 1332 1969 1380 lll.
1998 1323 2045 1380 si
2146 1328 2308 1385 nibus
2334 1323 2678 1389 Christianis,
2707 1327 2971 1403 quantum
3005 1313 3197 1388 gratiae
3243 1302 3582 1373 conferatur,
3610 1316 3727 1404 quo-

369 1474 411 1514 A.
449 1390 672 1515 Eua-Hd;
694 1430 803 1491 tale
822 1390 1043 1503 aliquid
1057 1390 1221 1484 luerit
1261 1426 1627 1515 ciortum,‘ea
1661 1390 1901 1494 quidem,
1925 1418 2047 1489 quae
2147 1421 2309 1479 modo
2354 1390 2744 1493 ρι-οριιεηδιοιῗ
2778 1412 2859 1470 eis
2915 1398 3238 1515 ﬁathneus’
3269 1398 3545 1476 quomodo
3582 1390 3728 1501 ahqn.

376 1508 401 1553 ᾗ
451 1508 490 1593 a
506 1533 734 1591 veritate
770 1524 948 1584 aliena
980 1531 1128 1592 sunt,
1153 1522 1222 1578 ab
1251 1519 1495 1576 Ecclesia
1535 1508 1634 1575 Dei
1660 1514 1877 1589 penitus
1926 1508 2049 1568 abs-

455 1627 770 1692 trudantur;
814 1619 990 1691 siqua
1036 1624 1219 1673 autem
1259 1614 1421 1671 etiam
1477 1612 1533 1667 in
1572 1610 1705 1682 ipsis
1764 1603 2049 1663 haeretico-

455 1735 575 1777 rum
596 1715 779 1774 verbis
806 1718 875 1769 ex
898 1706 1192 1782 Scriptura:
1232 1694 1431 1760 divinae
1479 1702 1729 1759 sensibus
1771 1698 2050 1755 inveniun-

456 1816 546 1863 tur
572 1803 800 1865 inserta,
848 1812 918 1854 ne
966 1780 1171 1867 pariter
1220 1807 1346 1848 cum
1381 1789 1506 1857 illis,
1557 1792 1679 1860 quae
1725 1780 1945 1842 veritati
1995 1782 2053 1840 et

2148 1488 2637 1582 dantervspiritus
2703 1513 2924 1563 sanctus
2987 1492 3317 1558 effundatur.
3387 1494 3541 1550 Tunc
3600 1488 3726 1546 enim

2150 1605 2390 1662 maxime
2443 1602 2620 1675 gratia
2656 1598 2872 1656 Domini
2923 1586 3101 1665 adest,
3133 1608 3258 1648 cum
3286 1582 3572 1647 hominum
3596 1582 3727 1640 smi-

2154 1701 2233 1757 tia
2262 1672 2588 1756 concitatur.
2627 1697 2696 1754 Et
2718 1704 2846 1753 tunc
2866 1696 3059 1766 pacein
3093 1676 3357 1746 habemus
3380 1684 3520 1759 apud
3551 1672 3723 1745 Deum,

2155 1809 2281 1850 cum
2306 1792 2373 1847 ab
2402 1789 2713 1847 hominibus
2760 1794 2984 1858 propter
3010 1782 3280 1854 justitiam
3324 1766 3467 1837 bella
3509 1771 3725 1848 perpeti-

457 1896 584 1953 ﬁdei
627 1898 755 1949 sunt
789 1863 1104 1952 contraria,
1152 1890 1501 1952 respuantur.
1535 1876 1888 1932 Sanctiﬁcata
1927 1872 2054 1928 sunt
2078 1866 2128 1932 Β
2156 1902 2298 1943 mur.
2333 1882 2437 1940 Ubi
2459 1882 2607 1939 enim
2628 1878 2988 1937 abundaverit
3010 1883 3319 1948 peccatum,
3350 1863 3712 1943 mpm-abund;

458 1989 625 2054 enim,
650 1998 771 2055 quae
808 1982 875 2038 de
910 1979 1093 2037 divina
1141 1974 1426 2047 Seriptu‘r'a
1478 1970 1831 2043 proferuntur
1864 1975 1920 2024 et
1945 1967 2035 2023 Do

458 2080 608 2136 mino
636 2075 837 2133 oblata.
870 2062 1058 2128 Potest
1080 2066 1265 2126 autem
1314 2074 1369 2123 et
1410 2065 1518 2121 alio
1542 2064 1704 2122 modo
1754 2058 1934 2118 adhuc
1961 2060 2048 2116 in-

457 2170 650 2244 telligi,
681 2168 827 2241 quod
856 2166 924 2223 de
962 2163 1165 2222 batillis
1212 2159 1527 2232 praecipitur
1577 2164 1950 2231 peccatorum,
1989 2160 2055 2209 ut

453 2264 757 2337 junguntur
784 2266 840 2316 et
880 2256 1157 2313 socient'ur
1209 2252 1392 2307 altari.
1424 2250 1491 2305 Et
1516 2250 1696 2321 primo
1720 2249 1827 2306 hoc
1852 2248 2051 2320 ipsum,

460 2336 607 2429 quod
662 2369 805 2411 terea
841 2351 1118 2416 dicuntur,
1170 2336 1280 2403 neu
1336 2345 1575 2401 otiosum
1624 2343 1917 2399 videbitur.
1949 2338 2057 2399 Ubi

462 2428 607 2506 enim
635 2462 764 2502 vera
795 2442 930 2498 lides
950 2444 1054 2507 est,
1085 2449 1142 2495 et
1178 2437 1390 2511 integra
1417 2436 1568 2493 verbi
1598 2434 1931 2510 praedicatio,
1963 2428 2058 2488 aut

373 2571 380 2577 -
461 2545 721 2611 argentea
749 2535 1023 2599 dicuntur,
1060 2530 1154 2588 aut
1178 2498 1363 2587 aui-Ea.
1418 2526 1489 2585 Ut
1518 2498 1697 2602 fulgur
1732 2528 1849 2583 auri
1877 2498 2072 2611 decla—t

462 2588 557 2690 re:
574 2629 701 2686 lidei
729 2627 1046 2701 puritatem,
1069 2630 1125 2680 et
1153 2628 1439 2695 argentum
1466 2621 1575 2695 igni
1598 2588 1919 2693 probatum,
1945 2588 2076 2701 elo-li

460 2724 589 2796 quia
622 2720 934 2777 examinata
959 2715 1250 2791 signiﬁcet.
1276 2712 1383 2772 lsta
1411 2730 1543 2770 vero
1565 2716 1684 2786 quae
1705 2729 1848 2770 aerea
1871 2698 2077 2768 dicunt?

464 2826 577 2887 tur,
602 2816 661 2872 in
687 2831 821 2872 sono
843 2820 1052 2868 tantum
1082 2811 1236 2867 vocis
1269 2809 1594 2874 consistunt,
1628 2825 1735 2865 non
1775 2808 1832 2862 in
1858 2807 2060 2863 virtute

463 2910 707 2984 Spiritus,
728 2914 785 2963 et
812 2914 937 2967 sunt
975 2912 1035 2962 ut
1058 2886 1349 2975 Apostolus
1372 2900 1467 2969 ait,
1491 2914 1835 2956 a-ramcntum
1862 2900 2059 2954 sonans

2154 1980 2235 2036 vit
2262 1985 2317 2035 et
2336 1976 2532 2051 gratia.
2571 1974 2861 2047 Adopcruit
2895 1988 3017 2044 ergo
3049 1968 3211 2025 nubes
3251 1963 3665 2025 tabernaculum,
3686 1964 3727 2014 et

2155 2070 2309 2127 irruit
2337 2048 2607 2140 synagoga
2635 2083 2792 2138 super
2822 2063 3042 2136 Moysen
3068 2070 3117 2118 et
3156 2059 3361 2123 Aaron,
3412 2064 3459 2112 et
3505 2048 3728 2125 apparuit

2142 2148 2327 2237 'gloria
2375 2161 2617 2217 Domini.
2667 2157 2928 2228 Quamvis
2998 2152 3182 2226 magni
3236 2151 3349 2208 sint
3394 2147 3509 2203 vitae
3545 2141 3731 2237 merito

2159 2228 2374 2325 llloyses
2417 2260 2472 2309 et
2517 2250 2732 2318 Aaron,
2775 2246 3025 2321 quamvis
3080 2243 3256 2300 animi
3297 2237 3570 2298 virtutibus
3619 2228 3733 2303 pol-

2146 2332 2330 2431 ‘leant,
2357 2358 2623 2415 apparere
2653 2350 2839 2397 tamen
2882 2339 2963 2395 eis
2998 2337 3179 2417 gloria.
3202 2334 3304 2415 Dei
3347 2345 3449 2388 non
3479 2324 3733 2431 timuisset

2159 2436 2266 2497 nisi
2301 2435 2359 2491 in
2392 2414 2899 2506 persecutionibus,
2928 2430 2984 2486 in
3022 2414 3486 2506 tribulationibus,
3509 2417 3563 2475 in
3600 2414 3731 2491 peri-

2160 2527 2297 2584 culis
2325 2504 2489 2599 atriue
2530 2526 2584 2581 in
2633 2524 2751 2597 ipsa
2804 2532 2981 2581 morte
3005 2519 3122 2595 jam
3150 2518 3369 2592 positis.
3396 2504 3464 2571 Et
3511 2520 3568 2571 tu
3611 2521 3724 2581 ergo

2160 2636 2271 2677 non
2295 2627 2455 2693 putes
2489 2614 2586 2674 tibi
2635 2615 2927 2673 dormienti
2970 2623 3027 2670 et
3066 2613 3264 2676 otioso,
3298 2613 3731 2693 apparere‘posse

2162 2688 2393 2791 gloriam
2436 2709 2674 2767 Domini.
2715 2708 2802 2765 An
2838 2723 2948 2764 non
2990 2704 3195 2762 Paulus
3246 2698 3524 2773 apostolus
3561 2696 3612 2751 in
3658 2688 3732 2748 bis

2162 2807 2399 2881 gratiam
2428 2800 2646 2863 Domini
2688 2800 2948 2872 consequi
2984 2796 3218 2856 meruit?
3244 2793 3451 2849 Nonne
3469 2801 3614 2861 super
3631 2799 3735 2843 om-

2165 2915 2264 2959 nes
2288 2908 2519 2957 cazteros
2544 2904 2830 2955 enumerat
2869 2908 2950 2961 se,
2990 2893 3048 2947 in
3078 2885 3532 2951 tribulationibus,
3569 2881 3617 2936 in
3652 2892 3734 2933 ne-

464 2971 555 3058 ιῖιε
586 2998 884 3073 cymbalum
923 2971 1151 3055 tinnieris
1183 2994 1233 3073 (1
1261 2992 1386 3051 Cor.
1414 2994 1558 3068 xm).
1586 2988 1691 3049 lsta
1718 3010 1849 3066 ergo
1872 2990 2062 3050 batilla
2166 2992 2518 3073 cessitatibus,
2540 2991 2596 3047 in
2624 2987 2921 3044 carceribus
2950 2983 3132 3057 fuisse,
3154 2979 3447 3050 naufragia
3473 2971 3736 3050 pertulisse,

464 3110 628 3160 terea,
655 3091 709 3151 id
758 3098 865 3158 est,
892 3086 1279 3146 haereticorum
1308 3103 1492 3156 voces,
1521 3087 1568 3143 si
1606 3088 1966 3144 adhibeamus
1992 3082 2062 3145 ad
2165 3068 2405 3159 pericula
2421 3084 2611 3149 maris,
2636 3079 2873 3154 pericula
2889 3078 3195 3149 ﬂuminum,
3220 3069 3463 3144 pericula
3485 3068 3739 3128 latronum,

466 3186 639 3244 altare
664 3182 785 3252 Dei,
807 3183 899 3239 ubi
926 3183 1143 3239 divinus
1188 3182 1330 3257 ignis
1374 3190 1479 3249 est,
1503 3178 1597 3237 ubi
1623 3182 1754 3238 vera
1777 3179 1902 3237 ﬁdei
1927 3195 2063 3253 prm—
2087 3234 2135 3257 Α
2165 3176 2401 3257 pericula
2427 3193 2459 3230 a
2485 3173 2639 3247 falsis
2681 3172 2939 3245 fratribus
2970 3166 3055 3242 (II
3084 3166 3210 3224 Cor.
3232 3160 3357 3237 11)?
3402 3162 3528 3230 Quae
3565 3162 3745 3257 quanto

468 3278 689 3343 dieatio,
718 3276 914 3330 melius
963 3275 1078 3343 ipsa
1111 3244 1316 3330 veritas
1352 3289 1421 3328 ex
1466 3244 1729 3328 l‘alsorum
1777 3244 2062 3343 compara-
2086 3244 2138 3307 ς·
2166 3244 2348 3341 magis
2371 3244 2687 3332 abundant,
2719 3270 2873 3319 tanto
2899 3259 3156 3333 amplius,
3190 3255 3288 3329 qui
3328 3255 3596 3329 patienter
3622 3244 3749 3305 tule-

468 3371 616 3425 tione
664 3364 909 3438 fulgebit.
975 3364 1032 3421 Si
1096 3365 1243 3419 enim
1303 3364 1455 3420 verbi
1509 3363 1681 3437 gratia
1725 3362 2072 3439 proferentur
2172 3358 2315 3426 rint,
2360 3352 2649 3414 conferunt
2686 3354 2917 3426 gloriam
2954 3350 3073 3407 Dei.

469 3461 613 3516 dicta
637 3434 947 3524 Marcionis,
974 3463 1069 3511 aut
1098 3452 1373 3523 Basilidis,
1403 3462 1497 3510 aut
1516 3434 1750 3509 alterius
1782 3451 2072 3527 cujuslibet
2243 3442 2313 3504 Et
2340 3449 2546 3504 locutus
2562 3456 2636 3504 est
2652 3443 2912 3501 Dominus
2935 3440 3003 3497 ad
3028 3438 3251 3512 Moysen
3279 3446 3329 3495 ct
3356 3436 3541 3493 Aaron
3563 3434 3748 3490 dicent:

467 3549 730 3615 lucretici,
769 3555 826 3604 et
852 3522 971 3603 haec
1000 3522 1363 3604 sermonibus
1383 3547 1635 3605 veritatis
1662 3560 1727 3600 ac
1753 3522 2067 3621 Scriptura-
2173 3536 2441 3598 Discedite
2464 3540 2530 3595 de
2558 3538 2731 3597 medio
2761 3551 3043 3610 synagoga:
3070 3534 3229 3605 hujus
3247 3572 3262 3600 ,
3299 3540 3350 3589 et
3376 3528 3667 3587 interimam
3698 3522 3756 3576 il-

469 3646 589 3698 ium
632 3639 937 3695 divinarum
962 3638 1307 3707 testimoniis,
1342 3638 1490 3695 velut
1524 3637 1693 3694 divini
1725 3614 1914 3692 altaris
1944 3636 2071 3708 igne
2172 3634 2251 3689 los
2276 3632 2340 3690 de
2363 3631 2555 3698 semel;
2582 3641 2633 3687 et
2658 3626 3026 3685 cecideruntin
3041 3626 3229 3696 faciem
3252 3620 3498 3679 suamJn
3521 3614 3759 3675 Sodomis

469 3732 767 3800 confutem,
823 3738 1004 3787 nonne
1052 3729 1359 3786 evidentior
1407 3745 1599 3787 eorum
1657 3729 2071 3801 comparatione
2175 3727 2395 3801 quidem
2418 3722 2636 3797 quando
2663 3721 2953 3776 minimum
2983 3721 3171 3775 decem
3193 3711 3627 3787 requirebanturs
3662 3720 3761 3777 De!

469 3824 751 3897 apparebit
792 3822 1084 3894 impietas?
1111 3822 1250 3878 Nam
1299 3824 1346 3879 si
1394 3823 1643 3878 doctrina
1694 3820 2070 3876 ecclesiastica
2174 3835 2314 3893 quos
2342 3819 2435 3873 vix
2474 3819 2521 3873 si
2553 3810 2695 3872 forte
2726 3813 2929 3872 salvari
2980 3809 3293 3886 posseutbi,
3322 3806 3421 3879 qui
3442 3802 3757 3860 habitabant

469 3917 701 3989 simplex
753 3924 918 3986 esset,
960 3923 1019 3970 ut
1072 3915 1255 3971 nullus
1298 3915 1641 3970 extrinsecus
1684 3912 2068 3969 bmreticorum
2176 3891 2519 3983 Dentapolim
2550 3909 2944 3974 Sodomorum,
2972 3922 3121 3963 nunc
3170 3912 3351 3982 autem
3376 3899 3545 3957 etiam
3572 3897 3688 3960 duo,
3714 3891 3758 3947 si

469 4012 784 4083 dogmatum
806 4008 1199 4064 assertionibus
1227 4006 1559 4079 cingeretur,
1582 4021 1691 4061 non
1718 4012 1933 4076 poterat
1958 4011 2070 4059 tam
2175 3974 2368 4061 tamen
2386 4003 2735 4059 inveniantur
2765 4000 2904 4057 tales
2924 3998 3104 4070 qualis
3132 3996 3236 4052 fuit
3259 3974 3471 4066 Moyses
3499 4001 3548 4049 et
3565 3990 3753 4052 Aaron.

471 4104 621 4160 clara
646 4106 701 4156 et
728 4110 842 4156 tam
867 4100 1180 4156 examinata
1225 4098 1401 4154 videri
1444 4097 1580 4152 ﬁdes
1610 4106 1818 4153 nostra.
1850 4094 1958 4151 Sed
1988 4096 2071 4150 id-
2176 4096 2423 4155 sulllcerc
2448 4096 2621 4169 ponit,
2659 4104 2721 4153 ut
2769 4109 2901 4166 gens
2955 4090 3333 4149 lsraelitarum
3376 4097 3488 4144 tota
3518 4083 3752 4140 salvetur.

471 4197 617 4253 circo
675 4192 983 4249 doctrinam
1027 4191 1355 4246 catholicam
1391 4191 1884 4245 contradicentium
1924 4187 2072 4243 obsl—
2177 4193 2321 4261 Quid
2345 4208 2476 4263 ergo
2511 4191 2757 4251 dicemus
2787 4186 3022 4260 amplius
3042 4200 3166 4243 esse
3198 4185 3255 4240 in
3291 4183 3379 4238 bis
3398 4179 3616 4237 duobus.
3640 4174 3755 4242 Qu:

473 4288 565 4345 det
590 4284 951 4358 lmpugnatio,
982 4288 1044 4335 ut
1084 4278 1219 4337 lides
1249 4292 1439 4337 nostra
1466 4299 1577 4338 non
1618 4283 1730 4338 otio
1772 4290 2067 4353 torpescat,
2182 4295 2331 4345 tanta
2376 4286 2573 4353 virtus,
2607 4284 2751 4355 quod
2780 4284 3071 4349 meritum,
3108 4294 3216 4351 quo
3245 4287 3501 4334 sexcenta
3527 4270 3686 4327 millia
3706 4274 3754 4322 et

472 4378 569 4435 sed
599 4373 876 4434 exercitiis
904 4371 1179 4429 elimetur.
1207 4372 1439 4444 Propter
1460 4373 1564 4429 hoc
1592 4372 1825 4443 denique
1845 4382 1900 4428 et
1926 4372 2071 4444 Apo-
2178 4395 2244 4436 eo
2283 4379 2515 4450 amplius
2565 4378 2867 4435 liberentur
2920 4377 2990 4432 ab
3038 4374 3267 4431 ίηιεινίιιι
3317 4364 3634 4426 “sutoris?
3657 4363 3756 4434 Ego

472 4472 645 4531 stolus
665 4467 916 4524 dicebat:
942 4465 1158 4540 Oportet
1185 4475 1362 4522 autem
1386 4474 1434 4521 et
1456 4462 1681 4521 luci-eses
1708 4482 1841 4533 esse,
1870 4477 1925 4520 ut
1952 4484 2075 4537 pro-
2180 4472 2417 4527 arbitror
2455 4472 2599 4541 quod
2629 4472 2687 4528 iu
2725 4469 2910 4541 Moyse
2962 4469 3053 4524 lex
3083 4464 3445 4538 signiﬁcetur,
3471 4472 3581 4530 qua:
3611 4455 3754 4510 docet

473 4565 581 4619 bati
606 4564 820 4637 quique,
842 4562 1109 4635 manifesti
1124 4562 1259 4633 ﬁant
1276 4562 1331 4616 in
1352 4560 1492 4617 vobis
1516 4558 1569 4633 (Ι
1587 4558 1712 4616 Cor.
1736 4559 1836 4634 ιι).
1855 4560 1970 4617 Hoc
1988 4568 2074 4616 est

398 4648 423 4723 ς’
475 4661 656 4717 dicere
683 4678 695 4713 :
729 4659 953 4732 Oportet
978 4659 1360 4716 hatreticorum
1391 4658 1595 4719 batillis
1634 4659 1807 4721 altare
1834 4661 2071 4718 circum-

394 4749 404 4769 ‘
474 4752 614 4819 dari,
648 4760 708 4806 ut
743 4760 896 4808 certa
941 4763 998 4809 et
1043 4752 1334 4809 manifesta
1381 4753 1637 4811 omnibus
1683 4753 1782 4809 ﬁat
1825 4752 2069 4809 ﬁdelium

473 4851 651 4915 atque
681 4843 978 4901 inﬁdelium
1015 4844 1339 4903 differentia.
1372 4845 1522 4911 ,Cum
1549 4847 1698 4903 enim
1725 4846 1861 4903 ﬁdes
1895 4846 2068 4903 eccle-

476 4935 695 4992 siastica
722 4933 871 4991 velut
895 4951 1089 4992 aurum
1130 4938 1359 5008 eruperit
1405 4936 1635 5008 fulgere,
1667 4946 1723 4993 et
1751 4938 2071 5007 praedicatio

476 5027 596 5098 ejus
640 5036 702 5082 ut
755 5036 1043 5098 argentum
1095 5029 1217 5100 igne
1263 5030 1557 5101 probatum
1607 5029 1945 5085 intuentibus
1979 5044 2069 5086 re-

476 5116 836 5192 splenduerit,
866 5126 998 5173 tunc
1025 5119 1228 5191 majore
1252 5137 1376 5177 cum
1400 5122 1735 5193 turpitudine
1762 5129 1819 5177 et
1847 5121 2068 5191 decore,

476 5209 867 5268 haereticorum
922 5224 1087 5269 voces
1145 5212 1365 5270 obscuri
1416 5215 1543 5277 teris
1608 5214 1821 5277 vilitate
1883 5217 2073 5275 sorde:

476 5305 632 5361 bunt.

1065 5384 1295 5455 CAPUT
1332 5397 1474 5455 XIX.

480 5486 558 5545 De
578 5506 849 5547 murmure
872 5488 1055 5573 populi
1080 5500 1267 5573 contra
1300 5490 1516 5573 Moysen
1552 5502 1602 5573 et
1649 5494 1853 5566 Aaron,
1901 5506 1950 5554 et
1987 5497 2073 5554 inn-

834 5561 1017 5619 cendio
1041 5561 1105 5618 ob
1127 5563 1225 5617 hoc
1249 5562 1306 5617 in
1334 5561 1422 5619 eos
1451 5563 1710 5622 immisso.

552 5672 730 5747 (Ιιιιυ.)
759 5674 1024 5749 Loquente
1065 5676 1294 5737 Domino
1331 5676 1401 5732 ad
1453 5674 1700 5749 Moysen,
1727 5683 2077 5739 murmurauit

483 5764 650 5817 omnis
685 5760 968 5821 multitudo
1006 5766 1240 5835 ﬁliorum
1276 5762 1478 5836 Israel,
1508 5771 1740 5839 sequenti
1776 5772 1861 5825 die
1886 5781 2078 5828 contra

485 5854 706 5929 Moysen
726 5868 776 5916 et
799 5861 979 5917 Aaron
1006 5861 1283 5918 dicentes:
1315 5862 1419 5919 Vos
1448 5863 1781 5935 interfecisti:
1821 5866 2080 5937 populum
2116 5926 2135 5941 Α

2180 4554 2430 4623 homines
2474 4562 2760 4619 scientiam
2812 4571 2868 4617 et
2916 4573 3165 4616 amorem
3193 4556 3311 4622 Dei,
3354 4554 3413 4609 in
3438 4551 3612 4606 Aaron
3650 4557 3756 4615 sup-

2096 4610 2154 4686 Ῑ)
2179 4657 2419 4731 plicandi
2474 4657 2608 4723 Deo,
2654 4664 2711 4712 et
2763 4654 3092 4711 obsecrandi
3121 4667 3248 4707 eum
3292 4649 3468 4704 forma
3492 4641 3755 4700 consistat.

2183 4730 2243 4806 Si
2271 4766 2401 4821 ergo
2443 4750 2660 4806 accidat
2688 4748 2985 4819 aliquando
3019 4742 3293 4817 indignari
3333 4739 3507 4805 nobis,
3542 4732 3634 4789 vel
3663 4730 3759 4789 uui-

2180 4859 2341 4901 verso
2361 4842 2561 4915 populo
2584 4842 2823 4909 Domini,
2848 4850 2909 4897 ut
2929 4839 3205 4897 sententia
3228 4835 3450 4893 ultionis
3464 4828 3717 4904 procedat
3734 4839 3760 4879 ι

2179 4938 2313 5003 Deo,
2355 4936 2542 4990 redeat
2568 4945 2752 4990 autem
2790 4933 2879 4989 lex
2900 4934 3000 4989 Dei
3024 4934 3079 4988 in
3110 4948 3206 4988 cor
3240 4939 3514 4994 nostrum,
3540 4933 3767 4981 commo-

2180 5043 2319 5083 nens
2348 5041 2448 5082 nos
2479 5035 2535 5082 et
2556 5026 2760 5083 docens
2789 5024 3041 5081 converti
3082 5026 3152 5081 ad
3189 5020 3594 5095 paenitentiam,
3627 5013 3770 5072 satis-

2190 5119 2373 5179 facere
2399 5135 2502 5191 pro
2545 5118 2780 5188 delictis,
2822 5118 3131 5189 supplicare
3176 5134 3279 5189 pro
3313 5115 3516 5188 culpis,
3550 5108 3773 5169 cassam

2188 5212 2450 5270 continuo
2479 5211 2780 5277 iracundia,
2836 5210 3139 5282 indignatio
3185 5208 3556 5280 conquiescet.
3588 5199 3773 5273 Propi-

2188 5306 2412 5365 tiabitur
2438 5305 2724 5372 Dominus,
2756 5305 2915 5377 quasi
2942 5304 3127 5377 Moyse
3152 5312 3208 5361 et
3234 5304 3420 5360 Aaron
3441 5298 3776 5357 interceden-

2190 5400 2341 5459 tibus
2372 5416 2474 5472 pro
2508 5400 2666 5457 nobis
2695 5407 2753 5455 et
2788 5413 2892 5471 pro
2915 5399 3177 5455 universo
3202 5398 3405 5471 populo
3430 5391 3779 5467 supplicanti-

2192 5493 2314 5551 bus.
2363 5493 2425 5550 Si
2461 5506 2593 5549 vero
2653 5492 2947 5565 aliquando
2983 5493 3197 5549 oriatur
3246 5489 3545 5565 indignatio
3576 5486 3709 5554 Dei,
3739 5490 3783 5539 et

2188 5586 2374 5644 veniat
2394 5600 2494 5657 pro
2544 5585 2788 5659 peccatis
2831 5599 2979 5643 saeva
3006 5586 3303 5656 correptio,
3349 5581 3688 5641 inducentur
3705 5588 3785 5631 aa-

2193 5689 2307 5736 tem
2348 5678 2514 5735 corda
2560 5686 2780 5748 nostra,
2807 5693 2912 5736 nec
2954 5688 3345 5736 convertamur
3376 5675 3450 5731 ad
3475 5672 3788 5733 Dentium.

2190 5788 2370 5845 natiue
2401 5773 2754 5832 humiliemur
2792 5773 2851 5831 in
2879 5783 3178 5847 conspectu
3227 5772 3369 5845 ejus,
3391 5778 3455 5826 ut
3476 5766 3536 5825 in
3578 5764 3792 5825 confes-

2190 5868 2345 5925 sione
2388 5867 2813 5941 supplicantium
2854 5876 3037 5931 motus
3070 5868 3190 5944 qius
3227 5874 3287 5932 et
3326 5856 3793 5931 immoimm-

2028 6007 2174 6057 κω
