3892 6346
166 395 263 457 085

868 374 1408 441 ENARMTIONES
1442 374 1512 436 IN
1547 371 1810 436 LIBRUM
1848 372 2311 434 NUMERORUM.
2354 403 2425 415 --
2458 370 2592 429 LIB.
2630 368 2694 427 Il.

3321 368 3424 431 686

167 485 409 586 laganus,
437 508 536 566 sed
581 510 771 564 contra
792 500 1060 566 dicamus,
1092 498 1207 555 Non
1247 505 1334 555 est
1374 506 1505 553 cura
1528 496 1646 552 Deo
1669 494 1745 551 de
1763 492 2006 563 ANobis
2054 500 2265 586 autem,
2317 463 2412 564 qui
2470 504 2592 547 eam
2647 485 2967 586 spiritaliter
3016 490 3073 545 et
3111 488 3424 564 'e'vaiigellco

169 607 265 663 vita
291 600 626 665 mortalium,
659 612 760 653 nec
799 595 1076 666 pertinent
1118 592 1234 647 haec
1258 590 1328 645 ad
1348 589 1562 655 Deum;
1616 586 1743 644 reli-

167 698 272 770 quit
288 709 391 751 nos
419 693 567 756 olim,
598 705 701 747 nec
720 689 798 770 ad
824 686 1073 743 notitiam
1093 684 1212 755 ejus
1240 684 1348 740 ista
1375 680 1740 753 perveniunt:

166 765 207 848 si
226 786 352 843 talia
380 785 683 857 cogitemus
711 765 767 837 in
790 779 1047 835 cordibus
1072 776 1297 844 nostris,
1339 781 1392 829 et
1413 773 1530 829 haec
1550 772 1617 829 de
1646 787 1744 828 ore

168 887 342 939 nostro
389 875 705 948 procedant,
756 879 967 928 eertum
1019 877 1105 926 est
1148 884 1259 924 non
1307 878 1429 923 esse
1471 866 1528 922 in
1585 865 1743 922 nobis

169 973 381 1046 Moysen
419 980 475 1027 et
516 970 720 1034 Aaron,
750 964 886 1038 legis
912 963 1224 1029 scientiam,
1251 970 1307 1019 et
1338 961 1744 1033 fructus-poeni-

168 1065 363 1130 tentiae,
395 1074 493 1133 per
511 1074 648 1132 quos
689 1056 969 1115 interitum
996 1053 1332 1111 imminentis
1371 1052 1523 1109 exitii
1570 1052 1743 1123 possi-

169 1170 276 1211 mus
297 1154 556 1210 evadere.
587 1150 701 1207 lloc
731 1158 862 1219 puto
904 1146 1166 1204 accidisse
1191 1147 1357 1202 etiam
1404 1144 1604 1218 populo
1642 1144 1741 1212 illi,

169 1251 252 1321 qui
276 1249 381 1304 fuit
404 1256 527 1304 ante
552 1256 675 1312 nos,
692 1244 908 1317 quando
929 1256 1119 1298 omnes
1131 1239 1565 1307 declinaverunt,
1585 1239 1747 1296 simul

169 1342 378 1399 inutiles
400 1342 530 1398 facti
550 1346 696 1407 sunt,
727 1346 913 1396 etnon
934 1336 1035 1391 fuit
1056 1334 1149 1406 qui
1186 1334 1396 1389 faceret
1418 1333 1745 1399 bonitatem,

168 1450 266 1493 non
291 1437 393 1491 fuit
420 1450 593 1506 usque
639 1435 707 1491 ad
732 1436 923 1489 unum.
960 1430 1020 1486 Si
1047 1429 1194 1486 enim
1224 1426 1438 1493 fuisset,
1468 1430 1752 1496 nunquam

170 1527 347 1597 utique
388 1526 770 1597 dereliquisset
821 1534 918 1580 eos
960 1520 1241 1577 Dominus.
1290 1517 1399 1574 Sed
1444 1523 1501 1573 et
1532 1524 1635 1572 nos
1678 1516 1750 1569 ti-

169 1628 430 1685 meamus,
461 1633 531 1675 ne
557 1616 698 1671 forte
721 1614 897 1671 simile
919 1610 1124 1682 aliquid
1154 1608 1463 1666 inveniatur
1490 1605 1547 1661 in
1570 1605 1748 1662 nobis.

169 1710 349 1766 Timeo
388 1710 537 1767 enim
573 1708 725 1764 illam
771 1705 1125 1769 sententiam,
1172 1701 1227 1756 in
1274 1708 1381 1770 qua
1409 1696 1671 1755 Domiittis
1696 1704 1752 1752 et

166 1801 416 1858 Salvator
462 1809 687 1866 noster,
740 1797 834 1868 qui
881 1803 1077 1852 cuncta
1120 1790 1410 1864 praenoscit
1438 1830 1452 1855 ,
1500 1788 1750 1849 dubitans

1840 602 2006 643 sensu
2025 585 2373 658 intelligimus
2397 593 2454 640 et
2494 581 2839 654 exponimus,
2872 596 3087 652 semper
3131 598 3272 640 nova
3320 597 3425 655 est,

1842 686 1900 737 et
1932 688 2222 750 utrumque
2265 677 2425 734 nobis
2448 674 2659 732 Novum
2707 673 3115 731 Testamentum
3173 683 3276 743 est,
3322 692 3434 736 non

1844 773 2104 844 temporis
2148 774 2338 838 astate,
2377 766 2474 826 sed
2521 767 2892 840 intelligentia:
2917 769 3176 826 novitate.
3205 768 3290 825 An
3322 787 3434 828 non

1843 872 1900 919 et
1928 862 2204 933 apostolus
2231 860 2468 917 Joannes
2504 860 2560 915 in
2607 859 2845 931 Epistola
2892 876 2989 916 sua
3042 858 3236 917 eadem
3262 862 3432 918 sentit

1843 973 1969 1014 cum
1998 957 2128 1014 dicit
2158 955 2395 1023 :Filioli,
2416 956 2726 1011 mandatum
2753 972 2941 1011 novum
2975 956 3043 1011 do
3070 954 3235 1024 vobis,
3264 966 3321 1011 ut
3347 956 3431 1011 in-

1842 1048 2007 1105 vicem
2047 1046 2283 1118 diligatis
2326 1044 2379 1118 (1
2405 1044 2566 1101 Joun.
2599 1044 2696 1118 tt)?
2725 1060 2849 1127 cum
2893 1045 3079 1117 utique
3106 1046 3274 1102 sciret
3301 1045 3434 1102 olim

1843 1141 2030 1197 datum
2058 1154 2181 1197 esse
2206 1138 2524 1196 mandatum
2574 1137 2877 1196 dilectionis
2905 1139 2961 1195 in
2994 1141 3139 1213 lege;
3173 1141 3270 1198 sed
3300 1157 3435 1213 quo-

1842 1234 1992 1289 niam
2014 1232 2254 1290 eharitas
2279 1238 2553 1302 nunquam
2579 1232 2745 1298 cadit,
2774 1244 2877 1287 nec
2920 1230 3234 1289 mandatum
3259 1234 3440 1289 chari—

1846 1327 1977 1383 tatis
2002 1324 2293 1396 aliquando
2311 1324 2625 1394 veterascit,
2646 1325 2750 1380 hoc
2774 1322 2917 1394 quod
2940 1326 3215 1395 nunquam
3232 1330 3441 1382 vetera‘
3510 1346 3515 1351 υ

1848 1418 1976 1485 scit,
2006 1432 2220 1488 semper
2242 1428 2441 1473 norum
2487 1426 2610 1473 esse
2655 1414 2989 1488 pronuntiat.
3034 1416 3258 1488 Semper
3295 1417 3442 1475 enim

1850 1509 2201 1566 observantes
2223 1514 2278 1566 et
2301 1508 2674 1566 custodientes
2700 1524 2779 1576 se,
2812 1506 3100 1565 charitatis
3132 1508 3448 1567 mandatum

1852 1608 2025 1657 novos
2041 1600 2218 1658 reddit
2239 1601 2296 1657 i’n
2319 1601 2535 1673 Spiritu.
2562 1596 2844 1658 Peccatori
2882 1608 3064 1657 autem
3086 1608 3143 1658 et
3163 1601 3447 1660 cbaritatis

1852 1692 2060 1751 foedera
2098 1709 2207 1751 non
2240 1694 2507 1761 servanti,
2531 1696 2698 1751 etiam
2742 1692 3037 1767 Evangelia
3078 1704 3446 1753 veterascunt.

1852 1785 1964 1842 Nec
1991 1794 2167 1857 potest
2185 1787 2236 1843 ei
2272 1792 2473 1842 navum
2502 1802 2625 1842 esse
2659 1792 3066 1853 testamentum,
3098 1785 3189 1859 qui
3220 1802 3327 1842 non
3354 1786 3449 1845 de-

157 1897 287 1953 dicit
319 1915 332 1950 :
367 1895 545 1950 Putas
585 1893 793 1949 veniens
830 1889 973 1960 [ilius
1028 1887 1275 1953 hominis,
1329 1870 1550 1941 inveniet
1587 1879 1747 1952 [idem
1774 1886 1823 1948 B
1847 1877 2003 1949 ponit
2026 1882 2262 1933 veterem
2289 1873 2587 1944 hominem,
2613 1884 2668 1933 et
2709 1876 2884 1933 induit
2914 1888 3113 1933 novum
3150 1892 3214 1933 ac
3244 1893 3443 1934 secun-

152 2000 311 2063 super
331 1999 542 2044 terram
567 1984 722 2058 (Luc.
756 1982 949 2057 xvm)?

221 2082 473 2151 Cumque
491 2079 729 2151 jacerent
751 2077 803 2131 tn
826 2074 987 2141 terra‘,
1010 2068 1143 2128 dixit
1164 2066 1422 2126 Dominus
1443 2066 1511 2123 ad
1533 2060 1752 2139 Moysen

149 2178 199 2229 et
229 2172 427 2228 Aaron
458 2182 477 2222 :
510 2167 655 2222 Tolle
678 2166 1023 2231 thuribulum,
1049 2173 1096 2218 et
1123 2163 1311 2216 hausto
1343 2160 1457 2229 igne
1478 2158 1543 2212 de
1564 2156 1751 2223 altari,

146 2266 294 2317 mitte
330 2263 614 2316 irrcensum
662 2257 885 2327 desuper
925 2264 1140 2327 pergens
1177 2253 1280 2307 cito
1323 2251 1392 2305 ad
1417 2249 1668 2321 poplitum
1695 2256 1753 2302 ut

150 2362 298 2424 roges
327 2364 435 2422 pro
479 2350 575 2403 eis.
604 2348 727 2403 Jam
756 2348 893 2402 enim
922 2352 1130 2419 egressa
1155 2350 1230 2399 est
1259 2344 1342 2397 ira
1366 2350 1399 2397 α
1428 2341 1678 2407 Domino,
1704 2348 1755 2395 et

161 2442 315 2513 plaga
343 2440 579 2495 deswvit.
607 2437 760 2506 Quod
783 2454 901 2493 cum
924 2437 1129 2508 fecisset
1160 2433 1341 2489 Aaron
1362 2440 1409 2488 et
1440 2433 1756 2487 cucurrisset

164 2533 229 2586 ad
252 2530 529 2603 populum,
561 2540 609 2585 et
634 2530 702 2584 ad
724 2530 950 2584 mediam
972 2527 1388 2593 multitudinem,
1409 2536 1566 2597 quam
1592 2531 1761 2578 vasta-

169 2624 247 2679 bat
274 2623 602 2689 incendium,
627 2622 813 2677 obtulit
842 2622 1151 2694 thymiama.
1183 2619 1254 2675 Et
1273 2629 1420 2676 stans
1464 2618 1602 2674 inter
1624 2634 1761 2672 mor-

168 2726 280 2773 tuos
305 2724 353 2772 et
386 2717 633 2781 viventes,
667 2720 763 2788 pro
790 2714 983 2788 populo
1021 2716 1329 2788 deprecatus
1362 2720 1439 2769 est
1460 2754 1475 2781 ,
1516 2722 1563 2767 et
1603 2710 1763 2784 plaga

169 2809 405 2863 cessavit.
460 2806 706 2861 Fuerunt
746 2816 921 2862 autem
948 2807 1038 2878 qui
1068 2808 1303 2878 percussi
1348 2812 1471 2860 sunt
1514 2810 1766 2874 quatuor-

169 2898 328 2952 decim
362 2894 542 2953 millia
570 2898 842 2955 hominum
871 2906 919 2953 et
961 2897 1292 2968 septingenti,
1325 2898 1519 2967 absque
1548 2894 1628 2947 his
1676 2894 1766 2964 qui

170 2990 430 3058 perierant
461 2989 526 3043 in
561 2988 817 3043 seditione
858 2986 1048 3043 Chore.
1086 2988 1354 3045 labentur
1381 2996 1512 3057 ergo
1558 2984 1769 3057 Moyses

170 3079 419 3137 etAaron
448 3080 611 3137 exire
640 3079 707 3137 de
742 3080 923 3136 medio
970 3088 1277 3153 synagogze,
1314 3086 1377 3135 ut
1424 3079 1770 3136 interimatur

170 3187 435 3247 synagoga
455 3173 532 3229 de
555 3172 742 3229 semel.
774 3171 885 3228 Sed
907 3172 1189 3230 videamus
1238 3172 1328 3230 iSti
1377 3172 1507 3245 quid
1538 3172 1764 3229 faciunt.

1858 1969 1988 2025 dum
2019 1968 2189 2026 Deum
2211 1976 2480 2039 creatum,
2507 1978 2571 2026 ut
2600 1968 2791 2028 oll'erat
2825 1970 3111 2028 incensum
3138 1970 3192 2027 in
3223 1970 3447 2041 castris,

1856 2073 1913 2119 et
1932 2072 2119 2119 exoret
2142 2068 2243 2134 pro
2263 2063 2482 2136 pepulo.
2503 2061 2626 2119 Jam
2648 2064 2814 2131 enim,
2834 2063 3029 2137 inquit,
3052 2056 3255 2120 vastari
3285 2065 3454 2136 etrapit

1856 2158 2107 2231 populus.
2140 2158 2195 2215 In
2225 2159 2420 2231 spiritu
2445 2158 2667 2216 videbat
2696 2154 2925 2231 Moyses,
2953 2174 3073 2230 quae
3102 2156 3453 2244 gerebantur.

1860 2252 2009 2308 Vidit
2034 2253 2289 2307 virtutem
2318 2251 2497 2309 exisse
2532 2252 2600 2307 ad
2645 2260 2843 2320 castra,
2866 2261 2923 2307 et
2964 2260 3181 2307 vastare
3203 2268 3267 2308 ac
3306 2253 3451 2325 peri-

1858 2350 2012 2399 mere
2028 2352 2344 2414 pcccatores
2365 2359 2380 2410 ;
2404 2352 2461 2399 et
2488 2352 2712 2414 propter
2740 2344 2841 2399 hoc
2863 2342 3118 2400 hortatur
3142 2342 3457 2415 pontificem

1861 2446 2141 2491 assumere
2164 2432 2432 2502 batillum,
2465 2430 2644 2508 ignem
2669 2431 2737 2491 de
2761 2434 2919 2492 altari
2961 2436 3263 2507 imponere,
3289 2442 3457 2508 atque

1862 2524 2089 2581 incenso
2134 2538 2297 2597 super
2326 2524 2549 2599 injecto,
2577 2527 2728 2583 exire
2761 2526 2816 2583 et
2837 2528 2982 2583 stare
3031 2526 3175 2584 inter
3209 2527 3453 2584 medium

1864 2629 2207 2677 mortuorum
2237 2622 2292 2677 et
2323 2622 2589 2688 vivorum,
2623 2637 2691 2677 ne
2718 2620 2863 2676 ultra
2910 2619 3172 2692 procedat
3195 2618 3455 2688 vastatio,

1865 2712 1953 2767 vel
1974 2721 2140 2777 certe,
2176 2722 2238 2768 ut
2258 2711 2441 2769 verius
2486 2712 2653 2769 habet
2686 2727 2745 2768 se
2776 2711 3076 2783 Scriptura:
3106 2726 3310 2779 sermo,
3332 2726 3464 2767 con-

1866 2800 2083 2860 fractio.
2113 2802 2221 2860 Sed
2247 2806 2424 2877 primo
2447 2806 2495 2863 si
2524 2800 2761 2873 videtur,
2791 2804 3035 2861 historia:
3072 2802 3244 2876 ipsius
3272 2804 3467 2877 imagi-

1870 2908 1996 2950 nem
2031 2894 2429 2964 describamus,
2460 2898 2518 2951 ut
2578 2912 2702 2952 cum
2733 2894 2812 2951 rei
2835 2904 3001 2969 gestae
3033 2894 3245 2967 species
3291 2912 3460 2969 appa-

1869 2986 2064 3054 ruerit,
2097 2992 2228 3043 tune
2265 2988 2482 3044 dcnmm
2504 2987 2691 3055 etiam,
2720 2982 2765 3043 si
2788 2986 2917 3059 quid
2938 2997 3023 3043 est
3050 2986 3103 3043 in
3124 2978 3245 3045 loco
3267 2988 3462 3061 mysti-

1868 3088 1997 3134 eusn
2030 3078 2390 3150 redui‘ramtis.
2437 3076 2684 3151 lntellige
2734 3094 2867 3151 ergo
2905 3076 3164 3151 populum
3210 3068 3378 3135 lsracl
3410 3078 3467 3135 in

1870 3168 2068 3225 castris
2111 3172 2209 3241 'pcr
2257 3166 2506 3227 Ordinem
2543 3168 2783 3226 tribuum
2819 3160 3260 3242 lamiiiarumqne
3286 3170 3468 3242 dispo-

169 3263 346 3322 Sancti
401 3273 561 3333 sunt,
590 3265 817 3336 perfecti
854 3275 999 3334 sunt,
1028 3272 1084 3323 et
1103 3264 1225 3338 plus
1270 3266 1445 3339 magis
1488 3263 1766 3337 Evangelii
1793 3260 1839 3326 C
1871 3265 2034 3321 situm
2059 3281 2075 3330 ;
2136 3263 2392 3321 virtutem
2439 3278 2570 3321 vero
2593 3261 2887 3334 quamdam
2914 3279 2944 3319 a
2975 3264 3087 3320 Deo
3108 3264 3331 3322 missam
3359 3278 3469 3321 non

170 3356 435 3428 discipuli,
457 3372 627 3429 quam
650 3356 814 3429 legis;
843 3366 899 3413 et
923 3358 1047 3414 ideo
1074 3357 1301 3430 diligunt
1320 3359 1491 3414 etiam
1514 3356 1767 3412 inimicos

170 3461 308 3515 suos,
325 3458 499 3522 atque
512 3459 679 3505 orant
698 3464 797 3522 pro
811 3452 1255 3523 persecutoribus
1273 3450 1407 3507 suis.
1423 3448 1534 3507 lllis
1553 3450 1768 3505 venien-

170 3540 308 3597 tibus
334 3551 398 3597 ut
434 3541 818 3598 interﬁcerent
864 3554 983 3607 eos,
1022 3543 1113 3600 isti
1151 3543 1448 3614 procidunt
1471 3544 1530 3601 in
1571 3542 1771 3598 faciem

170 3647 319 3689 suam
350 3650 526 3707 super
551 3644 774 3690 terram.

232 3724 302 3777 Et
341 3726 421 3780 ait
453 3725 672 3797 Moyses
728 3725 800 3781 ad
856 3725 1039 3783 Aaron
1074 3738 1095 3779 :
1131 3723 1356 3782 Assume
1406 3722 1669 3791 batillum,
1726 3731 1776 3777 et

168 3814 374 3886 impone
411 3828 578 3885 super
602 3816 738 3872 illud
774 3818 948 3889 ignem
995 3816 1059 3873 ab
1089 3816 1268 3883 altari,
1300 3820 1348 3873 et
1399 3815 1559 3887 injice
1588 3814 1669 3870 illi
1692 3814 1775 3868 itt—

165 3920 406 3970 censum,
438 3914 489 3959 et
519 3905 653 3975 oﬂ‘er
673 3906 916 3961 velociter
940 3908 997 3962 in
1024 3919 1221 3975 castra,
1247 3917 1295 3962 et
1322 3914 1482 3962 exora
1501 3916 1596 3973 pro
1622 3904 1772 3975 ipsis.

168 3994 318 4052 Eriit
344 3995 496 4050 enim
526 3995 612 4049 ira
633 3995 690 4049 in
722 4006 1001 4067 conspectu
1028 3997 1263 4064 Domini,
1290 4005 1342 4050 'et
1366 3997 1485 4066 jam
1512 3997 1659 4066 eazpil
1679 4008 1775 4048 va—

168 4098 304 4144 stare
330 4086 629 4161 populum.
664 4087 871 4145 Verum
912 4089 1167 4160 quoniam
1218 4089 1275 4144 in
1308 4090 1409 4144 ltos
1429 4086 1777 4158 pervenimus

173 4181 339 4249 locos,
388 4177 526 4235 volo
576 4179 641 4235 de
691 4179 936 4236 bonitate
985 4180 1078 4236 Dei
1134 4181 1427 4237 admonere
1488 4179 1779 4251 diScipni‘os

175 4274 399 4342 Christi,
435 4287 512 4329 ne
550 4271 673 4343 quis
708 4270 849 4328 forte
889 4281 1133 4329 vestrum
1166 4275 1234 4330 ab
1264 4274 1537 4330 haereticis
1557 4276 1781 4329 contur-

178 4365 351 4435 betur,
375 4368 425 4425 si
467 4367 694 4439 quando
715 4374 992 4423 certamen
1025 4367 1298 4436 inciderit,
1324 4368 1429 4425 illis
1451 4368 1776 4434 dicentibus,

181 4460 434 4525 quoniam
469 4459 623 4514 Deus
672 4457 807 4530 legis
855 4472 964 4514 non
1014 4470 1100 4515 est
1124 4460 1296 4516 bonus
1344 4459 1440 4515 sed
1481 4457 1691 4527 justus;
1724 4465 1782 4514 et

186 4546 343 4621 Moysi
387 4549 481 4605 lex
534 4562 651 4603 non
694 4548 994 4605 bonitatem
1034 4551 1299 4617 continet,
1354 4548 1452 4605 sed
1490 4550 1777 4620 jnStitiam.

1872 3353 2128 3426 sparsim,
2156 3353 2250 3409 sed
2274 3358 2337 3411 ex
2361 3353 2537 3429 prima
2565 3351 2745 3427 aliqua
2767 3365 2925 3428 parte
2945 3356 3176 3426 coepisse
3208 3355 3466 3429 populum

1871 3454 2049 3503 morte
2081 3448 2315 3515 vastare,
2345 3448 2399 3504 et
2430 3449 2813 3520 procedentem
2842 3465 2942 3521 per
2969 3451 3240 3516 ordinem,
3266 3451 3463 3507 mortis

1873 3552 2111 3610 stragem
2157 3543 2466 3597 considera.
2503 3542 2635 3598 Post
2689 3544 2806 3599 haec
2848 3543 3162 3613 pontiﬁcem
3219 3542 3469 3597 indutum

1876 3645 1998 3686 esse
2034 3633 2353 3701 pontiiicali,
2393 3634 2710 3701 procedere,
2753 3642 2811 3689 et
2857 3644 3168 3703 portantem
3220 3632 3467 3688 batillum

1878 3728 2041 3792 atque
2086 3722 2290 3793 ignem,
2336 3734 2462 3779 curn
2502 3722 2725 3780 incenso
2766 3723 2992 3779 tendere
3046 3723 3113 3779 ad
3140 3730 3266 3780 cum
3289 3720 3471 3784 locum

1878 3828 1987 3885 quo
2028 3818 2128 3885 per
2177 3814 2431 3886 angelum
2481 3825 2789 3873 vastantem
2835 3832 2985 3873 mors
3018 3817 3169 3875 illata
3204 3833 3473 3889 pervene-

1877 3917 1984 3975 rat,
2016 3917 2071 3963 et
2098 3917 2331 3966 stantem
2381 3909 2435 3965 in
2458 3924 2529 3966 eo
2555 3910 2676 3967 loco
2705 3911 2761 3967 in
2790 3926 2899 3983 quo
2935 3926 3086 3968 mors
3112 3911 3275 3969 tinem
3299 3911 3467 3968 dede-

1878 4000 1966 4054 rat
2007 4001 2228 4072 primis,
2257 4012 2313 4058 et
2355 3998 2477 4059 erat
2518 4003 2696 4060 vicina
2735 4004 3046 4075 postremis.
3071 4004 3289 4062 Intuere
3323 4014 3472 4062 stan—

1882 4096 1990 4148 tem
2022 4090 2357 4164 pontiﬁcem,
2387 4104 2442 4150 et
2466 4092 2774 4168 objectione
2822 4097 3053 4168 quadam
3092 4098 3200 4175 sui,
3229 4098 3474 4156 viventes

1878 4184 1913 4241 a
1934 4188 2164 4243 mortuis
2200 4187 2571 4256 dirimentem,
2600 4191 2858 4248 virtutem
2905 4191 3307 4264 propitiationis
3332 4192 3473 4265 ejus,

1881 4276 1935 4334 et
1958 4277 2162 4335 incensi
2186 4281 2504 4351 mysterium
2535 4280 2819 4340 erubuisse
2833 4283 3084 4354 angelum
3107 4293 3471 4352 vastatorem;

1880 4368 1937 4425 ‘et
1966 4370 2020 4425 in
2050 4371 2154 4427 hoc
2179 4382 2411 4427 mortem
2447 4371 2664 4443 quidem
2696 4373 2929 4438 finitam,
2963 4372 3131 4427 vitam
3161 4385 3287 4426 vero
3317 4370 3474 4441 repa-

1884 4473 2078 4520 ratam.
2110 4462 2169 4521 Si
2208 4464 2524 4522 intellexisti
2554 4466 2796 4522 historia:
2836 4464 3107 4528 ordinem,
3138 4471 3193 4519 et
3219 4461 3392 4519 oculis
3417 4471 3477 4519 ut

1885 4554 1959 4613 ita
1994 4555 2171 4613 dicam
2216 4572 2445 4613 cernere
2474 4557 2700 4628 potuisti
2741 4564 2977 4611 stantem
3022 4552 3338 4625 pontificem
3367 4569 3479 4613 mc-

188 4619 413 4697 Videant
468 4656 613 4713 ergo
648 4641 742 4711 qui
788 4639 959 4695 Deum
999 4641 1206 4711 pariter
1232 4642 1597 4697 criminantur
1618 4646 1674 4695 'et
1708 4638 1767 4695 le-

1887 4652 2037 4708 dium
2097 4653 2238 4707 inter
2296 4653 2450 4708 vivos
2497 4662 2552 4709 et
2592 4661 2871 4719 mortuos,
2924 4654 3158 4711 ascende
3212 4668 3357 4711 nunc
3412 4653 3484 4741 ad
3568 4664 3579 4741 if

188 4745 316 4801 gem,
365 4732 659 4805 quomodo
689 4730 901 4803 Moyses
945 4729 1061 4801 ipse
1108 4738 1163 4785 et
1191 4729 1373 4784 Aaron
1403 4729 1613 4800 priores
1644 4727 1784 4785 lece-

190 4833 308 4877 runt
354 4826 484 4892 hoc,
547 4822 703 4896 quod
760 4823 1107 4893 postmodum
1163 4821 1513 4892 Evangelium
1580 4822 1781 4878 docuit.

190 4911 319 4971 Ecce
352 4918 539 4990 diligit
576 4916 797 4987 Moyses
826 4916 1093 4983 inimicos,
1125 4924 1179 4973 et
1199 4924 1319 4972 orat
1352 4930 1451 4989 pro
1480 4926 1789 4989 persecuto-

192 5008 329 5065 ribus
363 5013 483 5067 suis
508 5028 525 5066 ς
556 5008 711 5081 quod
732 5008 921 5076 utique
970 5008 1220 5065 Christus
1245 5009 1303 5064 in
1335 5010 1642 5083 Evangeliis
1668 5009 1786 5067 ﬁeri

191 5100 355 5159 docet.
387 5104 537 5160 Audi
561 5103 718 5160 enim
753 5100 1025 5171 quomodo
1052 5103 1308 5158 cadentes
1333 5104 1388 5158 in
1414 5102 1607 5159 faciem
1631 5116 1795 5174 super

195 5207 405 5268 terram,
466 5209 641 5258 orant
683 5214 785 5270 pro
814 5198 943 5266 illis,
1000 5200 1092 5272 qui
1137 5198 1205 5256 ad
1240 5200 1648 5257 interﬁciendos
1698 5202 1795 5257 'eos

196 5287 633 5349 insurrexerunt.
670 5290 763 5346 Sic
790 5304 920 5363 ergo
946 5302 999 5349 et
1022 5293 1297 5349 invenitur
1323 5295 1601 5368 Evangelii
1620 5296 1796 5351 virtus

196 5380 242 5435 in
269 5385 414 5458 lege,
456 5398 516 5443 ct
557 5385 921 5441 fundamento
964 5386 1099 5458 legis
1151 5384 1379 5444 subnixa
1420 5387 1794 5460 intelliguntur

199 5469 502 5549 Evangelia.
536 5476 659 5532 Nec
696 5474 859 5531 Vetus
891 5476 1299 5533 Testamentum
1340 5479 1562 5534 nomine
1591 5496 1691 5549 ego
1720 5478 1797 5535 le-

197 5574 327 5631 gem,
355 5571 402 5623 si
434 5585 567 5625 eam
590 5566 918 5638 Spiritaliter
945 5566 1263 5641 intelligam.
1290 5568 1399 5627 lllis
1422 5568 1795 5626 tantumnme

197 5653 275 5710 iet
302 5659 473 5719 Vetus
498 5660 749 5717 efﬁcitur
771 5656 1201 5731 Testamentum,
1226 5663 1318 5734 qui
1346 5676 1466 5720 eam
1504 5661 1798 5720 carnaliter

198 5746 499 5826 intelligere
538 5754 759 5811 Volunt.
798 5752 865 5811 Et
904 5756 1216 5813 necessario
1257 5756 1367 5813 illis
1416 5758 1573 5814 vetus
1599 5756 1795 5815 effecta

201 5858 275 5902 est
316 5861 375 5906 et
415 5853 634 5921 senuit,
676 5852 799 5922 quia
842 5854 987 5911 vir‘cs
1021 5868 1145 5912 suas
1179 5870 1284 5911 non
1311 5861 1490 5925 potest
1520 5855 1789 5914 obtinere.
1838 5902 1848 5913 .

1888 4744 2039 4800 verbi
2090 4743 2250 4813 hujus
2310 4744 2543 4800 celsiora
2609 4745 2865 4817 fastigia,
2922 4756 2977 4803 et
3032 4745 3157 4803 vide
3202 4728 3479 4818 quomodo
3568 4728 3587 4809 ἶ

1889 4851 2051 4892 verus
2100 4837 2343 4908 pontifex
2389 4836 2550 4894 Jesus
2605 4838 2886 4908 Christus,
2952 4850 3233 4912 assumpto
3288 4840 3477 4897 batillo

1890 4927 2072 4985 carnis
2101 4929 2371 4996 humanae,
2412 4938 2469 4986 et
2506 4934 2847 5003 superposito
2885 4934 2998 5006 igni
3043 4935 3254 5002 altaris,
3300 4933 3484 4989 anima

1893 5020 2011 5076 sine
2033 5020 2194 5077 dubio
2225 5020 2312 5075 illa
2334 5022 2623 5093 magniﬁca
2648 5038 2771 5081 cum
2795 5040 2901 5096 qua
2924 5035 3083 5083 natus
3112 5033 3195 5082 est
3220 5025 3273 5080 in
3296 5038 3484 5090 carne,

1896 5118 1953 5166 et
1977 5110 2188 5182 adjecto
2212 5112 2379 5168 etiam
2411 5112 2655 5181 incenso,
2682 5115 2773 5185 qui
2808 5123 2891 5172 est
2922 5113 3145 5190 spiritus
3170 5111 3486 5173 immacula-

1898 5210 2005 5276 tus,
2035 5204 2245 5261 medius
2292 5205 2434 5261 inter
2476 5204 2628 5262 vivos
2669 5209 2839 5277 stetit,
2868 5217 2924 5265 et
2951 5212 3181 5264 inertem
3222 5219 3331 5260 non
3359 5200 3489 5259 fecit

1895 5301 2133 5374 grassari
2172 5296 2345 5365 ultra,
2384 5292 2478 5355 sed
2516 5300 2659 5358 sicut
2693 5300 2984 5373 Apostolus
3008 5298 3140 5355 dicit
3169 5315 3183 5352 τ
3216 5286 3491 5352 Destruit

1895 5388 2016 5447 eum
2046 5391 2137 5463 qui
2166 5388 2386 5447 habebat
2419 5394 2603 5449 mortis
2634 5394 2933 5466 imperium,
2965 5389 3018 5446 id
3046 5398 3161 5457 est,
3194 5389 3488 5458 diabolum,

1897 5494 1953 5540 ut
1990 5483 2080 5557 qui
2108 5484 2271 5539 credit
2306 5483 2363 5539 in
2395 5502 2514 5541 eum
2543 5487 2663 5557 jam
2704 5502 2810 5542 non
2844 5483 3121 5549 moriatur,
3152 5480 3243 5536 sed
3274 5481 3409 5536 vivat
3435 5480 3496 5535 in

1900 5572 2154 5631 internum
2193 5574 2379 5650 (Hebr.
2410 5576 2495 5649 tt).
2524 5576 2642 5633 Hoc
2668 5575 2770 5631 fuit
2795 5588 2926 5645 ergo
2959 5573 3315 5643 mysterium,
3347 5569 3495 5644 quod

1897 5678 2090 5740 postea
2114 5668 2375 5739 futurum,
2400 5666 2513 5741 jam
2546 5678 2676 5726 tunc
2698 5667 2787 5723 ille
2812 5666 2903 5737 qui
2929 5665 3185 5739 populum
3215 5665 3495 5735 vastabat,

1902 5762 2138 5835 expavit.
2178 5758 2521 5837 Agnoscebat
2546 5763 2694 5820 enim
2727 5761 2958 5835 ﬁguram
2996 5759 3193 5831 batilli,
3234 5769 3291 5819 et
3327 5762 3493 5836 ignis,

1900 5865 1955 5913 et
1983 5854 2210 5924 incensi,
2237 5865 2293 5914 et
2317 5855 2492 5930 quatis
2515 5854 2788 5913 offerenda
2814 5860 2959 5912 esset
2982 5854 3092 5913 Deo
3128 5854 3307 5913 bestia
3333 5855 3401 5913 ab
3428 5867 3497 5912 eo
