3892 6346
502 290 610 368 68'!

1140 300 1497 369 BIRABANI
1536 300 2112 374 MAURIARGHIEP.
2134 316 2463 378 ‘MOGUNT.
2503 318 2791 381 OPERUM
2824 320 3006 381 rans
3040 322 3083 379 ι.
3634 332 3722 391 .688

495 424 597 498 qui
616 410 829 480 medius
853 431 1195 480 mortuorum
1216 427 1571 501 vivorumque
1590 433 1930 500 constiterat,
1950 444 2085 504 pra)-
2109 437 2165 499 Α
2184 443 2313 507 ptor
2332 447 2539 507 noster,
2563 440 2659 510 qui
2682 439 2752 496 de
2783 439 2929 495 tribu
2952 437 3090 497 Iuda
3111 451 3182 495 ac
3210 436 3344 503 Levi
3366 444 3519 503 ortus
3539 449 3640 511 est,
3663 446 3725 501 in-

491 517 732 575 videbat.
760 516 830 573 Et
853 515 975 573 illos
1002 518 1219 589 quidem
1248 529 1379 576 tunc
1406 522 1581 595 imago
1607 525 1948 595 praeﬁgurata
1976 527 2081 582 sal-

489 611 668 678 vavit;
717 608 786 665 ad
825 627 926 667 nos
963 614 1147 666 autem
1187 611 1378 669 salutis
1413 617 1615 672 veritas
1660 617 1776 688 ipsa
1813 621 2077 689 pervenit.

476 698 681 773 Neque
725 703 874 757 enim
912 700 1227 760 indumenta
1265 704 1537 776 pontiﬁcis
1576 722 1816 778 purpura
1856 703 1918 765 ac
1959 711 2081 766 lana

488 798 760 868 byssoque
806 805 1062 853 contexta
1097 799 1401 855 erubuisset
1430 802 1650 872 angelus
1692 802 1783 858 ille
1810 812 2076 872 vastator;

489 888 585 945 sed
628 887 731 944 iste
760 903 880 959 quae
907 886 1090 944 futura
1131 897 1288 946 erant
1324 889 1641 947 indumenta
1680 894 1861 965 magni
1903 896 2081 965 ponti-

484 978 607 1036 ﬁcis
638 980 940 1048 intellexit,
968 990 1024 1037 et
1051 981 1138 1038 his
1177 983 1343 1038 cessit
1367 980 1566 1053 quibus
1603 985 1789 1055 utique
1825 987 2079 1042 universa

485 1085 739 1133 creatura
774 1076 1000 1132 inferior
1022 1087 1158 1132 erat.
1191 1075 1330 1134 Puto
1354 1085 1556 1146 autem,
1583 1079 1728 1149 quod
1763 1096 1872 1135 non
1903 1081 2078 1136 solum

466 1158 663 1241 'primo
708 1168 945 1224 adventu
987 1167 1202 1224 Domini
1247 1178 1305 1225 et
1346 1170 1644 1227 Salvatoris
1688 1173 1862 1227 nostri
1903 1172 2078 1229 forma

482 1262 588 1317 ista
613 1260 878 1332 completa
907 1259 1011 1327 sit,
1053 1261 1149 1317 sed
1182 1260 1372 1317 eadem
1402 1261 1651 1319 fortassis
1686 1264 1990 1321 servabitur
2024 1274 2081 1321 et

458 1344 539 1433 :in
570 1351 830 1409 secundo.
865 1350 1060 1407 Veniet
1096 1352 1243 1407 enim
1272 1352 1417 1409 ﬁlius
1446 1354 1717 1421 hominis;
1750 1363 1805 1410 et
1834 1372 1955 1411 cum
1984 1371 2078 1412 ve-

478 1428 624 1499 nerit
666 1445 899 1510 iterum,
942 1444 1064 1499 sine
1090 1444 1255 1501 dubio
1284 1445 1525 1501 inveniet
1565 1447 1828 1517 quosdam
1856 1450 2076 1519 quidem

452 1522 742 1609 imortuos,
777 1535 1039 1607 quosdam
1083 1545 1267 1591 autem
1294 1536 1560 1594 viventes.
1606 1537 1761 1606 Quod
1788 1554 2076 1609 possumus

476 1626 698 1705 quidem
736 1634 793 1682 et
835 1626 915 1681 sic
958 1626 1303 1695 intelligere:
1346 1628 1473 1697 quia
1517 1628 1759 1684 nonnulli
1799 1630 1974 1684 adhuc
2019 1628 2075 1684 in

454 1716 580 1803 Lhoc
606 1719 735 1774 vitae
781 1726 927 1775 statu
968 1735 1075 1789 quo
1116 1735 1263 1776 nunc
1307 1734 1496 1776 sumus
1539 1721 1904 1789 inveniantur,
1946 1736 2071 1776 cum

451 1598 465 1634 ,ἰ

2183 538 2455 586 teroessor
2478 545 2579 602 pro
2614 532 2772 587 nobis
2796 545 2921 586 esse
2948 537 3313 589 monstratur.
3330 530 3475 589 Ecce
3502 547 3621 606 ergo
3636 532 3723 605 jam

2183 620 2334 690 virga
2363 622 2545 679 Aaron
2583 630 2706 694 post
2730 623 3041 681 ariditatem
3077 621 3257 689 ﬂoret,
3292 623 3391 680 sed
3429 623 3588 696 virgae
3622 627 3724 684 duo-

2180 710 2358 768 decim
2383 713 2622 769 tribuum
2650 715 2706 770 in
2729 716 2983 772 ariditate
3010 722 3313 781 remanent,
3346 714 3481 786 quia
3501 716 3607 788 jam
3634 720 3723 790 qui-

2183 800 2308 855 dem
2336 817 2532 874 corpus
2572 803 2789 861 Domini
2827 814 2952 876 post
2991 814 3227 862 mortem
3258 804 3426 872 vivit,
3454 806 3551 865 sed
3575 818 3721 865 nostra

2184 893 2361 956 adhuc
2382 909 2614 966 corpora
2641 910 2812 966 usque
2843 897 2899 951 in
2924 896 3101 959 ﬁnem:
3115 895 3305 955 mundi
3338 911 3374 952 a
3410 901 3719 956 resurrectio-

2180 984 2269 1040 nis
2311 984 2484 1056 gloria
2510 984 2855 1044 diﬂ’eruntur.
2900 987 3090 1059 Igitur,
3131 987 3272 1045 sicut
3310 987 3569 1057 diximus,
3606 990 3718 1067 virga

2178 1076 2395 1143 Aaron,
2427 1093 2549 1148 quae
2575 1086 2701 1148 post
2724 1078 3030 1136 siccitatem
3070 1078 3276 1147 ﬂoruit,
3301 1095 3433 1136 caro
3466 1082 3718 1137 insinuatur

2178 1165 2402 1233 Christi,
2439 1183 2560 1237 quae
2589 1179 2879 1240 postquam
2914 1170 2986 1225 ‘de
3025 1169 3179 1226 Jesse
3208 1170 3392 1227 radice
3419 1173 3619 1229 succisa
3640 1183 3714 1241 est,

2176 1258 2421 1315 vivacius
2450 1261 2776 1317 mortiﬁcata
2802 1261 3099 1317 reviviscit.
3126 1262 3311 1332 Itaque
3334 1264 3498 1334 virga
3521 1271 3623 1334 post
3640 1266 3715 1318 ari-
3739 1259 3744 1263 ’

2178 1350 2407 1406 ditatem
2430 1350 2725 1417 virescens,
2756 1352 3005 1409 Christus
3030 1361 3117 1409 est
3144 1360 3270 1426 post
3312 1364 3546 1410 mortem
3583 1370 3715 1410 resur—

2175 1458 2329 1515 gens.
2375 1443 2551 1515 lpsam
2580 1444 2734 1505 enim
2770 1445 3012 1516 virgam,
3061 1445 3240 1517 ipsum
3279 1442 3475 1511 ﬂorem
3518 1444 3715 1517 intelligi-

2174 1552 2326 1603 mus,
2374 1545 2438 1593 ut
2477 1537 2536 1593 in
2577 1537 2731 1607 virga
2780 1539 3058 1609 regnantis
3105 1538 3381 1610 potentia,
3426 1548 3489 1594 et
3532 1538 3580 1594 in
3619 1538 3714 1594 ﬂore

2173 1628 2521 1699 pulchritudo
2565 1626 2682 1696 ejus
2725 1638 3077 1686 monstretur.
3121 1628 3276 1686 Unde
3323 1636 3378 1683 et
3423 1630 3486 1684 in
3533 1628 3713 1685 Canticis

2176 1719 2512 1775 canticorum
2539 1720 2670 1776 dicit
2695 1721 2838 1776 idem
2863 1739 2879 1774 :
2907 1721 3020 1793 Ego
3045 1738 3163 1777 sum
3190 1722 3290 1791 ﬂos
3317 1722 3499 1792 campi
3528 1730 3568 1777 et
3589 1721 3711 1774 lilium

475 1811 633 1868 multi
654 1810 771 1882 jam
798 1820 1199 1881 praecesserunt
1223 1804 1444 1868 mortui.
1475 1810 1662 1870 Potest
1686 1820 1865 1870 autem
1896 1821 1950 1869 et
1974 1812 2074 1869 ali-
2097 1798 2148 1861 Β
2174 1808 2491 1865 convallium
2530 1809 2709 1880 (Cant.
2741 1811 2829 1881 ιι).
2873 1810 2979 1866 Alii
3024 1812 3235 1882 virgam
3274 1812 3454 1878 hanc,
3497 1826 3599 1883 quae
3630 1811 3712 1865 sine

444 1882 457 1983 ,ί
472 1912 559 1960 ter
582 1901 779 1974 accipi,
801 1910 863 1957 ut
890 1911 1135 1958 mortuos
1162 1918 1392 1974 corpora
1418 1904 1803 1977 intelligamus,
1824 1904 2072 1962 viventes

450 2003 657 2073 autem
699 1994 930 2050 animas.
973 1993 1203 2062 Quidam
1239 2004 1419 2051 autem
1448 2011 1517 2052 ex
1546 1997 1655 2063 his,
1684 1999 1780 2067 qui
1810 1998 1955 2054 hunc
1986 1997 2070 2053 lo-

470 2104 598 2145 cum
631 2096 759 2145 ante
802 2088 1153 2160 interpretati
1183 2096 1331 2157 sunt,
1376 2089 1599 2145 memini
1642 2092 1785 2160 quod
1824 2100 2070 2146 mortuos

442 2168 455 2187 ”
469 2178 711 2235 dixerint
738 2194 833 2235 eos
860 2179 953 2249 qui
983 2178 1265 2235 nimietate
1303 2178 1571 2235 scelerum
1600 2179 1656 2234 in
1691 2181 1930 2250 peccatis
1959 2181 2072 2237 suis

438 2277 670 2355 .mortui
728 2277 1130 2348 intelliguntur,
1183 2276 1430 2333 viventes
1484 2282 1666 2331 autem
1720 2290 1815 2332 eos
1865 2277 1958 2345 qui
2014 2276 2073 2331 in

436 2360 445 2443 1
469 2368 723 2439 operibus
762 2368 890 2422 vitae
929 2367 1349 2439 permanserint.
1386 2366 1775 2421 Verumtamen
1815 2365 2074 2422 utrolibet

444 2460 652 2539 Mmodo,
684 2459 853 2514 stabit
880 2458 1044 2514 etiam
1073 2459 1129 2514 in
1155 2457 1342 2514 futuro
1366 2475 1593 2531 magnus
1627 2459 1718 2515 hic
1742 2458 1987 2531 pontifex
2015 2467 2072 2513 et

470 2549 724 2607 Salvator
751 2560 941 2607 noster
980 2550 1194 2607 medius
1231 2552 1500 2607 vivorum.
1535 2548 1641 2608 Sed
1680 2561 1737 2608 et
1773 2560 1901 2609 tunc
1930 2550 2072 2607 forte

438 2641 682 2723 “medius
717 2640 969 2697 vivorum
1008 2651 1063 2697 et
1106 2650 1446 2699 mortuorum
1488 2652 1633 2701 stare
1671 2643 1934 2701 dicendus
1964 2651 2066 2709 est,

452 2750 592 2815 cum
619 2743 826 2791 statuet
858 2751 988 2793 oves
1014 2736 1236 2807 quidem
1267 2753 1300 2792 a
1335 2738 1542 2794 dextris
1581 2738 1727 2805 suis,
1760 2738 1946 2794 haedos
1975 2755 2071 2794 au-

426 2812 579 2883 ‘ltem
606 2825 677 2881 ad
720 2825 990 2895 sinistros,
1035 2835 1093 2882 et
1120 2826 1263 2884 dicet
1309 2826 1396 2884 his
1424 2829 1517 2901 qui
1566 2844 1598 2884 a
1639 2828 1848 2885 dextris
1892 2839 2018 2885 sunt
2051 2848 2066 2885 :

438 2984 441 2993 ι
474 2913 679 2984 Venite,
704 2916 959 2973 benedicti
988 2916 1171 2975 Patris
1200 2922 1325 2987 mei,
1350 2921 1598 2993 percipite
1619 2938 1837 2994 regnum
1856 2923 2066 2989 mundi,

436 2996 573 3089 rete.
615 3005 834 3082 (Matth.
869 3007 1017 3081 xxv).
1066 3010 1162 3065 His
1200 3021 1383 3067 autem
1422 3012 1515 3083 qui
1555 3028 1587 3067 a
1631 3012 1870 3068 sinistris
1906 3021 2066 3080 sunt,

465 3095 612 3153 dicet
649 3116 663 3151 :
705 3095 789 3151 Ite
827 3099 885 3152 in
923 3098 1096 3168 ignem
1142 3109 1427 3168 aeternum,
1476 3101 1706 3172 operarii
1748 3103 2064 3173 iniquitatis,

2175 1902 2404 1959 humore
2444 1900 2633 1958 ﬂorem
2671 1903 2929 1973 protulit,
2981 1903 3205 1957 Mariam
3244 1903 3516 1973 virginem
3549 1911 3710 1974 putant,

2174 2006 2297 2063 quae
2319 1992 2437 2048 sine
2461 1993 2609 2048 coitu
2640 1992 2811 2049 edidit
2840 1994 3079 2050 Verbum
3104 1992 3235 2061 Dei,
3272 1995 3342 2050 de
3367 2010 3479 2066 qua
3507 1997 3712 2064 scriptum

2174 2092 2295 2141 est:
2325 2085 2483 2141 Exiet
2513 2088 2661 2156 virga
2678 2085 2747 2140 de
2773 2086 2953 2141 radice
2974 2084 3147 2152 Iesse,
3175 2095 3223 2141 et
3244 2087 3345 2157 flos
3367 2087 3433 2141 de
3458 2087 3614 2141 radice
3630 2086 3713 2157 ejus

2174 2178 2418 2235 ascertdet
2444 2177 2581 2250 (Isa.
2610 2177 2721 2250 χι),
2761 2179 2969 2235 scilicet
3002 2177 3254 2234 Christus
3273 2219 3288 2245 ,
3321 2179 3413 2250 qui
3446 2178 3619 2233 futurae
3651 2184 3714 2251 ty-

2173 2284 2304 2340 pum
2335 2270 2609 2339 passionis
2652 2268 2972 2339 przeferens,
3016 2268 3249 2327 candido
3293 2266 3413 2323 ﬁdei
3449 2266 3644 2330 lumine,
3666 2274 3716 2320 et

2174 2363 2443 2434 passionis
2465 2362 2729 2434 sanguine
2754 2363 3089 2432 purpurabat
3112 2360 3212 2417 ﬂos
3244 2361 3522 2433 virginum,
3549 2373 3713 2414 corona

2173 2462 2512 2526 martyrum,
2557 2455 2734 2526 gratia
2774 2455 3187 2510 continentium.
3229 2454 3366 2510 Item
3411 2453 3711 2526 tmpologice,

2173 2560 2367 2602 omnes
2390 2559 2608 2616 quoque
2628 2545 2902 2615 principes
2927 2545 3105 2601 tribus
3130 2554 3188 2600 et
3213 2545 3400 2617 populi
3429 2545 3607 2601 habent
3629 2543 3713 2597 vir-

2174 2654 2315 2711 gam.
2342 2639 2464 2695 Non
2488 2638 2635 2694 enim
2660 2647 2840 2710 potest
2867 2640 2992 2709 quis
3020 2652 3215 2708 regere
3245 2637 3509 2709 populum
3533 2636 3619 2692 nisi
3642 2636 3712 2690 lu-

2172 2731 2301 2788 beat
2331 2732 2561 2806 virgam.
2600 2732 2754 2788 Unde
2781 2738 2839 2787 et
2865 2731 3067 2788 Paulus
3097 2731 3415 2801 apostolus,
3457 2730 3568 2801 quia
3596 2728 3714 2799 prino

2172 2839 2301 2896 ceps
2335 2834 2457 2881 erat
2498 2824 2682 2896 populi
2727 2824 2932 2880 idcirco
2975 2822 3232 2879 dicebat:
3280 2822 3430 2889 Quid
3469 2821 3629 2878 vultis?
3662 2817 3713 2871 In

2172 2924 2318 2994 virga
2346 2921 2551 2976 veniam
2580 2920 2650 2974 ad
2672 2935 2780 2985 vos,
2814 2927 2909 2974 aut
2935 2919 2993 2972 in
3020 2917 3277 2972 charitate
3304 2916 3580 2988 spirituque
3601 2928 3717 2967 man—

2172 3013 2466 3068 suetudinis
2491 3011 2545 3084 (I
2557 3009 2680 3065 Cor.
2698 3009 2811 3083 x1)?
2830 3009 3031 3066 Omnes
3049 3024 3178 3081 ergo
3202 3009 3481 3079 principes
3502 3007 3712 3065 tribuum,

2172 3108 2411 3161 habeant
2438 3120 2664 3161 necesse
2690 3113 2776 3160 est
2798 3105 2984 3175 virgas
3026 3119 3173 3171 suas,
3214 3104 3315 3159 sed
3343 3119 3483 3160 unus
3506 3103 3631 3158 solus
3653 3104 3718 3152 est

464 3203 619 3258 quem
645 3190 962 3258 prwparavit
1004 3188 1167 3243 Pater
1192 3208 1338 3246 meus
1366 3191 1581 3247 diabolo
1615 3203 1664 3249 et
1703 3192 1902 3264 angelis
1930 3196 2066 3265 ejus,
2097 3178 2142 3242 (ἶ
2174 3201 2318 3256 sicut
2356 3200 2643 3270 Scriptura
2669 3197 2863 3263 refert,
2909 3196 3155 3268 pontifex
3180 3197 3395 3264 Aaron,
3420 3195 3555 3266 cujus
3588 3192 3717 3262 virga

426 3258 437 3345 ¹
465 3279 720 3355 quoniam
756 3295 862 3332 non
898 3279 1020 3331 novi
1053 3296 1162 3334 vos.
1191 3280 1260 3335 Et
1282 3289 1411 3337 sunt
1441 3282 1631 3356 utique
1655 3285 1857 3339 mortui
1889 3286 1982 3355 qui
2012 3287 2070 3340 in

422 3426 429 3453 ι
464 3370 650 3444 ignem
676 3370 967 3426 mittuntur
991 3378 1288 3441 aeternum,
1327 3383 1455 3430 sunt
1501 3383 1685 3432 autem
1721 3377 1832 3431 vivi
1862 3376 1938 3435 illi
1977 3378 2070 3448 qui

418 3516 425 3549 ξ
467 3460 761 3517 mittuntur
785 3461 854 3517 ad
880 3477 1127 3533 regnum.

1072 3573 1301 3634 CAPUT
1338 3576 1460 3635 XX.

408 3714 417 3727 .
460 3665 544 3725 De
565 3669 725 3741 virgis
750 3667 1035 3741 duodecim
1051 3669 1286 3726 tribuum
1301 3671 1463 3741 jussu
1485 3669 1701 3727 Domini
1729 3672 1799 3728 ad
1823 3673 2068 3729 taberna-

412 3780 417 3789 .
533 3738 715 3815 culum
754 3738 967 3809 allatis,
1017 3738 1155 3794 inter
1190 3738 1323 3811 quas
1361 3740 1477 3798 sola
1513 3742 1695 3797 Aaron
1735 3744 1879 3815 virga
1919 3744 2068 3815 fron-

430 3816 435 3821 ’
535 3808 747 3866 duerat.
1202 3808 1212 3811 ⁷
1434 3824 1439 3831 ’
1680 3830 1683 3837 ί

436 3986 441 3989 1
533 3920 684 3996 (CAP.
731 3921 892 3993 xvn.)
933 3920 1165 3981 Locutus
1204 3934 1279 3982 est
1316 3914 1576 3982 Dominus
1615 3927 1686 3983 ad
1727 3925 1945 3999 Moysen
1984 3929 2068 3985 di-

462 4029 583 4071 cens
608 4028 625 4065 :
662 4013 899 4085 Loquere
934 4016 1005 4069 ad
1034 4015 1174 4085 ﬁlios
1204 4017 1398 4085 Israel,
1429 4025 1478 4073 et
1505 4020 1681 4091 accipe
1704 4020 1768 4074 ab
1794 4021 1870 4075 eis
1891 4022 2065 4093 virgas

398 4096 407 4103 ‘
461 4106 701 4176 singulas
736 4123 830 4177 per
865 4109 1197 4178 cognationes
1238 4129 1396 4177 suas,
1432 4129 1465 4165 a
1508 4115 1708 4168 cunctis
1741 4114 2064 4186 principibus

462 4198 696 4253 tribuum
725 4197 901 4267 virgas
936 4199 1193 4269 singulas,
1229 4213 1277 4256 et
1307 4204 1718 4277 uniuscujusque
1761 4223 1948 4261 nomen
1975 4224 2068 4262 su-

397 4282 407 4291 r
459 4289 749 4362 perscribes
794 4290 955 4362 virga:
995 4290 1389 4365 δυωηΝοιηεη
1434 4304 1610 4350 autem
1656 4298 1835 4365 Aaron
1871 4301 1968 4354 erit
2006 4302 2064 4356 in

458 4383 601 4440 tribu
628 4381 774 4453 Levi,
802 4392 853 4440 et
879 4400 988 4439 una
1016 4385 1164 4457 virga
1188 4377 1402 4441 cunctas
1431 4403 1610 4443 eorum
1634 4364 1869 4460 familias
1898 4394 2067 4447 conti-

2172 3293 2518 3365 germinavit.
2543 3290 2746 3347 Verum
2768 3291 3048 3363 quoniam,
3073 3297 3132 3344 ut
3153 3305 3297 3360 saepe
3321 3290 3568 3355 vidimus,
3588 3298 3720 3339 verus

2167 3384 2413 3457 pontifex
2438 3384 2692 3440 Christus
2719 3393 2834 3451 est,
2862 3385 2977 3455 ipse
3006 3383 3156 3440 solus
3178 3385 3337 3455 cujus
3362 3384 3507 3455 virga
3534 3396 3632 3435 non
3653 3391 3721 3430 so-

2168 3479 2282 3535 lum
2308 3478 2661 3551 germinavit,
2689 3478 2787 3533 sed
2812 3485 2868 3533 et
2899 3475 3109 3541 ﬂoruit,
3143 3486 3199 3533 et
3221 3476 3401 3532 omnis
3425 3468 3725 3529 credulitatis

2168 3570 2271 3625 hos
2299 3570 2639 3625 credentium
2678 3568 3001 3639 populorum
3028 3567 3211 3623 attulit
3232 3565 3458 3623 fructus.
3489 3564 3618 3631 Quis
3650 3575 3727 3614 air

2171 3669 2282 3717 tem
2310 3668 2396 3718 est
2425 3661 2530 3717 iste
2552 3658 2766 3715 fructus
2782 3674 2951 3730 quem
2980 3657 3195 3714 attulit?
3213 3657 3389 3723 Nucis,
3415 3653 3607 3722 inquit.
3638 3651 3733 3719 Qui

2166 3754 2377 3809 fructus
2417 3752 2639 3822 quidem
2684 3751 2861 3822 primo
2904 3750 3210 3805 indumento
3244 3759 3457 3800 amarus
3500 3749 3585 3797 est
3606 3781 3621 3808 ,
3654 3756 3732 3796 se-

2167 3846 2357 3917 quenti
2385 3844 2629 3901 munitur
2656 3859 2721 3899 ac
2761 3843 2988 3915 tegitur,
3034 3842 3190 3900 tertio
3231 3845 3541 3897 sumentem
3576 3835 3731 3909 pascit

2169 3954 2235 3996 ac
2278 3939 2470 3995 nutrit.
2505 3936 2653 3993 Talis
2678 3948 2818 4007 ergo
2855 3944 2941 3991 est
2981 3935 3039 3990 in
3079 3932 3351 3991 auditorio
3386 3928 3612 3993 Christi,
3648 3926 3728 3981 do-

2166 4031 2343 4087 ctrina
2386 4030 2525 4102 legis
2562 4036 2618 4084 et
2662 4029 3073 4100 prophetarum.
3123 4025 3313 4082 Primo
3357 4025 3544 4080 litterae
3581 4018 3731 4075 iacies

2167 4126 2303 4182 satis
2330 4138 2514 4180 amara
2540 4132 2626 4180 est
2643 4163 2658 4189 ,
2696 4137 2817 4194 quae
2852 4121 3329 4178 circumcisionem
3354 4119 3534 4177 carnis
3563 4111 3731 4186 praci-

2165 4219 2269 4290 pit,
2311 4232 2433 4286 quae
2469 4217 2536 4271 de
2569 4214 2855 4270 sacriﬁciis
2886 4214 3134 4279 mandat,
3161 4219 3219 4269 et
3256 4219 3480 4277 caetera,
3510 4223 3623 4279 qua:
3649 4218 3733 4276 per

2165 4310 2503 4367 occidentem
2542 4307 2783 4363 litteram
2822 4305 3177 4375 designantur
3218 4321 3234 4359 :
3270 4304 3394 4361 haec
3422 4300 3599 4360 omnia
3627 4306 3706 4353 tan

2166 4416 2328 4472 quam
2360 4415 2608 4455 amarum
2637 4399 2796 4455 nucis
2836 4398 3128 4463 corticem,
3161 4396 3393 4468 projioe.
3422 4394 3663 4453 Secundo
3687 4390 3732 4444 in

394 4538 419 4555 η
459 4474 622 4531 nebit.
670 4470 947 4548 Ponesque
989 4494 1079 4532 eas
1130 4479 1187 4531 in
1233 4477 1570 4534 tabernaculo
1624 4481 1833 4551 flecteris
1883 4498 2060 4538 coram
2165 4470 2285 4549 loco
2313 4490 2381 4546 ad
2408 4491 2746 4547 munimenta
2770 4497 2925 4545 testia
2946 4488 3234 4559 pervenies
3257 4503 3276 4542 :
3304 4488 3365 4544 in
3398 4503 3513 4559 quo
3535 4484 3615 4541 vel
3640 4498 3734 4538 m0~

458 4567 778 4635 testimonio,
822 4570 912 4623 ubi
952 4570 1144 4643 loquar
1176 4570 1247 4625 ad
1289 4581 1357 4626 te.
1405 4571 1572 4638 Quem
1611 4592 1675 4630 ea:
1715 4576 1797 4630 his
1837 4574 2056 4648 elegero,
2085 4541 2141 4602 Β
2166 4585 2297 4641 ralis
2330 4584 2578 4641 doctrina
2601 4583 2688 4639 vel
2722 4582 2866 4638 ratio
2891 4541 3244 4637 cobtinentim
3273 4541 3611 4654 designatur,
3637 4592 3735 4647 qua?

390 4724 415 4745 1,
458 4657 775 4730 geminabit
803 4660 949 4731 virga
979 4661 1094 4732 ejus
1123 4676 1142 4714 :
1170 4672 1217 4716 et
1249 4662 1493 4719 cohibebo
1531 4681 1565 4719 a
1592 4683 1674 4721 me
1704 4669 2058 4740 querimonias

388 4818 395 4829 ί
460 4750 696 4823 filiorum
737 4753 911 4810 Israel
951 4758 1138 4828 quibus
1182 4770 1365 4814 contra
1407 4777 1497 4815 vos
1540 4772 1899 4830 murmurant,
1948 4773 2053 4820 etc.

392 4904 397 4929 Ι
462 4841 762 4900 Duodecim
782 4846 951 4919 virgae
967 4847 1125 4917 juxta
1155 4848 1435 4906 duodecim
1464 4851 1519 4905 in
1552 4853 1902 4910 tabernaculo
1929 4857 2058 4926 poni

461 4946 751 5021 prmeeptaa
794 4947 949 5005 sunt,
992 4949 1048 4996 et
1087 4957 1213 4998 ecce
1244 4944 1399 5016 virga
1436 4940 1568 5001 Levi
1597 4948 1795 5016 viruit,
1839 4958 1893 5004 et
1926 4950 2058 5020 quid

386 5092 409 5101 ﬂ
465 5029 709 5096 virtutis,
741 5027 797 5085 id
824 5039 940 5098 est,
972 5046 1218 5103 numero,
1262 5037 1444 5091 Aaron
1481 5037 1770 5106 habuerit,
1800 5044 2056 5099 ostendit.

466 5119 586 5190 Quo
612 5119 864 5177 videlicet
891 5121 1047 5194 signo
1086 5126 1213 5195 quid
1257 5128 1522 5198 innuitur,
1554 5130 1659 5188 nisi
1698 5134 1844 5203 quod
1872 5150 2061 5195 omnes

406 5230 412 5241 ’
465 5212 559 5283 qui
584 5227 757 5283 usque
785 5212 854 5269 ad
883 5212 1049 5268 ﬁnem
1078 5216 1265 5273 mundi
1296 5218 1541 5287 jacemus
1580 5225 1634 5279 in
1664 5233 1872 5294 morte,
1904 5230 2058 5298 quasi

2166 4678 2478 4734 necessaria
2505 4684 2634 4733 sunt
2657 4675 2726 4731 ad
2751 4675 3055 4731 custodiam
3089 4689 3281 4730 eorum
3316 4689 3452 4742 quae
3481 4679 3734 4729 servantur

2166 4770 2515 4833 intrinsecus,
2569 4767 2867 4839 frangenda
2914 4776 3098 4822 tamen
3144 4768 3509 4839 quandoque,
3554 4774 3607 4824 et
3642 4763 3736 4821 sine

2165 4862 2330 4919 dubio
2357 4860 2700 4917 dissolvenda
2728 4868 2873 4916 sunt.
2919 4859 2992 4917 Ut
3021 4862 3068 4916 si
3102 4861 3254 4916 verbi
3280 4875 3461 4917 causa
3499 4859 3734 4915 dicamus,

2165 4952 2493 5008 abstinentia
2535 4950 2802 5018 ciborum,
2846 4957 2903 5006 et
2946 4951 3235 5021 castigatio
3274 4950 3562 5021 corporis,
3597 4945 3743 5005 donec

2163 5054 2352 5097 sumus
2383 5041 2438 5096 in
2467 5055 2700 5111 corpore
2739 5043 2848 5098 isto
2871 5041 3216 5112 corruptibili
3239 5048 3296 5096 et
3319 5040 3613 5109 passibili,
3646 5035 3743 5093 sine

2161 5133 2326 5189 dubio
2353 5135 2667 5189 necessaria
2706 5143 2811 5190 est.
2842 5133 2979 5189 Cum
3011 5142 3191 5189 autem
3215 5132 3579 5191 confractum
3608 5124 3748 5185 fuerit

2161 5240 2225 5281 ac
2249 5226 2570 5292 resolutum,
2601 5234 2658 5280 et
2701 5226 3120 5282 resurrectionis
3147 5233 3404 5296 tempore
3440 5218 3750 5289 incorrupti-

376 5282 401 5399 :
463 5282 634 5375 virgae
658 5282 881 5376 reliquae
922 5302 978 5361 in
1019 5305 1276 5364 ariditate
1300 5318 1679 5372 remanemus?
1708 5317 1816 5373 Sed
1846 5282 2057 5376 (iubetis
2157 5316 2269 5373 bile
2298 5332 2367 5373 ex
2395 5282 2733 5388 corruptibili
2763 5317 3068 5384 redditum,
3102 5282 3273 5387 atque
3296 5332 3371 5372 ex
3404 5315 3642 5374 animali
3660 5308 3753 5382 spl-

414 5476 415 5479 η
464 5395 635 5469 virgis
657 5396 712 5451 in
735 5398 990 5454 ariditate
1017 5401 1425 5461 remanentibus
1446 5407 1598 5479 virga
1622 5408 1752 5466 Levi
1777 5413 1844 5467 ad
1864 5411 2053 5470 ﬂorem
2110 5427 2119 5434 '
2156 5412 2347 5479 ritale,
2392 5426 2502 5467 non
2537 5410 2653 5481 jam
2691 5411 2881 5469 labore
2909 5410 3241 5476 afﬂictionis,
3276 5424 3386 5467 nec
3419 5404 3755 5467 abstinean

466 5488 663 5557 rediit,
692 5490 818 5562 quia
846 5507 1046 5563 corpus
1075 5492 1292 5549 Domini
1322 5497 1471 5563 veri,
1511 5500 1720 5558 scilicet
1755 5506 2055 5561 sacerdotis

466 5580 663 5650 nostri,
692 5581 748 5638 in
776 5586 969 5642 mortis
995 5586 1250 5643 ariditate
1276 5589 1543 5659 positum,
1567 5591 1632 5647 in
1660 5592 1846 5651 ﬂorem
1877 5611 2059 5653 resur-

460 5670 729 5727 rectionis
751 5676 950 5745 erupit.
981 5674 1100 5743 Quo
1120 5676 1255 5735 ﬂore
1276 5678 1457 5736 Aaron
1484 5690 1633 5738 recte
1660 5686 1914 5742 sacerdos
1939 5702 2060 5745 esse

376 5758 379 5763 ’
468 5763 836 5833 cognoscitur,
866 5765 995 5855 quia
1023 5770 1568 5855 haeresurrectionis
1597 5775 1789 5848 gloria;
1823 5778 2056 5837 Redem-

2160 5503 2550 5574 castigatione,
2596 5504 2693 5560 sed
2732 5504 2997 5574 qualitate
3029 5502 3149 5569 sui,
3193 5501 3345 5558 nulla
3388 5502 3523 5572 jam
3563 5493 3759 5571 corpoﬁ

2162 5597 2471 5666 corruptela
2495 5598 2877 5654 dominabitur.
2912 5597 3004 5654 Sic
3025 5614 3159 5671 ergo
3178 5607 3236 5656 et
3268 5612 3428 5655 nunc
3458 5594 3757 5657 necessaria

2163 5688 2503 5745 abstinentia:
2544 5689 2685 5745 ratio
2713 5689 2951 5757 videtur,
2987 5700 3044 5746 et
3077 5691 3439 5760 postmodum
3483 5707 3608 5750 non
3638 5701 3760 5761 qure-

2165 5783 2352 5840 renda.
2407 5782 2593 5839 Tertio
2641 5792 2825 5841 autem
2871 5785 2995 5843 loco
3038 5787 3386 5846 reconditum
3444 5791 3513 5847 in
3540 5790 3653 5861 ,his
3699 5788 3748 5843 in
