3892 6346
416 302 525 382 σοι·
1071 318 1131 373 Β.
1173 315 1427 373 nsum
1465 316 1687 375 MAUR!
1724 316 2046 374 ARCHIEP.
2089 315 2402 379 uocum.
2442 315 2724 381 ossuum
2762 315 2945 375 esas
2978 315 3023 381 ι.
3570 320 3671 387 es:

418 441 599 498 minus
622 435 906 511 diligenter
929 431 1245 497 intendunt,
1280 430 1474 488 eodem
1501 430 1646 489 facta
1672 431 1862 487 ordine
1891 446 1999 503 quo
2026 434 2076 496 Α
2103 431 2315 489 ctcteris
2343 430 2551 495 actibus
2573 428 2911 489 circumcisis
2931 426 3162 486 Domino
3182 430 3535 503 mancipavit,
3559 447 3676 493 san-

418 540 733 595 narrantur.
2107 534 2228 582 ctus
2266 523 2481 583 dicitur.
2527 523 2712 581 Potest
2742 531 2923 581 autem
2961 521 3105 592 ﬁeri,
3137 531 3200 579 ut
3239 533 3297 580 ct
3340 524 3397 579 in
3433 524 3539 586 hoc
3573 527 3679 600 ipso

450 654 455 685 ;
1007 615 1235 674 CAPUT
1275 615 1415 673 XXI.
2103 633 2211 689 quo
2235 616 2463 673 Domino
2514 615 2769 682 deservit,
2810 629 2921 671 non
2956 614 3031 670 ita
3072 615 3257 673 omnia
3296 625 3453 688 gerat
3488 626 3550 674 ut
3573 623 3675 692 geri

490 714 570 775 De
594 710 888 770 sacerdotio
912 710 1094 765 Aaron
1120 718 1275 780 atque
1298 707 1587 765 ministerio
1611 706 1928 766 Leuitarunt.
2103 709 2380 779 competit,
2408 708 2503 764 sed
2530 706 2806 779 delinquat
2833 706 2889 761 in
2917 706 3190 775 nonnullis
3211 716 3267 763 et
3289 718 3505 783 peccet.
3538 709 3676 769 Sicut

490 804 640 877 (Cur.
675 802 857 876 xvur.)
896 801 1145 873 Dia-itque
1178 800 1437 868 Dominus
1473 800 1542 857 ad
1576 800 1753 856 Aaron
1785 816 1804 855 :
1842 800 1921 856 Tu
1953 809 2005 859 et
2102 801 2247 856 enim
2293 800 2339 856 is
2383 799 2476 870 qui
2525 806 2827 870 sequestrat
2864 813 2927 853 se
2962 807 3019 853 et
3053 806 3303 870 segregat
3341 801 3411 855 ab
3435 803 3673 863 omnibus

420 897 521 967 ﬁlii
543 895 622 953 tui
644 903 693 950 et
722 895 909 950 domus
937 895 1103 964 patris
1133 894 1212 947 tui
1245 901 1417 946 tecum
1442 891 1725 962 portabunt
1755 893 2006 964 tniquita-
2103 893 2333 957 actibus,
2375 897 2436 946 ut
2475 889 2816 962 disciplinam
2856 890 3009 945 verbi
3054 891 3228 963 gratia
3274 892 3558 949 medicina:
3593 904 3673 951 aut

417 996 521 1045 tam
543 985 864 1050 sanctuarii,
892 994 939 1039 et
969 994 1026 1040 tu
1049 993 1098 1041 et
1119 983 1219 1053 ﬁlii
1255 985 1333 1038 tui
1360 982 1519 1037 simul
1546 984 1861 1041 sustinebitis
1888 1002 2005 1055 pec-
2101 984 2455 1056 philosophia:
2492 991 2874 1053 consequatur,
2905 998 3013 1037 non
3042 983 3230 1056 utique
3260 986 3520 1041 continuo
3544 996 3597 1041 ut
3622 1005 3670 1044 se

416 1089 535 1137 cata
565 1079 843 1137 sacerdotii
867 1079 1052 1143 uestri,
1082 1077 1262 1135 ot't‘el.
1296 1076 1423 1135 Haec
1451 1085 1578 1135 sunt
1610 1087 1853 1147 peccata,
1884 1096 2004 1149 qua:
2103 1074 2410 1144 hujusmodi
2439 1072 2719 1131 tradiderit
2745 1071 3067 1143 disciplinis,
3098 1074 3172 1128 ita
3200 1074 3477 1149 perfectus
3505 1079 3598 1135 erit
3622 1087 3671 1134 ut

417 1171 758 1243 appellantur
785 1170 1052 1229 sacrificia
1080 1185 1180 1240 pro
1214 1169 1471 1240 peccatis.
1514 1169 1749 1229 Proinde
1779 1181 2002 1241 peccata
2102 1182 2211 1223 non
2258 1166 2564 1229 inveniatur
2598 1166 2652 1221 in
2682 1166 2863 1236 aliquo
2900 1181 3164 1237 peccare;
3213 1164 3322 1220 imo
3356 1167 3541 1237 potius
3572 1169 3665 1238 plu-

416 1272 734 1323 sanctorum
764 1264 905 1318 dicta
947 1270 1109 1326 sunt,
1138 1277 1246 1319 non
1270 1278 1391 1333 quae
1418 1262 1591 1319 sancti
1623 1265 1999 1331 committunt,
2102 1258 2240 1319 rima
2287 1258 2666 1328 delinquendo,
2710 1256 2802 1311 vix
2850 1256 2916 1327 ad
2963 1255 3357 1327 perfectionem
3403 1256 3668 1328 aliquando

414 1356 512 1411 sed
537 1357 605 1413 ab
634 1371 698 1412 eo
728 1355 871 1425 quod
901 1362 1028 1411 sunt
1054 1363 1241 1411 sancta
1259 1396 1275 1421 ,
1309 1356 1513 1411 dictum
1539 1365 1625 1413 est
1657 1365 1999 1425 sanctorum,
2100 1354 2413 1427 perveniet;
2442 1362 2497 1411 et
2523 1352 2705 1408 statim
2736 1359 2917 1411 tamen
2940 1360 2999 1405 ut
3025 1367 3082 1409 sc
3110 1352 3176 1406 ad
3202 1352 3515 1422 huiusmodi
3544 1353 3667 1410 sebo-

414 1447 540 1517 quia
572 1447 628 1502 in
657 1447 859 1505 sanctis
879 1445 1202 1513 odorantur,
1227 1455 1283 1503 et
1307 1456 1527 1517 peccata
1554 1448 1810 1504 dicuntur
1835 1450 2003 1505 sacri-
2101 1446 2183 1502 las
2210 1445 2462 1510 tradidit,
2496 1453 2704 1507 certum
2736 1451 2819 1499 est
2860 1459 2986 1501 eum
3013 1443 3097 1498 vel
3136 1444 3280 1500 inter
3315 1446 3574 1511 medicos,
3599 1446 3665 1502 vel

402 1539 537 1597 "ﬁcia
573 1555 674 1610 pro
707 1539 945 1610 peccatis
973 1559 987 1595 :
1020 1540 1142 1598 ideo
1174 1542 1439 1612 appellata
1469 1549 1594 1597 sunt
1618 1551 1839 1612 peccata
1870 1560 2000 1599 san-
2101 1539 2243 1597 inter
2265 1536 2609 1608 philosophos
2648 1535 2964 1597 numerari:
3001 1535 3076 1589 ita
3101 1536 3167 1591 de
3194 1538 3396 1592 sanctis
3421 1540 3666 1611 accipien-

374 1652 383 1659 ι
412 1642 656 1698 ciorum,
700 1642 756 1688 et
791 1641 1017 1702 peccata
1057 1632 1347 1690 sacerdotii
1374 1636 1572 1701 vestri,
1604 1636 1657 1691 id
1692 1646 1776 1692 est
1811 1637 2001 1692 eadem
2102 1630 2229 1687 dum
2256 1638 2369 1695 est,
2412 1628 2553 1700 quod
2585 1627 2769 1691 statim
2803 1626 3023 1697 quidem
3055 1633 3112 1681 ut
3156 1627 3433 1699 mancipat
3482 1645 3537 1685 se
3565 1630 3660 1699 quis

411 1727 531 1798 ipsa
558 1742 678 1797 quae
702 1726 1005 1783 oﬂeruntur
1028 1742 1127 1797 pro
1160 1728 1421 1798 peccatis.
1447 1728 1601 1783 Sicut
1626 1730 1791 1784 etiam
1826 1730 1881 1784 in
1904 1730 2002 1784 Lc-
2027 1794 2062 1798 _
2102 1722 2297 1779 studiis
2341 1721 2667 1787 sanctitatis.
2719 1716 3016 1783 secundum
3068 1718 3172 1773 1100
3216 1719 3362 1789 quod
3413 1722 3661 1792 Proposuit

409 1794 861 1885 tritico—declarat,
895 1828 952 1875 et
972 1794 1247 1888 pertinere
1274 1820 1471 1875 debere
1498 1821 1631 1875 dicit
1659 1822 1725 1875 ad
1750 1822 2001 1877 sacerdo-
2026 1794 2075 1859 Β
2101 1823 2319 1877 satietas
2347 1813 2674 1885 appelletur;
2699 1811 2997 1869 secundum
3018 1808 3120 1866 hoc
3138 1826 3272 1866 vero
3295 1811 3438 1881 quod
3474 1829 3661 1868 necesse

408 1921 540 1968 tum.
570 1912 782 1969 Aliter:
815 1910 918 1979 Qui
952 1912 1206 1968 meliores
1247 1920 1403 1978 sunt,
1436 1911 1752 1968 inferiorum
1784 1928 2001 1984 semper
2101 1915 2185 1965 est
2205 1923 2329 1963 eum
2358 1907 2414 1962 in
2437 1905 2621 1965 multis
2643 1904 2978 1975 delinquere,
3004 1902 3179 1959 donec
3206 1919 3309 1958 usu
3332 1910 3386 1958 et
3407 1902 3659 1975 disciplina

406 2007 594 2076 culpas
622 2012 677 2060 et
704 2014 928 2077 peccata
958 2006 1281 2076 suscipiunt.
1328 2006 1420 2061 Sic
1447 2006 1589 2062 enim
1617 2016 1672 2062 et
1712 2006 2000 2077 Apostolus
2100 2018 2166 2059 ac
2186 2001 2464 2073 diligentia
2489 1999 2838 2059 abscindatur
2867 1997 2934 2057 ab
2956 2013 3023 2057 eo
3043 1997 3380 2053 consuetudo
3404 1997 3657 2069 peccandi,

406 2099 540 2156 dicit
570 2116 586 2154 t
628 2097 752 2167 Vos,
789 2101 880 2171 qui
918 2100 1161 2170 fortiores
1187 2101 1329 2163 estis,
1358 2099 1734 2155 imbecillitates
1760 2101 1999 2170 inﬁrmo-
2099 2096 2262 2150 etiam
2292 2100 2565 2165 peccator,
2597 2098 2656 2153 tit
2685 2104 2845 2164 supra
2878 2089 3137 2155 diximus,
3166 2086 3534 2159 appellabitur.
3566 2086 3658 2158 Ego

406 2209 525 2247 runt
549 2195 800 2249 sustinete
828 2192 1004 2265 (Rom.
1032 2192 1146 2265 xv).
1178 2193 1421 2249 lsraelita
1451 2194 1498 2249 si
1538 2200 1758 2264 peccet,
1791 2193 1846 2248 id
1880 2201 1994 2261 est,
2101 2197 2284 2244 autem
2320 2194 2377 2240 et
2415 2182 2645 2254 amplius
2676 2181 2836 2246 addo,
2869 2180 3012 2253 quod
3039 2180 3143 2241 nisi
3171 2187 3416 2241 sanctum
3438 2178 3659 2250 proposi-

401 2286 596 2355 laicus,
625 2288 743 2359 ipse
776 2303 934 2344 suum
970 2302 1078 2343 non
1105 2293 1286 2357 potest
1309 2285 1524 2341 auferre
1550 2293 1832 2355 peccatum
1852 2325 1867 2353 ,
1901 2285 1997 2342 sed
2100 2289 2216 2337 tum
2240 2278 2435 2349 aliquis
2454 2276 2673 2341 habent,
2695 2282 2751 2331 et
2778 2272 3083 2339 sanetitatis
3108 2271 3345 2329 studium
3367 2277 3519 2342 gerat,
3541 2284 3648 2324 cum

402 2385 635 2453 requirit
669 2384 918 2439 Levitam
939 2423 954 2448 ,
985 2382 1194 2452 indiget
1220 2380 1534 2447 sacerdote;
1568 2382 1679 2436 imo
1706 2380 1913 2451 potius,
1944 2387 2000 2437 et
2097 2370 2435 2445 peccaverit,
2470 2369 2646 2427 nescit
2675 2368 2884 2441 peccati
2918 2365 3318 2439 ptenitudincm
3345 2378 3540 2437 gerere,
3574 2378 3656 2417 ne—

405 2475 585 2530 adhuc
622 2476 818 2530 horum
855 2474 1055 2543 aliquid
1094 2475 1422 2529 eminentius
1460 2474 1655 2545 quat-it
1691 2490 1704 2528 :
1739 2473 1997 2544 pontiﬁce
2098 2467 2201 2521 SCit
2223 2463 2405 2522 delicti
2434 2460 2732 2521 remedium
2764 2473 3030 2532 (ιιιωι-θνθ.
3063 2457 3164 2529 Qui
3196 2471 3303 2519 non
3334 2468 3463 2525 sunt
3486 2454 3651 2521 sancti,

403 2581 542 2636 opus
581 2573 695 2630 est,
742 2572 802 2619 ut
839 2564 1603 2636 peecatorum'remissionem
1643 2566 1815 2636 possit
1853 2566 1997 2621 acci-
2098 2560 2153 2615 in
2198 2557 2437 2630 peccatis
2479 2554 2593 2613 suis
2637 2553 2963 2611 moriuntur.
3008 2550 3111 2619 Qui
3158 2549 3335 2607 sancti
3385 2554 3531 2614 sunt,
3571 2561 3651 2618 pro

400 2673 551 2731 pere.
585 2656 854 2713 Sacerdos
875 2664 1057 2713 autem
1080 2657 1128 2713 si
1156 2657 1437 2728 delinquat
1463 2662 1554 2711 aut
1572 2656 1846 2728 pontifex,
1882 2658 1996 2726 ipse
2095 2651 2335 2724 peccatis
2362 2646 2755 2720 pmnitudinem
2793 2651 3010 2716 gerunt,
3042 2641 3264 2699 vulnera
3295 2656 3395 2697 sua
3422 2639 3649 2703 sentiunt,

400 2767 560 2808 suum
588 2759 769 2823 ροίθει
797 2766 1029 2823 purgare
1050 2757 1356 2821 peccatum,
1392 2750 1439 2806 si
1466 2758 1646 2806 tamen
1673 2766 1781 2807 non
1806 2760 1995 2821 peccet
2096 2742 2401 2813 intelligunt
2429 2740 2632 2810 lapsus,
2670 2736 2956 2808 requirunt
2978 2734 3319 2791 sacerdotem
3337 2773 3352 2803 ,
3394 2731 3649 2799 sanitatem

398 2844 457 2899 in
484 2845 675 2900 Deum.
701 2843 1108 2915 Requirendum
1131 2852 1216 2901 est
1237 2844 1507 2914 quomodo
1530 2853 1588 2899 et
1609 2845 1782 2900 sancti
1809 2844 1927 2901 dica

2108 2838 2417 2907 deposcunt,
2458 2831 2896 2904 puriﬁcationem
2930 2844 3030 2901 per
3059 2825 3374 2901 pontiﬁcem
3413 2828 3645 2898 quaerunt.

402 2945 490 2991 tur
516 2936 705 3007 aliqui,
734 2944 788 2991 et
813 2937 880 2991 de
906 2938 1144 3007 peccatis
1170 2951 1359 2991 eorum
1385 2935 1672 2991 scribatur.
1703 2936 1821 2991 Non
1848 2936 1992 2990 enim
2095 2930 2305 2987 Idcirco
2331 2943 2462 3000 ergo
2487 2934 2646 2985 cauto
2681 2932 2737 2983 et
2765 2923 3140 2999 signiﬁcanter
3168 2937 3349 2978 sermo
3378 2920 3507 2995 legis
3531 2916 3648 2973 desi-

398 3036 593 3100 putant
618 3030 843 3099 quidam
862 3070 876 3094 ,
912 3029 1094 3085 statim
1132 3035 1193 3083 ut
1221 3027 1314 3098 qui
1349 3035 1569 3083 sanctus
1596 3042 1715 3082 esse
1744 3026 1990 3097 cmperit,
2098 3026 2228 3091 gnat
2255 3019 2382 3088 quia
2408 3015 2692 3088 pontiﬁces
2722 3023 2777 3069 et
2804 3014 3138 3077 sacerdotes,
3168 3026 3278 3066 non
3307 3021 3645 3081 quorumeun-

398 3134 630 3192 peccare
665 3120 780 3190 jam
822 3132 932 3175 non
972 3127 1184 3190 potest,
1230 3127 1285 3174 et
1316 3120 1576 3175 continuo
1614 3121 1734 3174 sine
1769 3123 1994 3187 peccato
2020 3161 2062 3192 ρ
2099 3128 2222 3182 que,
2268 3110 2363 3167 sed
2407 3116 2723 3167 sanctorum
2764 3104 3136 3165 tantummodo
3175 3111 3397 3163 sumant
3436 3107 3643 3174 peccata.

399 3211 673 3280 putandus
712 3212 814 3265 est.
868 3210 927 3265 Si
968 3210 1113 3265 enim
1153 3219 1373 3267 sanctus
1413 3226 1521 3267 non
1559 3218 1840 3282 peccaret,
1883 3226 1990 3265 non
2020 3195 2064 3224 ¹⁴
2098 3204 2330 3261 Sanctus
2352 3203 2496 3261 enim
2523 3210 2609 3257 est
2634 3201 2727 3271 qui
2749 3208 3033 3271 peccatum
3063 3214 3223 3257 suum
3248 3214 3349 3271 per
3371 3195 3646 3269 pontiﬁcem

398 3302 590 3370 utique
620 3301 881 3372 scriptum
910 3308 1056 3356 esset
1083 3319 1098 3355 :
1140 3301 1371 3357 Sumetis
1413 3311 1626 3375 peccatu
1666 3310 1988 3357 sanctorum.
2096 3304 2270 3354 curat.
2319 3295 2426 3351 M
2453 3294 2740 3351 redeamus
2767 3294 2835 3348 ad
2865 3291 3177 3363 pontiﬁcem
3206 3299 3473 3355 nostrum,
3498 3286 3650 3360 ponti-

401 3391 459 3446 Si
494 3401 717 3447 sanctus
745 3391 862 3448 sine
901 3399 1127 3461 peccato
1155 3400 1327 3457 esset,
1360 3409 1467 3448 non
1497 3394 1703 3449 diceret
1730 3392 1993 3448 Dominus
2094 3390 2253 3445 licem
2282 3403 2559 3458 magnum,
2600 3386 2694 3457 qui
2731 3387 3035 3457 penetravit
3071 3385 3240 3442 cmlos
3277 3382 3458 3443 Iesum
3486 3381 3649 3443 Domi-

394 3499 497 3556 per
521 3482 864 3539 Ezechieiem
890 3486 1214 3557 prophetam
1241 3486 1310 3542 ad
1335 3485 1557 3558 angelos
1581 3501 1717 3557 quos
1742 3487 1992 3542 mittebat
2093 3497 2223 3537 num
2249 3487 2495 3537 nostrum
2512 3520 2527 3546 ,
2566 3487 2623 3536 et
2649 3479 2926 3539 videamus
2954 3477 3226 3549 quomodo
3260 3477 3377 3549 ipse
3399 3492 3516 3533 cum
3542 3472 3653 3534 tiliis

392 3585 712 3650 peccatores
732 3576 946 3648 punire,
971 3576 1042 3632 Et
1064 3594 1097 3631 a
1116 3580 1314 3634 sanctis
1336 3580 1465 3634 meis
1487 3579 1745 3650 incipietis
1769 3577 1986 3651 (Ειεεὴ.
2093 3575 2231 3641 suis,
2270 3573 2528 3644 apostolis
2557 3573 2765 3633 scilicet
2789 3581 2844 3628 et
2869 3568 3220 3644 martyribus,
3259 3572 3423 3629 sumit
3445 3576 3653 3651 peccata

396 3667 539 3742 Vill).
568 3668 860 3739 Apostolus
887 3668 961 3725 ad
984 3669 1300 3727 Corinthios
1325 3671 1570 3727 scribens
1590 3670 1760 3727 dicit:
1785 3668 1990 3727 Paulus
2092 3674 2425 3722 sanctorum.
2473 3665 2542 3720 Et
2579 3664 2798 3735 quidem
2833 3663 2979 3733 quod
3018 3662 3275 3721 Dominus
3300 3668 3476 3719 noster
3498 3656 3652 3713 Iesus

394 3768 608 3818 vocatus
652 3760 923 3833 apostolus
962 3759 1093 3817 Jcsu
1136 3761 1349 3817 Christi.
1394 3762 1462 3817 Et
1488 3770 1611 3833 post
1640 3777 1808 3833 pauca
1840 3780 1853 3816 :
1889 3761 1991 3816 Ec-
2087 3762 2341 3817 Christus
2366 3759 2517 3814 venit
2540 3766 2600 3815 ut
2625 3757 2841 3815 tolleret
2867 3764 3146 3827 peccatum
3172 3752 3373 3818 mundi.
3399 3758 3450 3805 et
3475 3755 3652 3806 mene

392 3853 565 3909 desiit-
594 3853 713 3921 Dei,
739 3870 857 3926 qut:
894 3861 971 3907 est
1010 3852 1268 3919 Corinthi,
1310 3854 1651 3922 sanctiﬁcatis
1687 3854 1742 3908 in
1781 3850 1990 3907 Christo
2091 3869 2191 3908 sua
2234 3858 2458 3922 peccata
2494 3847 2757 3905 deleverit
2780 3888 2796 3914 ,
2848 3847 3031 3905 nullus
3069 3846 3159 3917 qui
3186 3843 3458 3900 Christum
3488 3840 3653 3899 credit

395 3946 547 4013 Jcsu,
578 3947 776 4001 vocatis
802 3944 1001 4003 sanctis
1032 3944 1083 4019 (Ι
1110 3944 1233 4001 Cor.
1264 3945 1327 4017 ι).
1373 3945 1510 4001 istos
1539 3961 1667 4017 ergo
1694 3960 1831 4016 quos
1866 3960 1992 4001 san-
2091 3946 2323 4017 ignorat.
2359 3943 2645 4012 Quomodo
2669 3948 2850 4001 autem
2885 3949 2944 3997 et
2981 3940 3077 3999 tilii
3113 3940 3232 4012 ejus
3264 3937 3511 3993 auferant
3532 3949 3649 4005 pec-

395 4037 664 4094 ctiﬂcatos
692 4045 748 4091 et
774 4046 993 4092 sanctos
1020 4035 1275 4107 appellat,
1299 4037 1423 4091 audi
1453 4044 1655 4107 quanta
1684 4036 1738 4091 in
1760 4035 1841 4092 eis
1865 4050 1991 4105 pec-
2091 4048 2211 4095 cata
2258 4048 2607 4103 sanctorum,
2658 4037 2713 4093 id
2759 4044 2844 4092 est
2889 4035 3121 4107 apostoli
3171 4043 3229 4090 et
3274 4041 3560 4106 martyres.
3604 4027 3646 4082 si

392 4137 514 4185 cata
562 4129 941 4198 reprehendat.
989 4128 1079 4182 Ait
1126 4128 1269 4183 enim
1316 4129 1372 4183 in
1418 4129 1767 4197 sequentibus
1804 4145 1818 4183 :
1856 4126 1988 4183 Cum
2088 4134 2410 4204 poterimus,
2432 4148 2497 4187 ex
2524 4130 2723 4189 divinis
2745 4128 3045 4199 Scripturis
3067 4128 3306 4198 probare
3324 4123 3646 4183 tentabimus.

391 4221 530 4273 enim
557 4220 661 4272 sint
689 4218 826 4271 inter
848 4234 936 4271 vos
958 4217 1317 4273 annulationcs
1341 4228 1389 4272 et
1414 4221 1786 4287 contentiones,
1817 4238 1989 4275 nonne
2087 4227 2227 4282 Audi
2255 4226 2432 4296 primo
2461 4225 2690 4283 Paulum
2720 4222 2990 4280 dicentem
3016 4238 3030 4276 ι
3063 4219 3334 4289 Libenter,
3362 4216 3551 4289 inquit,
3574 4229 3651 4268 εει-

393 4309 635 4367 carnales
656 4311 798 4377 estis,
822 4318 870 4365 et
894 4309 1183 4365 secundum
1206 4310 1463 4364 hominem
1487 4311 1765 4366 ambulatis
1789 4312 1841 4383 (1
1860 4311 1983 4367 Cor.
2087 4319 2312 4389 pendam
2342 4328 2389 4372 et
2416 4317 2684 4388 expendat“
2720 4332 2815 4387 pro
2852 4314 3127 4373 animabus
3164 4312 3367 4375 vestris.
3402 4310 3469 4366 Et
3492 4309 3545 4365 in
3561 4306 3652 4365 alio

391 4405 515 4477 iii)?
540 4404 606 4459 Et
629 4405 830 4460 iterum
864 4421 878 4458 :
916 4401 1190 4473 Tanquam
1216 4410 1388 4457 autem
1425 4418 1529 4456 non
1563 4412 1780 4457 venturo
1806 4419 1890 4456 me
1918 4403 1988 4457 ad
2089 4410 2228 4466 loco.
2265 4410 2381 4481 Ego
2406 4426 2513 4465 non
2532 4410 2651 4480 jam
2678 4407 2945 4473 inmoler,
2974 4406 3169 4476 inquit,
3198 4414 3249 4463 et
3276 4413 3483 4474 tempus
3505 4415 3652 4471 egres-

390 4515 500 4566 vos,
536 4498 711 4568 inﬂati
747 4506 868 4554 sunt
906 4496 1122 4569 quidam
1152 4494 1205 4569 (1
1231 4493 1353 4549 Cor.
1387 4494 1483 4565 tv).
1529 4494 1597 4550 Et
1620 4496 1780 4565 paulo
1813 4502 1927 4565 post

2111 4506 2257 4561 :ionis
2297 4506 2401 4561 sive
2440 4504 2774 4561 resolutionis
2815 4518 2945 4561 mea!
2990 4503 3172 4559 instat.
3227 4499 3337 4555 Pro
3380 4497 3470 4555 his
3511 4509 3648 4565 erga.

393 4588 623 4645 Omnino
669 4592 889 4647 auditur
930 4593 986 4646 in
1025 4591 1167 4647 vobis
1197 4591 1476 4661 fornicatio
1504 4590 1678 4663 qualis
1710 4606 1803 4646 nec
1847 4593 1984 4646 inter
2084 4600 2281 4669 quibus
2332 4597 2608 4653 scribebat
2654 4595 2976 4666 expendisse
3022 4606 3083 4651 se
3127 4599 3183 4647 et
3227 4589 3504 4654 immolari
3541 4584 3657 4645 dicit
3706 4618 3715 4625 -

386 4692 562 4754 gentes
593 4681 647 4754 (Ι
672 4679 797 4738 Cor.
829 4682 906 4756 v).
955 4685 1013 4739 ln
1053 4684 1511 4753 consequentibus
1544 4698 1673 4737 vero
1709 4697 1723 4736 :
1764 4681 1834 4737 Et
1874 4698 1980 4749 vos,
2083 4694 2404 4766 Αροςιοιυει
2437 4692 2616 4749 hostia
2645 4698 2827 4749 autem
2863 4686 3200 4751 immolatur,
3231 4691 3294 4743 ut
3338 4698 3532 4739 eorum
3571 4692 3656 4750 pro

387 4775 583 4845 inquit,
629 4775 803 4846 inﬂati
843 4776 985 4841 estis,
1032 4785 1080 4830 et
1124 4794 1226 4831 non
1268 4777 1442 4853 pgtius
1484 4775 1681 4831 luctum
1726 4776 1982 4831 habuistis
2087 4786 2285 4858 quibus
2308 4783 2607 4856 iugulatur,
2633 4788 2858 4853 peccata
2882 4785 3203 4851 purgentur.
3240 4770 3657 4845 Demartyriims

388 4863 599 4939 (Ibid.).
647 4866 705 4920 in
750 4879 858 4934 quo
897 4866 1087 4936 utique
1130 4867 1336 4923 nullum
1381 4868 1601 4937 reliquit
1646 4868 1977 4932 immunem,
2088 4886 2268 4932 autem
2306 4876 2497 4931 scribit
2519 4875 2757 4929 temnes
2804 4872 2860 4927 in
2896 4869 3258 4941 Apocalypsi:
3299 4866 3450 4932 Quia
3487 4864 3656 4919 anim

386 4958 516 5013 dum
563 4956 653 5011 alii
704 4955 1101 5023 fornicationis,
1150 4958 1241 5013 alii
1278 4959 1571 5014 inﬂationis
1614 4967 1669 5014 et
1711 4959 1981 5029 superbire
2085 4985 2284 5033 eorum,
2316 4970 2407 5039 qui
2426 4965 2662 5037 jugulati
2695 4973 2817 5020 sunt
2846 4972 3058 5035 prapter
3085 4976 3273 5019 nomen
3298 4956 3522 5017 Domini
3545 4953 3656 5009 Issit

386 5048 594 5104 crimen
643 5047 884 5104 ascribit.
936 5046 1182 5120 Longum
1229 5068 1393 5121 porro
1440 5048 1521 5107 est
1572 5068 1671 5106 nec
1723 5067 1923 5122 prmsen

2121 5062 2334 5115 scistant
2364 5057 2524 5112 altari
2550 5057 2732 5129 (Apoc.
2754 5055 2854 5128 v1).
2896 5055 3000 5122 Qui
3028 5061 3207 5109 autem
3238 5050 3458 5107 assistit
3491 5044 3653 5104 altari.

384 5140 713 5196 conveniens
751 5140 1017 5211 tempori,
1062 5150 1124 5194 ut
1166 5141 1395 5210 plurima
1439 5145 1505 5199 de
1547 5144 1633 5198 his
1666 5145 1975 5199 testimonia
2084 5151 2389 5207 ostenditur
2425 5148 2575 5221 fungi
2606 5148 2908 5206 sacerdotis
2952 5144 3151 5205 oiliCio.
3207 5141 3530 5203 Sacerdotis
3555 5137 3660 5195 oili-

380 5232 748 5304 gproferamus,
780 5232 977 5301 quibus
1004 5231 1268 5302 probetur
1292 5236 1435 5303 quod
1471 5237 1527 5290 hi
1559 5237 1650 5306 qui
1692 5237 1864 5291 salicti
1893 5237 1975 5291 di~
2083 5245 2227 5301 cium
2256 5252 2358 5312 est,
2390 5258 2492 5315 pro
2518 5244 2702 5315 populi
2730 5240 3031 5312 supplicare
3065 5239 3326 5309 peccatis.
3376 5236 3540 5298 Unde
3570 5248 3662 5303 ego

382 5338 603 5394 cuntur,
638 5344 747 5384 non
776 5328 1037 5384 continue
1062 5326 1227 5383 etiam
1259 5328 1373 5383 sine
1404 5338 1629 5398 peccato
1663 5346 1785 5385 esse
1817 5331 1975 5385 intel-
2082 5351 2292 5403 vereor,
2314 5352 2383 5391 ne
2406 5336 2545 5393 forte
2565 5350 2630 5390 ex
2655 5347 2764 5403 quo
2784 5339 3056 5403 martyres
3082 5345 3190 5391 non
3214 5328 3371 5393 ﬁunt,
3394 5337 3458 5385 et
3482 5324 3665 5385 hostia

366 5420 637 5493 ligantur.
683 5421 790 5478 Sed
821 5427 878 5478 et
904 5432 1049 5475 nunc
1082 5425 1345 5491 quantum
1387 5419 1537 5477 locus
1573 5422 1799 5491 inquirit
1838 5422 1974 5478 dici-
2078 5435 2394 5482 sanctorum
2418 5440 2530 5501 non
2558 5422 2866 5479 oderantur
2890 5436 2992 5494 pro
3017 5419 3260 5490 peccatis
3284 5418 3518 5483 nostris,
3546 5427 3667 5486 pec-

383 5520 524 5568 mus.
573 5512 763 5569 Sancti
805 5512 1061 5569 dicuntur
1103 5511 1354 5580 idemque
1393 5521 1708 5581 peccatores
1748 5508 1844 5578 illi,
1877 5515 1972 5585 qui
2080 5527 2325 5577 eatorum
2345 5526 2656 5574 nostrorum
2679 5514 2928 5573 remissio
2948 5528 3054 5569 non
3076 5509 3189 5571 ﬁat.
3218 5509 3440 5568 Etinde
3458 5519 3664 5569 vereor,

383 5603 715 5659 devovet-unt
753 5618 813 5659 se
848 5605 1067 5676 quidem
1110 5605 1225 5659 Deo
1249 5645 1265 5669 ,
1328 5611 1384 5658 et
1421 5612 1897 5673 sequestraverunt
1939 5623 1969 5663 a
2077 5626 2146 5667 ne
2179 5608 2623 5681 permanentibus
2653 5608 2707 5664 in
2735 5607 2894 5663 nobis
2919 5603 3156 5676 peccatis
3181 5601 3415 5665 nostris,
3460 5597 3669 5655 accidat

380 5695 525 5765 vulgi
562 5700 975 5755 conversatione
1003 5699 1173 5754 vitam
1201 5713 1389 5763 suam,
1421 5697 1488 5753 ad
1519 5697 1622 5753 hoc
1654 5706 1714 5753 ut
1740 5698 1972 5757 Domino
2077 5702 2234 5757 nobis
2270 5699 2399 5759 illud
2437 5700 2578 5769 quod
2603 5697 2672 5754 de
2706 5696 3016 5768 semetipsis
3054 5696 3241 5752 dicunt
3276 5690 3455 5751 Judaei
3486 5708 3499 5745 :
3543 5687 3664 5759 quis

385 5786 643 5844 serviant.
691 5786 1009 5861 Huiusmodi
1049 5805 1182 5861 ergo
1229 5789 1525 5847 secundum
1571 5790 1675 5847 hoc
1715 5792 1860 5862 quod
1908 5806 1970 5849 se
2075 5809 2184 5852 non
2212 5793 2479 5861 habentes
2509 5792 2704 5860 altare,
2734 5805 2911 5862 neque
2938 5786 3233 5858 templum.
3265 5796 3451 5859 neque
3480 5793 3664 5841 8360"
