3892 6346
202 350 294 414 698

888 335 1426 401 ENARRATIONES
1463 334 1533 392 1N
1569 332 1826 399 LIBRUM
1862 333 2331 397 NUUERORUI.
2367 364 2440 387 ς-
2473 331 2603 391 LIB.
2645 333 2716 392 ll.

204 468 393 529 deﬁunt
410 502 425 531 ,
459 468 518 519 et
538 463 611 518 ob
638 460 742 517 hoc
767 473 870 515 nec
898 458 1110 516 hostias
1133 454 1455 523 offerentes,
1500 459 1723 524 peccata
1743 492 1759 519 ,
1785 453 1841 521 Α
1863 468 1945 509 me
1972 451 2187 525 (Matth.
2218 451 2354 526 nx).
2404 452 2637 525 ideoque
2672 454 2969 514 observan
3005 457 3348 532 diligam,
3392 476 3453 524 οι

204 559 458 633 inquiunt,
482 562 664 610 nostra
686 560 911 609 manent
938 551 995 605 in
1022 547 1197 613 nobis,
1222 556 1276 602 ct
1298 546 1421 603 ideo
1441 546 1599 602 venia
1620 545 1766 600 nulla

202 650 552 723 subsequitur.
606 645 723 704 Scit
751 654 932 701 tamen
959 643 1244 709 Dominus,
1272 639 1363 713 qui
1395 646 1523 696 sunt
1544 637 1683 708 ejus,
1710 645 1767 694 et

201 749 249 804 in
279 743 471 818 quibus
502 756 612 803 non
636 747 910 814 speratur,
957 736 1122 793 habet
1161 732 1250 795 ille
1288 734 1576 793 thesauros
1614 748 1760 791 suos.

199 841 301 899 Non
325 838 475 895 enim
506 837 647 897 sicut
682 837 843 894 homo
869 832 1017 895 videt
1036 872 1051 899 ,
1100 831 1179 891 ita
1208 838 1263 885 et
1291 829 1456 886 Deus.
1507 830 1622 901 Ego
1654 843 1765 887 non

201 932 368 991 dubito
410 936 465 985 et
501 928 559 989 in
585 929 688 991 hoc
715 933 981 993 conventu
1008 937 1130 980 esse
1165 922 1377 993 aliquos
1408 922 1511 994 ipsi
1533 920 1642 978 'soli
1672 937 1767 979 co-

196 1028 373 1101 gnitos,
414 1024 504 1097 qui
527 1021 639 1093 jam
668 1022 807 1094 apud
832 1034 957 1075 eum
987 1025 1260 1089 martyres
1286 1015 1417 1081 sint,
1449 1014 1764 1071 testimonio

195 1114 528 1178 conscientia:
556 1116 753 1189 parati,
785 1115 831 1171 si
860 1114 981 1184 quis
1017 1118 1295 1183 exposcat,
1329 1109 1606 1167 etl‘undere
1635 1126 1764 1167 san-

191 1210 395 1283 guinem
422 1222 577 1267 suum
601 1221 699 1279 pro
718 1204 936 1265 nomine
955 1202 1170 1265 Domini
1192 1201 1363 1257 nostri
1384 1200 1512 1259 Jesu
1532 1201 1759 1258 Christi.

191 1300 294 1358 Non
319 1298 510 1357 dubito
536 1311 657 1354 esse
683 1296 912 1367 aliquos,
951 1292 1044 1369 qui
1078 1294 1300 1357 tulerint
1332 1309 1553 1351 crucem
1583 1310 1759 1364 suam,

192 1402 240 1449 et
267 1398 561 1463 sequantur
590 1404 735 1451 eum.
782 1388 908 1449 Haec
952 1388 1081 1443 licet
1120 1403 1218 1458 per
1253 1402 1540 1443 excessum
1575 1402 1768 1457 quem-

192 1484 304 1537 dam
321 1520 334 1546 ,
361 1479 674 1541 necessario
703 1486 885 1541 tamen
911 1477 1166 1533 videntur
1191 1475 1337 1537 dicta
1354 1516 1369 1541 ,
1402 1483 1463 1531 ut
1490 1475 1765 1546 intellige-

187 1588 358 1629 remus
392 1558 665 1644 quomodo
705 1586 804 1641 per
841 1567 1154 1641 pontiﬁcem
1204 1574 1259 1627 et
1308 1565 1451 1625 ﬁlios
1494 1566 1767 1637 pontiﬁcis

185 1664 276 1719 ﬁat
295 1664 348 1718 in
371 1663 571 1720 sanctis
593 1661 844 1725 remissio
864 1666 1232 1732 peccatorum.
1259 1656 1520 1727 Sequitur
1539 1656 1767 1729 loquens

181 1754 439 1811 Dominus
466 1755 532 1815 ad
561 1753 742 1813 Aaron
772 1752 960 1808 dicens
987 1769 1000 1804 :
1036 1750 1115 1805 Tu
1158 1757 1204 1805 et
1247 1747 1351 1819 ﬁlii
1389 1749 1467 1807 tui
1497 1748 1767 1802 ministra-

1866 540 2145 599 intendere
2175 543 2261 601 his
2293 559 2413 615 qua:
2448 544 2655 616 scripta
2682 554 2840 613 sunt,
2887 550 3146 609 convenit
3173 565 3272 610 eos
3306 569 3450 627 pm-

1865 637 2021 709 cipue
2048 638 2140 710 qui
2175 639 2232 695 in
2256 639 2445 697 ordine
2477 639 2802 697 sacerdotali
2831 640 3156 714 gloriantur,
3186 654 3249 703 ut
3275 648 3454 707 sciant

1865 728 2084 803 quidem
2109 730 2255 801 quod
2283 730 2363 787 eis
2392 730 2480 786 lex
2508 731 2691 788 divina
2714 734 3001 805 pracepit,
3026 734 3450 797 observandum.

1856 800 1971 887 ‘Tu,
2001 800 2208 894 inquit,
2242 830 2297 879 et
2326 820 2421 877 ﬁlii
2446 822 2525 883 tui
2551 800 2763 883 mecum
2789 824 2845 881 in
2873 800 3167 900 conspectas
3202 830 3455 889 taberna-

1865 913 1974 969 culi
2002 914 2300 973 testimonii
2331 914 2613 975 observate
2638 918 2914 977 custodias
2942 931 3180 990 vestras,
3222 933 3279 982 et
3315 926 3456 985 alta-

1863 1005 1962 1072 ris,
1999 1012 2055 1061 et
2093 1005 2447 1065 tabernaculi.
2501 1006 2748 1067 Mandata
2789 1011 2989 1084 quippe
3029 1024 3182 1072 certa
3223 1028 3353 1074 sum
3396 1026 3453 1076 et

1862 1097 2134 1161 evidentia
2167 1104 2225 1153 ut
2254 1098 2548 1155 observare
2574 1100 2866 1161 debeamus
2894 1106 3170 1163 custodias
3198 1108 3455 1167 taberna.

1863 1187 1972 1246 culi
2000 1198 2055 1251 et
2084 1190 2397 1251 sacerdotii.
2431 1190 2533 1259 Qui
2559 1207 2690 1255 sane
2716 1194 2788 1251 sit
2806 1195 2897 1267 qui
2926 1196 3178 1255 observet
3201 1208 3257 1256 et
3284 1200 3454 1260 faciat

1861 1296 1927 1339 ea
1955 1298 2076 1353 qua:
2104 1282 2478 1341 sacerdotibus
2505 1286 2761 1343 mandata
2799 1294 2956 1359 sunt,
3006 1298 3062 1344 et
3106 1292 3201 1362 qui
3245 1294 3316 1350 sit
3358 1295 3455 1365 qui

1862 1382 2049 1430 utatur
2076 1376 2293 1449 quidem
2323 1377 2514 1439 ordine
2544 1386 2597 1437 et
2626 1378 2833 1435 honore
2862 1382 3182 1450 sacerdotii,
3214 1401 3324 1443 non
3351 1387 3453 1443 oh-

1866 1472 2050 1519 servet
2102 1472 2283 1521 autem
2330 1468 2586 1529 mandata
2634 1469 3009 1529 sacerdotibus
3052 1471 3271 1531 decreta
3298 1514 3312 1542 ,
3363 1478 3455 1535 ille

1867 1553 2014 1611 solus
2058 1571 2219 1611 nosse
2264 1564 2444 1628 potest
2492 1559 2588 1630 qui
2638 1566 2911 1621 scrutatur
2955 1563 3123 1621 corda
3170 1573 3227 1623 et
3272 1560 3495 1625 renes.‘

1866 1645 2193 1705 Mandantur
2217 1658 2399 1707 autem
2428 1650 2723 1709 observare
2748 1669 2857 1713 nos
2885 1654 3061 1715 solum
3088 1671 3153 1715 ea
3177 1673 3302 1730 quae
3324 1658 3456 1719 ieris
3506 1659 3524 1677 ”

1867 1747 2021 1804 sunt,
2055 1739 2150 1797 sed
2182 1749 2237 1797 et
2267 1756 2355 1808 ea,
2382 1742 2585 1813 inquit,
2614 1754 2807 1805 curent
2838 1750 3157 1809 sacerdotes
3179 1753 3454 1824 pmeipue

181 1848 297 1904 bilis
330 1849 387 1903 in
420 1844 762 1905 tabernaculo
796 1843 1099 1908 testimonii,
1125 1841 1549 1913 excubabantque
1572 1840 1765 1898 Levita:
1789 1822 1840 1889 Β
1867 1848 1988 1904 qua?
2018 1833 2159 1891 imm
2188 1834 2439 1891 νθῙθωεη
2466 1844 2620 1905 δυηιί
2654 1838 2804 1897 milli
2830 1840 2878 1899 εί
2905 1840 3152 1903 dicem"
3198 1842 3344 1901 Cu"
3382 1847 3456 1904 δίε

175 1940 244 1996 ad
281 1947 548 2011 prtecepta
591 1948 685 1995 tua
708 1977 725 2003 ,
774 1945 822 1992 et
861 1935 929 1991 ad
970 1943 1156 1990 cuncta
1196 1949 1352 2004 opera
1396 1932 1758 2001 tabernaculi,

1866 1926 2240 1985 sacerdotibus
2267 1930 2537 1987 evidentia
2563 1947 2630 1988 ac
2654 1931 2943 2007 manifesta
2971 1937 3228 1995 mandata
3257 1937 3453 1998 divina

172 2030 249 2084 ita
283 2029 572 2093 duntaxat,
616 2036 675 2081 ut
712 2043 838 2083 vasa
877 2024 1165 2083 sanctuarii
1196 2040 1299 2083 non
1336 2033 1577 2094 tangant,
1612 2034 1661 2081 et
1692 2025 1762 2081 ad
1863 2020 1999 2092 legis
2018 2022 2262 2092 implere,
2286 2039 2351 2080 ac
2369 2026 2672 2085 ministeria
2694 2026 2810 2096 ejus
2846 2031 3163 2091 abscondita
3197 2042 3254 2091 et
3272 2034 3452 2093 velata

170 2119 344 2177 altare
398 2135 509 2175 non
560 2119 843 2184 accedant,
906 2134 968 2173 ne
1011 2126 1061 2172 et
1098 2116 1179 2173 illi
1220 2116 1536 2181 moriantur,
1586 2125 1635 2172 et
1674 2132 1763 2173 vos
1864 2115 2012 2171 omni
2042 2117 2377 2187 perspicacia
2408 2119 2627 2175 intueri.
2671 2120 2729 2176 Si
2759 2136 2888 2180 vero
2918 2124 2987 2181 ad
3016 2125 3452 2186 hominemvelis

165 2212 400 2282 pereatis
441 2208 622 2264 simul.
677 2207 795 2265 Sint
837 2217 1013 2263 autem
1052 2216 1250 2272 tecum,
1304 2214 1355 2261 et
1399 2205 1659 2263 excutient
1704 2208 1763 2263 iu
1863 2205 2069 2264 inferre
2112 2210 2521 2269 tabernaculum
2565 2214 2903 2283 testimonii,
2947 2218 3205 2287 quoniam
3231 2220 3450 2291 quidem

166 2300 424 2355 custodiis
457 2298 807 2363 tabernaculi,
830 2306 878 2353 et
910 2297 964 2351 in
996 2296 1234 2353 omnibus
1266 2296 1593 2351 caeremoniis
1619 2297 1758 2368 ejus,

166 2389 465 2459 alienigena
498 2406 603 2449 non
634 2387 913 2453 misceatur
935 2388 1097 2445 vobis.
1139 2387 1413 2449 Excubate
1436 2390 1493 2445 in
1518 2391 1760 2446 custodia

169 2481 489 2547 sanctuarii,
530 2490 577 2535 et
618 2481 676 2536 in
709 2481 998 2537 ministerio
1029 2479 1239 2545 altaris,
1282 2497 1346 2539 ne
1385 2482 1589 2539 oriatur
1622 2481 1763 2536 indi-

169 2572 343 2643 gnatio
378 2587 541 2643 super
569 2572 708 2642 ﬁlios
734 2571 923 2640 Israel,
948 2579 1052 2628 etc.
1085 2571 1227 2631 Ecce
1250 2573 1760 2630 mandat‘Dominus

165 2661 343 2721 Aaron
373 2664 651 2729 sacerdoti
690 2672 745 2721 et
780 2664 905 2723 ﬁliis
938 2663 1076 2736 ejus,
1116 2673 1178 2720 ut
1212 2665 1317 2737 ipsi
1354 2666 1667 2725 ministrent
1703 2667 1759 2727 in

165 2754 522 2817 tabernaculo
551 2755 889 2823 testimonii,
934 2764 992 2812 et
1035 2770 1193 2815 sacra
1218 2772 1350 2817 vasa
1386 2757 1756 2829 prmvideant,

163 2855 213 2905 et
237 2850 420 2911 omnia
452 2864 589 2921 qua:
624 2850 692 2909 ad
725 2848 931 2909 cultum
967 2848 1155 2907 altaris
1181 2850 1492 2922 pertinent,
1528 2859 1586 2909 et
1617 2851 1759 2909 intra

160 2941 334 2997 velum
355 2950 515 2999 sunt.
552 2940 749 2997 Cmteri
771 2948 951 3001 autem
972 2940 1175 2997 Levius
1200 2941 1268 3003 ad
1286 2951 1557 3014 praecepta
1579 2943 1758 3001 Aaron

164 3041 214 3089 et
240 3034 484 3091 ﬁliorum
516 3033 641 3104 ejus
670 3034 940 3092 excubant
982 3033 1037 3089 in
1079 3033 1343 3093 custodiis
1384 3035 1717 3095 tabernaculi
1739 3074 1757 3104 ,

161 3135 213 3181 et
242 3127 296 3182 in
321 3127 593 3183 omnibus
620 3125 960 3183 caremoniis
984 3124 1132 3196 ejus;
1170 3133 1543 3184 verumtamen
1577 3127 1645 3185 ad
1679 3127 1759 3183 aL

161 3225 271 3273 tare
297 3233 409 3277 non
442 3218 753 3286 accedant,
804 3226 860 3277 et
904 3233 1057 3275 sacra
1096 3233 1227 3276 vasa
1268 3234 1379 3277 non
1415 3220 1753 3291 contingant.

159 3307 293 3376 Quid
321 3312 378 3369 in
408 3310 604 3369 Aaron
633 3317 690 3369 et
717 3309 843 3369 ﬁliis
881 3310 1023 3383 ejus,
1060 3311 1169 3368 nisi
1200 3310 1558 3383 perfectiores
1594 3328 1759 3383 quos-.

159 3416 260 3472 que
288 3402 344 3461 in
376 3401 634 3465 Ecclesia
657 3443 673 3469 ,
723 3409 779 3459 et
818 3412 1037 3463 sanctos
1065 3403 1322 3465 doctores
1357 3405 1471 3463 sive
1496 3406 1758 3478 praesules

157 3493 518 3552 ecclesiarum
552 3494 653 3553 Dei
695 3494 943 3568 accipere
979 3497 1282 3555 debemus?
1324 3497 1566 3566 Quorum
1593 3500 1756 3558 cilicii

156 3590 269 3648 cst,
304 3594 365 3643 ut
392 3594 759 3647 sacramenta
784 3586 967 3643 divina
993 3589 1247 3647 manibus
1268 3598 1616 3651 contrectant
1638 3631 1654 3659 ,
1702 3601 1759 3650 et

152 3688 275 3735 vasa
326 3686 533 3733 sancta
558 3717 576 3741 ,
626 3678 732 3733 hoc
763 3685 847 3734 est
866 3718 884 3746 ,
933 3687 1137 3736 sanctae
1184 3680 1480 3752 Scriptura:
1529 3685 1758 3753 mystica

151 3768 312 3823 verba
345 3766 741 3839 investigando
767 3769 1067 3839 ventilant,
1118 3778 1281 3844 atque
1317 3774 1387 3833 ad
1426 3773 1757 3835 intellectum

145 3856 460 3925 perducere
490 3856 799 3925 festinent,
841 3876 1015 3930 eaque
1058 3878 1178 3933 qua:
1220 3863 1393 3921 ardua
1436 3874 1562 3923 sunt
1591 3873 1716 3922 actu
1738 3904 1755 3933 ,

138 3947 241 4018 ipsi
274 3962 456 4019 opere
487 3949 777 4018 complere
807 3951 1105 4009 deeertent.
1151 3953 1358 4011 Caetera
1389 3966 1571 4013 autem
1601 3960 1759 4015 turba

138 4039 391 4101 ﬁdelium
439 4054 593 4110 opus
629 4041 797 4101 habet
836 4050 899 4101 ut
946 4044 1235 4118 diligenter
1274 4049 1425 4121 vigili
1469 4052 1652 4108 animo
1694 4068 1759 4110 ea

145 4132 447 4187 meditetur
475 4145 610 4203 quae
634 4131 882 4193 faciliora
910 4144 1067 4205 sunt,
1108 4145 1166 4195 et
1193 4153 1314 4209 quae
1342 4140 1619 4199 intellectu
1658 4145 1761 4215 ipsi

149 4235 342 4292 capere
371 4227 654 4293 possunt,
681 4222 882 4294 illaque
909 4227 1179 4287 custodiat
1208 4229 1514 4303 diligenter,
1562 4250 1684 4305 quae
1727 4252 1759 4293 a

150 4315 432 4385 magistris
483 4314 598 4372 sibi
648 4330 867 4375 servare
908 4316 1192 4390 iubentur,
1244 4325 1373 4395 quia
1415 4342 1525 4384 non
1568 4331 1759 4387 eadem

154 4407 428 4476 capacitas
455 4414 553 4463 est
580 4422 781 4467 sensus
801 4408 1170 4480 perlech
1200 4414 1317 4485 jam
1353 4417 1410 4473 in
1442 4420 1669 4477 scientia
1705 4433 1760 4479 et

156 4499 588 4583 rudium'adhue
621 4499 678 4554 in
709 4498 847 4569 ﬁde,
889 4517 991 4560 nec
1030 4520 1130 4575 par
1153 4515 1240 4565 est
1276 4511 1575 4570 strenuitas
1608 4514 1759 4587 inge-

155 4590 430 4652 niosorum
465 4599 527 4649 et
552 4591 845 4651 hebetum.
899 4592 1057 4653 Unde
1091 4605 1148 4655 et
1185 4597 1389 4659 Paulus
1434 4604 1756 4673 quibusdam

156 4681 329 4745 minus
366 4683 681 4755 capacibus
719 4698 831 4743 suae
867 4685 1125 4749 doctrinae
1161 4690 1272 4747 ait:
1314 4692 1426 4753 Lac
1460 4696 1582 4753 dedi
1618 4700 1760 4755 vobis

155 4785 347 4847 patum,
385 4795 499 4839 una
530 4780 723 4837 escam
746 4790 766 4831 ε
802 4779 1039 4839 nonduin
1077 4783 1215 4841 enim
1246 4788 1531 4857 poteratis;
1553 4792 1647 4845 sed
1667 4808 1761 4847 nee

158 4865 320 4937 adhuc
345 4871 577 4942 quidem
606 4871 829 4941 potestis
857 4871 909 4942 (Ι
938 4870 1063 4933 Cor.
1090 4876 1198 4950 ili).
1241 4877 1376 4935 Item
1414 4880 1524 4936 alio
1549 4881 1605 4937 in
1640 4884 1760 4939 loco

158 4956 216 5015 de
251 4961 703 5030 perfectioribus
731 4962 1056 5030 quibusdam
1092 4966 1206 5024 ait:
1239 4968 1529 5042 Loquimur
1555 4976 1762 5046 sapien—

158 5049 276 5105 tiam
323 5053 470 5111 iuter
518 5052 819 5125 perfectos,
868 5070 1026 5124 quam
1072 5074 1222 5115 nemo
1265 5064 1559 5135 principum
1601 5067 1764 5139 hujus

155 5143 326 5229 seculi
372 5146 629 5218 cognovit
678 5143 741 5216 (Ι
767 5141 890 5203 Cor.
924 5147 1009 5218 ιι).
1062 5148 1178 5206 Hoc
1215 5162 1298 5228 est
1338 5156 1481 5212 enim
1527 5161 1670 5229 quod
1709 5162 1764 5217 in

156 5228 443 5307 Evangelia
467 5236 802 5309 fragmenta
823 5252 947 5306 qua:
973 5253 1373 5309 superaverunt
1402 5228 1571 5305 turbat
1602 5266 1633 5305 a
1659 5253 1765 5309 Do-

157 5324 297 5383 mino
337 5337 519 5401 pastae
552 5326 805 5401 apostoli
830 5327 1193 5400 collegerunt,
1238 5342 1295 5391 et
1338 5337 1621 5397 duodecim
1671 5360 1763 5402 co-

158 5414 346 5483 phinos
375 5420 786 5492 impleverunt.
830 5418 971 5477 Hine
995 5430 1053 5478 et
1077 5423 1194 5494 ipsa
1225 5426 1437 5486 Veritas
1462 5431 1530 5487 de
1550 5432 1767 5491 virtuti-

161 5501 255 5563 bus
276 5510 759 5571 eminentioribus
779 5509 1080 5581 disputans,
1109 5514 1227 5571 ait:
1263 5516 1369 5583 Qui
1390 5529 1555 5590 potest
1582 5539 1766 5595 capere

162 5601 347 5669 capiat.
389 5603 463 5659 Et
493 5603 570 5661 ad
601 5600 987 5673 legisperitum
1013 5624 1026 5660 :
1059 5604 1120 5663 Si
1149 5608 1245 5675 uis,
1273 5610 1469 5682 inquit,
1504 5616 1765 5688 perfectas

152 5656 284 5782 ἱράς,
316 5695 454 5757 uade
497 5703 553 5751 et
581 5656 767 5753 veride-
783 5698 961 5753 omnia
997 5715 1116 5770 aute
1146 5656 1405 5772 habesfet
1427 5656 1768 5782 d’arpaisperi-

162 5780 627 5863 Μέμφιδι
667 5780 1767 5878 εῡοισκΐκπιίηωιοεωωιίιήωοη

1783 3191 1829 3265 C

1782 4558 1836 4621 D

1860 2315 2057 2371 corpus
2077 2301 2313 2357 hominis
2332 2304 2742 2367 tabernaculum
2764 2307 2965 2369 Paulus
2986 2311 3218 2383 appellat
3234 2313 3447 2371 dicens:

1863 2391 1969 2463 Qui
1998 2393 2135 2447 enim
2162 2411 2342 2448 sumus
2382 2397 2437 2450 in
2462 2397 2801 2459 tabernaculo
2830 2401 2949 2471 hoc,
2975 2404 3232 2477 gemimus
3260 2422 3453 2479 aggra—

1861 2482 1965 2537 vati
1990 2524 2006 2549 ,
2056 2485 2112 2538 in
2152 2502 2255 2556 qua
2300 2486 2547 2545 nolumus
2602 2489 2923 2561 exspoliari,
2987 2493 3081 2549 sed
3119 2499 3451 2568 superstatiri

1862 2575 1913 2650 (1
1938 2576 2063 2634 Cor.
2085 2578 2175 2652 v);
2205 2581 2249 2636 si
2270 2595 2398 2652 ergo
2418 2584 2485 2638 ad
2508 2584 2781 2641 hominem
2809 2587 3220 2649 tabernaculum
3247 2591 3452 2648 relera-

1860 2687 1983 2728 mus
2024 2674 2285 2733 interiora
2326 2676 2638 2746 velamiuis,
2684 2680 2777 2736 ubi
2825 2682 3223 2740 inaccessibilia
3263 2695 3451 2742 conte-

1860 2774 2076 2837 guntur,
2103 2768 2404 2839 principale
2428 2772 2609 2827 cordis
2630 2772 2885 2840 dicimus,
2906 2765 3052 2844 quod
3072 2775 3249 2831 solum
3269 2784 3452 2846 potest

1861 2854 2104 2925 recipere
2124 2859 2382 2928 mysteria
2406 2860 2673 2928 veritatis,
2699 2870 2755 2917 et
2780 2877 2953 2933 capax
2978 2876 3102 2920 esse
3123 2879 3451 2924 arcanorum

1860 2945 1980 3002 Dei.
2028 2946 2236 3007 Altaria
2261 2964 2394 3006 vero
2418 2951 2546 3017 duo,
2577 2952 2633 3008 id
2660 2962 2767 3020 est,
2812 2954 3045 3011 interius
3084 2965 3143 3013 et
3182 2959 3447 3027 exterius,

1860 3040 2117 3110 quoniam
2166 3041 2341 3099 altare
2380 3045 2647 3101 orationis
2686 3046 2949 3102 indicium
2988 3057 3105 3117 est,
3151 3048 3285 3107 illud
3318 3060 3451 3124 pete

1858 3132 2187 3204 signiﬁcare,
2205 3137 2353 3207 quod
2372 3138 2508 3196 dicit
2523 3138 2842 3212 Apostolus:
2867 3140 3045 3199 Oratio
3064 3144 3272 3216 spiritu,
3287 3146 3450 3202 orabo

1858 3233 1908 3280 et
1933 3237 2103 3283 mente
2128 3227 2183 3301 (1
2208 3226 2333 3287 Cor.
2358 3231 2493 3304 rm).

1928 3317 2062 3376 Cum
2104 3320 2249 3381 enim
2292 3322 2349 3379 in
2389 3325 2554 3380 corde
2591 3340 2843 3395 oravere,
2888 3328 2959 3385 ad
3001 3328 3177 3389 altare
3218 3333 3449 3391 interius

1856 3410 2150 3483 ingredior.
2196 3414 2267 3473 Et
2298 3418 2400 3474 hoc
2424 3428 2557 3489 puto
2586 3437 2706 3478 esse
2732 3422 2897 3479 etiam
2925 3427 3071 3496 quod
3099 3427 3363 3485 Dominus
3391 3430 3448 3486 in

1856 3500 2163 3574 Evangeliis
2193 3506 2325 3565 dicit
2349 3527 2363 3563 :
2399 3509 2478 3564 Tu
2514 3523 2691 3567 autent
2727 3526 2846 3569 ctuti
2873 3505 3016 3583 oras,
3047 3519 3191 3573 intra
3219 3521 3276 3575 in
3304 3521 3449 3576 cubi-

1858 3592 2036 3651 culum
2063 3604 2231 3659 tuum,
2275 3607 2326 3653 et
2366 3599 2556 3682 claude
2591 3604 2783 3658 ostium
2817 3614 2984 3673 Mm,
3030 3617 3082 3663 et
3121 3622 3216 3666 ora
3244 3620 3446 3683 patrem

1859 3692 2007 3739 tuum
2037 3686 2093 3741 in
2123 3688 2429 3746 abscondito
2455 3678 2672 3764 (Matth.
2699 3696 2799 3767 vr).
2846 3698 2950 3765 Qui
2980 3715 3109 3769 ergo
3138 3703 3212 3759 ita
3239 3678 3361 3760 erat
3387 3713 3449 3761 ut

1861 3774 2003 3839 dixi,
2044 3776 2347 3847 ingreditur
2368 3782 2435 3836 ad
2460 3781 2631 3838 altare
2658 3785 2887 3855 incensi,
2916 3791 3060 3860 quod
3086 3798 3170 3849 est
3197 3794 3445 3853 interius.

1860 3866 1995 3923 Cum
2025 3876 2206 3928 autem
2235 3872 2358 3943 quis
2385 3873 2532 3930 clara
2559 3891 2695 3934 voce
2724 3887 2778 3938 et
2804 3883 2987 3939 remis
3015 3899 3138 3941 cum
3166 3900 3301 3946 sono
3328 3896 3451 3961 pro.

1860 3960 2017 4028 latis,
2044 3965 2202 4033 quasi
2231 3973 2292 4021 ut
2319 3968 2552 4025 aedificet
2580 3973 2893 4043 audientes,
2936 3979 3245 4037 orationem
3272 3960 3451 4041 fundit

1863 4055 1932 4111 ad
1956 4055 2148 4123 Deum,
2180 4058 2269 4114 hic
2300 4058 2508 4129 Spiritu
2538 4073 2731 4121 sancto
2756 4076 2896 4135 erat,
2928 4076 2986 4126 et
3011 4069 3211 4130 oﬁ‘err‘e
3235 4072 3453 4132 vidittur

1861 4144 2099 4201 hostiam
2135 4146 2189 4202 in
2223 4149 2381 4206 altari
2410 4157 2555 4223 quod
2588 4154 2721 4213 foris
2755 4168 2840 4215 est
2877 4161 2947 4217 ad
2985 4162 3448 4223 holocaustomata

1862 4237 2044 4307 populi
2082 4242 2458 4299 constitutum.
2499 4246 2725 4319 Oportet
2753 4266 2885 4326 ergo
2914 4260 3228 4319 sacerdotes
3259 4274 3324 4319 ea
3355 4279 3450 4320 cu-

1862 4344 1987 4385 rare
2023 4332 2297 4404 praecipue
2328 4344 2385 4391 et
2413 4341 2690 4397 custodire
2714 4350 2835 4414 quae
2864 4347 3007 4403 intra
3032 4350 3278 4410 velamen
3310 4356 3451 4412 inte-

1860 4421 1976 4479 rius
2002 4431 2384 4497 conteguntur,
2423 4430 2492 4485 ne
2520 4433 2651 4502 quid
2677 4435 2753 4489 ibi
2780 4436 3068 4506 pollutum,
3102 4448 3171 4496 ne
3202 4444 3332 4513 quid
3368 4446 3450 4500 in-

1862 4515 2107 4572 veniatur
2135 4517 2472 4577 immundum
2499 4540 2511 4573 :
2556 4524 2661 4580 hoc
2693 4533 2796 4594 est,
2831 4529 3145 4587 interiorem
3173 4533 3449 4594 hominem

1861 4612 1917 4660 et
1943 4608 2123 4663 cordis
2151 4618 2364 4666 secreta
2389 4627 2615 4682 curare,
2657 4625 2718 4671 ut
2751 4619 2827 4675 ibi
2857 4620 3202 4683 immaculata
3230 4642 3450 4701 perma-

1860 4705 2027 4753 neant
2052 4699 2317 4756 cherubin
2342 4711 2398 4757 et
2420 4707 2878 4775 propitiatorium.
2914 4712 3190 4774 Cherubin
3220 4699 3448 4779 scientia

1860 4787 2209 4859 intelligenda
2255 4802 2341 4848 est
2385 4797 2657 4854 veritatis.
2712 4800 3096 4875 interpretatio
3142 4808 3403 4870 cherubin
3429 4857 3445 4881 ,

1860 4879 2280 4953 multitudinem,
2310 4886 2365 4942 id
2388 4896 2505 4956 est,
2538 4891 2926 4962 perfectionem
2956 4899 3200 4959 scientiae
3224 4879 3446 4962 indicat.

1860 4972 1931 5029 Et
1955 4990 2075 5045 quae
2101 4985 2185 5033 est
2206 4979 2312 5035 alia
2338 4982 2579 5052 perfecta
2608 4986 2835 5045 scientia
2855 5032 2869 5058 ,
2902 4993 3006 5051 nisi
3032 4998 3319 5069 agnovisse
3347 4999 3451 5057 Pa-

1867 5074 2027 5135 trem,
2071 5078 2127 5125 et
2163 5072 2381 5142 Filium,
2430 5085 2487 5132 et
2530 5077 2793 5151 Spiritum
2821 5091 3117 5146 sanctum?
3164 5090 3292 5152 Haec
3320 5110 3451 5166 ergo

1867 5162 2105 5229 curanda
2140 5173 2269 5218 sunt
2303 5180 2334 5219 a
2374 5170 2775 5241 sacerdotibus,
2823 5184 2883 5233 ut
2923 5180 3347 5237 incontaminata
3386 5162 3451 5239 ct

1867 5248 2031 5305 illmsa
2052 5262 2355 5310 serventur.
2385 5255 2491 5314 Sed
2513 5267 2571 5316 et
2585 5277 2721 5320 urna
2744 5266 2950 5326 habens
2971 5272 3246 5327 etsieStem
3269 5272 3451 5329 cibuni

1869 5355 2100 5411 manner,
2126 5345 2416 5404 thesaurus
2443 5351 2630 5424 utique
2655 5358 2807 5415 verbi
2834 5358 3021 5427 divini,
3051 5369 3105 5416 et
3130 5362 3258 5419 arca
3285 5378 3449 5422 aurea

1869 5430 1925 5485 in
1963 5448 2069 5505 qua
2115 5443 2242 5491 sunt
2287 5438 2484 5498 tabulas
2527 5450 2858 5515 testamenti,
2900 5450 3113 5522 opinor,
3145 5460 3255 5510 non
3305 5456 3452 5514 aliud

1869 5540 2031 5621 quam
2055 5542 2208 5586 mens
2234 5541 2419 5591 nostra
2443 5551 2566 5596 esse
2588 5540 2912 5610 declaratur,
2940 5543 2997 5598 in
3022 5558 3127 5615 qua
3157 5540 3331 5621 legem
3354 5548 3453 5609 Dei

1868 5620 2131 5680 debemus
2159 5625 2362 5687 habere
2386 5632 2730 5705 descriptam.
2774 5633 2902 5692 Hmc
2929 5646 3113 5693 autem
3137 5620 3326 5698 mensa
3355 5658 3453 5701 au-

1872 5728 1963 5775 res
1999 5717 2158 5776 debet
2195 5735 2346 5792 esse,
2387 5726 2491 5782 hoc
2524 5734 2643 5793 est,
2678 5742 2815 5801 pura
2851 5737 2905 5784 et
2937 5731 3176 5802 pretiosa
3199 5776 3214 5803 ,
3254 5735 3309 5794 in
3342 5754 3450 5812 qua

1867 5808 2031 5884 legent
2055 5812 2156 5870 Det
2174 5818 2423 5891 scriptam
2446 5835 2649 5893 semper
2668 5819 2973 5893 habeamus,
3002 5825 3144 5884 sicut
3173 5808 3450 5907 apostolus
