3892 6346
1087 346 1149 403 s.
1186 324 1443 406 nam
1480 346 1709 407 nsum
1738 344 2061 408 ARCHIEP.
2102 338 2410 410 nocuu'r.
2452 352 2737 411 opsnun
2770 354 2953 412 mas
2974 334 3032 411 't.
3604 350 3698 422 eis

447 464 789 525 Paulds‘dtt:
826 455 1099 535 *Scriptam
1126 481 1229 520 non
1255 473 1567 535 atramento,
1601 468 1691 523 sed
1720 460 1908 539 spiritu
1934 452 2035 521 Dei
2058 470 2115 531 Α
2137 482 2294 539 super
2317 484 2505 525 aurum
2541 480 2588 527 et
2620 472 2847 544 lapidem
2876 472 3159 544 pretiosum
3196 460 3353 529 nimis
3389 484 3437 531 et
3478 477 3699 539 dulciora

446 559 569 624 vivi,
593 572 698 612 non
721 556 779 610 in
806 554 998 609 tabulis
1023 555 1265 627 lapideis,
1297 558 1388 613 sed
1415 560 1472 613 in
1501 560 1694 615 tabulis
1719 560 1893 615 cordis
1919 576 2035 615 car-

448 646 657 704 naﬁbus
682 645 771 720 (η
798 644 923 703 Cor.
952 646 1060 719 tu).
1113 646 1232 704 Hoc
1259 656 1346 704 est
1373 652 1518 707 enim
1548 656 1691 724 quod
1718 653 1785 713 de
1812 652 2038 723 quibus-

448 742 575 796 dam
605 740 822 807 dicitur,
864 741 958 810 qui
998 741 1291 797 ostendunt
1329 756 1463 813 opus
1498 743 1633 815 legis
1677 746 1940 815 scriptum
1976 745 2036 801 in

445 828 707 887 cordibus
733 832 867 887 suis.
912 830 1046 899 Quis
1079 839 1262 889 autem
1298 833 1517 904 scripsit
1556 836 1612 891 in
1653 837 1907 893 cordibus
1943 851 2036 892 εο-

448 934 592 989 rum,
620 923 728 978 nisi
756 923 899 978 Deus
927 923 1094 994 digito
1122 923 1263 980 suo?
1298 928 1497 996 Legem
1522 925 1709 996 utique
1733 928 2035 983 naturalem

446 1030 613 1087 quam
644 1015 790 1071 Deus
816 1016 1058 1071 humano
1089 1018 1298 1086 generi,
1324 1026 1381 1073 et
1406 1018 1461 1072 in
1492 1029 1810 1075 cunctorum
1840 1022 2035 1078 menti-

446 1113 548 1167 bus
580 1114 818 1183 scripsit.
857 1111 916 1169 Si
941 1115 1059 1185 quis
1092 1124 1357 1183 extentus,
1391 1114 1587 1185 inquit,
1621 1116 1915 1182 accesserit,
1948 1132 2037 1170 oc-

445 1205 671 1261 cidetur.
699 1203 1006 1261 Secundum
1025 1205 1332 1272 historiam,
1357 1215 1613 1262 externos
1633 1206 1868 1277 quidem,
1896 1207 2031 1273 sive,

444 1305 506 1351 ut
546 1297 796 1367 superius
830 1298 946 1363 ait,
995 1295 1330 1368 alienigenas
1366 1313 1461 1353 eos
1496 1298 1755 1369 appellat,
1799 1298 1890 1369 qui
1924 1314 2032 1354 non

445 1396 571 1443 sunt
599 1389 665 1442 de
694 1387 835 1443 tribu
866 1388 1014 1453 Levi,
1043 1396 1098 1443 et
1125 1386 1320 1458 quibus
1349 1404 1459 1444 non
1488 1396 1571 1445 est
1598 1392 2031 1446 commendatum

446 1479 730 1535 servitium
750 1478 849 1535 Dei
874 1478 931 1533 in
948 1478 1306 1536 tabernaculo
1328 1490 1507 1551 agere.
1528 1478 1647 1535 Non
1671 1481 1816 1535 enim
1837 1480 2035 1536 licebat

444 1571 743 1641 quemlibet
769 1570 838 1626 de
866 1560 971 1625 alia
1000 1570 1145 1627 tribu
1182 1582 1385 1642 prmsto
1423 1586 1545 1628 esse
1578 1570 1769 1637 altari,
1821 1572 1933 1627 sive
1979 1571 2033 1627 in

447 1662 753 1718 ministerio
773 1662 1008 1735 operari.
1041 1660 1194 1719 Unde
1215 1660 1375 1719 Ozias
1400 1680 1517 1728 rex.
1538 1663 1632 1733 qui
1658 1672 1778 1719 erat
1798 1662 1864 1718 de
1888 1664 2033 1718 tribu

445 1748 584 1807 Iuda
612 1750 752 1807 sicut
787 1752 841 1806 in
871 1752 1012 1807 libro
1036 1751 1490 1823 Paralipomenon
1518 1753 1733 1824 legitur,
1766 1769 1883 1806 cum
1916 1760 2032 1806 ten-

2134 574 2291 631 super
2307 562 2407 617 mel
2430 572 2481 617 et
2502 564 2681 633 favum
2709 558 2881 637 (Psal.
2908 565 3119 639 cxvm).
3158 565 3223 622 Ni
3250 578 3383 639 ergo
3406 580 3589 625 essent
3607 573 3700 630 sin-

2134 651 2256 724 gula
2286 652 2390 708 ista
2420 668 2449 708 a
2480 656 2770 726 semetipsa
2798 656 3031 723 diversa,
3066 673 3345 730 nunquam
3376 662 3568 733 utique
3594 681 3701 736 pro-

2132 744 2280 815 prias
2322 747 2617 818 unicuique
2662 745 2942 818 Scriptura
2984 750 3168 805 divina
3208 750 3546 810 dill'erentias
3584 757 3699 814 imb-

2134 839 2331 903 disset,
2385 847 2444 895 ut
2493 839 2637 895 aliud
2682 842 2748 896 de
2792 842 2909 910 lege
2937 842 3152 898 Domini
3180 844 3419 912 diceret,
3470 847 3611 904 aliud
3644 855 3697 907 de

2132 932 2407 998 mandato,
2433 933 2577 987 aliud
2604 934 2669 987 de
2690 933 3192 1003 justiﬁcationibus,
3217 934 3365 991 aliud
3391 936 3463 992 de
3484 937 3691 1009 judieiis.

2133 1020 2229 1075 Est
2259 1036 2390 1094 ergo
2418 1031 2479 1078 ut
2507 1024 2562 1078 in
2592 1024 2676 1077 bis
2701 1025 3059 1090 ostendimus,
3094 1025 3240 1081 aliud
3271 1026 3381 1092 lex,
3412 1027 3561 1083 aliud
3584 1046 3695 1100 prte-

2134 1120 2376 1183 ceptum,
2415 1114 2559 1168 aliud
2590 1115 2958 1171 testimonium
2979 1157 2994 1183 ,
3029 1117 3175 1171 aliud
3197 1115 3544 1185 justiﬁeatio,
3574 1122 3692 1179 aliud

2128 1202 2412 1272 judicium.
2469 1204 2575 1260 Sed
2618 1214 2673 1259 et
2718 1207 2773 1260 in
2820 1206 2937 1277 ipsa
2986 1207 3139 1279 lege,
3188 1208 3501 1265 evidentior
3529 1211 3691 1269 borum

2132 1294 2437 1351 dill'erentia
2476 1297 2793 1368 designatur
2828 1299 2920 1353 ubi
2958 1300 3195 1355 dicitur:
3230 1299 3361 1355 Hcce
3402 1310 3483 1355 est
3524 1302 3622 1368 les,
3655 1315 3691 1360 et

2133 1386 2404 1453 mandata,
2429 1397 2479 1442 et
2491 1388 2921 1458 justiﬁcationes,
2944 1402 2992 1444 et
3016 1400 3301 1461 praecepta,
3327 1401 3377 1445 et
3400 1394 3689 1461 testimonia,

2133 1486 2183 1531 et
2204 1480 2433 1549 judicia,
2468 1494 2586 1550 qua:
2618 1482 2864 1551 prwcepit
2894 1476 3154 1535 Ddrninus
3182 1481 3376 1553 Moysi.
3428 1482 3562 1538 Cum
3591 1499 3691 1554 ergo

2133 1572 2250 1626 haec
2279 1572 2354 1626 ita
2384 1586 2442 1627 se
2475 1573 2707 1637 habere,
2748 1573 2835 1627 bis
2864 1587 2895 1626 a
2926 1585 2986 1627 se
3013 1572 3248 1628 invicem
3279 1574 3506 1629 diﬂ‘erre
3530 1576 3689 1629 distin-

2134 1663 2401 1718 ctionibus
2434 1663 2570 1733 legis
2605 1663 2775 1734 ipsius
2806 1662 3139 1718 testimoniis
3174 1666 3565 1734 approbentur,
3592 1666 3687 1719 dili—

2135 1755 2346 1824 gentius
2392 1755 2651 1810 debemus
2694 1754 2980 1809 intendere
3023 1755 3111 1810 bis
3152 1770 3272 1826 qum
3316 1758 3607 1812 recitantur
3637 1773 3688 1811 ex

443 1854 580 1899 taret
605 1852 763 1915 super
786 1845 958 1900 altare
983 1846 1340 1917 thymiamatis
1367 1844 1578 1901 adolere
1599 1847 1868 1900 incensum
1891 1862 2033 1901 more
2061 1830 2109 1904 Β
2138 1845 2273 1913 lege.
2292 1844 2428 1911 Quia
2444 1844 2616 1899 sicubi
2640 1845 2915 1911 scribitur,
2931 1847 3083 1901 verbi
3107 1848 3280 1917 gratia
3308 1849 3415 1902 hoc
3433 1863 3553 1904 esse
3570 1865 3688 1903 man-

447 1928 803 2003 sacerdotum,
829 1937 1062 2007 ﬁliorum
1092 1936 1326 2013 videlicet
1354 1939 1553 2004 Aaron,
1586 1938 1729 2008 lepra
1754 1956 1786 1991 a
1811 1936 2037 1991 Domino
2140 1937 2347 2017 datum,
2374 1951 2482 1992 non
2511 1936 2769 1992 continuo
2794 1938 3133 2004 mandatum,
3160 1939 3251 1992 lex
3280 1940 3586 2010 accipienda
3608 1950 3685 1995 est.

441 2029 499 2083 in
524 2027 697 2101 fronte
718 2042 997 2100 percussus
1021 2037 1119 2094 est,
1145 2038 1300 2101 atque
1323 2044 1416 2100 per
1435 2028 1731 2083 sacerdotes
1758 2028 1822 2082 de
1846 2027 2035 2098 τεηιριο
2138 2028 2235 2085 Vel
2265 2031 2439 2085 sicubi
2473 2031 2734 2101 scriptum
2774 2040 2895 2085 est:
2947 2031 3071 2087 istm
3117 2042 3244 2087 sunt
3284 2031 3687 2103 iustiﬁcationes,

442 2120 670 2192 turpiter
701 2120 971 2192 expulsus,
1004 2120 1257 2175 habitavit
1291 2121 1347 2175 in
1380 2119 1537 2175 domo
1572 2130 1836 2191 separata,
1875 2134 2037 2191 usque
2136 2132 2198 2178 ut
2223 2122 2309 2177 lex
2338 2132 2432 2177 aut
2456 2123 2769 2177 mandatum
2799 2125 3056 2193 putandae
3079 2133 3226 2179 sunt.
3260 2125 3521 2181 Similiter
3541 2132 3691 2179 autem

443 2212 515 2268 ad
543 2213 681 2270 diem
709 2214 897 2268 mortis
922 2229 1033 2270 suae
1061 2212 1149 2287 (II
1177 2213 1363 2268 Paral.
1391 2211 1528 2286 xvr).
2137 2220 2191 2267 et
2216 2213 2388 2268 sicubi
2420 2214 2685 2283 scriptum
2714 2222 2833 2280 est,
2875 2214 3187 2270 testimonia
3222 2225 3317 2271 aut
3344 2217 3530 2287 judicia
3549 2257 3563 2283 ,
3596 2231 3690 2270 non

1019 2328 1248 2387 CAPUT
1287 2327 1453 2385 xx".
2137 2304 2364 2359 confusa
2392 2306 2444 2358 in
2474 2320 2643 2360 unum
2669 2321 2736 2360 ex
2766 2308 2980 2362 castoris
3002 2349 3017 2373 ,
3056 2308 3152 2364 sed
3178 2309 3445 2364 diversum
3474 2311 3535 2364 ab
3560 2307 3688 2373 aliis,

448 2418 547 2479 Ubi
574 2437 751 2476 omnes
782 2398 1072 2493 oblationes
1099 2420 1334 2493 ﬁliorum
1366 2419 1538 2493 Israel
1580 2429 1734 2493 atque
1775 2419 2036 2490 primitias
2138 2397 2562 2493 “numundque
2606 2397 2946 2493 Sénlitnd‘lm
2993 2408 3097 2455 es"
3170 2398 3229 2455 Si
3283 2416 3411 2472 ergo
3462 2402 3690 2471 εετῖριιιιιι

458 2508 465 2513 ·
717 2489 1077 2545 sacerdotibus
1100 2488 1264 2561 atque
1289 2488 1478 2546 Levitis
1508 2488 1784 2547 concedit
2138 2500 2260 2543 esse
2288 2488 2539 2558 legimus,
2575 2490 2701 2559 quia
2737 2490 2823 2544 lea:
2856 2493 3099 2546 umbram
3128 2493 3282 2548 habet
3310 2494 3593 2564 futurorum
3618 2497 3691 2547 bo-

518 2579 698 2653 (lsln.)
730 2579 961 2634 Locutus
985 2589 1061 2635 est
1083 2580 1342 2636 Dominus
1368 2581 1437 2636 ad
1458 2584 1638 2637 Aaron
1657 2582 1835 2636 dicens
1856 2595 1875 2633 :
1903 2581 2039 2636 Ecce
2140 2594 2328 2632 norum
2364 2578 2553 2651 (Hebr.
2582 2579 2641 2650 x)
2662 2622 2677 2645 ,
2728 2582 2991 2637 continuo
3039 2583 3206 2638 etiam
3254 2585 3587 2649 mandatum,
3623 2582 3690 2639 vel

444 2670 565 2726 dedi
594 2670 687 2725 tibi
716 2671 1011 2726 custodiam
1035 2672 1390 2743 primitiarum
1416 2689 1673 2728 mearum.
1707 2671 1899 2727 Omnia
1921 2690 2039 2745 qua:
2132 2670 2380 2740 iustitiae,
2413 2668 2498 2726 vel
2521 2672 2742 2739 divitiae,
2766 2674 2833 2728 de
2858 2674 3055 2743 quibus
3077 2674 3183 2729 boe
3205 2689 3315 2730 non
3341 2684 3428 2731 est
3446 2677 3688 2747 scriptum,

446 2763 855 2834 sanctiﬁcantur
882 2781 914 2818 a
939 2762 1069 2834 ﬁliis
1098 2763 1288 2830 Israel,
1322 2765 1416 2819 tibi
1447 2764 1645 2819 tradidi
1674 2773 1723 2819 et
1747 2763 1875 2833 ﬁliis
1909 2765 2037 2830 tuis,
2138 2764 2331 2818 umbra
2384 2772 2507 2818 esse
2561 2765 2843 2820 credenda:
2897 2772 3023 2819 sunt
3072 2764 3381 2821 futurorum
3431 2767 3681 2822 bonorum.

443 2866 538 2923 pro
563 2854 731 2925 ofﬁcio
755 2852 1095 2920 sacerdotali,
1129 2853 1362 2926 legitima
1391 2856 1733 2925 sempiterna,
1761 2861 1868 2910 etc.
1925 2854 2041 2909 Pri-
2140 2853 2383 2923 Denique
2408 2861 2470 2908 ut
2502 2854 2736 2925 exempli
2777 2855 2955 2926 gratia
2985 2871 3152 2911 unum
3178 2871 3450 2926 ponamus
3483 2873 3545 2912 ex
3575 2856 3693 2912 mul-

443 2945 629 3001 mitias
654 2946 901 3002 omnium
927 2944 1166 3019 frugum,
1196 2947 1549 3020 omniumque
1572 2962 1831 3020 pecorum
1859 2962 2039 3003 sacer-
2139 2946 2231 3011 tis,
2264 2960 2374 2999 non
2403 2954 2487 3000 est
2516 2945 2801 3016 scriptum,
2854 2944 2969 3001 Hoc
3008 2954 3093 3003 est
3132 2949 3449 3003 mandatum
3478 2948 3690 3019 paschae,

445 3036 662 3093 dotibus
685 3036 775 3092 lex
800 3036 1023 3093 mandat
1051 3037 1257 3105 oﬂ'erri,
1286 3039 1363 3094 ita
1391 3048 1452 3093 ut
1476 3040 1654 3095 omnis
1681 3041 1773 3109 qui
1799 3039 2039 3110 possidet
2139 3034 2254 3101 sed,
2278 3034 2409 3089 Htec
2434 3044 2511 3090 est
2535 3034 2620 3090 lea:
2647 3036 3071 3109 paschw(Exod.
3095 3038 3217 3110 xu).
3243 3039 3313 3093 Et
3340 3042 3467 3109 quia
3496 3040 3572 3095 lex
3595 3052 3694 3093 um-

446 3140 658 3199 agrum,
689 3128 779 3183 vel
806 3128 1042 3195 vineam,
1064 3129 1154 3183 vel
1180 3129 1459 3196 olivetum,
1485 3130 1572 3186 vel
1598 3131 1818 3186 bonum
1847 3131 2033 3198 etiam,
2088 3174 2115 3201 ._
2138 3125 2237 3181 bra
2267 3134 2355 3182 est
2382 3126 2688 3181 futurorum
2726 3128 3026 3193 bonorum,
3066 3128 3154 3184 lex
3179 3130 3301 3186 sine
3330 3131 3491 3186 dubio
3511 3131 3695 3201 paschae

447 3196 505 3273 et
522 3220 569 3273 si
595 3218 727 3289 quid
749 3227 834 3273 est
854 3220 999 3289 quod
1022 3227 1307 3275 exercetur
1332 3220 1388 3275 in
1412 3221 1572 3277 terris
1594 3262 1610 3288 ,
1645 3222 1740 3277 sed
1763 3230 1818 3275 et
1843 3222 1888 3276 si
1915 3196 2039 3292 quis
2066 3196 2115 3265 (ἶ
2142 3217 2334 3272 umbra
2362 3226 2447 3272 est
2471 3216 2779 3275 futurorum
2811 3219 3100 3275 bonorum.
3150 3221 3289 3277 Cum
3317 3236 3448 3295 ergo
3470 3196 3608 3277 venio
3637 3220 3695 3275 ad

446 3309 661 3382 peculia
676 3308 1054 3381 cujuscunque
1075 3312 1298 3376 nutriat,
1321 3310 1514 3368 oderat
1532 3328 1601 3370 ex
1627 3313 1713 3368 bis
1737 3313 1854 3369 Deo
1878 3329 2040 3369 omne
2142 3306 2322 3363 locum
2352 3309 2505 3363 illum
2521 3348 2536 3375 ,
2563 3310 2656 3380 qui
2684 3311 2923 3382 scriptus
2950 3320 3038 3367 est
3059 3313 3127 3368 de
3154 3315 3361 3383 pascha
3382 3357 3398 3380 ,
3427 3317 3480 3370 in
3506 3328 3599 3370 ove
3621 3311 3697 3367 illa

447 3401 592 3471 quod
634 3401 875 3471 primum
915 3410 1002 3456 est
1025 3442 1039 3468 ,
1089 3403 1145 3460 id
1177 3411 1262 3458 est
1282 3444 1297 3470 ,
1344 3404 1414 3458 ad
1457 3404 1769 3461 sacerdotes
1806 3405 2035 3461 deierat.
2141 3401 2349 3458 carnali
2375 3401 2548 3457 debeo
2572 3400 2876 3473 intelligere
2897 3403 3150 3458 umbram
3179 3404 3352 3462 futuri
3376 3407 3516 3472 boni,
3539 3405 3699 3461 ethoc

450 3490 560 3551 Deo
591 3491 739 3547 enim
766 3491 952 3548 oil‘erri
981 3492 1134 3562 dicit,
1170 3493 1315 3565 quod
1347 3494 1721 3552 sacerdotibus
1751 3496 1931 3552 datur.
1972 3496 2043 3553 Et
2141 3495 2363 3560 sentire,
2387 3495 2532 3564 quod
2560 3496 2759 3565 pascha
2780 3504 3021 3549 nuarum
3040 3496 3348 3552 immolatus
3373 3508 3444 3553 est
3465 3496 3700 3552 Christus.

447 3582 553 3638 hoc
580 3591 665 3639 est
692 3583 835 3654 quod
860 3584 1121 3641 docemur
1142 3600 1212 3642 ex
1235 3586 1392 3659 lege:
1424 3587 1554 3659 quia
1580 3598 1742 3644 nemo
1771 3587 1916 3645 licite
1942 3602 2043 3643 nec
2144 3588 2323 3644 Simili
2349 3590 2511 3645 modo
2536 3590 2780 3645 invenies
2804 3589 2969 3645 etiam
2997 3590 3063 3660 de
3090 3591 3297 3661 azymis
3334 3600 3389 3648 et
3422 3591 3484 3646 de
3508 3580 3706 3645 ueteris

446 3673 688 3745 legitime
722 3681 911 3730 utatur
937 3673 1205 3734 tractibus
1246 3692 1397 3749 quos'
1426 3686 1572 3735 terra
1601 3678 1890 3751 producit,
1939 3694 2041 3737 nec
2143 3683 2408 3741 festorum
2434 3684 2647 3740 dierum
2684 3682 3050 3740 observantiis
3087 3682 3356 3755 scriptum.
3405 3681 3532 3748 Quia
3572 3695 3705 3750 ergo

447 3766 820 3825 animantibus
847 3782 969 3839 quae
994 3771 1265 3840 pecudum
1294 3772 1522 3844 protulit
1544 3779 1737 3843 partus
1758 3814 1773 3840 ,
1818 3773 1929 3829 nisi
1974 3790 2043 3830 ex
2143 3775 2259 3830 bmc
2285 3776 2469 3830 omnia
2497 3775 2598 3830 sub
2627 3774 2763 3845 legis
2790 3774 2950 3830 titulo
2976 3773 3275 3831 scribuntur
3296 3773 3356 3827 in
3382 3771 3496 3842 lege
3514 3785 3708 3827 neces-

447 3859 676 3930 bingulis
696 3860 1004 3931 quibusque
1024 3862 1138 3918 Deo
1156 3864 1434 3934 primitiae,
1458 3866 1513 3920 id
1532 3874 1642 3933 est,
1662 3865 2042 3922 sacerdotibus
2144 3864 2311 3931 sario,
2341 3866 2469 3934 quia
2494 3864 2580 3918 lex
2607 3879 2705 3935 per
2731 3872 3059 3934 praesentem
3095 3865 3337 3920 umbram
3364 3862 3704 3918 iutnra‘bons

446 3950 771 4009 oderantur.
803 3952 956 4010 Hanc
986 3968 1116 4027 ergo
1144 3955 1320 4026 legem
1348 3943 1641 4014 observari.
1658 3957 1825 4013 etiam
1854 3972 2045 4014 secun-
2145 3959 2393 4029 dcsignat
2413 4000 2427 4025 ,
2469 3959 2749 4027 requirere
2786 3959 2958 4014 debeo
2996 3974 3117 4029 qua:
3148 3960 3257 4014 sint
3292 3970 3479 4031 azyma
3506 3950 3701 4011 futuro;
3796 4032 3801 4037 ‘

447 4045 577 4101 dum
600 4045 856 4111 litteram,
881 4048 1025 4103 sicut
1049 4055 1105 4103 et
1126 4048 1233 4103 alia
1257 4049 1537 4117 nonnulla,
1560 4051 1871 4107 necessario
1888 4059 2040 4123 puto.
2145 4068 2266 4109 rum
2290 4054 2555 4109 bonorum
2582 4071 2595 4107 :
2623 4061 2677 4108 ct
2700 4053 2918 4109 invenio
2937 4052 3075 4108 mibi
3097 4051 3371 4108 dicentem
3394 4050 3702 4121 Apostolnm,

449 4133 592 4192 Sunt
622 4136 768 4189 enim
793 4136 1071 4205 aliquanta
1098 4137 1233 4207 legis
1266 4142 1545 4207 mandata,
1574 4156 1697 4213 quae
1721 4144 1889 4198 etiam
1906 4142 2044 4197 Novi
2144 4152 2203 4196 ut
2230 4141 2368 4196 diem
2400 4143 2586 4211 festum
2612 4154 2852 4212 agamus,
2882 4158 2990 4196 non
3013 4143 3071 4196 in
3095 4142 3353 4211 fermento
3387 4142 3538 4196 veteri
3561 4154 3704 4210 neque

447 4222 786 4280 Testamenti
814 4224 1065 4294 discipuli
1090 4232 1400 4284 necessaria
1442 4231 1826 4288 observatione
1862 4242 2046 4288 cnsto-
2146 4233 2398 4301 fermento
2425 4232 2665 4297 multum,
2693 4232 2785 4285 sed
2809 4233 2866 4287 in
2893 4234 3095 4303 azymis
3123 4232 3441 4287 sinceritatis
3470 4241 3518 4286 et
3542 4232 3706 4284 cerita-

451 4314 627 4373 diunt.
672 4313 740 4371 Et
771 4315 818 4372 si
847 4315 1088 4383 videtur,
1117 4318 1272 4388 prius
1302 4319 1370 4375 de
1396 4320 1483 4375 his
1510 4321 1663 4391 ipsis,
1696 4334 1818 4391 quae
1840 4324 1899 4377 in
1929 4322 2045 4393 lege
2143 4323 2211 4377 tis
2233 4321 2285 4394 (Ι
2311 4321 2435 4376 Cor.
2459 4321 2536 4394 v).
2574 4322 2685 4377 Sed
2708 4331 2765 4376 et
2789 4322 2858 4377 de
2879 4322 3301 4378 circumcisione
3327 4324 3582 4393 scriptum
3602 4327 3700 4375 est:

449 4407 670 4480 quidem
698 4408 903 4480 scripta
933 4451 949 4477 ,
998 4410 1092 4466 sed
1125 4418 1383 4481 tanquam
1421 4412 1476 4467 in
1516 4412 1824 4485 Evangeliis
1853 4416 2044 4471 obser-
2148 4411 2280 4467 Haec
2325 4422 2401 4467 est
2444 4412 2530 4466 lea:
2575 4412 2990 4467 circumcisionis
3027 4411 3181 4484 (Gen.
3213 4413 3369 4483 xvn).
3424 4412 3559 4480 Quia
3598 4420 3707 4479 ergo

447 4500 624 4558 vanda
652 4502 783 4568 sint,
816 4516 994 4560 sermo
1022 4512 1326 4559 moveatur.
1360 4503 1579 4561 Etcum
1604 4505 1721 4562 haec
1745 4509 2039 4578 patuerint,
2066 4542 2121 4578 τι,
2147 4503 2492 4561 circumcisio
2518 4503 2620 4559 sub
2646 4504 2779 4575 legis
2804 4505 2962 4560 titulo
2987 4514 3265 4569 censetur,
3293 4503 3382 4558 lex
3411 4512 3586 4559 autem
3610 4513 3710 4553 uul-

450 4606 580 4654 tunc
621 4596 735 4668 jam
775 4599 903 4668 quid
947 4598 1003 4654 in
1048 4598 1136 4654 his
1176 4598 1341 4654 etiam
1385 4599 1701 4670 spiritaliter
1728 4602 1923 4657 sentiri
1951 4603 2042 4658 de-
2067 4594 2122 4616 "
2146 4599 2246 4655 bra
2272 4605 2377 4663 est,
2400 4610 2583 4667 quam
2604 4596 2733 4667 quid
2755 4596 3190 4653 eireumeisiouis
3211 4595 3408 4650 umbra
3431 4594 3712 4650 futurorum

451 4690 598 4751 beat,
632 4688 991 4760 requiremus.
1028 4687 1170 4745 Sunt
1194 4690 1340 4745 enim
1365 4690 1459 4761 qui
1489 4692 1564 4745 ita
1590 4689 1807 4757 dicant,
1840 4693 1969 4763 quia
1995 4694 2042 4749 si
2148 4690 2425 4746 contineat
2465 4688 2733 4745 bonorum
2755 4730 2769 4753 ,
2808 4704 2883 4745 ne
2911 4687 3053 4745 forte
3080 4688 3225 4743 dicat
3266 4687 3407 4742 mihi
3448 4689 3509 4742 in
3548 4685 3714 4740 umbra

450 4777 659 4849 aliquid
686 4780 906 4833 omnino
930 4780 1324 4837 observandum
1350 4790 1435 4838 est
1456 4784 1755 4839 secundum
1781 4784 2038 4852 litteram,
2148 4779 2584 4837 circumcisionis
2606 4781 2781 4850 posito
2803 4779 3022 4847 Paulus,
3040 4779 3169 4849 quia
3188 4779 3233 4833 si
3260 4773 3715 4837 circumcidumini,

453 4870 550 4925 sed
576 4867 897 4940 spiritaliter
921 4870 1119 4927 debent
1146 4873 1400 4929 universa
1427 4874 1686 4930 discerni.
1717 4875 1829 4930 Nos
1858 4885 2043 4933 autem
2148 4871 2391 4927 Christus
2416 4871 2558 4926 vobis
2581 4870 2716 4924 nihil
2742 4871 3006 4941 proderit,
3044 4870 3235 4924 etenim
3260 4882 3370 4922 non
3400 4883 3525 4940 qua!
3552 4868 3604 4921 in
3625 4878 3718 4919 sta-

453 4961 738 5031 utriusque
759 4961 1071 5015 assertionis
1093 4963 1435 5019 insolentiam
1461 4972 1845 5033 temperantes,
1871 4966 2047 5035 qualis
2149 4966 2611 5036 nifestoincamc
2636 4972 2717 5017 est
2746 4964 3098 5027 circumcisio,
3118 4961 3232 5015 illa
3263 4960 3604 5015 circumcisio
3627 4966 3720 5021 est;

456 5051 640 5123 regula
671 5052 730 5106 in
761 5050 1134 5120 hujuscemodi
1171 5052 1303 5123 legis
1333 5056 1676 5109 sermonibus
1705 5055 2045 5113 observanda
2146 5072 2313 5128 neque
2344 5058 2434 5127 qui
2469 5055 2837 5126 its-manifesto
2870 5056 2929 5108 in
2956 5068 3115 5109 carne
3141 5052 3367 5107 Iudaeus
3394 5062 3501 5117 est,
3538 5049 3623 5105 sed
3650 5046 3725 5117 qui

456 5142 552 5213 sit,
582 5159 652 5201 ex
681 5143 1003 5200 auctoritate
1032 5144 1334 5202 divinarum
1361 5147 1768 5219 Seripturarum
1800 5149 2045 5220 proferre
2142 5151 2203 5204 in
2230 5149 2431 5204 occulto
2451 5147 2674 5203 ludens
2702 5156 2815 5212 est:
2841 5144 3247 5202 et-eircumeisio
3273 5143 3460 5198 cordis
3482 5139 3729 5211 ἱκανὴ-ἕω

454 5230 809 5293 teatabimus.
863 5234 1139 5306 Scriptum
1185 5245 1269 5292 est
1311 5240 1454 5294 enim
1502 5240 1561 5295 in
1602 5246 1799 5295 octavo
1832 5241 2043 5297 decimo

454 5330 667 5403 psalmo
703 5347 719 5383 :
772 5326 883 5384 Lex
925 5327 1141 5382 Domini
1184 5329 1653 5399 irreprehensibilis
1679 5371 1695 5397 ,
1743 5341 2043 5388 convertens

458 5421 667 5476 animas
690 5432 711 5473 τ
743 5419 1098 5477 testimonium
1123 5418 1338 5475 Domini
1364 5420 1537 5489 ﬁdele,
1572 5423 1885 5492 sapientiam
1909 5441 2045 5496 prae-

458 5521 605 5568 stans
625 5512 881 5583 parvulis.
910 5510 1237 5584 Praeceptum
1250 5510 1463 5565 Domini
1483 5510 1718 5566 lucidum
1737 5511 2046 5568 illuminans

461 5600 661 5659 oculos.
692 5602 873 5660 Timor
899 5602 1109 5660 Domini
1138 5606 1353 5660 sanctus
1376 5618 1686 5674 permanens
1710 5606 1769 5660 in
1791 5604 2044 5660 saeculum

460 5693 644 5748 «sculi
672 5708 695 5747 :
736 5696 965 5767 justitia:
1007 5697 1224 5753 Domini
1269 5703 1425 5750 rectae
1473 5693 1800 5765 ltetiﬁcantes
1846 5697 2047 5765 corda,

2151 5254 2257 5294 non
2284 5238 2493 5305 litteris,
2521 5238 2681 5309 cujus
2701 5236 2822 5291 laus
2848 5252 2956 5292 non
2979 5235 3044 5289 ab
3071 5232 3395 5297 hominibus,
3429 5233 3529 5287 sed
3556 5246 3618 5285 ea:
3639 5229 3733 5283 Deo

2150 5344 2229 5387 est
2257 5330 2399 5405 (Gal.
2428 5331 2508 5402 v).
2552 5330 2680 5386 Haec
2709 5342 2841 5401 ergo
2869 5328 3083 5400 singula
3116 5341 3240 5398 qua:
3267 5336 3625 5396 nequaquam
3650 5334 3735 5392 pc-

2152 5426 2299 5481 nitus
2327 5425 2625 5479 secundum
2658 5422 2897 5478 litteram
2928 5418 3268 5476 observanda
3296 5416 3470 5483 dicit,
3506 5411 3740 5470 invenies

2152 5520 2334 5575 omnia
2361 5517 2476 5573 fere
2518 5516 2661 5587 apud
2705 5512 2926 5587 Moysen
2964 5514 3065 5569 sub
3091 5512 3228 5583 legis
3248 5508 3415 5565 titulo
3448 5502 3742 5580 designari.

2149 5611 2267 5666 iam
2285 5624 2418 5665 vero
2439 5609 2495 5663 in
2516 5618 2585 5663 eo
2609 5607 2701 5663 ubi
2725 5606 2881 5673 dicit,
2904 5604 3031 5660 Non
3048 5603 3276 5667 occides,
3292 5616 3404 5657 non
3423 5596 3743 5657 adulteria

2152 5702 2338 5772 facies,
2369 5714 2474 5753 non
2504 5698 2786 5769 furaberis,
2822 5705 2881 5753 et
2913 5696 3014 5753 rei.
3040 5694 3242 5769 (Euod.
3272 5693 3390 5765 xx),
3436 5687 3747 5763 huiusmodi

456 5786 667 5861 Judicia
706 5805 827 5843 vera
862 5789 1164 5859 justiﬁcata
1208 5791 1264 5844 in
1309 5789 1625 5861 semetipsa;
1675 5789 2052 5848 daiderabilia
2153 5790 2610 5859 noniuvenimu,
2633 5789 2893 5862 quoniam
2916 5788 3061 5861 legis
3074 5788 3137 5844 in
3165 5787 3255 5843 bis
3278 5785 3513 5847 titulum
3542 5780 3752 5855 prasti-
