3892 6346
193 342 286 398 697
304 338 309 341 ’

892 333 1430 397 ENARRATIONES
1462 332 1532 391 IN
1569 328 1833 393 LIBRUI
1868 329 2357 395 NUMERORUM..
2395 363 2467 377 --
2496 334 2636 393 LIB.
2674 336 2738 394 ll.

192 457 345 523 serit,
369 432 670 527 sedhmagis
692 455 809 511 haec
832 454 1088 511 mandata
1111 453 1396 518 videntur;
1427 458 1483 507 et
1510 450 1633 506 ideo
1658 465 1770 507 non
1795 446 1851 519 Α
1871 446 1940 502 de
1965 444 2254 519 Evangelio
2274 450 2489 517 vivant;
2518 458 2574 507 et
2599 450 2693 522 qui
2723 449 2881 508 altari
2908 450 3173 519 serviunt,
3197 453 3268 511 de
3288 456 3454 515 altari

190 549 499 607 exinanitur
537 550 679 621 apud
723 548 1018 620 discipulos
1064 549 1119 603 in
1166 545 1461 616 Evangelia
1503 546 1776 615 scriptura

192 643 325 710 ista,
363 643 459 699 sed
488 641 767 713 impletur,
806 642 966 712 quia,
1006 650 1068 696 ut
1093 640 1237 707 dixi,
1275 655 1381 695 non
1419 638 1773 707 mandatum,

190 735 284 791 sed
311 734 515 791 habere
546 734 744 791 dicitur
767 734 1018 789 umbram
1047 732 1358 789 futurorum
1385 732 1672 787 bonorum.
1704 730 1775 788 Et

191 828 312 884 ideo
334 828 452 883 haec
472 827 629 884 nobis
654 827 953 883 secundum
977 826 1220 882 litteram
1243 825 1594 883 custodienda
1620 831 1771 881 sunt.

187 915 323 976 Item
358 919 524 976 alibi:
562 918 745 987 Iuste,
793 920 1001 991 inquit,
1043 930 1244 976 sectare
1279 921 1419 993 quod
1451 921 1660 990 justum
1696 927 1774 975 est

187 1009 370 1081 (Deut.
387 1009 523 1081 xvi).
556 1010 697 1079 Quid
717 1026 851 1083 opus
872 1018 957 1067 est
978 1012 1033 1067 in
1058 1011 1144 1068 bis
1170 1011 1484 1081 allegoriam
1503 1026 1770 1082 quaerere,

185 1115 310 1155 cum
353 1101 584 1158 aediﬁcet
625 1103 787 1158 etiam
834 1102 1056 1158 littera?
1109 1101 1457 1159 Ostendimus
1486 1119 1615 1175 ergo
1650 1118 1772 1160 esse

184 1190 432 1261 quaedam
465 1206 585 1261 quae
618 1194 839 1248 omnino
872 1208 981 1248 non
1015 1201 1142 1249 sunt
1172 1195 1440 1249 servanda
1469 1194 1771 1250 secundum

184 1282 422 1339 litteram
451 1284 606 1356 legis,
635 1293 692 1341 et
719 1286 882 1341 etiam
911 1287 1157 1356 quaedam
1184 1302 1306 1356 qua:
1330 1301 1429 1356 per
1458 1286 1771 1357 allegoriam

178 1373 401 1442 penitus
429 1374 703 1431 immutari
731 1390 839 1431 non
872 1375 1106 1442 debent,
1146 1376 1241 1431 sed
1270 1376 1583 1431 omnimodo
1613 1377 1687 1430 ita
1712 1384 1776 1431 ut

181 1464 482 1537 Scriptura:
510 1469 577 1525 de
604 1470 692 1526 his
718 1470 1003 1527 continent
1028 1471 1385 1526 observandae
1423 1479 1571 1526 sunt.
1621 1470 1777 1525 Nunc

177 1565 363 1612 autem
392 1559 614 1629 requiro
639 1560 688 1615 si
715 1567 845 1616 sunt
872 1560 1075 1630 aliqua,
1110 1576 1232 1631 quae
1269 1568 1325 1616 et
1358 1562 1656 1617 secundum
1687 1560 1777 1616 lit-

178 1652 355 1702 teram
384 1648 602 1719 quidem
629 1657 779 1706 stare
807 1651 1043 1721 possint,
1067 1652 1380 1707 necessario
1408 1659 1586 1707 tamen
1613 1651 1667 1706 in
1692 1650 1774 1707 eis

82 1755 89 1763 ·
175 1739 346 1794 etiam
375 1740 633 1812 allegoria
662 1742 991 1814 requirenda
1025 1743 1116 1799 sit.
1166 1742 1235 1798 Et
1260 1743 1385 1800 vide
1408 1744 1456 1800 si
1484 1758 1773 1813 possumus

1872 542 2221 615 participem.
2246 542 2316 599 Et
2341 543 2484 600 sicut
2505 544 2610 601 hoc
2635 544 2835 601 decens
2861 553 2919 600 et
2943 544 3168 617 dignum
3194 554 3299 613 est,
3324 550 3402 606 sic
3425 566 3458 609 e

1873 635 2147 691 contrario
2175 643 2232 690 et
2254 636 2515 693 indecens
2555 645 2612 693 et
2652 637 2935 707 indignum
2962 645 3078 704 εει,
3127 638 3239 693 imo
3270 647 3328 696 et
3358 641 3459 697 im-

1871 728 2053 798 pium,
2093 736 2154 784 ut
2181 728 2229 786 is
2256 728 2351 799 qui
2379 729 2553 785 Deum
2582 728 2713 787 colit
2739 738 2796 785 et
2827 730 3130 803 ingreditur
3156 730 3459 790 Ecclesiam

1872 821 1991 889 Dei,
2019 823 2113 892 qui
2135 822 2241 879 scit
2267 824 2582 879 sacerdotes
2610 831 2666 878 et
2693 824 2984 894 magistros
3007 824 3271 883 assistere
3295 825 3460 883 altari

1871 910 1991 978 Dei,
2006 919 2064 967 et
2082 921 2177 968 aut
2188 913 2357 968 verbo
2369 914 2467 969 Dei
2488 912 2846 971 autEcclesia:
2867 916 3165 984 deservire,
3188 917 3257 973 de
3274 916 3462 975 fructi-

1870 1002 1974 1058 bus
1997 1010 2158 1057 terrae
2179 1018 2316 1074 quos
2342 1004 2492 1060 dedit
2514 1003 2677 1071 Deus,
2704 1005 2871 1062 solem
2895 1023 3054 1064 suum
3078 1010 3450 1080 producendo,

1869 1100 1925 1147 et
1951 1092 2161 1163 pluvias
2208 1109 2334 1150 suas
2380 1095 2774 1164 ministrando,
2815 1114 2924 1155 non
2951 1100 3146 1157 offerat
3178 1102 3453 1174 primitias

1872 1182 2282 1252 sacerdotibus;
2336 1203 2446 1243 non
2492 1188 2628 1243 mihi
2665 1189 2878 1244 videtur
2917 1192 3224 1263 bujusmodi
3273 1198 3459 1251 anima

1870 1274 2075 1332 habere
2110 1277 2428 1333 memoriam
2466 1278 2591 1344 Dei,
2633 1295 2735 1336 nec
2764 1280 3025 1351 cogitare,
3050 1298 3153 1339 nec
3197 1286 3456 1355 credere,

1872 1370 2002 1439 quia
2038 1368 2182 1424 Deus
2218 1370 2427 1427 dederit
2462 1370 2671 1428 fructus
2698 1389 2839 1443 quos
2867 1375 3046 1446 cepit,
3090 1391 3228 1448 quos
3264 1380 3340 1435 ita
3368 1394 3460 1436 re-

1875 1459 2059 1515 condit
2079 1460 2233 1528 quasi
2257 1460 2462 1517 alienos
2488 1478 2521 1516 a
2546 1462 2677 1518 Deo.
2714 1461 2773 1518 Si
2800 1463 2946 1519 enim
2973 1479 3007 1519 a
3032 1464 3146 1521 Deo
3174 1466 3278 1523 sibi
3305 1467 3464 1525 datos

1874 1551 2153 1616 crederet,
2197 1552 2362 1608 sciret
2391 1554 2578 1625 utique
2606 1556 2943 1613 numerando
2971 1556 3318 1625 sacerdotes,
3357 1558 3462 1615 bo-

1873 1658 2073 1699 norare
2100 1645 2269 1701 Deum
2298 1646 2365 1702 de
2390 1647 2530 1703 datis
2554 1655 2609 1704 et
2639 1649 2955 1705 muneribus
2991 1648 3126 1705 suis.
3153 1649 3223 1705 Et
3259 1650 3460 1719 adhuc,

1871 1742 1934 1789 ut
1957 1737 2189 1806 amplius
2210 1738 2327 1795 haec
2351 1740 2689 1795 observanda
2713 1741 2880 1796 etiam
2906 1742 3204 1798 secundum
3224 1741 3468 1799 litteram

173 1830 297 1888 hac
346 1834 649 1904 aposmlica
700 1844 757 1891 ει
804 1835 1117 1905 evangelica
1166 1836 1488 1891 ευριονίωιθ
1534 1836 1766 1891 munire,
1796 1818 1851 1879 Β
1874 1826 2043 1896 ipsius
2071 1826 2284 1883 Domini
2323 1830 2545 1886 vocibus
2578 1829 2900 1897 doceantur,
2926 1833 3188 1889 addemus
3215 1834 3283 1889 ad
3322 1834 3460 1891 haec.

174 1920 464 1995 Scriptum
511 1934 598 1981 est
637 1926 784 1981 enim
824 1926 883 1982 in
926 1926 1080 1997 lege:
1119 1924 1347 1998 PrOpter
1379 1928 1478 1981 hoc
1517 1924 1771 1999 relinquet

171 2014 335 2071 homo
367 2025 579 2087 patrem
605 2026 657 2073 et
682 2027 925 2085 matrem,
959 2028 1007 2074 et
1038 2019 1325 2074 adhaerebit
1360 2021 1517 2074 uxori
1549 2037 1683 2085 sum,
1722 2027 1774 2074 et

173 2116 337 2161 erunt
369 2108 525 2164 ambo
551 2110 608 2165 in
637 2126 794 2165 carne
822 2126 931 2165 una
953 2109 1106 2183 (Gen.
1135 2112 1220 2183 ιι).
1252 2112 1377 2168 Haec
1403 2111 1545 2182 quod
1572 2112 1773 2183 allego-

168 2194 296 2250 rica
319 2200 579 2268 mysteria
601 2203 934 2267 contineant,
958 2202 1161 2258 Paulus
1180 2219 1304 2259 cum
1326 2204 1380 2258 in
1405 2204 1645 2275 Epistola
1672 2220 1772 2262 sua

166 2286 281 2342 hoc
310 2288 490 2358 ipsum
514 2293 788 2361 posuisset
815 2294 1122 2364 exemplum
1140 2336 1155 2361 ,
1190 2296 1510 2365 pronuntiat
1540 2297 1727 2354 dicens
1753 2316 1768 2354 :

169 2376 488 2449 Πυθιονίκη
509 2383 609 2438 hoc
630 2401 882 2455 magnum
899 2396 1001 2452 est,
1022 2404 1117 2458 ego
1143 2398 1319 2443 autem
1342 2389 1459 2444 dico
1484 2391 1543 2445 in
1561 2390 1773 2446 Christo

166 2478 219 2524 et
260 2471 321 2525 in
346 2470 587 2529 Ecclesia
614 2473 832 2547 (Ephes.
859 2477 935 2549 v).
988 2476 1142 2545 Quod
1181 2488 1362 2535 autem
1389 2489 1641 2551 oporteat
1668 2483 1774 2538 hoc

167 2562 343 2616 etiam
371 2565 670 2621 secundum
700 2566 942 2623 litteram
969 2569 1252 2636 custodiri,
1282 2571 1401 2642 ipse
1424 2571 1686 2628 Dominus
1717 2580 1775 2627 et

167 2650 434 2709 Salvator
471 2655 632 2713 docet
667 2657 890 2715 dicens:
938 2658 1215 2731 Scriptum
1256 2670 1374 2716 est:
1411 2659 1641 2734 Propter
1676 2664 1774 2718 hoc

166 2744 437 2818 relinquet
464 2748 622 2804 homo
649 2759 854 2820 patrem
879 2761 929 2805 et
952 2761 1196 2818 matrem,
1224 2763 1276 2808 et
1302 2754 1591 2810 adlucrebit
1615 2755 1775 2811 uxori

164 2851 317 2902 sua,
361 2846 410 2892 et
446 2847 601 2894 erunt
629 2840 784 2896 ambo
825 2842 880 2896 in
920 2859 1078 2898 carne
1103 2860 1233 2899 una.
1286 2844 1444 2910 Quod
1470 2845 1615 2901 Deus
1645 2862 1773 2900 con-

159 2925 381 2997 iunxit,
410 2929 565 2985 homo
595 2947 701 2987 non
735 2942 942 3003 separet
970 2933 1189 3006 (Matth.
1215 2936 1353 3007 xix).
1403 2937 1471 2992 Et
1498 2939 1776 3008 respondit

165 3022 370 3091 utique
389 3023 726 3081 observanda
745 3041 867 3082 esse
887 3027 1005 3083 haec
1027 3029 1193 3085 etiam
1213 3032 1512 3087 secundum
1533 3032 1774 3089 litteram

162 3127 306 3168 cum
331 3113 496 3170 dicit:
532 3114 687 3182 Quod
713 3118 859 3174 Deus
883 3118 1183 3188 conjunxit,
1207 3122 1369 3177 homo
1395 3139 1503 3179 non
1534 3134 1769 3195 separet.

164 3199 287 3258 Sed
330 3203 390 3258 in
425 3203 550 3261 aliis
581 3206 840 3278 Epistolis
868 3210 962 3265 ubi
989 3210 1152 3278 dicit,
1190 3214 1316 3283 quia
1346 3214 1613 3270 Abraham
1638 3217 1774 3273 duos

159 3294 320 3364 ﬁlios
363 3296 568 3365 habuit,
615 3315 779 3355 unum
824 3301 891 3356 de
930 3302 1146 3370 ancilla,
1192 3314 1244 3359 et
1287 3323 1450 3361 unum
1496 3307 1563 3361 de
1607 3308 1773 3364 libera

163 3384 326 3458 (Gal.
353 3388 452 3459 ιν),
492 3389 617 3459 quis
645 3391 859 3450 dubitat
884 3395 1001 3452 haec
1027 3396 1325 3455 secundum
1356 3398 1595 3455 litteram
1623 3407 1774 3456 stare

163 3480 424 3536 debere?
454 3479 676 3539 Certum
703 3492 790 3540 est
812 3486 981 3552 enim,
1013 3489 1141 3558 quia
1168 3500 1223 3544 et
1251 3489 1406 3548 Isaac
1432 3492 1501 3547 de
1527 3490 1689 3560 Sara,
1716 3501 1775 3550 et

158 3569 376 3629 lsmael
406 3572 475 3629 de
502 3572 671 3644 Agar,
703 3574 803 3631 mu
834 3575 1058 3634 fuerunt
1085 3567 1336 3637 Abrahae.
1390 3582 1556 3639 Addit
1590 3591 1774 3641 tamen

158 3662 263 3719 his
295 3661 592 3733 Apostolus
619 3672 677 3722 et
700 3666 873 3723 dicit:
908 3666 1042 3725 ch
1082 3680 1204 3726 sunt
1240 3679 1419 3726 autem
1459 3672 1774 3744 allegorica,

157 3767 303 3824 quae
327 3753 384 3808 in
408 3753 518 3811 duo
535 3762 864 3816 testamenta
893 3762 1186 3818 convertit.
1244 3762 1313 3818 Et
1359 3762 1513 3820 Saraa
1554 3763 1776 3836 quidem

155 3843 453 3908 sobolem,
482 3852 741 3915 tanquam
767 3850 824 3904 in
850 3850 1102 3908 libertate
1129 3853 1421 3926 gignentia,
1451 3858 1577 3913 novi
1606 3864 1776 3915 testa-

154 3932 359 3991 menti
396 3932 599 3990 liberos
635 3937 788 3993 dicit.
839 3939 987 4010 Agar
1016 3951 1198 3998 autem
1228 3952 1484 4015 tanquam
1518 3948 1573 4002 in
1603 3949 1777 4004 servi-

158 4032 297 4080 tute
324 4026 665 4094 generantia,
695 4035 925 4092 terrenae
951 4029 1256 4090 Jerusalem
1283 4035 1426 4091 ﬁlios
1452 4039 1771 4095 nominavit.

161 4115 538 4175 Ostendimus
565 4126 629 4174 ut
650 4120 847 4191 opinor
877 4126 1211 4183 auctoritate
1234 4127 1531 4200 Scriptum
1559 4132 1772 4202 divinae,

164 4225 241 4265 ex
273 4207 367 4263 liis
394 4224 516 4279 qua
542 4210 598 4267 in
631 4210 752 4283 lege
784 4214 989 4286 scripta
1018 4225 1185 4284 sunt,
1232 4220 1414 4291 aliqua
1442 4224 1661 4293 penitus
1688 4242 1777 4282 re-

166 4300 437 4371 fugienda
467 4316 588 4359 esse
614 4311 673 4359 et
693 4306 932 4362 cavenda
952 4348 967 4372 ,
1005 4323 1075 4364 ne
1103 4311 1403 4367 secundum
1433 4312 1673 4370 litteram
1706 4318 1775 4373 ab

168 4390 463 4461 Evangelii
490 4393 775 4464 discipulis
799 4397 1188 4466 observentur;
1220 4401 1473 4471 quadam
1501 4418 1635 4462 vero
1656 4421 1776 4461 om-

171 4481 421 4541 nimodis
444 4490 508 4539 ut
535 4484 740 4555 scripta
768 4496 898 4543 sunt
924 4488 1237 4548 obtinenda.
1291 4492 1411 4550 Alia
1451 4503 1641 4553 autem
1669 4498 1771 4553 ba-

170 4574 314 4631 bere
340 4572 561 4643 quidem
602 4584 660 4633 et
694 4578 987 4635 veritatem
1024 4584 1324 4639 secundum
1361 4585 1600 4643 litteram
1639 4588 1723 4643 sui
1750 4605 1765 4654 ;

172 4664 431 4735 recipere
463 4673 648 4724 tamen
684 4668 893 4725 utiliter
918 4685 985 4726 ex
1020 4674 1335 4731 necessario
1366 4678 1534 4732 etiam
1567 4678 1772 4750 allego-

174 4756 361 4810 rieum
406 4770 646 4814 sensum.
703 4759 824 4815 Erit
856 4777 990 4834 ergo
1029 4762 1142 4833 jam
1187 4766 1452 4835 sapientis
1482 4770 1672 4826 scriba:
1716 4779 1773 4825 et

175 4845 364 4901 edocti
394 4845 464 4901 de
488 4862 656 4917 regno
681 4847 800 4916 Dei,
824 4852 919 4919 qui
949 4852 1089 4909 sciat
1114 4854 1182 4909 de
1212 4856 1485 4913 thesauris
1510 4859 1623 4915 suis
1648 4874 1774 4929 pro-

176 4938 329 4994 ferre
356 4954 500 4995 nova
527 4949 586 4996 et
610 4949 798 4997 vetera
816 4984 833 5009 ,
868 4944 1009 5000 scire
1034 4949 1306 5015 quomodo
1350 4950 1407 5006 in
1447 4966 1775 5024 unoquoque

178 5030 305 5111 loco
336 5030 673 5103 Scriptura,
701 5043 797 5091 aut
825 5034 1046 5104 abiiciat
1074 5042 1292 5109 penitus
1316 5043 1658 5101 occidean
1686 5045 1776 5101 lit-

181 5130 358 5183 teram
392 5132 451 5180 et
474 5126 727 5195 spiritum
752 5127 1120 5186 viviﬁcantem
1149 5134 1419 5203 requirat,
1458 5145 1550 5192 aut
1574 5138 1778 5194 conﬁr-

182 5217 686 5286 met‘omnimodis,
719 5228 777 5276 et
803 5220 995 5276 utilem
1043 5230 1141 5276 aut
1180 5226 1551 5281 necessariam
1581 5230 1775 5297 probet

182 5305 383 5365 littera
410 5308 741 5378 doctrinam,
770 5319 866 5367 aut
894 5320 1151 5369 manente
1177 5313 1436 5380 historia,
1469 5326 1775 5386 opportune

182 5407 241 5454 et
288 5399 551 5457 decenter
596 5400 913 5459 ina-educat
954 5403 1119 5459 etiam
1164 5404 1459 5476 mysticum
1506 5421 1772 5463 sensum:

184 5493 327 5551 sicut
349 5501 410 5551 et
435 5496 492 5550 in
517 5496 623 5553 hoc
654 5511 933 5564 sermone,
957 5511 1121 5568 quem
1144 5498 1412 5555 habemus
1439 5498 1495 5554 in
1522 5500 1775 5557 manibus

185 5586 428 5643 arbitror
453 5589 769 5646 convenire.
819 5589 986 5647 Decet
1020 5590 1171 5646 enim
1206 5599 1263 5648 et
1291 5592 1427 5648 utile
1451 5600 1569 5660 est,
1608 5592 1774 5651 etiam

188 5679 567 5737 sacerdotium
593 5681 872 5754 Evangelii
901 5682 1085 5739 otIerri
1115 5684 1405 5756 primitias.
1438 5684 1523 5742 Ita
1550 5687 1694 5744 enim
1719 5693 1778 5746 et

187 5768 455 5830 Dominus
472 5772 745 5846 disposuit
760 5812 778 5841 ,
812 5783 881 5833 ut
907 5776 1003 5846 qui
1028 5775 1386 5851 Evangelia
1409 5780 1775 5848 annuntiant,

1792 4538 1853 4605 Β

1873 1916 2133 1974 Dominus
2179 1920 2312 1975 dicit
2348 1921 2404 1976 in
2444 1921 2753 1993 Evangeliis
2796 1938 2812 1977 :
2862 1920 2953 1979 Va:
2991 1924 3134 1979 vobis
3172 1921 3372 1980 Scribe
3414 1932 3466 1983 et

1874 2005 2140 2065 Pharisaei
2166 2011 2472 2083 hypocritte,
2503 2015 2594 2082 qui
2620 2014 2912 2083 decimatis,
2944 2015 3057 2083 hoc,
3074 2025 3177 2085 est,
3203 2018 3293 2087 qui
3321 2017 3468 2073 deci-

1873 2116 1993 2157 mas
2014 2103 2155 2159 datis
2167 2115 2375 2171 mentm,
2394 2115 2443 2161 et
2464 2108 2642 2162 anethi
2665 2118 2713 2163 et
2734 2109 3085 2177 cinnamomi,
3115 2120 3165 2165 et
3186 2109 3465 2181 prazleritis

1871 2210 1990 2264 qua:
2015 2194 2227 2263 majora
2254 2206 2378 2250 sunt
2404 2196 2553 2269 legis.
2588 2198 2913 2271 Hypocritaz,
2936 2202 3049 2256 luec
3076 2202 3303 2273 oportuit
3326 2201 3466 2271 fieri,

1872 2294 1921 2339 et
1942 2283 2037 2339 illa
2058 2302 2163 2340 non
2184 2289 2354 2342 omitti
2379 2288 2599 2361 (Matth.
2629 2292 2812 2364 xxm).
2840 2293 2976 2349 Vide
3000 2307 3132 2365 ergo
3156 2293 3467 2365 diligentius

1872 2379 2143 2449 quomodo
2174 2390 2364 2436 sermo
2384 2379 2599 2438 Domini
2634 2383 2751 2439 vult
2784 2383 2904 2439 ﬁeri
2945 2385 3163 2454 quidem
3199 2385 3467 2441 omnimo-

1874 2468 1958 2527 dtis
1994 2485 2116 2542 qua:
2169 2471 2378 2541 majora
2431 2480 2558 2529 sunt
2594 2472 2760 2549 legis,
2809 2490 2919 2531 non
2960 2482 3143 2531 tamen
3194 2475 3373 2531 omitti
3410 2483 3467 2532 et

1874 2576 1940 2617 ea
1970 2577 2091 2631 qua:
2129 2563 2426 2619 secundum
2463 2563 2701 2621 litteram
2730 2567 3103 2640 designantur.

1948 2652 2226 2710 Primitias
2260 2666 2439 2710 autem
2474 2673 2607 2728 quas
2646 2670 2891 2714 voverunt
2936 2669 2984 2715 et
3026 2658 3324 2714 obtulerunt
3365 2659 3468 2730 ﬁlii

1876 2746 2070 2814 Israel,
2103 2748 2199 2802 tibi
2228 2749 2373 2803 dedit
2403 2758 2451 2805 et
2477 2750 2604 2820 [iliis
2635 2768 2697 2806 ac
2726 2751 2941 2820 filiabus
2971 2755 3075 2807 tuis
3094 2794 3109 2820 ,
3142 2754 3261 2821 iure
3287 2769 3469 2825 perpe-

1876 2846 1989 2891 tuo.
2023 2838 2129 2904 Qui
2156 2840 2384 2895 mundus
2411 2849 2487 2895 est
2516 2842 2573 2895 in
2599 2842 2755 2897 domo
2793 2860 2917 2908 uta,
2946 2853 3178 2898 vescetur
3204 2846 3300 2899 eis.
3337 2842 3468 2900 0m-

1878 2945 1996 2984 nem
2016 2930 2304 2984 medullam
2342 2930 2444 2985 olei
2467 2941 2514 2985 et
2541 2933 2648 2987 vini
2673 2950 2735 2988 ac
2766 2933 3045 3001 frumenti,
3071 2935 3326 3006 quidquid
3352 2938 3465 3006 pri-

1876 3022 2147 3075 mitiarum
2175 3022 2402 3091 o/feruut
2417 3021 2664 3089 Domino,
2682 3023 2774 3077 tibi
2796 3023 2937 3080 dedi.
2956 3022 3240 3081 Universas
3255 3027 3467 3097 frugum

1875 3116 2138 3187 primitias
2153 3156 2169 3182 ,
2196 3133 2327 3186 quas
2350 3117 2515 3188 gignit
2534 3117 2725 3173 humus
2743 3158 2758 3182 ,
2778 3127 2827 3172 et
2846 3117 3075 3173 Domino
3101 3118 3467 3189 deportantur,
3494 3173 3501 3180 .

1878 3208 2058 3264 cedent
2080 3209 2135 3262 in
2157 3225 2285 3264 usus
2310 3218 2451 3275 tuos,
2476 3217 2533 3265 et
2554 3210 2653 3266 rel.
2680 3210 2813 3266 Illud
2840 3226 2973 3268 sane
2995 3211 3303 3268 necessario
3322 3227 3468 3268 com-

1878 3300 2204 3356 monendum
2232 3309 2337 3367 est,
2366 3302 2511 3371 quod
2528 3300 2618 3357 lex
2644 3302 2930 3373 dupliciter
2948 3303 3168 3360 dicitur.
3202 3303 3341 3359 Nam
3375 3319 3469 3376 ge-

1874 3392 2137 3451 neraliter
2160 3393 2345 3449 omnia
2382 3393 2516 3460 ista,
2546 3393 2651 3451 hoc
2682 3401 2803 3461 est,
2838 3395 3186 3462 mandatum,
3207 3392 3470 3464 iustiﬁca-

1875 3486 2085 3552 tiones,
2124 3494 2418 3556 prazcepta,
2444 3486 2777 3552 testimonia,
2807 3485 3047 3555 judicia,
3080 3486 3167 3542 lex
3201 3486 3472 3557 appellano

1874 3587 1983 3634 tur.
2011 3577 2335 3648 Specialiter
2358 3586 2541 3632 autem
2565 3591 2694 3648 pars
2719 3577 2905 3648 aliqua
2924 3592 2993 3633 ex
3010 3576 3100 3633 bis
3124 3592 3247 3647 quae
3264 3576 3320 3630 in
3349 3576 3471 3649 lege

1876 3676 2007 3724 sunt
2030 3668 2231 3737 scripta
2251 3668 2339 3721 lex
2361 3668 2563 3721 dicitur
2583 3686 2595 3721 :
2620 3675 2683 3721 ut
2705 3676 2833 3721 sunt
2858 3667 2985 3733 ista,
3006 3668 3074 3722 de
3095 3664 3293 3735 quibus
3311 3680 3471 3736 supe-
3576 3668 3589 3679 '

1877 3760 1997 3815 rius
2027 3761 2402 3815 disseruimus.
2448 3759 2735 3816 Generalis
2775 3767 2958 3815 autem
3001 3759 3086 3815 lex
3133 3756 3471 3829 signiﬁcatur

1874 3854 2028 3910 verbi
2058 3854 2260 3926 gratia,
2288 3861 2350 3910 ut
2371 3868 2496 3909 cum
2537 3853 2605 3910 de
2635 3852 2922 3909 Salvatore
2954 3852 3174 3920 dicitur,
3201 3852 3328 3922 quia
3365 3868 3469 3908 non

1875 3946 2011 4001 venit
2037 3945 2235 4000 soluere
2263 3944 2451 4015 legem,
2479 3943 2570 3999 sed
2596 3941 2883 4014 adimplere
2910 3941 3126 4013 (blatta.
3152 3942 3229 4015 v).
3248 3942 3317 3998 Et
3338 3942 3468 3998 item

1877 4035 2005 4091 alibi
2038 4053 2053 4090 :
2083 4033 2367 4092 Plenitudo
2395 4034 2525 4106 legis
2552 4042 2628 4090 est
2653 4032 2864 4088 dilectio
2895 4032 3075 4106 (Rom.
3106 4031 3254 4105 xm),
3281 4032 3336 4087 in
3358 4048 3468 4105 quo

1875 4127 2070 4197 utique
2089 4128 2273 4184 omnia
2302 4127 2481 4191 simul,
2511 4141 2632 4198 quae
2652 4126 2856 4198 scripta
2885 4134 3012 4181 sunt
3036 4124 3091 4181 in
3114 4124 3263 4197 lege,
3292 4125 3467 4198 legem

1875 4217 2198 4274 nominavit.
2245 4217 2375 4274 Haec
2409 4216 2647 4273 diximus
2691 4224 3001 4272 asserentes
3043 4217 3358 4273 mandatum
3400 4217 3468 4273 de

1874 4306 2132 4379 primitiis
2163 4304 2377 4378 frugum
2417 4304 2503 4362 vel
2536 4319 2792 4377 pecorum
2826 4304 3026 4360 debere
3072 4305 3239 4360 etiam
3269 4318 3464 4361 secun-

1875 4398 2004 4454 dum
2030 4397 2268 4453 litteram
2297 4404 2462 4453 stare.
2495 4394 2650 4452 Nunc
2675 4403 2861 4451 autem
2884 4396 3170 4451 videamus
3193 4398 3468 4464 quomodo

1875 4497 1933 4546 et
1962 4488 2342 4561 allegoricum,
2384 4486 2440 4543 id
2474 4494 2591 4552 est,
2634 4485 2975 4557 spiritualem
3003 4484 3231 4555 recipiat
3258 4486 3469 4542 intelle-

1876 4590 2045 4638 ctum.
2071 4579 2436 4651 Requiramus
2463 4594 2617 4651 ergo,
2641 4578 2816 4634 sicubi
2845 4578 2901 4635 in
2928 4576 3244 4649 Scripturis,
3270 4589 3470 4650 praeter

1877 4675 1944 4731 de
1964 4672 2159 4742 quibus
2183 4671 2556 4741 supradictum
2583 4678 2698 4736 est,
2727 4670 3034 4727 invenimus
3060 4672 3331 4743 primitias
3362 4690 3463 4732 no-

1878 4765 2098 4821 minari.
2127 4763 2239 4819 Nec
2261 4763 2410 4819 enim
2430 4762 2569 4819 dixit
2598 4780 2613 4816 :
2640 4761 2843 4818 Omnes
2866 4763 3123 4833 primitia‘.
3146 4762 3250 4820 olei
3275 4773 3331 4821 et
3353 4766 3466 4821 vini

1878 4866 1936 4914 et
1970 4856 2264 4927 frumenti,
2292 4848 2487 4913 borum
2522 4854 2765 4911 omnium
2793 4856 3075 4926 primitiae,
3117 4872 3238 4929 qua:
3273 4857 3467 4914 oblatae

1877 4945 2082 5003 iuerint
2109 4946 2253 5011 Deo,
2285 4945 2383 5003 tibi
2410 4944 2621 5002 dedica.
2653 4943 2896 5016 Requiro
2929 4960 3062 5018 ergo
3097 4962 3244 5005 nunc
3266 4955 3468 5017 prurter

1876 5041 1997 5097 haec
2018 5039 2113 5095 ubi
2136 5038 2393 5110 primitiae
2417 5036 2785 5094 nominentur.
2812 5035 2871 5095 Si
2895 5038 3042 5095 enim
3062 5053 3254 5095 omnes
3277 5038 3467 5110 primi-

1878 5134 1966 5189 tiae
1989 5133 2058 5191 ad
2081 5130 2393 5204 pontiﬁcem
2415 5128 2708 5200 pertinent,
2736 5130 3049 5186 necessario
3070 5131 3227 5187 nobis
3252 5138 3309 5185 et
3330 5144 3466 5199 pon-

1876 5223 2010 5281 tifex
2050 5222 2411 5293 requirendus
2452 5229 2569 5288 est,
2605 5221 2674 5277 ad
2709 5237 2873 5293 quem
2907 5222 3182 5294 pertinere
3228 5219 3462 5275 debeant

1876 5317 2043 5372 etiam
2079 5314 2184 5370 illa:
2206 5313 2478 5385 primitiae,
2505 5329 2643 5385 quas
2665 5315 2721 5372 in
2744 5315 2866 5371 aliis
2898 5313 3197 5384 Scriptura:
3221 5311 3354 5367 locis
3375 5312 3461 5366 in-

1878 5408 2020 5464 ditas
2046 5406 2373 5463 invenimus.
2406 5405 2478 5465 Et
2505 5407 2684 5479 primo
2709 5406 2927 5476 quidem
2953 5403 3215 5469 omnium,
3247 5401 3314 5456 de
3346 5401 3464 5473 ipso

1880 5499 2116 5557 Domino
2137 5496 2359 5555 Christo
2382 5498 2613 5571 legimus
2640 5498 2936 5568 scriptum,
2956 5495 3082 5566 quia
3116 5493 3184 5547 sit
3215 5494 3464 5565 primitia:

1879 5605 2205 5654 mortuorum
2241 5594 2307 5669 (Ι
2345 5593 2471 5652 Cor.
2500 5595 2628 5669 xv).
2665 5593 2763 5649 Est
2794 5603 2927 5660 ergo
2950 5597 3006 5645 et
3046 5588 3163 5659 ipse
3192 5587 3248 5642 in
3284 5588 3464 5661 aliqua

1879 5697 2034 5761 parte
2055 5688 2330 5759 primitiae.
2370 5688 2438 5745 Et
2477 5688 2674 5745 itertun
2702 5681 3009 5739 invenimus
3037 5681 3105 5736 de
3140 5681 3466 5765 quibusdam

1882 5781 2379 5855 diciabApostolo,
2402 5780 2532 5852 quia
2556 5784 2680 5835 sunt
2966 5775 3142 5843 Asia;
3161 5782 3211 5832 et
3234 5774 3332 5834 alii
3354 5777 3472 5848 pri-
