3892 6346
1290 142 1327 170 ξπ.

182 247 271 307 ~70!

879 242 1413 305 ENARRATIONES
1447 244 1519 303 IN
1555 242 1719 305 ΗΒΕ

1856 247 2324 315 ΝΒΜΕΒΟΗΗΜ.
2364 282 2436 299 --
2472 257 2605 319 LIB.
2644 257 2711 317 Ii.

3323 272 3431 331 709

179 361 506 427 concutiens,
542 358 696 432 plena
728 360 1091 419 misericordia
1116 371 1163 417 et
1196 361 1453 433 [motibus
1476 362 1625 419 bonis
1646 365 1739 437 ju-
1766 370 1820 431 Α
1914 365 2140 427 Locutus
2178 376 2253 425 est
2283 368 2541 427 Dominus
2566 373 2637 427 ad
2670 371 2911 446 Moysen,
2935 376 3116 439 dicent
3144 393 3164 432 ε
3192 377 3431 460 Praei”

177 458 344 514 dicens
376 456 492 511 sine
534 452 887 511 simulatione.
932 455 1167 511 Fructus
1200 466 1375 515 autem
1405 458 1655 529 justitite,
1685 462 1742 517 in

174 547 609 620 pmmninatur,
641 546 955 618 facientibus
980 564 1158 618 pacem
1185 547 1325 619 (Jac.
1354 548 1461 622 ιιι).

720 637 949 697 CA-PUT
988 639 1169 695 XXIII.

365 731 448 787 De
470 732 687 789 decimis
715 732 906 793 dandis
934 733 989 789 in
1019 751 1170 789 usum
1199 735 1520 792 Levitarum.

231 825 405 898 (Ιιιιυ.)
421 827 669 899 Dixitque
688 826 945 883 Dominus
971 828 1040 882 ad
1065 828 1243 883 Aaron
1264 843 1282 880 :
1306 828 1374 883 In
1400 838 1539 884 terra
1558 845 1739 886 eorum

169 917 285 973 nihil
307 918 638 989 possidebitis
669 936 763 975 nec
788 918 1043 975 habebitis
1070 929 1274 989 partem
1302 921 1438 975 inter
1468 937 1574 976 eos.
1624 921 1737 993 Ego

164 1027 274 1082 pars
307 1021 356 1066 et
396 1012 675 1069 tame-ditas
704 1022 797 1069 tua
820 1013 878 1067 in
901 1012 1073 1071 medio
1100 1014 1331 1083 ﬁliorum
1356 1014 1547 1073 Israel.
1580 1013 1629 1068 F
1630 1016 1737 1071 iliis

163 1113 322 1159 autem
351 1103 476 1160 Levi
505 1104 623 1163 dedi
646 1122 823 1161 omnes
851 1106 1079 1163 decimas
1112 1105 1328 1164 Israelis
1366 1109 1419 1163 in
1454 1110 1736 1179 possessio-

163 1212 284 1261 nem,
312 1212 412 1266 pro
439 1197 726 1255 ministerio
742 1215 860 1271 .quo
897 1200 1100 1257 servivit
1140 1202 1266 1255 mihi
1306 1202 1361 1257 in
1395 1201 1733 1257 tabernaculo

161 1286 381 1355 foederis,
416 1299 473 1343 ut
500 1306 601 1347 non
630 1290 881 1346 accedant
908 1290 1047 1346 ultra
1074 1292 1173 1360 ﬁlii
1207 1291 1377 1347 Israel
1404 1293 1473 1346 ad
1499 1292 1740 1347 taberna«

159 1377 357 1443 culum,
400 1397 495 1436 rrec
532 1383 859 1439 committant
893 1393 1165 1453 peccatum
1206 1384 1563 1453 mortiferum,
1610 1384 1738 1439 solis

154 1470 272 1539 ﬁliis
305 1470 433 1527 Levi
470 1474 527 1529 in
566 1474 907 1531 tabernaculo
952 1476 1293 1532 servientibus
1327 1484 1374 1531 et
1408 1476 1738 1546 portantibus

152 1572 355 1628 peccata
390 1565 591 1635 populi.
622 1565 937 1638 Legitimum
972 1569 1347 1637 sempiternum
1373 1568 1472 1622 erit
1507 1568 1563 1621 in
1586 1584 1739 1638 gene—

149 1656 430 1714 rationibus
456 1661 657 1717 vestris.
690 1660 843 1716 Nihil
868 1661 1014 1715 aliud
1034 1661 1392 1731 possidebunt,
1414 1660 1735 1716 decimarum

1840 456 2033 515 Levitis
2060 469 2214 530 atque
2240 460 2533 518 denuntia:
2559 462 2691 523 Cum
2714 466 3017 537 acceperitis
3046 484 3078 521 a
3104 468 3233 538 ﬁliis
3259 456 3432 535 Israel

1839 550 2105 617 decimas,
2149 568 2280 622 quas
2321 553 2441 608 dedi
2486 554 2662 620 vobis,
2708 555 2973 625 primitias
3019 574 3203 617 eorum
3249 564 3434 635 olferte

1837 642 2095 711 Domino,
2122 645 2178 700 id
2200 655 2276 700 est
2294 687 2310 713 ,
2344 647 2600 701 decimam
2636 657 2841 719 partem
2869 649 3086 705 decimae
3104 693 3119 721 ,
3143 662 3201 708 ut
3226 668 3435 728 repute-

1837 740 1927 789 tur
1957 734 2096 793 vobis
2133 737 2189 791 in
2226 735 2538 791 oblationem
2574 738 2978 807 primitivorum.
3023 740 3152 799 Tam
3187 744 3251 801 de
3291 749 3433 805 areis

1835 841 1996 895 quam
2034 826 2098 881 de
2128 825 2511 892 torcularibus,
2550 836 2598 883 et
2646 830 2902 887 universis
2931 850 3153 904 quorum
3190 838 3430 909 accipitis

1836 916 2119 986 primitias,
2143 918 2325 987 o/i‘erte
2351 915 2597 985 Domino,
2627 928 2675 975 et
2699 920 2822 975 date
2847 938 2909 977 ea
2939 922 3117 979 Aaron
3144 928 3426 996 sacerdoti,

1836 1015 1891 1063 et
1934 1008 2035 1065 rel.
2085 1008 2198 1064 Hoc
2244 1011 2298 1065 in
2344 1010 2677 1082 expositione
2724 1011 3010 1084 allegorica
3065 1016 3141 1075 ita
3192 1019 3429 1077 arbitror

1833 1116 1993 1171 posse
2021 1110 2305 1173 constare,
2339 1103 2385 1157 si
2416 1104 2539 1175 quis
2569 1103 2654 1158 vel
2682 1106 2967 1176 egentibus
2997 1108 3308 1179 distribuat,
3343 1112 3427 1169 vel

1834 1191 2003 1251 faciat
2038 1193 2240 1265 aliquid
2269 1194 2398 1249 boni
2439 1195 2641 1265 operis,
2680 1210 2779 1266 pro
2814 1197 3070 1253 mandato
3107 1215 3304 1257 munus
3331 1205 3429 1259 ob-

1836 1282 1956 1339 tulit
1988 1284 2116 1337 Deo.
2152 1282 2257 1339 Sed
2289 1284 2447 1352 hujus
2476 1285 2719 1341 muneris
2742 1283 2903 1341 oli‘ert
2928 1287 3218 1357 primitias,
3247 1291 3291 1346 si
3317 1308 3425 1348 non

1838 1373 2012 1431 solum
2034 1375 2183 1431 cibos
2206 1376 2358 1433 verbi
2386 1376 2579 1445 gratia,
2604 1375 2691 1438 vel
2714 1377 3003 1445 pecuniam
3027 1376 3311 1449 largiatur,
3333 1383 3429 1437 sed

1836 1473 1895 1523 et
1930 1465 2182 1523 allectum
2212 1468 2505 1524 miserandi
2546 1470 2745 1527 habeat
2792 1477 2847 1524 et
2891 1471 3272 1541 compatiendi.
3317 1472 3428 1529 Hoc

1834 1560 1983 1615 enim
2021 1568 2105 1617 est
2148 1562 2292 1631 quod
2336 1561 2568 1632 requirit
2607 1561 2676 1616 ab
2713 1557 2935 1618 homine
2973 1563 3150 1631 Deus,
3188 1572 3248 1618 ut
3275 1580 3431 1623 mens

1834 1652 1950 1722 ipsa
1992 1654 2095 1723 piis
2135 1662 2191 1709 et
2237 1655 2683 1710 misericordibus
2726 1655 3005 1727 repleatur
3053 1666 3108 1711 et
3160 1656 3430 1715 formetur

140 1749 401 1809 oblatione
438 1754 708 1818 contenti,
738 1769 871 1822 quas
900 1753 954 1809 iu
993 1769 1122 1808 usus
1148 1769 1328 1811 eorum
1356 1762 1407 1809 et
1440 1754 1732 1809 necessaria
1759 1747 1809 1807 B
1836 1745 2146 1814 aﬂ'eﬂibus,
2196 1756 2252 1802 et
2292 1748 2360 1803 ab
2404 1750 2654 1807 omnibus
2703 1750 3167 1809 immolationibus
3211 1768 3423 1811 eorum.

132 1844 394 1909 separavi.
436 1844 501 1898 Et
529 1844 584 1898 in
622 1843 800 1898 \‘eteri
827 1851 881 1897 et
912 1844 967 1901 in
1004 1842 1152 1898 Novo
1188 1844 1536 1900 Testamento
1561 1844 1724 1899 mini-

126 1933 257 1988 stris
294 1934 495 1989 altaris
519 1946 576 1993 et
614 1935 970 1991 servitoribns
1006 1935 1187 2005 templi
1219 1936 1466 2003 Domini,
1504 1935 1725 1992 manda-

124 2030 246 2079 tum
279 2033 374 2080 est
400 2026 469 2082 de
495 2027 827 2083 oblationum
860 2026 1108 2099 largitate
1147 2036 1203 2082 et
1232 2027 1564 2087 decimarum
1593 2027 1721 2082 dato

124 2116 531 2172 nutrimentum
581 2119 811 2183 habere,
865 2132 963 2173 nec
1012 2118 1243 2175 terrenis
1292 2118 1725 2187 possessionibus

129 2221 455 2262 concessum
487 2217 571 2263 est
610 2208 689 2264 eis
735 2208 1095 2277 adipiscendis
1135 2209 1243 2264 ullo
1286 2210 1448 2267 modo
1484 2210 1718 2267 inhiare.

134 2299 283 2355 Unde
316 2299 577 2359 Dominus
607 2301 658 2357 in
694 2299 985 2372 Evangelia
1010 2302 1274 2372 apostolis
1301 2312 1358 2359 et
1395 2305 1720 2374 prmdicatm

136 2392 279 2446 ribus
320 2391 595 2463 Evangelii
648 2392 939 2464 prmcepit,
990 2394 1177 2454 dicens
1232 2414 1246 2452 ι
1301 2395 1499 2453 Euntes
1546 2405 1722 2453 autem

136 2484 433 2551 pradicate,
467 2484 719 2551 dicentes,
757 2486 882 2554 quia
909 2487 1345 2559 apptepiaquabit
1376 2504 1591 2558 regnum
1617 2503 1720 2543 ete-

137 2582 316 2634 lorum.
358 2578 611 2645 Inﬁrmus
642 2589 853 2644 curate,
904 2590 1137 2636 mortuos
1173 2582 1446 2647 suscitato,
1492 2583 1721 2654 leprosos

138 2673 402 2736 ntundate,
446 2673 713 2728 amatorios
757 2671 950 2741 ejicite.
993 2674 1173 2730 (iratis
1216 2676 1518 2746 accepistis,
1556 2679 1721 2747 gratis

137 2768 262 2819 date.
292 2764 481 2820 Nolite
505 2765 774 2836 possidere
800 2781 1017 2834 aurum,
1042 2784 1209 2839 neque
1229 2780 1527 2840 argentum,
1559 2786 1724 2841 neque

135 2857 403 2927 pernitiem
440 2858 495 2911 in
542 2858 691 2912 zonis
718 2858 934 2923 vestris,
961 2874 1066 2914 non
1101 2876 1283 2929 perant
1314 2860 1369 2915 in
1399 2861 1516 2926 via,
1558 2876 1724 2931 neque

135 2955 253 3004 duas
286 2950 537 3014 tunicas,
568 2966 734 3020 itaque
761 2950 1143 3017 calciamenta,
1181 2969 1346 3023 neque
1380 2954 1598 3025 virgam.
1626 2955 1723 3011 Di-

134 3056 250 3111 guns
277 3053 357 3096 est
393 3044 530 3096 enim
569 3043 844 3112 operarius
872 3044 988 3098 cibo
1012 3060 1108 3099 suo
1137 3036 1354 3117 (Mattio.
1390 3047 1467 3119 κ).
1500 3047 1638 3106 Hinc
1664 3058 1722 3107 et

134 3129 316 3188 Paulus
337 3132 647 3191 Corinthiis
667 3133 892 3203 loquens
915 3153 929 3190 :
955 3133 1185 3191 Nescitis
1203 3178 1219 3204 ,
1244 3138 1419 3208 inquit
1434 3179 1449 3204 ,
1469 3142 1718 3212 quoniam

132 3226 209 3295 qui
248 3226 303 3280 in
352 3226 597 3280 sacrario
643 3236 949 3296 operantur,
1000 3244 1120 3299 quin
1165 3229 1231 3284 de
1274 3232 1513 3286 sacrario
1562 3242 1715 3299 sunt,

133 3317 322 3372 edunt?
351 3315 464 3382 Qui
495 3314 656 3370 altari
687 3317 1012 3383 deserviunt,
1052 3336 1171 3375 cum
1203 3319 1366 3376 altari
1399 3323 1717 3395 participant

134 3406 175 3479 (I
205 3409 325 3464 (lor.
361 3408 465 3480 Ix).
491 3409 566 3464 ita
587 3417 643 3465 et
668 3409 931 3466 Dominus
955 3412 1226 3468 ordinavit
1246 3414 1332 3470 bis
1356 3415 1450 3485 qui
1474 3415 1718 3486 Evange—
1754 3440 1757 3441 ν

131 3500 250 3556 lium
278 3504 608 3558 anmmliant
640 3503 707 3558 de
731 3503 1024 3572 Evangelia
1050 3507 1253 3561 vivere.
1290 3506 1431 3565 Ilinc
1454 3516 1509 3563 et
1531 3510 1599 3563 ad
1626 3508 1717 3563 Ti-

134 3593 401 3650 motheum
430 3594 700 3660 scribens,
728 3594 807 3653 ait
831 3612 845 3648 ι
872 3592 1042 3653 Nemo
1065 3596 1299 3651 militans
1324 3596 1458 3661 Deo,
1483 3597 1717 3668 implicat

132 3703 178 3739 se
203 3689 431 3759 negotiis
456 3687 833 3755 scemtlaribus,
864 3698 925 3744 ut
949 3690 997 3743 ei
1031 3688 1235 3761 placeat
1266 3692 1352 3746 cui
1375 3707 1432 3745 se
1459 3690 1714 3763 probavit.

134 3777 257 3833 Nam
287 3790 339 3835 et
376 3780 466 3848 qui
497 3790 657 3833 certat
682 3782 739 3834 in
767 3798 956 3852 agone,
992 3798 1099 3839 non
1127 3795 1413 3841 coronatur
1450 3786 1553 3845 nisi
1582 3786 1714 3858 legi-

133 3871 238 3927 time
267 3870 572 3925 certaverit.
610 3870 959 3928 Laborantem
998 3876 1136 3929 enim
1184 3877 1471 3947 agricolam
1517 3888 1718 3949 oportet

131 3964 345 4031 primum
378 3962 447 4016 de
469 3963 730 4032 fructibus
759 3974 913 4021 teme
932 3970 1198 4039 percipere
1220 3970 1303 4043 (II
1333 3970 1467 4025 Tim.
1501 3972 1581 4044 ιι).
1606 3972 1717 4029 Nec

131 4058 259 4112 enim
294 4057 637 4112 conveniens
667 4066 751 4113 est
786 4066 848 4114 ut
888 4059 1009 4127 ille,
1043 4076 1205 4133 quem
1246 4072 1463 4134 oportet
1504 4080 1717 4137 semper

132 4158 294 4206 astare
321 4148 507 4205 oilicio
535 4150 748 4219 divino,
778 4166 879 4224 pro
908 4156 1246 4224 acquirendo
1283 4166 1580 4227 occupetur
1609 4167 1717 4215 ter-

128 4246 248 4297 ‘rcno
271 4244 450 4299 lucro.
480 4243 537 4300 Si
565 4247 687 4317 quis
715 4253 897 4303 autent
924 4249 1201 4318 quaesierit
1220 4251 1351 4320 quid
1372 4252 1601 4323 mystice
1620 4253 1709 4307 de-

135 4334 269 4391 cimas
295 4336 611 4408 signiﬁcent
631 4381 645 4406 ,
674 4339 809 4394 sciat
836 4340 1240 4396 observantiam
1269 4341 1404 4413 legis
1434 4343 1489 4397 in
1514 4343 1596 4399 eis
1622 4356 1713 4398 ae-

135 4426 296 4496 cipere
318 4442 516 4500 posse,
548 4430 663 4485 sire
693 4430 1060 4503 integritatem
1101 4430 1227 4489 ﬁdei
1256 4434 1563 4501 catholicae,
1609 4451 1705 4492 seu

133 4496 507 4585 perfectionem
558 4496 835 4576 bonorum
871 4534 1126 4591 operum,
1171 4540 1293 4594 quae
1340 4496 1575 4581 maxime
1623 4496 1786 4582 hisD

134 4616 369 4671 convenit
403 4617 606 4672 habere
627 4660 641 4684 ,
680 4617 773 4687 qui
799 4618 1032 4688 speciale
1056 4619 1171 4675 Deo
1199 4621 1480 4677 servitium
1511 4638 1707 4678 secun—

134 4705 241 4762 dum
266 4709 594 4764 eiectionem
612 4751 626 4777 ,
653 4722 759 4781 qua
786 4711 945 4766 electi
970 4719 1097 4767 sunt
1137 4713 1205 4767 ad
1234 4714 1597 4769 ministerium
1627 4714 1710 4769 di-

132 4796 326 4866 vinum,
376 4801 638 4856 exhibere
671 4801 887 4857 debent.
932 4801 990 4857 In
1032 4802 1255 4859 denario
1292 4804 1435 4859 enim
1480 4820 1708 4861 numero

134 4901 383 4948 creaturae
409 4899 465 4948 et
483 4893 763 4950 Creatoris
786 4894 1024 4965 cognitio
1052 4898 1547 4968 comprehenditur,
1578 4898 1704 4970 quia

134 4988 453 5054 septenarius
488 4998 748 5044 numerus
785 4986 850 5043 ad
886 4992 1143 5044 aeternam
1177 4992 1395 5060 respicit
1420 5002 1702 5059 naturam,

136 5080 284 5136 tribus
312 5080 571 5137 videlicet
607 5082 717 5137 vim
759 5082 954 5137 animae
992 5082 1417 5140 ostendentibus.
1460 5084 1613 5140 Unde
1650 5092 1705 5140 ct

134 5171 179 5225 in
213 5175 632 5234 Deuteronomio
680 5177 937 5248 scriptum
983 5180 1067 5231 est
1115 5193 1129 5229 :
1171 5176 1370 5247 Diliges
1418 5178 1703 5235 Dominum

135 5262 282 5320 Deum
320 5278 492 5334 tuum,
521 5285 586 5323 ea:
620 5276 726 5323 toto
757 5268 912 5322 corde
938 5277 1051 5334 tuo,
1086 5275 1134 5321 et
1164 5282 1228 5321 es:
1251 5276 1358 5321 tota
1384 5268 1562 5322 anima
1586 5277 1698 5334 tua,

134 5364 176 5408 et
217 5374 273 5413 ex
313 5359 622 5431 fortitudine
667 5370 757 5413 tua
792 5359 981 5433 (Dent.
1023 5358 1137 5429 vi).
1176 5358 1383 5439 Corpus
1417 5370 1595 5414 autem
1635 5374 1701 5416 ex

136 5456 349 5517 quatuor
372 5453 675 5509 notissimis
704 5460 916 5509 constat
944 5451 1242 5509 sternentis.
1276 5452 1412 5509 illnc
1444 5453 1588 5509 enim
1619 5468 1703 5510 se-

135 5549 458 5615 ptenarium,
496 5549 542 5605 si
587 5549 823 5604 ternario
857 5564 1081 5605 numero
1110 5548 1270 5605 iidem
1310 5559 1364 5604 et
1411 5547 1707 5605 confessio-

134 5652 247 5693 nem
270 5651 468 5698 sancta:
502 5640 789 5697 Trinitatis
816 5636 1139 5714 esprimcnti
1169 5638 1506 5714 adiunxeris,
1534 5641 1704 5700 dena-

132 5728 262 5792 rium
289 5733 392 5792 rite
427 5731 742 5810 compiebis.
968 5752 973 5759 ε
1420 5760 1423 5767 ’

1826 1839 2127 1898 immolatio
2163 1841 2419 1911 spiritalis
2449 1849 2534 1897 est
2569 1841 2659 1897 illa
2685 1859 2851 1913 quam
2885 1844 3115 1915 legimus
3150 1865 3162 1900 :
3195 1844 3424 1902 Immola

1826 1932 1939 1987 Deo
1977 1932 2300 2001 sacriﬁcium
2339 1932 2549 1999 laudis,
2593 1946 2642 1989 et
2674 1934 2834 1989 redde
2871 1933 3143 1991 Altissimo
3173 1945 3292 1991 vota
3328 1946 3421 1992 tua

1827 2019 2004 2094 (Psal.
2036 2021 2207 2092 XLIX).
2240 2021 2486 2079 Laudare
2520 2023 2666 2079 enim
2696 2024 2864 2083 Deum
2903 2033 2958 2078 et
2993 2033 3119 2083 vota
3157 2025 3422 2085 orationis

1824 2109 2054 2177 ctione,
2097 2112 2381 2167 immolare
2413 2121 2495 2168 est
2524 2112 2652 2168 Deo.
2684 2112 2790 2168 Sed
2820 2114 3129 2188 huiusmodi
3164 2115 3414 2175 immola-

1823 2205 1988 2263 tionis
2014 2206 2290 2277 primitias,
2319 2208 2394 2263 ita
2415 2223 2516 2278 per
2543 2209 2854 2280 pontificem
2885 2209 3199 2277 otl‘crentur,
3230 2212 3276 2269 si
3308 2228 3417 2269 non

1822 2295 1997 2357 solum
2026 2295 2208 2355 verbis
2236 2304 2291 2351 et
2318 2311 2472 2364 voce,
2500 2298 2595 2355 sed
2621 2306 2676 2355 et
2698 2308 2878 2355 mente
2904 2315 3122 2357 oremus
3148 2309 3205 2357 et
3233 2303 3416 2363 corde.

1825 2390 2133 2451 Secundum
2175 2393 2320 2463 quod
2360 2402 2416 2449 et
2454 2393 2654 2450 Paulus
2698 2404 2883 2455 monet
2923 2414 2936 2450 :
2978 2395 3155 2453 Orabo
3196 2398 3420 2470 spiritu,

1822 2482 1985 2541 orabo
2008 2491 2057 2539 et
2081 2493 2252 2538 mente
2280 2482 2333 2555 (1
2365 2483 2487 2539 Cor.
2520 2485 2656 2558 xiv).
2684 2486 2959 2547 Psalmum
2988 2489 3166 2549 dicam
3196 2491 3421 2563 spiritu,

1822 2573 2093 2643 psalmum
2132 2574 2311 2630 dicam
2355 2583 2412 2630 et
2443 2585 2644 2631 mente.
2684 2575 2961 2635 Assistunt
2995 2579 3143 2639 enim
3184 2588 3239 2639 et
3275 2596 3421 2639 nunc

1825 2667 2004 2738 angeli
2040 2668 2168 2732 Dei,
2199 2667 2436 2723 cultores
2459 2676 2514 2722 et
2541 2669 2794 2740 agricola:
2820 2669 3001 2725 cordis
3025 2669 3226 2737 nostri,
3252 2678 3307 2725 et
3334 2685 3420 2731 re-

1824 2762 2049 2830 quirunt
2074 2760 2120 2815 si
2142 2768 2225 2819 est
2259 2762 2315 2819 in
2350 2760 2532 2830 aliquo
2567 2770 2817 2817 nostrum
2854 2760 3235 2836 huiuscemodi
3266 2778 3424 2821 mens

1824 2863 1937 2911 tam
1958 2855 2189 2911 sollicita
2207 2894 2221 2921 ,
2244 2871 2369 2926 quas
2401 2856 2626 2913 verbum
2650 2858 2748 2912 Dei
2780 2865 3035 2928 tanquam
3061 2873 3250 2919 semen
3279 2859 3421 2919 divi-

1824 2963 1955 3003 num
1993 2954 2108 3003 tota
2148 2946 2408 3003 aviditate
2446 2949 2767 3019 susceperit,
2797 2949 2842 3005 si
2872 2948 3107 3009 fructum
3146 2951 3331 3011 statim
3363 2959 3424 3009 ut

1826 3040 1896 3095 ad
1922 3039 2227 3097 orationem
2258 3054 2565 3111 surgemus,
2593 3040 2913 3106 ostenderit,
2942 3039 2995 3099 id
3026 3049 3129 3109 est,
3159 3042 3207 3103 si
3249 3042 3414 3101 colle-

1748 3119 1793 3185 C
1825 3134 1929 3189 etis
1953 3145 2010 3189 et
2037 3134 2384 3205 congregatis
2412 3133 2555 3189 intra
2586 3147 2646 3190 se
2673 3133 2953 3200 sensibus,
2990 3143 3113 3193 oret
3134 3134 3339 3202 Deum,
3371 3137 3419 3193 si

1820 3241 1930 3282 non
1961 3236 2223 3299 evagetur
2255 3233 2439 3284 mente
2472 3236 2529 3282 et
2564 3227 2987 3300 cogitationibus
3017 3228 3226 3298 evolat,
3253 3230 3330 3289 ita
3355 3238 3418 3287 ut

1819 3336 2050 3393 corpore
2086 3323 2307 3394 quidem
2345 3322 2400 3377 in
2439 3306 2690 3380 oratione
2722 3331 3000 3391 curvetur,
3040 3324 3293 3383 sensibus
3317 3338 3418 3380 au-

1817 3422 1927 3471 tem
1955 3430 2054 3486 per
2086 3416 2301 3471 diversa
2327 3416 2615 3473 discurrat.
2650 3416 2711 3473 Si
2740 3419 2884 3487 quis,
2926 3418 3149 3488 inquam
3168 3460 3185 3485 ,
3212 3419 3269 3479 in
3297 3427 3420 3479 tan-

1820 3518 1931 3564 tam
1958 3517 2014 3564 et
2039 3510 2299 3565 directam
2341 3511 2775 3565 obsecrationem
2805 3526 2960 3568 suam
2980 3551 2996 3576 ,
3026 3517 3085 3566 et
3117 3512 3249 3581 ipsis
3275 3525 3412 3567 cen-

1819 3602 2098 3671 spectibus
2133 3610 2296 3670 atque.
2332 3602 2589 3657 ineﬂ‘aisili
2632 3603 2707 3656 illi
2756 3602 2944 3657 lumini
2988 3617 3047 3657 se
3087 3603 3418 3660 intellexerit

1820 3692 2187 3758 assistentem,
2216 3692 2400 3762 ibique
2420 3693 2697 3748 orationes
2719 3694 3205 3751 et'obseerstiones
3225 3704 3413 3765 postu-

1817 3784 2157 3855 lationesque
2192 3790 2249 3839 et
2288 3785 2587 3854 gratiarum
2630 3785 2873 3843 actiones
2913 3801 3039 3842 suas
3076 3787 3411 3857 profuderit,

1817 3876 1964 3934 nulla
2011 3876 2350 3932 extrinsecus
2382 3877 2685 3946 pbantssim
2725 3877 2988 3933 sollicitus
3043 3877 3305 3945 imagine,
3367 3879 3415 3935 is

1819 3983 1879 4024 se
1904 3968 2113 4022 noverit
2141 3982 2238 4037 per
2262 3967 2513 4037 angelum
2532 4007 2547 4032 ,
2578 3969 2671 4038 qui
2699 3968 2905 4024 assistit
2931 3968 3119 4037 altari,
3148 3969 3415 4027 obtulisse

1819 4057 2208 4115 immolationis
2237 4073 2346 4115 suae
2374 4060 2646 4129 primitias
2666 4061 2913 4132 pontiﬁci
2941 4077 3140 4136 magno
3175 4070 3230 4120 et
3258 4074 3410 4131 vero,

1817 4151 2038 4207 Christo
2065 4151 2193 4209 Jesu
2220 4154 2449 4208 Domino
2474 4161 2683 4208 nostro.

2385 4268 2613 4325 CAPUT
2645 4268 2836 4325 XXIV.

1814 4358 1891 4416 De
1926 4374 2081 4416 vacca
2120 4359 2242 4431 rufa
2290 4369 2339 4415 et
2380 4362 2706 4415 crvrem’oniis
2751 4361 2900 4430 ejus,
2941 4366 3098 4430 atque
3134 4356 3409 4413 munditiis

2254 4448 2319 4487 ea:
2346 4432 2608 4487 cineribus
2633 4433 2750 4501 ejus
2778 4431 2955 4499 factis.

1885 4523 2038 4593 (Gn.
2079 4523 2218 4595 xix.)
2256 4521 2589 4592 Locutnsque
2618 4530 2694 4575 est
2732 4518 2993 4574 Dominus
3034 4518 3107 4579 ad
3153 4518 3406 4590 Moysen,

1814 4616 1992 4670 dicens
2023 4631 2041 4669 :
2074 4615 2188 4669 Ista
2218 4622 2294 4667 est
2322 4613 2506 4683 religio
2534 4614 2782 4678 victinue,
2820 4626 2980 4682 quam
3009 4612 3278 4667 constituit
3298 4611 3407 4668 Do-

1812 4708 2008 4761 minus.
2042 4705 2280 4775 Pra'cipe
2309 4705 2435 4774 ﬁliis
2471 4705 2680 4770 Israel,
2721 4713 2779 4757 ut
2818 4704 3084 4760 adducant
3111 4706 3181 4760 ad
3210 4715 3261 4762 te
3284 4722 3425 4779 vae-1

1816 4814 1934 4853 cam
1968 4798 2145 4868 rufam
2180 4796 2355 4851 a-tatis
2380 4797 2626 4867 integrce,
2666 4796 2723 4850 in
2759 4811 2864 4868 qua
2892 4796 3039 4852 nulla
3076 4798 3406 4867 sit‘macula,

1814 4906 1906 4944 nec
1928 4888 2212 4960 portaverit
2234 4887 2459 4959 iugum;
2488 4886 2768 4959 tradesque
2789 4905 2906 4944 eam
2932 4888 3196 4949 Eleamo
3223 4905 3404 4946 sacer-

1812 4984 1943 5050 doti,
1974 4985 2062 5057 (ναί
2086 4984 2329 5041 edttt'tam
2350 4990 2503 5036 extra
2527 4989 2702 5038 castra
2726 4981 3021 5037 immolabit
3039 4983 3096 5038 in
3123 4990 3403 5054 conspectu

1813 5074 2044 5129 omnium
2064 5091 2084 5139 ;
2113 5082 2163 5128 et
2196 5075 2400 5145 cingens
2430 5072 2651 5145 digitum
2678 5074 2734 5127 in
2762 5074 3019 5144 sanguine
3044 5073 3191 5143 ejus,
3219 5087 3393 5143 asper-

1810 5177 1892 5239 get
1923 5176 2109 5222 contra
2138 5168 2277 5237 feros
2300 5165 2627 5223 tabernaculi
2647 5175 2840 5239 septem
2870 5167 3089 5229 vicibus,
3114 5165 3407 5219 comburi-t-

1807 5277 1909 5332 que
1927 5274 2041 5315 eam
2067 5261 2269 5315 eunetis
2296 5260 2606 5315 videntibus.
2634 5259 2764 5315 Tant
2789 5258 3039 5315 carnibus
3058 5264 3105 5311 et
3127 5254 3262 5329 pelle
3283 5255 3405 5325 ejus

1806 5369 1965 5427 quam
1996 5353 2251 5423 sanguine
2280 5361 2329 5406 et
2354 5351 2480 5420 ﬁmo
2501 5352 2731 5423 ﬂamma
2756 5348 2986 5405 traditis.
3016 5345 3240 5416 Liynum
3267 5361 3398 5415 quo-

1806 5464 1907 5525 que
1931 5450 2200 5506 cedrinum
2229 5458 2277 5505 et
2304 5449 2584 5521 hyssopum
2610 5458 2922 5514 caecumque
2943 5442 3021 5496 bis
3040 5441 3280 5504 tinctum,
3302 5455 3395 5493 sa-

1806 5545 1991 5602 cerdos
2013 5545 2182 5599 mittet
2208 5542 2265 5598 in
2287 5545 2581 5615 ﬂammant,
2612 5553 2731 5611 quis
2755 5549 2970 5590 vaccam
2999 5540 3170 5598 vorat,
3198 5541 3248 5588 et
3269 5541 3397 5589 tunc

1805 5642 2016 5697 demum
2042 5637 2162 5693 lotis
2189 5637 2412 5695 vestibus
2452 5643 2501 5690 et
2537 5644 2752 5702 corpore
2787 5642 2921 5692 suo,
2949 5625 3273 5697 ingredietur
3304 5640 3395 5681 ca-

1801 5740 1920 5794 stra
1946 5742 1977 5801 ,ι
1995 5730 2510 5807 mucida-squ
2539 5723 2643 5780 erit
2676 5734 2840 5795 mese
2866 5719 2938 5781 ad
2966 5732 3255 5795 superam.
3284 5718 3393 5783 Sed
