3892 6346
448 347 560 414 795

1119 340 1180 396 Β.
1218 338 1475 400 MBAN!
1510 337 1734 398 MAURI
1769 337 2092 397 ARCHIEP.
2125 333 2442 394 'MOGUNT.
2482 333 2768 392 OPERUM
2805 332 2984 392 PARS
3014 331 3058 390 l.

3627 339 3725 398 πει

449 478 500 523 ει
525 465 619 524 ille
647 463 741 535 qui
766 459 1107 516 eombusserit
1129 474 1270 526 eam,
1299 457 1492 512 lava-bit
1527 457 1825 512 vestimenta
1859 472 1957 511 sua
1984 464 2034 510 et
2062 459 2116 520 Α
2139 461 2370 524 asperget
2401 461 2581 506 contra
2609 451 2747 520 fores
2777 449 3121 504 tabernaculi.
3161 449 3299 516 Quid
3325 465 3460 521 ergo
3481 452 3592 508 hoc
3612 452 3725 514 loco

450 575 657 630 corpus,
683 565 732 611 et
758 554 1059 610 immundus
1087 555 1188 608 erit
1215 569 1380 623 usque
1402 552 1470 606 ad
1501 568 1785 621 vesperam.
1817 550 2036 622 Colliget

451 660 628 706 autem
654 646 882 706 mundus
910 646 988 700 vir
1009 646 1208 700 cineres
1229 660 1429 709 uaccae,
1449 653 1499 696 et
1523 643 1756 711 e/fundet
1783 659 1869 696 eos
1888 651 2037 696 extra

452 747 652 807 castra,
680 739 874 794 inloco
902 737 1202 808 purissimo,
1237 745 1295 789 ut
1323 736 1429 790 sint
1450 734 1776 788 multitudini
1805 733 2040 802 ﬁliorum

455 833 628 892 Israel
659 835 714 887 in
736 831 1031 886 custodiam
1054 839 1102 883 et
1130 829 1184 882 in
1204 844 1398 898 aquam
1427 828 1767 896 aspersionis,
1794 827 1920 898 quia
1945 842 2040 895 pro

455 934 667 999 peccato
707 939 867 978 vacca
908 921 1176 978 combusta
1215 928 1310 974 est.
1357 916 1508 973 Solet
1545 933 1642 986 per
1687 915 2044 972 masculinum

457 1031 649 1072 sexum
677 1013 969 1077 fortitudo,
1000 1027 1098 1081 per
1133 1010 1450 1066 femininum
1478 1024 1608 1064 vero
1634 1007 1923 1064 inﬁrmitas
1952 1008 2045 1063 de-

458 1107 682 1176 signari.
725 1104 865 1171 Quid
902 1118 1032 1173 ergo
1069 1117 1166 1171 per
1207 1117 1458 1166 vaccam,
1507 1101 1610 1156 nisi
1655 1108 1932 1170 assumpta
1977 1101 2045 1155 ad

429 1195 785 1252 asacrilicium
816 1193 1104 1248 inﬁrmitas
1143 1192 1536 1248 incarnationis
1578 1190 1872 1246 Dominicae
1911 1189 2046 1260 ﬁgu-

459 1288 646 1342 ratur?
676 1286 753 1340 De
775 1299 880 1354 quo
907 1284 1169 1353 scriptum
1195 1291 1300 1347 est,
1323 1283 1448 1352 quia
1473 1291 1520 1334 et
1541 1282 1587 1336 si
1617 1289 1852 1334 mortuus
1883 1289 1955 1334 est
1982 1296 2048 1334 ea:

459 1378 800 1446 inﬁrmitate,
832 1374 923 1430 sed
965 1375 1088 1430 vivit
1123 1389 1189 1428 ex
1225 1373 1414 1426 uirtute
1455 1370 1554 1424 Dei
1603 1369 1698 1440 (ΙΙ
1735 1368 1858 1424 Cor.
1889 1368 2045 1439 xm).

458 1469 605 1526 Bene
625 1478 818 1526 autem
857 1483 1024 1523 vacca
1072 1468 1204 1522 huic.
1227 1466 1396 1524 etiam
1420 1463 1538 1522 rufa
1566 1463 1782 1527 dicitur,
1814 1463 1942 1532 quia
1968 1463 2051 1518 vi-

459 1561 656 1616 delicet
682 1562 802 1631 ejus
830 1558 1140 1614 humanitas
1171 1559 1333 1614 rubra
1373 1569 1470 1626 per
1508 1569 1755 1610 cruorem
1783 1553 2051 1623 passionis

391 1693 403 1706 .
459 1651 580 1708 fuit.
611 1653 770 1710 Unde
796 1662 850 1708 et
886 1653 943 1706 in
975 1649 1219 1706 Canticis
1259 1648 1595 1704 canticorum
1623 1646 1690 1700 ab
1732 1659 1927 1713 sponsa
1957 1643 2053 1698 de-

458 1744 714 1800 scribitur
758 1743 971 1798 dicente
1016 1760 1030 1795 :
1069 1740 1300 1794 Dilectus
1327 1756 1483 1793 meus
1528 1736 1786 1792 candidus
1817 1745 1868 1789 et
1909 1733 2054 1786 rubi-

2139 544 2570 609 tabernaculum,
2613 543 2718 598 nisi
2745 551 2856 597 tota
2903 542 3064 597 simul
3091 541 3378 613 Synagoga
3423 545 3722 616 accipitur?

2139 638 2244 706 Qui
2270 653 2402 708 ergo
2447 635 2667 692 tinxerit
2708 637 2765 691 in
2805 635 3124 707 sanguinem
3149 637 3272 706 ejus
3296 637 3553 708 digitum,
3580 655 3723 698 eum-

2140 733 2261 786 dem
2289 730 2604 799 sanguinem
2636 737 2824 784 contra
2865 727 3032 784 fores
3054 728 3397 783 tabernaculi
3441 740 3718 802 aspergat,

2141 819 2194 874 id
2229 828 2332 885 est,
2367 819 2614 890 quisquis
2642 819 2911 889 passionis
2937 818 3056 889 ejus
3084 819 3203 874 vias
3231 819 3480 875 imitatur
3500 862 3516 886 ,
3563 821 3719 894 Syna.

2141 927 2290 982 gogae
2331 927 2438 968 non
2474 911 2717 967 credenti
2765 917 2820 964 et
2864 910 3286 976 contradicenti,
3350 925 3453 980 per
3487 914 3720 984 exempla

2142 1007 2304 1070 bona,
2334 1020 2432 1074 per
2469 1004 2910 1074 praedicationem
2941 1010 3181 1068 rectam,
3216 1003 3435 1072 signum
3487 1003 3624 1059 bene
3653 1007 3718 1060 vi-

2143 1099 2302 1154 vendi
2329 1097 2584 1168 praebeat.
2616 1096 2816 1151 Contra
2841 1095 2986 1150 fores
3017 1095 3165 1150 enim
3189 1094 3534 1150 tabernaculi
3559 1111 3718 1151 vaccae

2147 1190 2462 1261 sanguinem
2501 1204 2813 1260 aspergere,
2851 1195 2939 1243 est
2977 1187 3255 1243 resistenti
3298 1187 3444 1256 plebi
3497 1187 3714 1244 Iudaicae

2145 1297 2245 1352 per
2277 1280 2716 1351 prmdicationem
2752 1287 2988 1342 rectam,
3028 1294 3128 1348 per
3153 1287 3346 1333 sancta
3381 1293 3588 1348 opera,
3612 1295 3714 1348 pas-

2148 1373 2316 1428 sionis
2356 1373 2471 1440 ejus
2500 1371 2744 1440 exempla
2785 1378 3111 1424 monstrare.
3139 1370 3287 1425 Bene
3318 1379 3506 1425 autem
3544 1372 3714 1426 dicitur

2147 1476 2208 1522 ut
2247 1467 2444 1536 digitus
2473 1466 2527 1519 in
2561 1465 2678 1533 ejus
2705 1464 2968 1533 sanguine
3008 1472 3216 1533 septem
3262 1463 3478 1520 vicibus
3515 1465 3717 1535 inunga-

2149 1566 2238 1612 tur
2263 1566 2316 1612 et
2344 1565 2681 1628 aspergatur.
2711 1557 2768 1610 in
2799 1556 3106 1626 septenario
3135 1556 3281 1610 enim
3309 1573 3538 1612 numero
3568 1557 3716 1627 perle-

2150 1652 2259 1706 ctio
2306 1651 2592 1720 accipitur.
2648 1649 2798 1704 Unde
2833 1659 2889 1703 et
2936 1657 3142 1718 septem
3175 1649 3369 1704 diebus
3419 1650 3710 1704 universum

2153 1757 2366 1818 tempus
2414 1747 2706 1816 impletur,
2752 1753 2808 1800 et
2848 1743 3083 1814 Spiritus
3134 1751 3360 1798 sanctus
3408 1744 3711 1813 septiformis

459 1837 662 1894 candus
696 1835 884 1905 (Cant.
923 1835 1009 1905 v).
1052 1833 1327 1887 Candidus
1364 1830 1615 1885 videlicet
1644 1842 1710 1882 ex
1743 1827 2044 1889 divinitate,
2075 1825 2124 1888 B
2151 1846 2393 1892 νοωιυτ,
2430 1836 2646 1904 δθριαη
2686 1849 2816 1906 ergo
2842 1835 3051 1890 vicibus
3078 1835 3132 1888 in
3164 1835 3428 1904 sanguine
3459 1833 3580 1900 ejus
3605 1836 3713 1904 (ﬁgi.

460 1925 792 1982 rubicundus
812 1941 879 1980 ex
901 1923 1183 1993 sanguine.
1204 1920 1476 1977 Candidus
1498 1935 1594 1988 per
1610 1917 1875 1989 justitiam
1902 1915 2045 1980 vitae,

461 2018 796 2074 rubicundus
831 2033 898 2073 ex
937 2031 1130 2073 cruore
1169 2014 1457 2086 passionis.
1487 2012 1960 2080 1Etatisintegra3,
1995 2009 2050 2063 in

459 2125 564 2179 qua
602 2108 749 2162 nulla
777 2111 845 2164 sit
871 2107 1104 2163 macula.
1137 2106 1298 2162 IEtas
1325 2104 1684 2160 humanitatis
1719 2102 1816 2157 Dei
1841 2102 2052 2171 integra

458 2211 574 2266 est,
611 2201 792 2258 omnis
823 2199 942 2267 ejus
979 2199 1225 2269 operatio
1267 2197 1528 2266 perfecta.
1559 2195 1620 2248 In
1653 2210 1761 2264 qua
1801 2191 2053 2246 videlicet

459 2296 800 2352 humanitate
821 2293 1036 2350 macula
1067 2308 1172 2348 non
1203 2291 1324 2356 fuit,
1357 2290 1482 2359 quia
1511 2297 1567 2342 et
1591 2287 1858 2342 veraciter
1896 2284 1962 2338 de
1989 2298 2055 2338 eo

459 2387 722 2456 scriptum
751 2394 836 2440 est
868 2403 880 2440 :
915 2385 1019 2449 Qui
1057 2391 1327 2453 peccatum
1359 2397 1462 2434 non
1496 2380 1638 2449 fecit,
1672 2395 1762 2433 nec
1789 2375 1942 2430 dolus
1975 2376 2056 2430 in-

458 2485 639 2532 ventus
661 2484 739 2529 est
772 2475 830 2528 in
862 2490 952 2528 ore
985 2475 1101 2543 ejus
1139 2471 1286 2544 (Isa.
1321 2471 1521 2542 xxxv).
1555 2470 1699 2524 Bene
1723 2475 1903 2524 autem
1930 2468 2057 2522 sub—

459 2569 630 2635 ditur,
671 2583 772 2624 nec
812 2568 1112 2639 portaverit
1139 2567 1350 2636 jugum.
1391 2564 1666 2633 Scriptum
1701 2563 1900 2632 quippe
1927 2568 2010 2616 est
2039 2581 2052 2616 :

461 2659 648 2718 Omnis
673 2662 765 2732 qui
792 2669 991 2730 peccat,
1017 2675 1192 2715 servus
1217 2667 1290 2713 est
1318 2658 1516 2729 peccati
1544 2656 1726 2726 (Joan.
1752 2654 1894 2725 vin).
1917 2652 2054 2721 Quia

459 2767 590 2825 ergo
624 2753 885 2808 Dominus
927 2751 1062 2806 nulli
1105 2757 1331 2819 peccato
1371 2746 1689 2809 succubuit,
1723 2744 1916 2816 jugnm
1954 2744 2057 2800 mi-

458 2843 605 2904 nime
644 2841 902 2914 portavit.
944 2840 1202 2910 Sequitur
1239 2857 1252 2892 :
1301 2837 1598 2908 Tradesque
1631 2852 1748 2891 eam
1795 2835 2053 2903 Eleazaro

458 2934 738 2998 sacerdoti,
771 2934 860 3004 qui
885 2933 1125 2988 eductam
1156 2941 1308 2986 extra
1337 2939 1511 2984 castra
1539 2926 1829 2983 immolabit
1854 2927 1909 2981 in
1930 2941 2054 2980 con-

460 3035 638 3097 spectu
675 3025 911 3080 Domini.
953 3024 1094 3093 Quid
1119 3033 1203 3078 est
1225 3024 1370 3092 quod
1395 3022 1513 3077 haec
1552 3035 1719 3076 vacca
1758 3021 1826 3075 ad
1864 3019 2054 3074 immo-

458 3118 681 3174 landum
709 3117 984 3173 sacerdoti
1013 3116 1264 3182 tradilur,
1298 3114 1405 3169 nisi
1432 3114 1576 3183 quod
1602 3112 1919 3166 incarnatus
1943 3110 2049 3164 Do-

2151 1939 2266 1984 tum
2316 1930 2600 2000 intingcre,
2648 1937 2734 1984 est
2769 1926 3007 1997 perfecta
3049 1927 3372 1996 operatione
3422 1927 3713 1996 mysterium

2151 2020 2422 2092 passionis
2445 2021 2563 2089 ejus
2591 2019 2820 2073 imitari.
2859 2018 2924 2072 Et
2955 2027 3161 2087 septem
3192 2016 3406 2071 vicibus
3437 2026 3620 2072 contra
3643 2031 3714 2085 sy-

2154 2127 2420 2183 nagogam
2466 2125 2786 2182 aspergere,
2823 2119 2906 2164 est
2938 2107 3179 2178 perfecta
3225 2109 3606 2178 praedicatione
3643 2122 3715 2162 sa-

2155 2211 2431 2259 cramenta
2466 2201 2857 2256 incarnationis
2882 2215 2949 2255 ac
2971 2200 3241 2269 passionis
3271 2198 3408 2267 ejus,
3433 2198 3716 2254 inﬁdelibus

2158 2294 2497 2350 denuntiare.
2555 2293 2944 2362 Gomburitque
3001 2307 3122 2347 eam
3179 2293 3387 2346 cunctis
3426 2291 3717 2345 videntibus

2158 2395 2310 2441 extra
2341 2395 2545 2451 castra,
2578 2395 2684 2438 tam
2727 2385 2867 2454 pelle
2893 2393 2949 2439 et
2970 2384 3229 2440 carnibus
3255 2382 3392 2452 ejus,
3418 2399 3572 2452 quam
3608 2397 3719 2436 san-

2157 2481 2321 2551 guine
2356 2488 2410 2534 et
2450 2478 2580 2533 ﬁmo
2609 2478 2842 2533 ﬂamma:
2870 2478 3106 2533 traditis.
3141 2476 3283 2543 Quid
3311 2491 3411 2546 per
3434 2490 3636 2530 carnem
3670 2481 3714 2528 et

2155 2572 2372 2643 pellem,
2407 2571 2537 2641 quid
2577 2584 2676 2640 per
2720 2570 3040 2640 sanguinem
3081 2577 3137 2624 et
3167 2568 3362 2622 ﬁmum
3399 2583 3591 2631 vaccae,
3625 2565 3714 2620 nisi

2157 2664 2394 2719 carnalia
2427 2661 2699 2718 sacriﬁcia
2717 2663 2773 2715 in
2801 2661 3151 2716 Testamento
3182 2659 3370 2716 Veteri
3399 2659 3592 2721 habita,
3614 2673 3713 2726 qua:

2159 2759 2532 2814 inﬁrmitatem
2587 2757 2984 2812 denuntiabant
3051 2755 3289 2821 Domini,
3348 2751 3715 2822 designantur?

2158 2850 2288 2917 Quae
2317 2850 2499 2905 omnia
2540 2850 2886 2919 postmodum
2915 2847 3239 2918 spiritaliter
3259 2863 3291 2900 a
3316 2845 3564 2901 Patribus
3585 2843 3718 2899 intel-

2154 2940 2318 3006 lecta,
2337 2941 2492 3010 juxta
2521 2939 2760 2993 exterius
2806 2938 3170 2993 ministerium
3205 2945 3454 2992 stercora
3487 2944 3604 2991 sum
3637 2949 3715 2989 vo-

2153 3026 2293 3088 cata.
2327 3032 2480 3088 Unde
2521 3032 2721 3086 Paulus
2751 3046 2873 3086 cum
2901 3031 2970 3086 de
2999 3030 3292 3085 sacriﬁciis
3332 3029 3626 3085 carnalibus
3647 3027 3712 3080 lo-

2156 3131 2433 3193 queretur,
2473 3123 2607 3177 dicit
2659 3141 2671 3174 :
2727 3120 2953 3191 Propter
2995 3138 3116 3192 qua:
3145 3121 3326 3175 omnia
3379 3122 3718 3176 detrimentum

461 3209 676 3273 minus,
717 3207 812 3276 qui
845 3221 946 3275 pro
980 3205 1350 3274 redemptione
1384 3211 1568 3257 nostra
1608 3199 1944 3256 sacriﬁcium
1969 3212 2050 3254 se-

2160 3217 2282 3287 feci,
2313 3225 2360 3268 et
2387 3216 2634 3279 arbitror,
2677 3223 2735 3267 ut
2767 3223 3000 3268 stercora
3037 3210 3264 3282 (Philip.
3293 3215 3402 3284 ιιι).
3433 3213 3553 3280 Quas
3583 3211 3722 3265 llam-

459 3300 756 3369 metipsum
797 3298 958 3364 fecit,
1002 3299 1057 3350 in
1098 3296 1303 3364 judicio
1343 3295 1524 3364 populi
1569 3293 1821 3347 manibus
1860 3293 2050 3360 datur;

459 3392 555 3462 qui
582 3389 748 3446 etiam
771 3394 931 3444 extra
955 3395 1136 3442 castra
1162 3387 1220 3440 in
1247 3392 1540 3455 conspectu
1567 3384 1782 3438 Domini
1805 3383 2055 3438 immola-

463 3493 550 3538 tus
579 3489 684 3547 est,
707 3480 834 3550 quia
857 3478 1110 3534 videlicet
1129 3485 1285 3533 extra
1306 3483 1522 3546 portam
1544 3491 1736 3546 passus
1754 3477 1874 3532 est?
1903 3474 2057 3533 Unde

463 3581 518 3627 et
545 3586 642 3642 per
671 3569 899 3626 Paulum
929 3568 1230 3640 apostolum
1258 3568 1459 3623 dicitur
1488 3581 1503 3621 :
1535 3565 1694 3621 Jesus
1729 3576 1783 3620 ut
1821 3566 2059 3634 sanctiﬁ-

466 3674 610 3720 caret
645 3679 740 3734 per
781 3679 935 3717 suum
969 3663 1279 3734 sanguinem
1321 3660 1604 3732 populum,
1651 3669 1801 3714 extra
1847 3667 2057 3729 portam

461 3771 650 3828 passus
673 3765 751 3811 est
779 3754 968 3827 (Hebr.
1001 3754 1144 3827 ιιιιι).
1171 3754 1440 3809 Exeamus
1467 3752 1632 3822 igitur
1657 3751 1726 3806 ad
1751 3763 1875 3806 eum
1901 3761 2056 3806 extra

460 3859 674 3911 castra,
714 3845 1104 3916 impropcrium
1132 3844 1252 3914 ejus
1293 3852 1591 3914 portantes.
1631 3841 1747 3899 Non
1785 3843 1932 3897 enim
1968 3842 2056 3898 hic

463 3939 730 3996 habemus
753 3946 1068 3994 manentem
1095 3937 1392 4001 civitatem,
1427 3937 1521 3993 sed
1549 3934 1786 3990 futuram
1826 3934 2058 4005 inquiri-

461 4047 604 4088 mus.
643 4032 852 4088 ldcirco
895 4032 1044 4086 enim
1075 4039 1231 4088 extra
1268 4039 1484 4102 portam
1525 4046 1723 4102 passus
1763 4038 1878 4096 est,
1925 4038 1986 4084 ut
2021 4045 2055 4084 a

465 4122 878 4177 conversatione
915 4136 1016 4176 nos
1054 4122 1179 4176 vita:
1215 4121 1534 4191 praesentis,
1577 4120 1736 4190 quasi
1770 4135 1804 4174 a
1837 4119 2056 4175 civitate

466 4209 617 4267 foras
645 4213 923 4276 educeret,
946 4220 1001 4265 et
1025 4227 1056 4265 a
1085 4220 1301 4268 terrena
1328 4213 1724 4268 inhabitatione
1752 4213 1917 4267 corde
1952 4227 2054 4268 nos

462 4301 696 4358 evellere
731 4301 1107 4371 persuaderet.
1139 4302 1284 4357 Bene
1319 4311 1502 4358 autem
1540 4304 1755 4368 dicitur,
1796 4305 1924 4375 quia
1954 4304 2055 4359 im-

463 4393 687 4454 molabit
715 4407 836 4449 eam
867 4391 922 4447 in
961 4400 1255 4463 conspectu
1292 4391 1524 4448 Domini.
1556 4393 1885 4464 Redemptor
1909 4395 2054 4451 enim

460 4497 646 4543 noster
686 4487 742 4540 in
781 4492 1081 4557 conspectu
1118 4485 1396 4540 hominum
1432 4485 1587 4556 quasi
1635 4487 1906 4542 extinctus
1942 4496 2046 4554 est,

2161 3324 2262 3361 mae
2318 3307 2648 3368 traduntur,
2700 3306 2826 3374 quia
2873 3305 3121 3374 quamvis
3169 3305 3474 3360 carnaliter
3513 3305 3720 3374 primum

2161 3400 2272 3455 sint
2293 3399 2560 3464 exhibita,
2599 3399 2944 3469 postmodum
2970 3413 3068 3468 per
3091 3398 3359 3468 Spiritum
3400 3408 3630 3455 sanctum
3657 3397 3726 3450 in-

2159 3490 2473 3560 telligentiae
2495 3489 2619 3560 igne
2641 3497 2960 3561 consumpta
2987 3498 3136 3545 sunt.
3165 3489 3463 3546 Possumus
3492 3488 3726 3546 tamenin

2159 3583 2350 3636 eadem
2386 3595 2576 3645 vacca,
2606 3581 2660 3635 id
2680 3590 2787 3646 est,
2824 3581 2879 3635 in
2902 3580 3018 3651 ipsa
3049 3579 3368 3636 inﬁrmitate
3409 3579 3729 3637 incarnatio-

2159 3673 2245 3727 nis
2274 3672 2586 3738 Dominicae,
2627 3687 2869 3738 carnem,
2910 3673 3130 3742 pellem,
3160 3674 3492 3743 sanguinem,
3525 3672 3735 3736 ﬁmum,

2159 3763 2370 3832 singula
2399 3776 2629 3832 quaeque
2661 3778 2827 3832 opera
2867 3765 3130 3834 accipere.
3153 3762 3286 3828 Quid
3313 3761 3464 3815 enim
3491 3776 3590 3831 per
3611 3775 3733 3813 car-

2159 3869 2284 3908 nem
2312 3861 2368 3908 et
2391 3854 2608 3923 pellem,
2645 3855 2751 3910 nisi
2782 3857 3057 3912 exteriora
3103 3853 3214 3924 ejus
3237 3870 3410 3925 opera
3456 3854 3730 3925 designan-

2159 3948 2284 4002 tur?
2317 3946 2460 4014 Quid
2501 3963 2599 4018 per
2625 3949 2966 4020 sanguinem,
2996 3949 3103 4004 nisi
3124 3948 3399 4004 subtilitas
3426 3948 3728 4016 internaque

2156 4039 2355 4104 virtus,
2385 4039 2659 4095 exteriora
2701 4048 2820 4095 acta
2871 4040 3188 4096 viviﬁcans?
3233 4040 3376 4109 Quid
3411 4056 3509 4111 per
3533 4040 3725 4102 ﬁmum,

2157 4131 2262 4187 nisi
2286 4130 2566 4195 lassitudo,
2618 4133 2758 4199 sitis,
2785 4133 3015 4199 esuries,
3049 4135 3216 4190 timor
3252 4135 3469 4198 mortis,
3503 4145 3557 4190 et
3586 4148 3724 4202 qius.

2157 4237 2265 4292 que
2302 4237 2370 4278 ex
2409 4225 2749 4280 humanitate
2787 4234 3043 4296 suscepta
3067 4228 3181 4296 pati
3221 4227 3417 4293 voluit,
3465 4229 3725 4297 designan-

2157 4313 2284 4367 tur?
2317 4313 2471 4380 Quod
2502 4315 2646 4370 enim
2674 4332 2742 4369 ex
2782 4315 3000 4371 delectu
3038 4326 3243 4373 nostra:
3269 4318 3610 4374 mortalitatis
3639 4317 3725 4370 hac

2155 4401 2295 4467 buit,
2323 4402 2479 4472 quasi
2510 4403 2670 4459 ﬁmus
2699 4405 2752 4459 in
2781 4418 2846 4460 eo
2867 4403 3230 4474 abjiciendum
3251 4407 3376 4464 fuit.
3406 4409 3538 4476 Quae
3558 4417 3722 4462 tamen

2158 4494 2336 4548 omnia
2368 4511 2489 4564 quae
2515 4510 2582 4550 ex
2613 4495 2930 4553 inﬁrmitate
2965 4500 3240 4570 suscepit,
3271 4501 3406 4570 quia
3432 4515 3530 4570 pro
3557 4507 3720 4554 nostra

461 4580 557 4634 sed
580 4579 640 4632 in
664 4585 956 4648 conspectu
997 4577 1175 4634 Patris
1213 4576 1545 4644 immolatur,
1575 4578 1702 4649 quia
1741 4579 1885 4650 quod
1922 4588 2048 4636 ante
2073 4552 2126 4614 Β
2156 4552 2526 4657 redemptione
2553 4589 2824 4653 exhibuit,
2853 4589 2978 4660 igne
3014 4552 3593 4648 concremandarsunt
3615 4633 3630 4657 ,
3679 4587 3722 4643 id

460 4670 647 4726 oculos
675 4671 955 4730 hominum
982 4685 1164 4743 ptena,
1194 4673 1296 4728 hoc
1323 4683 1450 4730 ante
1470 4674 1655 4730 oculos
1675 4675 1856 4730 Patris
1880 4676 2052 4732 sacri-

461 4763 643 4816 ﬁcium
670 4761 788 4818 fuit.
818 4763 890 4818 Et
913 4766 1130 4836 int-inget
1153 4767 1376 4837 digitum
1405 4767 1459 4822 in
1485 4769 1761 4838 sanguine.
1789 4767 1931 4834 Quid
1953 4785 2051 4838 per

462 4854 692 4923 digitum
720 4854 825 4910 nisi
863 4855 1122 4913 discretio
1151 4866 1351 4913 nostra:
1385 4859 1716 4929 Operationis
1751 4861 2050 4930 accipitur?

462 4945 518 5000 In
567 4946 828 5016 sanguine
867 4963 998 5017 ergo
1038 4964 1215 5006 vaccae
1254 4951 1483 5022 digitum
1522 4950 1822 5021 intingere,
1866 4961 1952 5006 est
1989 4953 2046 5008 in

460 5040 712 5109 passione
749 5039 1136 5098 incarnationis
1174 5043 1468 5099 Dominica:
1502 5050 1689 5098 nostra
1716 5057 1883 5112 opera
1912 5060 2047 5100 cou-

462 5148 706 5199 secrare,
747 5140 808 5187 ut
832 5135 1136 5203 passionem
1174 5135 1292 5205 ejus
1321 5153 1486 5208 quam
1513 5137 1895 5208 cognoscimus
1922 5138 2047 5194 imi-

460 5232 658 5290 temur,
693 5227 1118 5296 sicutvscriptum
1147 5236 1230 5282 est
1255 5247 1268 5282 :
1303 5228 1542 5284 Christus
1564 5245 1661 5299 pro
1687 5229 1834 5284 nobis
1855 5247 2044 5300 passus

460 5327 558 5383 est,
590 5318 888 5391 relinquens
913 5319 1058 5374 vobis
1084 5321 1400 5390 excerptum,
1426 5333 1484 5377 ut
1512 5325 1806 5395 sequamini
1831 5325 2046 5394 vestigia

458 5410 592 5480 ejus.
642 5411 868 5468 Eleazar
899 5412 1082 5482 itaque
1130 5413 1418 5479 sacerdos,
1467 5422 1521 5469 et
1572 5415 1835 5482 immolat,
1885 5424 1942 5471 et
1987 5417 2041 5472 in

457 5503 721 5573 Sanguine
755 5502 872 5572 ejus
897 5505 1128 5572 digitum
1155 5504 1374 5573 intingit
1403 5523 1417 5558 :
1459 5507 1588 5574 quia
1613 5506 1867 5563 videlicet
1889 5507 2043 5576 plebs

457 5593 642 5651 Judtea
687 5610 757 5650 ex
803 5599 1158 5667 reproborum
1206 5604 1362 5666 parte
1407 5597 1770 5653 humilitatem
1824 5599 2041 5656 Domini

458 5701 630 5759 usque
667 5692 735 5746 ad
771 5694 1078 5762 passionem
1127 5700 1408 5763 persecuta
1461 5701 1574 5757 est;
1623 5707 1691 5748 ex
1741 5691 2040 5752 electorum

458 5795 590 5839 vero
613 5794 770 5855 parte
797 5790 1168 5857 operationem
1204 5787 1529 5845 humilitatis
1559 5785 1678 5857 ejus
1705 5785 1942 5847 imitata.
1969 5788 2060 5852 Et,

2154 4687 2258 4744 est,
2279 4678 2438 4747 juxta
2466 4680 2725 4734 virtutem
2772 4683 2953 4737 sancti
2985 4681 3224 4753 Spiritus
3253 4685 3601 4755 intelligenda
3624 4725 3636 4748 ,
3676 4691 3725 4736 t

2153 4786 2380 4841 qumque
2407 4773 2475 4828 ab
2499 4788 2566 4826 eo
2595 4774 2956 4843 corporaliter
2983 4784 3135 4845 gesta
3166 4785 3317 4844 sunt,
3349 4793 3450 4848 per
3495 4779 3725 4846 incorptr

2154 4877 2306 4917 reum
2333 4862 2636 4920 divinitatis
2665 4862 2782 4932 ejus
2811 4865 3067 4935 spiritum
3111 4868 3378 4938 disposita
3411 4869 3722 4924 sentiantur.

2154 4953 2306 5010 Unde
2353 4963 2409 5009 et
2454 4956 2593 5010 bene
2642 4955 2986 5028 subjungitur
3017 4976 3030 5012 :
3062 4957 3288 5029 Lignum
3335 4976 3544 5031 quoque
3575 4959 3728 5014 cedri.

2145 5061 2272 5099 num
2313 5054 2361 5099 et
2406 5041 2720 5116 hyssopum,
2761 5047 3074 5120 coctumque
3105 5050 3186 5105 bis
3227 5052 3452 5105 tinctum
3497 5051 3731 5106 sacerdos

2145 5137 2311 5192 mittet
2327 5138 2381 5191 in
2401 5139 2696 5206 ﬂammam,
2725 5156 2844 5209 quis
2860 5156 3073 5198 vaccam
3095 5151 3266 5197 vorat.
3289 5142 3502 5198 Cedrus
3521 5145 3730 5213 quin».

2145 5238 2201 5284 et
2227 5229 2396 5284 altum
2425 5239 2480 5285 et
2526 5231 2861 5301 imputribile
2905 5232 3111 5304 lignum
3157 5242 3261 5289 est.
3291 5235 3576 5307 Hyssopus
3613 5247 3736 5288 vero

2147 5323 2316 5378 herba
2343 5324 2498 5379 valde
2553 5323 2773 5379 humilis
2827 5332 2930 5391 est,
2981 5342 3101 5396 qua:
3153 5336 3339 5382 tamen
3391 5326 3732 5382 inﬂationem

2148 5425 2365 5472 amovet
2390 5417 2682 5487 pulmonis.
2712 5417 2853 5486 Quid
2885 5419 3036 5474 enim
3060 5435 3160 5490 per
3201 5419 3450 5485 cedrum,
3481 5420 3594 5475 nisi
3636 5420 3737 5474 alta

2146 5517 2201 5564 et
2219 5524 2578 5579 perseverans
2604 5511 3029 5582 contemplatio?
3060 5511 3200 5578 Quid
3226 5511 3280 5566 in
3311 5512 3561 5582 hyssopo
3589 5553 3610 5577 ,
3643 5509 3740 5566 nisi

2145 5602 2416 5656 mansueti
2443 5601 2625 5658 cordis
2650 5603 2930 5658 humilitas
2949 5601 3310 5674 designatur?
3339 5602 3480 5671 Quia
3508 5603 3612 5674 qui
3629 5603 3737 5674 ja

2145 5697 2256 5759 alta
2306 5697 2758 5768 contemplatione
2783 5698 2855 5754 ad
2879 5711 3116 5770 superna
3159 5697 3455 5764 attollitur,
3514 5709 3742 5754 necesse

2141 5797 2226 5845 est
2254 5797 2316 5844 ut
2355 5805 2462 5860 per
2507 5790 2835 5848 humilitatis
2887 5791 3328 5864 compassionem
3366 5789 3746 5868 inferioribus
