3892 6346
175 359 276 417 705

873 347 878 352 ’
909 341 1446 410 ENARRATIONES
1483 347 1554 407 IN
1591 347 1856 409 LIBRUM
1888 345 2352 408 NUMERORUM.
2391 379 2460 392 -
2493 347 2625 406 LIB.
2663 347 2729 405 Π.

3312 345 3417 412 706

172 463 593 530 condescendat,
639 468 694 519 et
722 467 831 518 non
877 479 936 520 se
964 479 1031 519 ex
1059 479 1125 520 eo
1150 463 1290 535 quod
1333 465 1499 520 habet
1528 466 1702 536 erigat
1726 506 1742 532 ,
1770 469 1825 533 Α
1846 466 1972 522 lotis
1993 466 2230 522 vestibus
2270 467 2383 523 suis
2411 473 2467 522 et
2488 477 2718 535 corpore
2760 475 2880 527 suo,
2911 463 2980 518 ad
3003 473 3292 532 vesperum
3329 481 3420 522 ca-

170 560 266 615 sed
290 556 551 627 quidquid
599 556 762 610 habet
801 555 886 610 his
912 556 1078 611 etiam
1109 557 1200 626 qui
1228 557 1358 611 illud
1406 573 1513 613 non
1541 558 1754 630 habent

167 647 511 723 praedicando
537 647 768 702 libenter
816 648 1112 717 impendat.
1152 645 1290 714 Quid
1342 663 1468 702 vero
1497 648 1553 702 in
1582 663 1746 704 cocco

166 742 253 798 bis
284 742 478 805 tincto,
526 739 633 794 nisi
683 739 969 793 charitatis
999 740 1172 794 virtus
1215 739 1569 810 exprimitur?
1617 740 1748 807 Quae

166 847 365 887 coccus
378 830 462 885 bis
484 830 682 884 tinctus
704 828 918 895 dicitur,
943 829 1069 897 quia
1095 829 1338 884 charitas
1357 844 1455 900 per
1474 829 1748 884 ﬂammam

165 922 344 978 sancti
385 921 586 976 amoris
626 934 888 986 accensa,
928 920 1138 976 duobus
1176 921 1423 976 exhiberi
1465 922 1751 992 praeceptis

157 1011 404 1080 iubetur,
436 1013 489 1068 id
518 1020 599 1066 est
630 1012 729 1066 Dei
760 1020 816 1068 et
838 1012 1126 1068 dilectione
1150 1013 1405 1082 proximi.
1433 1013 1524 1068 Bis
1549 1015 1750 1069 tinctus

161 1121 297 1175 ergo
326 1120 522 1160 coccus
561 1112 644 1159 est
688 1104 929 1159 charitas
955 1104 1157 1174 duplici
1188 1114 1458 1175 praecepto
1489 1105 1744 1174 formata,

162 1207 222 1252 ut
275 1198 355 1252 sic
403 1196 659 1266 diligatur
688 1195 852 1264 Deus,
902 1211 972 1250 ne
1001 1197 1284 1251 deseratur
1331 1199 1632 1266 proximus,
1668 1198 1750 1252 sic

161 1288 422 1357 diligatur
471 1289 772 1357 proximus,
823 1302 893 1342 ne
927 1295 1308 1342 contemnatur
1351 1289 1511 1342 Deus.
1556 1289 1616 1341 In
1647 1289 1750 1344 hac

157 1397 294 1452 ergo
316 1381 550 1447 ﬂamma,
567 1396 686 1450 quae
707 1395 930 1436 vaccam
953 1388 1133 1447 vorat,
1159 1381 1406 1445 cedrum,
1435 1382 1750 1450 hyssopum,

156 1472 245 1524 bis
278 1471 506 1526 tinctum
557 1486 780 1526 coccum
823 1471 1076 1526 sacerdos
1104 1471 1293 1524 mittit.
1333 1470 1535 1525 Omnes
1571 1471 1748 1537 enim,

158 1563 258 1630 qui
308 1563 361 1616 in
392 1563 612 1617 Christo
642 1563 936 1628 credimus,
988 1562 1302 1616 sacerdotes
1351 1576 1558 1616 sumus.
1599 1561 1754 1616 Unde

156 1653 426 1722 scriptum
469 1662 553 1710 est
583 1672 595 1708 :
637 1653 739 1708 Vos
785 1663 964 1708 autem
992 1670 1156 1724 genus
1183 1653 1426 1719 electum,
1468 1652 1641 1723 regale
1668 1669 1754 1706 sa-

154 1742 456 1796 cerdotium
486 1742 538 1814 (Ι
573 1742 693 1797 Pet.
727 1743 811 1814 ιι).
851 1741 960 1797 Sed
987 1742 1251 1812 quidquid
1279 1757 1379 1811 per
1417 1739 1748 1811 contempla-

153 1831 326 1887 tionis
356 1833 468 1887 alta
521 1834 806 1897 sentimus,
855 1833 1117 1903 quidquid
1159 1849 1257 1904 per
1283 1835 1748 1890 mansuetudinem
1777 1820 1825 1884 Β

149 1923 512 1991 humilitatis,
561 1925 823 1995 quidquid
864 1941 962 1996 per
992 1926 1168 1997 ignem
1198 1927 1479 1981 charitatis
1520 1927 1746 1982 exhibe-

152 2031 312 2082 mus,
361 2018 420 2072 in
450 2017 647 2086 spiritu
695 2017 964 2086 passionis
1012 2017 1308 2072 Dominicaa
1341 2017 1552 2087 tingere
1587 2017 1749 2072 debe-

148 2121 309 2171 mus,
338 2113 401 2159 ut
449 2121 614 2161 omne
639 2107 783 2176 quod
810 2108 867 2160 in
908 2107 1064 2162 nobis
1113 2118 1217 2173 est,
1247 2107 1399 2161 illum
1437 2109 1680 2162 imitetur
1715 2123 1750 2163 a

144 2213 270 2268 quo
311 2208 416 2253 est.
448 2199 587 2253 Nam
617 2201 662 2254 si
713 2207 868 2256 extra
914 2201 1269 2255 imitationem
1320 2199 1590 2268 passionis
1629 2196 1748 2267 ejus

145 2290 362 2360 aliquid
392 2292 626 2361 agimus,
657 2307 764 2346 non
785 2299 895 2345 tam
925 2293 1202 2358 virtutem,
1224 2305 1389 2360 quam
1415 2291 1607 2344 vitium
1636 2290 1749 2359 agi-

145 2395 300 2436 mus.
329 2379 576 2435 Mittatur
604 2395 732 2451 ergo
761 2380 816 2434 in
841 2380 1140 2447 ﬂammam,
1173 2396 1296 2451 quae
1325 2396 1548 2436 vaccam
1592 2387 1752 2434 vorat

146 2473 383 2537 cedrus,
413 2472 470 2528 id
501 2481 587 2527 est
612 2475 1018 2543 perseverantia
1048 2482 1212 2543 atque
1241 2473 1471 2526 altitudo
1504 2479 1750 2526 contem-

145 2565 417 2636 plationis
448 2574 668 2631 nostrae,
703 2569 1056 2624 comburatur
1084 2567 1208 2636 igne
1246 2565 1518 2634 passionis
1561 2563 1750 2619 Domi-

147 2657 320 2712 nicm.
359 2656 608 2712 Mittatur
637 2659 692 2713 in
717 2659 1011 2724 ﬂammam,
1042 2673 1162 2727 qua:
1185 2672 1408 2712 vaccam
1436 2663 1593 2709 vorat
1626 2655 1751 2725 hys~

147 2762 347 2818 sopus,
385 2748 438 2802 id
465 2757 552 2802 est
575 2749 852 2804 humilitas
879 2749 1058 2805 cordis
1079 2747 1252 2802 nostri
1284 2748 1571 2801 veritatem
1592 2759 1750 2800 man—

145 2838 482 2903 suetudinis,
511 2855 580 2894 ex
602 2839 925 2894 admistione
946 2838 1241 2892 Dominicae
1259 2837 1530 2906 passionis
1551 2836 1750 2889 trahat.

144 2930 412 2984 Mittatur
448 2931 502 2984 in
527 2930 826 2996 ﬂammam,
858 2945 979 2999 quae
1000 2943 1222 2983 vaccam
1253 2936 1413 2982 vorat
1436 2927 1520 2981 bis
1553 2927 1755 2981 tinctus

145 3035 383 3086 coccus,
411 3019 465 3073 id
491 3028 574 3074 est
599 3021 859 3085 charitas,
889 3035 1010 3089 quae
1038 3034 1138 3074 nos
1170 3019 1239 3073 ad
1263 3019 1556 3073 amandum
1583 3019 1755 3073 Deum

142 3123 204 3169 et
248 3115 570 3184 proximum
598 3114 821 3180 excitet,
868 3113 1086 3168 assidue
1112 3127 1212 3168 nos
1242 3112 1599 3181 contemplari
1628 3126 1755 3182 pas-
1785 3125 1792 3131 ‘

1848 567 1960 614 stra
1996 559 2294 629 ingreditur
2314 600 2328 624 ,
2353 559 2483 628 quia
2511 558 2618 613 ﬁne
2646 557 2834 612 mundi
2850 556 3122 621 veniente,
3150 558 3424 616 mundatis

1847 647 2180 703 inﬁdelitatis
2201 663 2311 702 suae
2334 648 2611 718 operibus,
2633 647 2800 701 etiam
2820 645 3078 702 Iudaicus
3102 649 3333 719 populus
3355 651 3424 705 ad

1848 739 2209 809 cognitionem
2229 739 2523 795 conditoris
2541 738 2627 793 sui
2651 738 2963 803 revertitur,
2987 739 3130 794 sicut
3158 740 3440 811 scriptum

1847 840 1933 886 est
1955 847 1970 886 :
1996 830 2054 886 Si
2081 833 2236 901 fuerit
2263 847 2512 885 numerus
2533 830 2765 899 ﬁliorum
2790 829 2961 885 Israel
2988 839 3238 903 tamquam
3259 848 3428 887 arena

1847 925 2031 992 maris,
2066 925 2297 995 reliquie:
2326 923 2483 979 salua:
2511 921 2645 992 ﬁunt
2675 922 2852 995 (Rom.
2890 923 2993 995 ιιι).
3028 925 3095 979 Et
3132 925 3274 980 sicut
3304 940 3426 979 rur-

1847 1033 1966 1075 sum
1998 1017 2262 1088 scriptum
2288 1024 2372 1072 est
2405 1035 2416 1070 :
2459 1015 2636 1070 Donec
2657 1015 2922 1086 plenitudo
2948 1017 3179 1086 gentium
3209 1016 3427 1070 introie-

1848 1110 1936 1177 rit,
1963 1120 2013 1164 et
2043 1111 2118 1164 sic
2150 1111 2318 1163 omnis
2341 1107 2512 1162 Israel
2540 1107 2713 1162 salvus
2744 1107 2830 1175 ﬁet
2860 1106 3038 1178 (Rom.
3077 1109 3179 1180 ιι).
3222 1109 3304 1163 Ad
3334 1121 3429 1161 ve-

1849 1214 2061 1271 Speram
2088 1199 2254 1271 igitur
2278 1198 2400 1252 lotis
2421 1197 2666 1252 vestibus
2691 1196 2945 1252 sacerdos
2968 1198 3109 1252 intra
3132 1205 3313 1254 castra
3341 1215 3430 1256 re—
3453 1207 3476 1272 ί

1851 1291 1949 1356 dit,
1978 1291 2071 1359 qui
2099 1299 2224 1344 ante
2255 1303 2540 1359 veSperam
2569 1286 2996 1343 commaculatus
3039 1297 3144 1352 est,
3177 1290 3303 1360 quia
3342 1291 3430 1344 in-

1851 1381 2025 1436 ﬁdelis
2051 1379 2278 1450 pepulus
2305 1378 2561 1433 Iudaicus
2597 1392 2772 1448 usque
2801 1377 2869 1431 ad
2898 1377 3060 1432 ﬁnem
3099 1381 3307 1445 mundi,
3338 1396 3434 1434 ex-

1853 1479 1940 1524 tra
1989 1471 2242 1525 mandata
2293 1471 2437 1535 vitae,
2463 1469 2610 1524 velut
2653 1477 2807 1524 extra
2856 1478 3033 1524 castra
3062 1478 3147 1525 est
3188 1471 3428 1542 positus,

1852 1562 2037 1632 pravis
2064 1562 2315 1630 operibus
2341 1561 2789 1615 commaculatus.
2831 1558 2939 1614 Sed
2966 1561 3110 1630 quod
3139 1576 3264 1616 cum
3294 1575 3434 1631 aqua

1854 1651 2202 1720 baptismatis
2227 1657 2283 1706 et
2303 1651 2620 1721 poenitentia
2652 1650 2880 1717 lavatur,
2915 1657 3044 1706 tunc
3071 1651 3137 1705 ad
3176 1653 3438 1723 cognitio-

1852 1755 1977 1795 nem
2023 1740 2145 1796 ﬁdei
2179 1743 2247 1796 ad
2296 1755 2605 1811 vesperum,
2637 1741 2691 1795 id
2722 1748 2807 1796 est
2849 1743 2902 1796 in
2931 1741 3039 1797 ﬁ‘ne
3064 1743 3251 1798 mundi
3277 1745 3436 1813 quasi

1853 1836 1909 1890 in
1954 1841 2134 1889 castra
2160 1834 2487 1905 revertitur,
2518 1839 2698 1904 potest
2726 1832 2976 1902 intelligi,
3023 1832 3168 1908 quod
3195 1834 3300 1890 iste
3347 1849 3440 1889 sa-

1854 1927 2043 1983 cerdos
2081 1927 2136 1980 in
2184 1925 2309 1981 lotis
2338 1925 2410 1979 sit
2445 1926 2707 1990 vestibus,
2738 1931 2795 1978 et
2837 1938 3011 1993 usque
3044 1925 3111 1979 ad
3147 1939 3437 1996 vesperum

1852 2017 2184 2083 immundus,
2223 2017 2349 2086 quia
2393 2016 2536 2071 idem
2565 2013 2823 2069 Iudaicus
2865 2015 3096 2084 populus
3134 2029 3204 2069 ex
3244 2029 3434 2070 eorum

1850 2117 2028 2180 parte,
2060 2109 2154 2179 qui
2183 2109 2552 2172 crediderunt,
2575 2105 2690 2175 jam
2715 2114 2894 2161 vestes
2923 2106 3074 2171 lavit,
3107 2106 3204 2161 sed
3233 2121 3301 2161 ex
3345 2119 3439 2162 eo-

1851 2218 1972 2257 rum
1999 2211 2170 2272 partc,
2199 2201 2293 2270 qui
2335 2201 2572 2256 necdum
2602 2199 2970 2264 crediderunt,
3000 2198 3176 2253 adhuc
3209 2199 3443 2252 immun-

1850 2292 1952 2348 dus
1979 2307 2151 2362 usque
2180 2293 2248 2345 ad
2281 2306 2565 2360 vesperum
2593 2298 2898 2361 permanet.
2928 2290 3099 2344 Lavat
3127 2301 3261 2360 ergo
3281 2289 3442 2344 vestis

1851 2393 2034 2441 menta
2087 2393 2143 2439 et
2169 2398 2389 2454 corpus,
2442 2383 2534 2453 qui
2582 2381 2856 2436 credendo
2893 2381 3167 2435 exteriora
3197 2394 3361 2449 opera
3387 2386 3444 2434 et

1853 2475 2137 2539 interiora,
2187 2483 2425 2529 mentem
2456 2489 2487 2527 a
2528 2473 2714 2543 pravis
2748 2471 3054 2526 actionibus
3083 2471 3329 2526 mundat.
3373 2469 3443 2523 Et

1853 2567 2012 2638 plene
2044 2577 2176 2623 tunc
2213 2568 2282 2621 ad
2317 2575 2500 2621 castra
2529 2566 2842 2630 revertitur,
2874 2577 2998 2618 cum
3029 2562 3097 2619 ad
3127 2562 3290 2618 ﬁdem
3315 2575 3443 2631 per-

1855 2661 1994 2717 fecte
2045 2667 2352 2716 revocatur.
2405 2657 2513 2712 Sed
2560 2658 2689 2728 quia
2721 2655 2907 2711 Iudaea
2937 2655 2991 2708 in
3027 2654 3343 2708 inﬁdelitate
3385 2657 3442 2706 et

1854 2755 2211 2824 rcproborum
2239 2761 2396 2823 parte
2425 2751 2774 2820 perdurante,
2815 2746 2885 2801 ad
2913 2748 3078 2801 ﬁdem
3119 2745 3336 2816 gentilis
3361 2745 3445 2798 in-

1858 2846 2124 2916 greditur,
2155 2853 2210 2898 et
2238 2843 2503 2914 mysteria
2530 2842 2726 2896 divinze
2751 2838 3146 2893 incarnationis
3169 2836 3441 2908 intelligit,

1857 2942 2007 2990 recte
2037 2935 2147 2988 illic
2177 2932 2522 3005 subiungitur
2547 2950 2561 2985 :
2591 2930 2810 3000 Colliget
2840 2937 3016 2983 autem
3046 2928 3244 2982 cineres
3269 2941 3443 2981 vaec-re

1857 3027 1938 3080 vir
1963 3025 2213 3090 mundus,
2244 3025 2298 3078 id
2325 3030 2425 3086 est,
2456 3021 2672 3092 gentilis
2699 3017 2929 3090 populus
2952 3017 3066 3087 jam
3091 3017 3196 3072 ﬁde
3217 3018 3447 3072 munda-

1860 3125 1968 3172 tus.
2001 3116 2156 3173 Unde
2184 3125 2241 3171 et
2265 3115 2530 3185 scriptum
2557 3121 2644 3167 est
2673 3131 2685 3167 :
2721 3109 2858 3166 Fide
2882 3110 3146 3164 mundana
3172 3109 3334 3163 corda
3359 3124 3444 3162 eo-

147 3209 376 3262 sionem
432 3207 769 3262 Dominicam
825 3205 1134 3276 compellat,
1179 3214 1242 3260 ut
1300 3206 1355 3260 in
1405 3205 1523 3274 ipsa
1579 3205 1753 3260 discat
1781 3197 1826 3263 C
1860 3227 1976 3264 rum
2001 3209 2138 3281 (Act.
2178 3208 2290 3280 xv).
2330 3208 2515 3263 Vaccre
2545 3207 2760 3262 cineres
2802 3203 3020 3286 colligit,
3060 3203 3151 3272 qui
3201 3199 3443 3256 subtilis-

144 3316 326 3370 opera
362 3308 511 3355 recta
546 3315 665 3370 qua:
712 3300 896 3355 faciat.
935 3300 1122 3355 Potest
1152 3306 1336 3353 tamen
1375 3300 1543 3353 etiam
1591 3299 1752 3354 aliter

145 3396 413 3466 intelligi,
448 3401 506 3448 ut
531 3409 630 3464 per
653 3395 875 3449 cedrum
920 3393 1257 3465 signiﬁcetur
1301 3407 1450 3462 spes,
1489 3405 1611 3462 quae
1639 3391 1751 3446 alta

141 3488 393 3558 appetit;
426 3501 524 3555 per
560 3487 854 3557 hyssopum
886 3502 1048 3552 vero,
1079 3501 1202 3557 quae
1227 3487 1393 3541 etiam
1427 3484 1611 3540 calore
1654 3498 1753 3540 suo

145 3580 430 3635 stomachi
478 3579 878 3633 immunditiam
930 3587 1145 3648 purgat,
1204 3577 1543 3646 signiﬁcatur
1595 3574 1750 3640 ﬁdes,

142 3688 278 3742 quae
322 3672 381 3725 in
423 3672 548 3726 imis
577 3671 806 3726 adversa
857 3669 1236 3738 aequanimiter
1264 3668 1480 3730 tolerat,
1519 3675 1580 3720 ut
1612 3666 1756 3735 quod

143 3780 213 3819 ex
255 3761 534 3818 anteactis
584 3761 823 3831 peccatis
870 3768 1212 3816 contractum
1255 3758 1454 3825 fuerat,
1507 3759 1752 3812 mandet.

141 3855 254 3912 Per
293 3867 523 3911 coccum
555 3867 788 3921 quoque,
816 3861 878 3905 ut
899 3853 1102 3907 dictum
1134 3860 1246 3918 est,
1278 3850 1601 3920 exprimitur
1621 3850 1754 3904 eba-

142 3951 326 4004 ritas.
363 3945 749 4015 Unusquisque
798 3953 1046 3999 nostrum
1090 3944 1254 4014 igitur
1283 3946 1338 3999 in
1367 3944 1605 4009 ﬂamma,
1637 3955 1756 4012 qtae

140 4052 387 4094 vaccam
410 4045 589 4100 vorat,
630 4036 874 4100 cedrum,
913 4036 1227 4105 hyssopum,
1273 4047 1494 4089 coccum
1536 4034 1623 4089 bis
1649 4033 1758 4088 tin-

140 4140 312 4187 ctum
343 4129 549 4192 mittat,
591 4127 646 4181 id
676 4134 779 4192 est,
813 4127 867 4180 in
914 4125 1239 4181 sacriﬁcium
1269 4125 1538 4196 passionis
1571 4125 1757 4178 Domi.

140 4223 300 4277 nica:
338 4233 513 4288 spem,
553 4217 736 4282 ﬁdem,
772 4217 1092 4271 charitatem
1134 4218 1406 4283 exhibeat,
1452 4231 1522 4271 ne
1549 4217 1757 4287 passio-

143 4325 290 4366 nem
325 4308 705 4380 Redemptoris
735 4309 818 4364 sui
853 4308 970 4362 sine
1013 4323 1176 4362 causa
1212 4308 1398 4363 audiat
1441 4308 1487 4361 si
1535 4322 1642 4361 non
1687 4306 1756 4360 ad

147 4405 282 4458 haec
329 4402 492 4456 etiam
539 4415 705 4471 opera
743 4400 1056 4455 necessario
1102 4398 1411 4470 subiungat.
1454 4399 1531 4452 De
1557 4397 1753 4466 quibus

151 4495 342 4550 tribus
387 4493 587 4547 Paulus
635 4493 912 4563 apostolus
943 4492 1075 4547 dicit
1115 4509 1128 4545 :
1164 4490 1324 4546 Nune
1355 4503 1528 4546 autem
1573 4499 1750 4544 manet

153 4586 326 4655 ﬁdes,
371 4600 507 4654 spes,
558 4585 828 4647 Charitas;
855 4583 1032 4652 major
1062 4591 1239 4636 autem
1291 4584 1370 4636 his
1416 4591 1493 4636 est
1519 4581 1751 4635 Charitas

156 4677 216 4747 (1
263 4675 392 4729 Cor.
444 4675 588 4746 xm).
630 4675 785 4730 Unde
809 4682 867 4730 et
891 4674 981 4728 hic
1011 4688 1204 4729 coccus
1228 4682 1471 4729 extrema
1509 4675 1749 4742 ponitur,

156 4767 290 4835 quia
321 4765 570 4820 videlicet
613 4765 739 4831 ﬁde,
771 4781 868 4836 spe
907 4766 1197 4833 completa,
1227 4781 1351 4819 cum
1392 4767 1460 4820 ad
1494 4774 1755 4821 aeternam

159 4857 400 4928 patriam
427 4855 700 4923 venimus,
725 4858 840 4912 sola
861 4858 917 4911 in
948 4858 1105 4912 nobis
1133 4858 1375 4912 Charitas
1409 4857 1478 4911 ad
1504 4855 1755 4911 ultimum

160 4948 638 5016 multiplicabitur.
661 4948 850 5003 Potest
872 4948 979 5003 iste
1005 4951 1260 5004 sacerdos
1285 4949 1371 5003 vel
1391 4949 1440 5004 is
1465 4949 1558 5019 qui
1578 4959 1758 5004 vaccae

161 5052 382 5100 carnes,
405 5037 617 5106 pellem,
633 5037 975 5107 sanguinem,
995 5036 1182 5090 ﬁmum
1201 5037 1490 5102 comburit,
1509 5037 1755 5092 ordinem

163 5125 377 5182 Judaici
393 5127 682 5183 sacerdotii
711 5142 838 5182 cum
865 5127 1142 5196 supposita
1164 5126 1320 5194 plebe
1338 5127 1391 5179 in
1426 5141 1556 5182 nece
1577 5128 1758 5182 Domi-

163 5222 220 5276 ni
251 5221 648 5277 consentientis
676 5221 908 5293 signare.
939 5219 1094 5276 Unde
1113 5230 1167 5275 et
1187 5219 1363 5274 adhuc
1398 5228 1523 5288 apte
1543 5219 1759 5289 subjun-

166 5315 332 5385 gitur.
358 5313 427 5366 Et
450 5321 580 5368 tunc
593 5313 807 5369 demum
821 5312 948 5368 lotis
967 5311 1208 5367 vestibus
1219 5319 1274 5364 et
1293 5325 1519 5380 corpore
1532 5325 1630 5364 suo
1641 5350 1658 5378 ,
1673 5326 1761 5366 re-

164 5413 416 5462 vertetur
437 5406 492 5460 in
515 5414 712 5471 castra,
752 5404 1285 5474 commaculatusque
1329 5403 1436 5456 erit
1467 5415 1643 5472 usque
1688 5403 1757 5458 ad

166 5509 475 5567 vesperam.
501 5495 642 5563 Quid
655 5497 798 5552 enim
813 5511 910 5566 per
922 5510 1230 5566 vesperam,
1244 5495 1350 5549 nisi
1367 5494 1531 5550 ﬁnem
1572 5494 1757 5549 mundi

169 5587 284 5642 ccci
291 5587 502 5657 pimus?
514 5587 582 5641 Et
597 5587 850 5642 sacerdos
863 5587 984 5652 iste,
1007 5586 1093 5640 vel
1105 5587 1196 5656 qui
1211 5600 1432 5641 vaccam
1445 5583 1556 5655 igni
1569 5583 1757 5654 tradit,

167 5675 223 5736 id
237 5689 327 5736 est
339 5680 597 5735 Iudaicus
617 5680 864 5751 populus,
889 5680 1198 5736 immundus
1211 5689 1296 5737 est
1310 5693 1480 5750 usque
1492 5678 1561 5734 ad
1571 5691 1761 5748 vespe-

170 5781 315 5841 ram,
328 5772 460 5844 quia
469 5787 641 5843 usque
650 5772 720 5830 ad
739 5772 902 5829 ﬁnem
917 5771 1103 5830 mundi
1116 5772 1348 5828 inﬁdelis
1369 5778 1634 5829 remanet.
1655 5768 1761 5828 Sed

1855 3319 1944 3360 ma
1994 3309 2334 3359 sacramenta
2385 3300 2580 3355 divina),
2625 3296 3018 3352 incarnationis
3063 3293 3324 3365 agnoscit.
3377 3291 3448 3346 Et

1854 3409 2065 3461 vaccae,
2100 3409 2262 3464 quam
2292 3391 2544 3449 sacerdos
2574 3388 2900 3453 combussit,
2930 3388 3142 3442 cineres
3180 3385 3265 3439 vir
3293 3397 3450 3439 mun-

1853 3485 1954 3540 dus
2009 3484 2250 3553 colligit,
2294 3479 2802 3552 quia'inﬁrmitatis
2859 3475 3107 3539 Domini,
3148 3488 3312 3542 quam
3357 3469 3450 3524 luo

1859 3576 2046 3631 daicus
2079 3575 2308 3645 populus
2336 3573 2390 3627 in
2430 3579 2606 3627 morte
2632 3568 2926 3632 mactavit,
2955 3564 3313 3622 subtilissima
3338 3575 3449 3632 my-

1856 3667 2022 3721 ‘steria
2048 3664 2279 3735 populus
2313 3663 2530 3733 gentilis
2557 3660 2827 3726 intelligit.

1859 3771 1864 3776 ‘
1932 3757 2081 3811 Bene
2121 3763 2304 3808 autem
2333 3752 2621 3820 sequitur:
2658 3749 2729 3801 Et
2752 3747 2985 3816 eﬂ'u‘ndet
3031 3747 3088 3798 in
3127 3744 3241 3798 loco
3271 3745 3448 3814 puris-

1858 3850 1991 3904 simo
2025 3856 2175 3901 extra
2209 3853 2403 3909 castra,
2439 3841 2565 3910 quia
2615 3838 2759 3893 idem
2806 3835 3020 3908 gentilis
3047 3835 3299 3904 populus,
3351 3833 3446 3903 qui

1861 3947 2072 3996 secreta
2107 3952 2172 3992 ac
2215 3934 2472 4006 mysteria
2501 3930 2699 3986 divinae
2735 3925 3128 3983 incarnationis
3174 3924 3438 3996 agnoscit,

1857 4031 2002 4087 bona
2046 4043 2168 4098 quae
2208 4025 2418 4096 accepit
2461 4022 2760 4093 praedicare
2802 4033 2914 4073 non
2962 4024 3160 4082 cessat,
3190 4026 3252 4070 ut
3303 4015 3446 4086 quod

1858 4124 1980 4194 ipse
2019 4120 2290 4186 didicerit,
2341 4118 2464 4173 aliis
2506 4116 2674 4172 etiam
2722 4111 3090 4169 nescientibus
3117 4109 3444 4164 innotescat.

1860 4213 1967 4269 Sed
1990 4214 2113 4283 quia
2137 4217 2347 4268 secreta
2371 4222 2436 4263 ac
2456 4206 2714 4278 mysteria
2739 4201 3131 4260 incarnationis
3155 4200 3449 4255 Dominicze

1856 4311 2041 4384 pravis
2063 4325 2126 4366 ac
2151 4307 2371 4380 pollutis
2397 4305 2647 4362 manibus
2675 4315 2784 4357 non
2819 4308 2947 4356 sunt
2973 4297 3259 4360 tradenda,
3304 4296 3444 4350 bene

1859 4404 2080 4470 dicitur,
2097 4393 2340 4473 effundet
2360 4402 2416 4454 in
2439 4398 2552 4453 loco
2576 4397 2858 4468 purissimo
2880 4402 3031 4447 extra
3057 4397 3254 4443 castra.
3274 4385 3442 4440 Extra

1858 4504 2038 4553 castra
2066 4493 2265 4564 quippe
2298 4491 2474 4546 fuerat
2495 4488 2671 4544 omnis
2699 4483 2993 4556 gentilitas,
3025 4479 3152 4549 quia
3182 4485 3338 4531 extra
3368 4476 3446 4531 le-

1856 4606 1998 4661 gem,
2027 4597 2184 4643 extra
2207 4583 2560 4646 sacriﬁcium,
2584 4587 2738 4636 extra
2761 4587 3109 4648 synagogam.
3129 4571 3236 4626 Sed
3260 4577 3441 4624 tamen

1858 4683 1929 4737 ad
1983 4680 2148 4734 ﬁdem
2189 4677 2414 4731 veniens
2457 4687 2553 4728 cor
2587 4668 2887 4733 mundavit,
2934 4673 2990 4720 et
3038 4665 3094 4718 in
3135 4676 3200 4718 ea
3231 4661 3446 4717 cineres

1859 4783 2042 4826 vaccae
2063 4767 2382 4830 funduntur,
2409 4763 2536 4833 quia
2565 4759 2770 4816 mundo
2794 4757 2943 4813 cordi
2965 4753 3286 4827 gentilitatis
3327 4767 3450 4824 my-

1867 4861 2096 4918 sterium
2123 4857 2419 4914 Dominicae
2449 4849 2841 4909 incarnationis
2869 4847 3124 4904 creditur.
3164 4845 3315 4901 Multi
3338 4844 3443 4899 ita-

1863 4967 1970 5024 que
2000 4966 2069 5008 ex
2094 4949 2398 5023 gentilitate
2427 4942 2694 5006 conversi,
2733 4939 3117 5012 praedicatores
3141 4943 3269 4992 sunt
3288 4933 3442 4999 facti,

1866 5052 1921 5100 et
1949 5042 2126 5099 eidem
2165 5037 2454 5112 gentilitati
2481 5032 2722 5091 venienti
2760 5031 2828 5086 ad
2875 5030 3038 5086 ﬁdem
3067 5025 3446 5098 Redemptoris

1861 5136 2128 5209 mysteria
2155 5133 2517 5189 tradiderunt.
2563 5127 2660 5182 Vir
2685 5139 2818 5197 ergo
2843 5124 3076 5180 mundus
3108 5121 3163 5176 in
3191 5119 3312 5175 loco
3341 5131 3444 5186 pu-

1863 5228 2082 5283 rissimo
2107 5237 2287 5279 vaccae
2310 5223 2523 5277 cineres
2545 5217 2741 5284 fundit,
2766 5217 2894 5272 dum
2913 5213 3141 5285 quilibet
3165 5211 3353 5264 doctor
3374 5219 3443 5259 ex

1865 5316 2171 5391 gentilitate
2199 5319 2529 5382 assumptus,
2553 5310 2754 5365 munda
2773 5322 2871 5378 per
2894 5300 3254 5360 humilitatem

1867 5385 2150 5481 gentilium
2177 5403 2427 5474 requirit,
2459 5410 2516 5458 et
2543 5400 2804 5473 mysteria
2833 5396 2914 5452 eis
2943 5385 3442 5481 RedemptorisAno-

1859 5475 1960 5553 stri
2011 5496 2231 5552 tradere
2274 5508 2382 5550 non
2434 5492 2668 5550 desistit.
2702 5486 2857 5556 Quod
2905 5495 3030 5540 cum
3067 5479 3264 5551 agitur,
3307 5475 3445 5532 ﬁdes

1861 5586 2142 5659 gentilium
2196 5586 2608 5657 multiplicatur,
2666 5579 2848 5636 divina
2892 5573 3068 5628 virtus
3105 5566 3437 5659 agnoscitur,

1863 5655 2146 5749 disciplina
2175 5655 2570 5749 praeceptorum
2596 5676 2832 5727 tenetur.
2864 5663 3020 5722 Unde
3042 5669 3102 5718 et
3122 5665 3272 5749 recte
3304 5655 3435 5714 sub-

1857 5748 2103 5840 iungitur
2128 5786 2142 5825 :
2167 5766 2245 5828 ,Ut
2288 5748 2394 5826 sint
2419 5759 2746 5823 multitudini
2785 5755 3022 5827 ﬁliorum
3061 5748 3232 5811 Israel
3262 5749 3437 5805 incu-
