3890 6340
492 370 605 432 ’10⁸1

1130 370 1193 429 B.
1231 356 1487 429 usam
1525 368 1743 429 MAURI
1779 368 2100 431 ARCHIEP:
2143 368 2454 433 uocum.
2490 370 2778 431 orenam
2816 366 2996 430 psus
3029 370 3071 426 ι.
3652 378 3738 440 τος

493 485 739 542 stadium.
781 478 946 539 israel
976 498 1211 557 namque
1239 485 1626 558 interpretatur
1659 487 1839 544 videns
1878 485 2071 545 Deum;
2101 486 2156 553 Α
2178 487 2429 562 gentibus
2456 485 2796 560 profuturum
2817 529 2833 556 ,
2862 486 2917 543 id
2939 496 3046 555 est,
3078 486 3204 545 ﬁliis
3232 487 3403 546 Israel
3427 498 3489 548 et
3520 495 3743 570 prosety.

491 577 556 632 Et
585 592 689 632 non
726 576 1002 633 immerito
1030 588 1296 635 cenversa
1328 581 1603 652 gentilitas
1626 579 1801 636 Israel
1842 580 2041 638 dicitur
2059 623 2074 651 ,

489 666 609 740 qua:
636 670 749 742 jam
778 669 883 726 ﬁde
908 668 1081 727 Deum
1109 671 1526 743 contemplatur.
1570 672 1668 729 lsti
1710 686 1838 745 ergo
1866 673 2078 733 cineres

489 761 821 818 multitudini
852 761 1087 819 ﬁliorum
1127 760 1289 818 Israel
1323 762 1377 818 in
1408 763 1716 820 custodiam
1741 763 1906 833 ﬁunt,
1948 762 2075 836 quia

488 853 708 909 subtilia
738 862 1081 911 sacramenta
1107 852 1323 911 mundis
1355 853 1638 929 gentilium
1666 854 1921 911 cordibus
1964 864 2077 911 tra-

488 946 604 1002 dita
641 946 698 1002 in
749 948 949 1002 mentis
996 946 1297 1003 munitione
1344 952 1651 1003 vertuntur.
1703 946 1846 1003 Bene
1893 954 2075 1003 autem

491 1035 762 1103 subditur,
795 1036 920 1091 etin
948 1052 1141 1110 aquam
1170 1037 1507 1110 aspersionis.
1540 1037 1768 1110 Propter
1797 1040 2072 1111 operatio-

486 1144 612 1184 nem
646 1144 883 1200 namque
910 1129 967 1185 in
1010 1130 1255 1186 custodia
1282 1141 1465 1188 nostra
1501 1134 1627 1188 sunt
1669 1130 1901 1198 cineres,
1942 1147 2073 1202 pro-

482 1229 605 1292 pter
628 1220 957 1294 baptismum
986 1236 1117 1279 vero
1151 1222 1205 1277 in
1237 1236 1378 1295 aqua
1414 1223 1764 1295 aspersionis,
1796 1223 2072 1280 cineribus

481 1315 599 1386 ejus
625 1317 848 1384 utimur,
880 1323 944 1373 ut
975 1316 1103 1374 dum
1151 1319 1511 1378 consideratis
1538 1319 1655 1393 ejus
1689 1321 1943 1393 operibus
1972 1326 2072 1378 no-

483 1417 595 1465 stra
625 1421 745 1467 aeta
773 1413 875 1469 sub
912 1411 1200 1483 disciplina
1228 1413 1542 1486 redigimus,
1572 1426 1749 1472 vacca:
1781 1415 1993 1473 cineres
2015 1415 2071 1472 in

489 1502 739 1558 custodia
774 1511 961 1559 nostra
989 1518 1268 1560 servemus
1301 1523 1314 1561 :
1354 1505 1445 1577 qui
1476 1506 1604 1563 dum
1648 1516 1855 1565 secreta
1908 1515 2072 1579 atque

477 1590 698 1651 subtilia
749 1594 1084 1668 operationis
1117 1596 1260 1654 illius
1292 1610 1390 1671 per
1422 1598 1787 1656 imitationem
1836 1598 2072 1655 attendi-

480 1696 622 1751 mus,
660 1700 760 1758 per
790 1687 906 1744 htec
927 1685 1084 1744 nobis
1106 1697 1162 1744 et
1184 1688 1506 1745 munditiam
1532 1697 1587 1746 et
1610 1691 2070 1763 perseverantiam

476 1779 843 1850 providemus.
876 1779 1015 1850 Apte
1049 1788 1232 1837 autem
1259 1780 1625 1854 subjungitur,
1660 1785 1785 1855 quia
1817 1794 1917 1856 pro
1942 1799 2070 1855 pec-

477 1868 599 1924 cato
626 1869 907 1926 combusta
934 1878 1019 1925 est
1042 1878 1228 1926 va’cca.
1259 1870 1411 1927 Tune
1435 1872 1581 1929 enini
1614 1881 1857 1929 nostram
1886 1881 2068 1929 custo-

477 1958 892 2035 diamprovi‘de
942 1964 1294 2032 custodimus,
1346 1980 1471 2022 cum
1510 1962 1928 2038 Red'emptorem
1971 1984 2067 2024 no-

480 2058 652 2109 Strum
708 2062 808 2127 pro
874 2056 1079 2112 nostris
1132 2055 1521 2128 iniquitatibus
1563 2062 1786 2130 p’aSSuni
1836 2059 2067 2117 sollicite

478 2147 908 2205 consideramus.
955 2148 1348 2222 Perpendimus
1376 2167 1612 2222 namque
1641 2151 1770 2224 quid
1800 2152 2067 2209 retribuat

473 2236 651 2308 bonis,
682 2238 775 2313 qui
803 2241 975 2298 voluit
996 2238 1137 2298 mori
1169 2246 1269 2317 pro
1289 2240 1464 2301 malis.
1490 2244 1907 2316 Perpendlmus,
1931 2245 2065 2318 quid

473 2330 541 2387 ad
562 2333 831 2404 justitiam
862 2332 987 2391 ﬁdei
1012 2336 1234 2391 adducti
1265 2342 1385 2393 es$e
1411 2339 1599 2410 gratia:
1624 2338 1937 2407 debeamus,
1973 2338 2065 2411 qui

472 2427 528 2475 et
556 2420 609 2475 in
639 2420 1015 2494 iniquitatibus
1046 2424 1231 2497 positi,
1256 2422 1702 2484 intercessionem
1733 2430 1924 2486 mortis
1950 2429 2066 2501 ejus

472 2515 788 2587 accipimus.
817 2515 879 2574 lu
906 2514 1153 2576 custodia
1192 2519 1322 2593 ergo
1368 2522 1579 2580 eineres
1608 2524 1765 2592 ﬁunt,
1796 2525 1924 2595 quia
1966 2541 2065 2597 pro

471 2614 696 2678 peccato
724 2610 1011 2666 combusta
1041 2619 1124 2668 est
1148 2629 1337 2682 vacca,
1372 2613 1499 2670 dum
1522 2614 1791 2686 passionis
1819 2614 1936 2688 ejus
1956 2614 2066 2689 iny-

471 2694 641 2756 steria
672 2700 904 2759 sollicite
933 2704 1385 2777 contemplantes,
1437 2724 1560 2780 quae
1604 2708 1822 2780 operari
1863 2711 2061 2767 debea-

472 2807 595 2848 mus
623 2794 989 2863 agnoscimus,
1033 2798 1127 2870 qui
1162 2797 1579 2872 Redemptorem
1612 2800 1863 2859 nostrum
1896 2802 2064 2859 etiam

470 2894 569 2961 pro
610 2884 812 2960 iniquis
862 2887 1020 2947 nobis
1077 2890 1355 2949 mortuum
1404 2911 1513 2951 non
1563 2895 1895 2967 ignoramus.
1927 2888 2062 2953 Item

469 2980 749 3040 moraliter
778 3002 1002 3043 vaccam
1038 2992 1363 3058 mactamus,
1404 3002 1529 3049 cum
1576 3009 1798 3051 carnem
1838 3012 1871 3052 a
1907 2996 2062 3053 lasci-

468 3074 555 3130 via
586 3076 880 3148 voluptatis
912 3080 1296 3153 extinguimus.
1331 3072 1505 3151 Quam
1543 3101 1670 3143 cum
1716 3088 1953 3160 hyssopo
1997 3088 2062 3145 li-

468 3181 682 3239 gnoque
710 3167 936 3225 cedrino
958 3186 1023 3225 ac
1048 3187 1213 3228 cocco
1244 3164 1543 3243 oﬁ‘erimus,
1572 3177 1697 3245 quia
1725 3193 1850 3233 eum
1874 3193 2057 3234 mace-

467 3254 679 3312 ratione
726 3259 927 3323 carnis,
976 3262 1312 3319 sacriﬁcium
1343 3262 1499 3333 ﬁdei,
1535 3267 1651 3337 spei
1680 3277 1736 3323 et
1774 3269 2059 3328 eharitatis

472 3340 772 3405 adolemus.
826 3351 1086 3425 Quisquis
1113 3370 1243 3427 ergo
1292 3358 1648 3430 semetipsum
1687 3350 1801 3418 Deo
1849 3360 2059 3420 sacriﬁ-

470 3439 631 3527 cium.
668 3438 884 3509 obtulit,
942 3445 990 3503 si
1020 3446 1268 3517 perfecta
1310 3449 1600 3518 desideret,
1648 3454 1802 3513 curet
1833 3471 2061 3515 necesse

470 3538 556 3586 est
585 3540 644 3587 ut
668 3548 776 3589 non
802 3535 978 3591 solum
1014 3537 1082 3593 ad
1118 3540 1455 3609 operationis
1478 3556 1536 3598 se
1567 3539 1927 3612 latitudinem,
1963 3563 2059 3603 ve-

470 3636 589 3677 rum
637 3624 805 3679 etiam
842 3626 911 3681 ad
956 3627 1193 3685 eulmina
1247 3632 1725 3705 contemplationis
1777 3636 2054 3693 extendat.

468 3708 574 3765 Sed
603 3710 750 3768 inter
774 3714 894 3771 haec
935 3733 1263 3790 magnopere
1290 3722 1572 3783 sciendum
1598 3732 1700 3794 est,
1730 3726 1858 3798 quia
1903 3728 2059 3784 valde

464 3798 607 3856 inter
629 3818 688 3858 se
711 3800 938 3862 diversae
963 3817 1091 3864 sunt
1114 3811 1527 3882 conspersiones
1556 3813 1881 3871 animarum.
1907 3816 2056 3872 Non-

464 3892 597 3979 nulli
632 3900 868 3968 namque
896 3899 1176 3955 hominum
1208 3901 1281 3957 ita
1309 3912 1437 3959 sunt
1462 3904 1649 3961 otiosa:
1676 3906 1899 3975 mentis,
1928 3916 1989 3962 ut
2013 3904 2059 3963 si

464 4001 557 4043 eos
590 3980 749 4043 labor
779 3990 1154 4060 occupationis
1184 3990 1439 4064 excipiat,
1486 3996 1544 4051 in
1584 3994 1701 4067 ipsa
1742 3994 1924 4068 operis
1967 4014 2060 4055 oe-

463 4080 751 4148 cupatione
777 4070 1150 4138 succumbant.
1184 4083 1254 4139 Et
1278 4086 1524 4141 nonnulli
1556 4088 1629 4141 ita
1656 4084 1885 4158 inquieti
1909 4098 2056 4157 sunt,

466 4177 527 4222 ut
552 4167 597 4222 si
632 4170 974 4251 vacationem
1001 4170 1205 4229 laboris
1233 4173 1525 4232 habuerint
1548 4175 1766 4249 gravius
1788 4168 2055 4251 laborent,

466 4259 595 4331 quia
648 4250 800 4315 tanto
839 4256 1169 4319 detentiores
1228 4268 1407 4323 cordis
1463 4270 1727 4327 tumultus
1784 4273 2055 4342 tolerant,

467 4348 671 4424 quanto
699 4350 779 4408 eis
808 4352 1057 4410 licentius
1084 4371 1115 4409 a
1144 4357 1471 4428 cogitatione
1515 4368 1731 4416 vacant.
1766 4358 1922 4418 Unde
1969 4366 2059 4419 ne;

467 4462 623 4503 cesse
666 4442 750 4503 est
774 4440 835 4503 ut
864 4464 966 4505 nec
995 4448 1177 4520 quieta
1216 4462 1369 4507 mens
1414 4450 1482 4509 ad
1522 4454 1972 4512 exercitationem
1999 4474 2057 4514 se

467 4541 809 4597 immoderati
839 4544 1021 4616 operis
1049 4542 1257 4615 dilatet,
1296 4563 1398 4604 nec
1435 4546 1679 4621 inquieta
1715 4550 1783 4607 ad
1812 4550 2054 4608 studium

464 4630 939 4702 contemplationis
987 4646 1256 4708 angustet.
1308 4632 1461 4712 Saepe
1490 4640 1636 4697 enim
1667 4637 1761 4715 qui
1808 4646 2053 4700 cantem-

463 4720 601 4792 plari
633 4720 805 4779 Deum
852 4726 1021 4797 quieti
1066 4730 1351 4802 poterant,
1388 4733 1837 4805 occupatibnibus
1879 4736 2054 4808 pressi

466 4814 814 4883 ceciderunt;
868 4827 924 4873 et
976 4836 1117 4890 szepe
1176 4820 1269 4893 qui
1312 4826 1560 4896 occupati
1610 4825 1750 4883 bene
1798 4826 2055 4884 humanis

467 4906 654 4963 usibus
702 4909 967 4978 viverent,
1011 4910 1188 4985 gladio
1216 4931 1326 4970 suae
1375 4918 1576 4988 quietis
1603 4920 1860 4977 exstincti
1903 4929 2048 4977 sunt.

468 4997 607 5054 llinc
652 5015 886 5070 namque
915 5011 1020 5067 est,
1056 5005 1201 5080 quod
1248 5000 1491 5064 nonnulli
1534 5004 1759 5080 inquieti
1789 5010 2010 5084 Spiritus
2033 5056 2049 5083 ,

469 5087 595 5144 dum
642 5091 764 5161 plus
808 5092 1100 5162 exquirunt
1148 5099 1563 5171 contemplando
1612 5118 1772 5173 quam
1808 5105 2048 5177 capiunt,

469 5195 641 5263 usque
673 5181 740 5236 ad
775 5196 1032 5252 perversa
1063 5183 1311 5255 dogmata
1341 5178 1649 5263 erumpunt.
1696 5190 1764 5247 Et
1805 5176 1931 5248 dum
1962 5194 2054 5250 ve—

470 5260 648 5327 ritatis
690 5271 941 5345 discipuli
979 5268 1101 5332 esSe
1143 5275 1421 5336 humiliter
1458 5260 1762 5355 negligant,
1805 5286 2053 5358 magistri

468 5378 715 5422 errorum
744 5366 900 5425 ﬁunt.

482 5450 485 5453 ’
542 5448 822 5512 Habebunt
851 5458 948 5514 hoc
973 5454 1074 5530 ﬁlii
1101 5448 1274 5518 israel
1315 5450 1365 5516 et
1418 5458 1633 5520 advena:
1681 5467 1771 5540 qui
1812 5460 2050 5527 habitant

492 5557 608 5605 nter
632 5566 723 5623 eos
750 5562 993 5609 sanctum
1011 5555 1136 5627 jure
1156 5565 1425 5629 perpetuo.
1459 5556 1528 5612 Et
1556 5560 1675 5619 erit.
1704 5554 1898 5633 inquit,
1924 5562 2052 5633 ﬁliis

472 5636 643 5699 Israel
671 5652 720 5700 et
744 5646 1044 5731 proselytis,
1071 5650 1162 5720 qui
1187 5660 1541 5720 apponuntur,
1570 5651 1857 5724 legitimum
1896 5665 2051 5709 reter-

475 5746 619 5786 num.
655 5734 797 5801 Quid
842 5738 988 5795 aliud
1015 5740 1273 5808 ostendit,
1303 5742 1406 5799 nisi
1452 5744 1783 5817 baptismum
1826 5745 2050 5814 Christi,

475 5836 637 5893 quem
686 5827 1027 5897 signiﬁcabat
1075 5848 1212 5905 aqua
1270 5840 1620 5908 aspersionis,
1663 5850 1717 5897 et
1753 5838 1955 5896 Judzeis
1997 5824 2053 5895 et

2160 580 2270 647 (is,
2308 588 2565 652 tanquam
2605 580 2942 637 naturalibus
2968 581 3154 648 ramis,
3205 589 3261 638 et
3287 583 3499 642 inserto
3542 588 3741 661 pingue-

2178 671 2304 728 dine
2331 673 2532 733 radicis
2560 673 2816 728 oleastro.
2846 672 3017 741 Quem
3048 682 3230 729 autem
3256 690 3366 731 non
3392 674 3567 735 faciat
3586 679 3738 738 inten.

2176 771 2313 832 tum,
2346 762 2488 836 quod
2538 771 2657 835 post
2698 764 3031 822 ablutionem
3076 762 3145 822 de
3180 766 3409 839 singulis
3460 771 3738 844 quibusque

2176 852 2396 921 dicitur,
2427 864 2476 910 et
2504 855 2806 912 immundus
2831 857 2929 912 erit
2952 866 3114 929 usque
3153 860 3225 914 ad
3257 869 3551 933 vesperam.
3581 862 3736 936 Neque

2170 945 2267 1002 hic
2294 954 2526 1014 tantum,
2557 948 2652 1004 sed
2704 948 2759 1004 in
2788 948 3041 1005 omnibus
3068 948 3268 1007 talibus
3318 954 3734 1014 mundationibus

2172 1038 2278 1096 hoc
2320 1039 2540 1096 dicitur.
2568 1038 2669 1096 Ubi
2718 1040 2904 1098 nescio
2935 1050 3120 1098 utrum
3164 1043 3371 1115 aliquid
3402 1044 3555 1103 aliud
3595 1051 3732 1120 possit

2171 1132 2419 1205 intelligi,
2465 1132 2574 1189 nisi
2614 1135 2760 1205 quod
2791 1135 2969 1192 omnis
3009 1136 3173 1192 homo
3213 1144 3337 1210 post
3383 1142 3729 1199 remissionem

2168 1225 2547 1297 plenissimam
2594 1233 2966 1297 peccatorum,
2999 1230 3373 1299 permanendo
3402 1230 3460 1286 in
3500 1231 3606 1289 hac
3644 1235 3727 1290 vita

2172 1318 2446 1374 contrahit
2472 1316 2675 1389 aliquid
2700 1316 2841 1374 unde
2868 1319 2940 1374 sit
2965 1318 3298 1387 immundus,
3327 1332 3505 1393 usque
3532 1324 3601 1381 ad
3622 1325 3728 1397 ejus

2169 1406 2294 1464 dem
2322 1408 2447 1464 vita:
2477 1408 2662 1476 ﬁnem,
2691 1407 2784 1463 ubi
2830 1406 2946 1464 dies
2976 1409 3075 1464 iste
3113 1410 3518 1479 quodammodo
3559 1413 3727 1471 claudi-

2173 1507 2278 1565 tur,
2303 1498 2447 1571 quod
2467 1499 2735 1571 signiﬁcat
2755 1512 3003 1571 vespera.
3026 1499 3229 1557 Deinde
3259 1501 3450 1573 incipit
3478 1503 3725 1577 Scriptura

2171 1588 2355 1647 dicere
2389 1599 2444 1647 et
2472 1590 2807 1661 exsequitur,
2840 1591 3299 1661 quemadmodum
3331 1593 3600 1651 immundi
3624 1596 3723 1652 facti

2168 1682 2420 1739 homines
2447 1696 2586 1753 aqua
2611 1681 2702 1737 illa
2731 1684 3063 1753 aspersionis
3091 1684 3473 1754 puriﬁcentur.

2242 1776 2346 1842 Qui
2374 1776 2596 1847 tetigerit
2623 1775 2847 1829 cadaver
2874 1772 3121 1843 hominis,
3147 1782 3193 1829 et
3222 1782 3436 1848 propter
3449 1777 3546 1833 hoe
3566 1789 3720 1851 septem

2092 1850 2140 1921 B
2168 1866 2349 1922 diebus
2380 1866 2537 1937 fuerit
2560 1868 2886 1934 immundus,
2932 1879 3242 1940 aspergatur
3270 1884 3335 1922 ea:
3364 1869 3465 1924 hac
3492 1878 3624 1942 aqua
3660 1872 3721 1926 die

2168 1958 2321 2014 tertio
2368 1968 2417 2012 et
2459 1959 2677 2030 septimo
2719 1972 2738 2013 :
2780 1968 2829 2014 et
2864 1957 2940 2012 sit:
2989 1957 3353 2013 mandabitur.
3385 1960 3448 2016 Si
3486 1960 3569 2017 ttie
3602 1964 3720 2016 tertio

2169 2066 2414 2123 aspersus
2442 2066 2547 2106 non
2584 2050 2763 2122 fuerit,
2804 2052 3021 2123 septimo
3066 2064 3171 2106 non
3229 2054 3420 2124 poterit
3458 2052 3717 2111 emundari.

2170 2140 2354 2198 Omnis
2402 2143 2493 2215 qui
2550 2143 2777 2214 tetigerit
2834 2143 3080 2197 humanae
3140 2143 3333 2197 animm
3377 2146 3719 2212 mouit-inium,

2168 2242 2217 2291 et
2236 2248 2477 2307 aspersus
2517 2242 2615 2288 nae
2658 2234 3015 2289 commistione
3064 2246 3169 2289 non
3217 2235 3408 2305 fuerit,
3443 2234 3623 2307 pottuit
3657 2247 3723 2291 ta-

2168 2326 2507 2382 bernaculum
2541 2325 2776 2392 Domini,
2794 2335 2841 2381 et
2870 2326 3057 2397 peribit
3081 2322 3483 2394 emisraetmttis
3509 2340 3637 2400 aqua
3651 2344 3724 2381 ex-

2165 2419 2415 2491 piationis
2442 2434 2547 2474 non
2587 2427 2661 2473 est
2694 2426 2955 2489 aspersus.
2991 2416 3312 2471 Immundas
3340 2419 3458 2485 erit,
3491 2427 3539 2473 “et
3574 2433 3723 2473 mane-

2167 2509 2239 2565 bit
2290 2511 2544 2584 spurcitia
2590 2520 2747 2581 super
2790 2522 2934 2577 eum,
2976 2514 3085 2565 etc.
3116 2509 3218 2576 Qui
3248 2511 3508 2582 tetigerit,
3550 2509 3716 2582 inquit,

2165 2598 2459 2669 mortlium,
2510 2602 2689 2658 omnis
2734 2601 2915 2657 anima
2956 2601 3194 2657 hominis
3238 2602 3518 2658 immunda
3541 2601 3719 2658 eritse-

2164 2699 2312 2763 ptem
2362 2692 2573 2748 diebus.
2609 2690 2711 2747 llic
2740 2693 3117 2763 puriﬁcabitur
3140 2692 3227 2749 die
3272 2692 3444 2750 tertio
3469 2702 3523 2750 et
3561 2694 3633 2750 die
3651 2704 3717 2748 se-

2164 2786 2355 2858 ptimo,
2390 2793 2445 2841 et
2474 2786 2788 2842 immundus
2813 2787 2936 2842 erit.
2971 2786 3039 2842 Et
3087 2786 3177 2843 hic
3203 2787 3347 2842 nihil
3376 2786 3520 2843 aliud
3554 2785 3717 2843 intelli-

2165 2878 2399 2951 gendum
2427 2877 2585 2935 video
2607 2920 2621 2946 ,
2658 2877 2761 2933 nisi
2793 2886 3102 2933 eontattum
3134 2880 3336 2934 mortui
3374 2892 3495 2936 esse
3520 2876 3718 2935 hominis

2165 2969 2528 3041 iniquitatem.
2601 2968 2823 3043 Septem
2881 2978 3013 3025 vero
3072 2970 3287 3026 dierum
3352 2966 3715 3027 immunditiam

2162 3072 2386 3135 propter
2414 3062 2652 3118 animam
2678 3068 2733 3118 et
2760 3076 2957 3133 corpus
2989 3061 3193 3118 dictum
3219 3072 3353 3134 puto
3381 3062 3395 3117 ὲ
3442 3064 3654 3118 animam
3673 3060 3718 3115 in

2168 3155 2426 3222 ternario,
2452 3154 2650 3226 corpus
2676 3156 2729 3210 in
2761 3156 3134 3226 quaternario.
3175 3152 3491 3211 Secundum
3516 3156 3623 3222 hoc,
3646 3153 3718 3209 di-

2087 3216 2132 3284 c
2163 3252 2312 3302 ctum
2343 3216 2582 3302 arbitror
2611 3256 2709 3318 per
2736 3216 3055 3318 prophetam
3088 3265 3101 3300 :
3150 3245 3210 3301 In
3238 3247 3415 3303 tribus
3443 3246 3495 3302 et
3518 3216 3721 3319 quatuor

2161 3340 2270 3392 non
2313 3338 2664 3392 adverSahor.
2690 3335 2949 3408 Adjungit
2984 3344 3166 3392 autem
3196 3347 3254 3394 et
3294 3339 3464 3394 dicit:
3496 3336 3553 3395 Si
3574 3348 3721 3393 autem

2160 3440 2265 3484 non
2290 3430 2604 3501 puriﬁc'atus
2650 3429 2809 3499 fuerit
2836 3430 2920 3484 die
2951 3430 3102 3484 tertio
3148 3440 3197 3485 et
3246 3431 3333 3485 die
3359 3432 3593 3503 septimo,
3633 3443 3721 3483 non

2160 3521 2258 3575 erit
2284 3520 2534 3575 mundus.
2563 3519 2746 3575 Omnis
2768 3522 2860 3593 qui
2883 3522 3107 3592 tetigerit
3129 3521 3192 3576 ab
3215 3522 3355 3577 omni
3381 3525 3559 3577 anima
3578 3520 3725 3575 nanti-

2160 3608 2242 3664 nis
2284 3620 2331 3663 et
2366 3622 2607 3665 mortuus
2655 3611 2834 3682 fuerit,
2865 3620 2914 3665 et
2964 3626 3067 3666 non
3111 3613 3271 3683 fuerit
3304 3612 3611 3683 puriﬁcams
3651 3608 3728 3662 die

2158 3712 2347 3774 quarto
2377 3712 2424 3756 et
2468 3703 2524 3756 in
2559 3702 2646 3756 die
2677 3703 2916 3772 septimo,
2947 3701 3002 3756 id
3042 3710 3126 3758 est
3163 3711 3281 3756 ante
3304 3712 3549 3755 mortuus
3573 3699 3731 3753 fuerit

2159 3800 2305 3848 tacto
2334 3802 2572 3858 mortuo,
2603 3804 2769 3864 quam
2797 3792 2959 3848 fuerit
2984 3791 3311 3865 puriﬁeatus,
3337 3788 3726 3845 tabernaculum

2157 3885 2373 3941 Domini
2401 3885 2608 3958 poliuit,
2642 3886 3079 3941 exterminabitur
3102 3886 3279 3940 anima
3319 3882 3415 3938 illa
3447 3897 3514 3938 ea:
3549 3880 3720 3937 Israel.

2157 3975 2466 4033 Notandum
2488 3987 2572 4033 εει
2601 3979 2744 4048 quod
2770 3977 3085 4035 diﬁieillime
3106 3978 3377 4050 reperitur
3404 3977 3461 4031 in
3482 3976 3563 4032 his
3582 3973 3720 4030 libris

2157 4069 2361 4140 aliquid
2380 4070 2686 4125 evidentius
2713 4071 2779 4125 de
2807 4071 2919 4125 vita
2945 4072 3142 4126 anima:
3170 4075 3295 4141 post
3316 4076 3545 4125 mortem
3569 4067 3719 4122 fuisse

2159 4163 2551 4234 conscriptum.
2579 4160 2966 4232 Puriﬁcabimr
2994 4164 3078 4218 die
3102 4164 3343 4235 septimo,
3368 4172 3417 4217 et
3450 4160 3627 4216 iuvabit
3653 4176 3720 4215 re-

2158 4252 2400 4310 stimenta
2418 4272 2539 4322 sua,
2556 4266 2603 4309 et
2624 4254 2886 4310 (arabitur
2910 4272 3072 4327 aqua,
3087 4266 3134 4309 et
3151 4254 3454 4308 immundus
3467 4253 3558 4308 erit
3578 4264 3720 4322 usque

2157 4344 2226 4400 ad
2262 4362 2546 4421 vesperam.
2575 4345 2694 4400 Alia
2722 4355 2805 4401 est
2848 4361 2987 4417 aqua
3012 4345 3367 4416 aspersionis,
3397 4354 3454 4400 et
3489 4344 3587 4399 alia
3624 4342 3717 4396 uti-
3758 4397 3762 4400 .

2156 4453 2260 4510 que
2293 4438 2383 4493 illa
2412 4454 2519 4509 qua
2544 4437 2692 4494 lavat
2717 4441 3043 4494 Vestimenta
3064 4454 3183 4494 sua.
3209 4438 3279 4493 Et
3302 4438 3562 4493 iuvabitur
3576 4452 3715 4508 aqua,

2157 4540 2320 4601 quam
2358 4539 2489 4601 puto
2512 4530 2813 4601 spiritalem
2844 4529 3251 4600 intelligendam
3274 4544 3375 4601 per
3400 4527 3720 4601 signiﬁcatio-

2161 4635 2307 4687 nem,
2337 4632 2446 4675 non
2471 4635 2569 4690 per
2589 4619 2995 4690 proprietatem.
3023 4618 3158 4673 Nam
3186 4620 3305 4674 sine
3326 4619 3491 4673 dubio
3515 4614 3721 4671 visibilis

2161 4720 2298 4781 erat,
2348 4713 2489 4767 sicut
2514 4712 2617 4768 illa:
2662 4728 2851 4768 omnes
2888 4713 3094 4767 umbne
3141 4710 3471 4766 iuturorum.
3510 4705 3721 4765 Proinde

2162 4808 2253 4877 qui
2281 4815 2622 4862 sacramento
2671 4806 2925 4875 baptismi
2976 4811 3125 4860 recte
3172 4803 3435 4870 abluitur,
3464 4800 3599 4872 quod
3642 4796 3722 4853 illa

2162 4901 2491 4972 aspersionis
2527 4916 2665 4970 aqua
2710 4899 3010 4970 ﬁgurabat,
3056 4898 3380 4964 mandatur,
3423 4902 3478 4952 et
3517 4894 3720 4966 spirita-

2157 4990 2303 5058 liter,
2334 4992 2386 5046 id
2423 4999 2509 5045 est
2536 4990 2877 5047 invisibiliter
2904 4993 2957 5046 in
2993 5006 3157 5046 carne
3187 5000 3241 5045 et
3268 4993 3321 5045 in
3354 4990 3555 5055 anima,
3578 4995 3641 5041 ut
3664 4984 3726 5039 sit

2154 5083 2391 5139 mundus
2432 5091 2488 5137 et
2513 5098 2742 5153 corpore
2773 5092 2826 5137 et
2846 5083 3061 5153 Spiritu.
3101 5081 3205 5137 Vas
3234 5082 3375 5155 quod
3407 5084 3509 5136 non
3549 5078 3728 5133 habue-

2154 5180 2221 5233 rit
2251 5175 2550 5250 operculum
2585 5176 2659 5232 vel
2686 5174 2969 5248 ligaturam
2992 5176 3235 5248 desuper,
3262 5173 3585 5229 immundum
3614 5171 3727 5225 erit.

2155 5264 2392 5343 Tegmen
2417 5266 2655 5341 operculi
2678 5267 2761 5324 vel
2786 5266 3019 5341 ligatu'ra
3064 5272 3146 5324 eSt
3163 5264 3397 5323 censura
3416 5261 3728 5335 disciplinae,

2153 5360 2280 5438 quia
2326 5364 2571 5437 quisquis
2600 5378 2706 5417 non
2733 5363 3019 5433 premitur,
3052 5358 3208 5433 quasi
3249 5370 3347 5415 vas
3393 5356 3735 5414 immundum

2154 5463 2528 5536 pollutamque
2562 5458 2901 5531 reprobatur.
2933 5454 3099 5526 Quasi
3139 5456 3286 5512 enim
3313 5464 3412 5509 Vas
3441 5453 3560 5510 sine
3582 5462 3739 5526 cper-

2158 5555 2279 5612 culo
2312 5548 2397 5612 vel
2436 5554 2669 5626 ligatura
2698 5551 2979 5625 polluitur,
3031 5548 3125 5622 qui
3165 5550 3263 5623 per
3293 5542 3472 5604 studia
3502 5554 3741 5603 ostenta-

2160 5648 2323 5706 tionis
2345 5656 2557 5720 patens,
2585 5647 2733 5704 nullo
2756 5645 3025 5703 velamine
3054 5644 3449 5701 taciturnitatis
3474 5641 3740 5714 operitur.

2230 5741 2288 5798 Si
2311 5742 2428 5815 quis
2454 5742 2509 5797 in
2539 5759 2667 5814 agro
2697 5741 2923 5814 tetigerit
2945 5745 3171 5795 cadaver
3198 5738 3358 5794 occisi
3385 5735 3619 5792 hominis
3652 5734 3745 5787 aut

2157 5852 2249 5906 per
2277 5851 2330 5891 se
2359 5834 2576 5903 mortui,
2604 5832 2708 5889 sive
2733 5850 2789 5888 os
2812 5824 2956 5887 illius
2985 5824 3063 5887 vel
3085 5828 3407 5902 sepulcrum,
3435 5824 3745 5886 immundus
