3890 6340
186 397 288 465 709

896 390 1433 455 ENARRATIONES
1468 390 1539 453 IN
1575 394 1838 461 LIBRUM
1870 396 2333 461 NUMERORUM.
2373 429 2443 441 —
2479 394 2610 456 LIB.
2650 372 2733 457 n.’

3340 388 3449 468 rio

184 515 281 575 erit
325 518 521 585 neptem
546 510 750 567 diebus.
798 510 1109 568 Secundum
1142 510 1303 567 aliam
1355 512 1650 569 editionem
1693 514 1769 569 ita
1796 518 1851 580 Α
1872 526 2094 588 propter
2128 532 2295 589 aquas
2328 516 2771 575 contradictionis
2801 515 3015 589 Moyses
3065 518 3288 577 oil'cndit
3337 522 3449 583 Do-

185 610 380 681 legitur
408 625 422 662 :
460 605 644 662 Omnis
670 606 761 677 qui
786 607 1011 677 tetigerit
1039 621 1195 677 super
1225 606 1413 675 faciem
1446 608 1617 678 campi
1657 606 1766 663 ual-

185 711 423 759 neratum
451 708 543 753 aut
564 706 849 764 mortuum,
880 706 972 751 aut
999 714 1053 752 os
1083 698 1308 751 hominis
1346 706 1437 751 aut
1465 714 1766 753 monumen-

183 805 313 856 tum.
348 791 526 860 Quaeri
551 798 727 861 potest
754 804 922 858 quare
948 789 1152 843 dictum
1187 789 1274 851 sit,
1305 789 1648 844 vulneratum
1671 799 1766 845 aut

184 895 477 942 mortuum.
506 881 566 938 Si
607 882 753 936 enim
782 881 927 935 aliud
954 880 1123 935 voluit
1158 880 1384 952 intelligi
1421 882 1763 943 vulneratum

183 983 596 1041 aut'mortuum,
642 974 943 1051 cavendum
970 981 1055 1028 est
1095 988 1166 1026 ne
1209 981 1432 1043 putetur
1455 974 1763 1033 immundus

182 1086 301 1127 esse
332 1070 497 1125 etiam
525 1066 617 1139 qui
666 1066 904 1136 tetigerit
949 1065 1295 1124 vulneratum
1338 1067 1523 1122 vivum
1570 1087 1583 1122 :
1618 1070 1763 1140 quod

181 1160 369 1233 utique
404 1152 697 1215 absurdum
726 1154 827 1213 est.
882 1150 989 1213 Sed
1038 1154 1165 1228 quia
1208 1152 1437 1229 possunt
1465 1165 1519 1214 et
1561 1160 1760 1215 mortui

179 1268 299 1309 esse
329 1248 615 1317 vulnerati,
642 1250 789 1322 ipsos
814 1256 1061 1305 mortuos
1087 1247 1406 1321 intelligitur
1434 1244 1756 1317 decrevisse,

177 1358 236 1404 ut
262 1347 610 1404 vulneratum
636 1354 911 1403 mortuum
948 1338 1330 1416 intelligamus,
1358 1342 1411 1401 id
1433 1342 1518 1402 est
1538 1347 1764 1401 vulnere

176 1452 538 1515 peremptum,
563 1450 657 1497 aut
677 1450 957 1499 mortuum
979 1441 1097 1497 sine
1111 1434 1353 1497 vulnere.
1373 1434 1679 1515 Tollentque
1702 1436 1766 1495 de

154 1529 435 1594 ‘cineribus
460 1522 831 1592 combustionis
860 1524 1013 1606 atque
1036 1534 1257 1607 peccati,
1278 1542 1328 1590 et
1358 1536 1563 1589 mittent
1603 1551 1767 1608 aquas

174 1631 317 1686 vivas
345 1646 502 1702 super
521 1647 609 1684 eos
637 1624 694 1683 in
741 1646 852 1684 vas.
884 1624 954 1682 In
978 1626 1166 1701 quibus
1210 1644 1328 1682 cum
1356 1630 1508 1682 homo
1540 1625 1766 1681 mundus

173 1723 391 1777 tinxerit
422 1722 731 1792 hyssopum,
780 1729 1017 1791 asperget
1069 1736 1129 1774 eo
1178 1736 1329 1774 omne
1378 1721 1679 1786 tentorium,
1720 1726 1766 1773 et

170 1827 420 1874 cunctam
448 1815 853 1891 supellectilem,
887 1824 935 1870 et
971 1815 1206 1871 homines
1254 1808 1613 1885 hujuscemodi
1644 1832 1768 1869 con-

1872 608 2102 674 minum,
2136 618 2191 665 et
2217 610 2535 680 prohibetur
2562 610 2799 665 transire
2824 606 3138 667 Iordanem.
3155 610 3451 672 Perturba-

1862 708 1951 756 tus
2000 702 2143 756 enim
2178 717 2460 757 murmure
2485 684 2689 773 populi,
2724 682 3036 758 dubitanter
3082 712 3295 775 petram
3324 724 3451 781 per-

1864 796 2033 850 cussit
2054 796 2225 867 virga,
2249 796 2407 865 quasi
2438 793 2568 848 illud
2602 810 2709 849 non
2746 804 2929 865 posset
2962 797 3103 853 Deus
3140 796 3346 869 facere,
3393 810 3453 859 ut

1865 900 2005 956 aqua
2052 886 2119 941 de
2164 894 2316 959 petra
2364 884 2676 956 proﬁueret,
2724 887 2870 959 quod
2918 888 3184 961 ante‘jam
3222 891 3448 949 fecerat.

1863 976 2005 1046 Quid
2019 993 2148 1047 ergo
2178 978 2268 1033 hic
2290 977 2423 1033 ﬁdes
2448 977 2615 1049 Moysi
2643 979 2903 1045 insinuat,
2919 984 3064 1053 quod
3084 983 3139 1039 in
3161 1001 3359 1056 aquam
3382 987 3452 1044 de

1860 1078 2017 1142 petra
2038 1070 2359 1140 ejiciendum
2384 1071 2729 1131 titubaverit?
2751 1073 2902 1133 lianc
2919 1078 3261 1150 prephetiam
3280 1081 3454 1139 fuisse

1864 1161 1931 1217 de
1966 1162 2185 1217 Christo
2234 1170 2382 1218 recte
2438 1156 2810 1235 intelligimus.
2871 1160 3009 1222 Dum
3043 1171 3185 1226 enim
3237 1172 3452 1245 Moyses

1862 1254 1918 1309 in
1950 1252 2245 1325 Scripturis
2283 1253 2488 1311 sanctis
2515 1256 2677 1311 aliam
2720 1263 2884 1327 atqlie
2930 1259 3091 1315 aliam
3118 1278 3216 1334 pro
3244 1280 3305 1319 re
3354 1264 3453 1322 all-

1867 1361 1972 1400 uua
2001 1345 2355 1416 signiﬁcanda
2384 1354 2675 1417 personam
2700 1357 2876 1420 gerat,
2905 1352 3049 1407 tuine
3071 1359 3247 1410 tamen
3270 1358 3455 1430 populi

1856 1435 2173 1491 Iudaeorum
2215 1438 2316 1493 sub
2349 1440 2466 1511 lege
2488 1440 2651 1510 positi
2683 1452 2969 1511 personam
3008 1444 3272 1515 gerebat,
3300 1465 3453 1504 eum-

1869 1540 1977 1596 que
2033 1528 2248 1582 interim
2301 1531 2618 1601 prophetica
2670 1534 3112 1603 pronuntiatione
3166 1536 3451 1611 ﬁgurabat.

1868 1617 2005 1673 Nam
2040 1619 2181 1674 sicut
2210 1620 2439 1693 Moyses,
2477 1631 2688 1693 petram
2712 1625 2863 1697 virga
2900 1629 3232 1698 percutiens,
3264 1630 3330 1685 de
3357 1632 3457 1689 Dei

1865 1712 2067 1768 virtute
2111 1713 2400 1781 dubitavit,
2439 1716 2514 1770 ita
2544 1716 2634 1772 ille
2683 1719 2913 1789 populus
2942 1720 3035 1791 qui
3074 1721 3175 1777 sub
3205 1720 3322 1795 iege
3355 1738 3454 1794 per

1867 1805 2087 1877 Moysen
2117 1807 2241 1862 data
2275 1808 2581 1873 tenebatur,
2613 1809 2890 1867 Christum
2921 1812 3067 1884 ligno
3122 1813 3303 1871 crucis
3343 1810 3459 1870 alii-

168 1911 385 1980 tagione
431 1908 683 1981 pollutos,
738 1917 893 1980 atque
920 1906 1016 1963 hoc
1061 1906 1215 1961 modo
1256 1905 1483 1962 mundus
1522 1896 1766 1959 lustrabit
1792 1901 1842 1962 B
1869 1911 2021 1971 gens,
2051 1913 2174 1954 eum
2195 1900 2454 1955 virtutem
2484 1900 2581 1956 Dei
2612 1916 2731 1959 esse
2759 1918 2868 1959 non
2890 1903 3141 1961 credidit.
3175 1904 3282 1963 Sed
3318 1907 3460 1963 sicut

169 1999 514 2055 immundum
541 2000 696 2055 tertio
728 2006 777 2053 et
802 1999 1020 2069 septimo
1042 1998 1127 2052 die
1154 2011 1173 2049 :
1205 1996 1545 2069 expiatusque
1568 1994 1650 2051 die
1684 2012 1765 2050 se-

168 2093 364 2162 ptimo,
394 2090 588 2146 levabit
618 2108 673 2146 se
699 2099 747 2144 et
778 2090 1081 2146 vestimenta
1106 2105 1223 2154 sua,
1251 2098 1300 2143 et
1323 2089 1625 2147 immundus
1668 2088 1766 2143 erit

170 2197 345 2251 usque
388 2166 458 2236 ad
508 2196 793 2251 vesperam,
821 2187 927 2235 etc.
971 2168 1124 2246 Quod
1170 2194 1299 2235 vero
1344 2178 1582 2251 hyssopo
1626 2174 1765 2233 dixit

166 2286 372 2339 aquam
395 2271 728 2340 aspersionis
751 2269 985 2341 aspergi,
1011 2284 1129 2338 qua:
1152 2267 1320 2325 herba
1341 2284 1505 2341 supra
1530 2268 1765 2325 diximus

166 2364 335 2420 ﬁdem
364 2362 687 2433 signiﬁcari,
719 2363 847 2433 quid
876 2362 1023 2420 aliud
1049 2364 1311 2431 occurrit,
1333 2363 1439 2419 nisi
1462 2363 1605 2434 quod
1630 2360 1767 2419 scri-

163 2464 321 2527 ptum
351 2462 457 2521 est,
481 2454 586 2523 ﬁde
606 2452 868 2509 mandans
891 2452 1053 2510 corda
1080 2453 1301 2509 eorum?
1330 2440 1456 2508 Non
1482 2454 1620 2509 enim
1642 2470 1767 2525 pro-

165 2547 286 2603 dest
313 2545 602 2617 baptismus
631 2547 676 2603 si
702 2546 834 2603 desit
866 2547 998 2616 ﬁdes
1027 2544 1165 2617 (Act.
1210 2543 1325 2619 x‘v).
1362 2532 1409 2601 Α
1436 2540 1555 2601 viro
1584 2551 1764 2600 autem

166 2641 379 2697 mundo
411 2641 547 2695 dixit
569 2640 675 2697 hoc
700 2624 817 2697 ﬁeri
850 2641 942 2696 ubi
968 2640 1348 2711 signiﬁcantur
1383 2640 1619 2697 ministri
1643 2655 1768 2711 por-

166 2741 358 2790 tantes
391 2750 683 2809 personam
738 2733 953 2789 Domini
979 2734 1084 2801 sui,
1132 2733 1380 2804 quivere
1405 2733 1489 2789 vir
1525 2734 1765 2791 mundus

162 2835 280 2882 est.
319 2826 457 2882 Nam
503 2827 570 2882 de
600 2827 687 2881 his
715 2826 984 2881 ministris
1016 2825 1071 2879 in
1105 2825 1566 2896 consequentibus
1589 2826 1721 2881 dicit
1748 2839 1764 2879 :

164 2921 239 2975 Et
280 2921 372 2992 qui
402 2922 840 2990 circumasperget
870 2936 1063 2989 aquam
1090 2918 1434 2989 aspersionis,
1465 2914 1658 2972 lavabit
1685 2934 1768 2972 ve-

163 3013 420 3069 stimenta
444 3028 564 3077 sua,
589 3010 643 3067 id
669 3016 773 3077 est,
805 3009 1120 3067 observabit
1145 3018 1201 3064 et
1225 3025 1455 3080 corpus;
1497 3017 1552 3064 et
1575 3007 1663 3080 qui
1699 3017 1768 3063 te-

161 3104 351 3174 tigerit
380 3118 571 3174 aquam
595 3101 935 3172 aspersionis,
965 3100 1267 3155 immundus
1292 3101 1387 3156 erit
1416 3116 1577 3172 usque
1596 3099 1666 3154 ad
1686 3116 1768 3156 ve-

159 3211 424 3268 speram:
455 3205 502 3250 et
533 3211 684 3251 omne
705 3192 1050 3267 quodcunque
1074 3193 1296 3265 tetigerit
1323 3192 1409 3248 ille
1439 3193 1763 3260 immundus,

1866 2002 2125 2062 percussa
2152 1992 2305 2063 petra
2333 1993 2578 2048 manavit
2600 2008 2795 2064 aquam
2823 1995 3132 2052 sitientibus
3151 2038 3167 2064 ,
3197 1999 3277 2054 sic
3300 1999 3458 2071 plaga

1869 2078 2168 2136 Dominicte
2211 2082 2505 2152 passionis,
2555 2084 2747 2140 eti‘ecta
2791 2094 2875 2142 est
2918 2086 3030 2141 vita
3082 2088 3455 2147 credentibus.

1867 2171 2140 2227 Habemus
2168 2174 2340 2239 {enim
2380 2172 2451 2230 de
2489 2175 2592 2231 hac
2641 2188 2699 2231 re
2748 2176 3223 2247 praeclarissimam
3268 2195 3461 2237 vocem

1866 2264 2243 2334 apostolicam,
2292 2280 2414 2320 cum
2451 2265 2578 2321 inde
2630 2265 2948 2340 loqueretur
3004 2268 3189 2325 dicens
3235 2284 3249 2323 ε
3296 2264 3460 2325 Petra

1867 2366 2041 2410 autem
2078 2366 2189 2411 erat
2222 2354 2463 2412 Christus
2499 2356 2553 2430 (Ι
2584 2355 2708 2412 Cor.
2744 2359 2822 2427 it).
2854 2357 3005 2415 lianc
3031 2374 3160 2432 ergo
3187 2360 3461 2417 carnalem

1867 2445 1933 2502 de
1962 2446 2164 2503 Christi
2187 2448 2472 2505 divinitate
2504 2450 2954 2521 chperationem,
2984 2453 3039 2507 in
3065 2452 3233 2524 ipsius
3255 2454 3459 2510 Christi

1868 2537 2150 2594 altitudine
2163 2537 2307 2595 Deus
2326 2541 2477 2596 mori.
2483 2540 2655 2611 jubet,
2675 2558 2798 2598 cum
2822 2554 3054 2600 mortem
3076 2546 3262 2602 carnis
3281 2542 3456 2618 Moysi

1866 2629 1924 2686 in
1965 2640 2147 2687 monte
2179 2632 2410 2704 imperat
2435 2632 2573 2690 ﬁeri.
2609 2634 2764 2692 Sicut
2790 2638 2935 2694 enim
2966 2646 3119 2708 petra
3168 2638 3456 2707 Christus,

1867 2721 1943 2777 ita
1972 2730 2025 2778 et
2058 2736 2215 2780 mons
2241 2724 2512 2783 Christus.
2545 2726 2707 2783 Petra
2729 2728 2950 2785 humilis
2988 2728 3265 2795 fortitudo,
3300 2744 3460 2787 mons

1869 2817 2116 2872 eminens
2143 2819 2460 2889 magnitudo
2494 2839 2505 2873 :
2537 2819 2661 2891 quia
2690 2821 2831 2877 sicut
2854 2821 3148 2892 Apostolus
3180 2823 3275 2888 ait,
3304 2820 3461 2893 petra

1871 2914 2054 2962 autem
2077 2915 2195 2963 erat
2223 2908 2475 2964 Christus
2498 2951 2513 2976 ,
2547 2910 2621 2964 ita
2650 2909 2765 2980 ipse
2808 2911 3071 2966 Dominus
3097 2930 3110 2966 :
3148 2906 3270 2966 Non
3299 2916 3465 2983 potest

1870 3000 2055 3055 civitas
2086 3001 2337 3056 abscondi
2364 3014 2520 3073 super
2556 3013 2787 3057 montem
2832 3004 3136 3069 constituta,
3172 3004 3229 3059 Se
3256 3000 3467 3059 scilicet

1871 3104 2133 3158 montem,
2171 3095 2357 3152 ﬁdeles
2405 3103 2587 3152 autem
2629 3108 2755 3153 suos
2805 3098 2857 3153 in
2886 3097 2969 3152 sui
3015 3094 3249 3153 nominis
3296 3094 3468 3169 gloria

1871 3186 2148 3255 tundatos,
2177 3196 2432 3243 asserens
2459 3188 2756 3244 civitatem.
2786 3185 3080 3245 Prudentia
3117 3190 3261 3245 enim
3286 3188 3469 3247 carnis

159 3266 509 3344 immundum
537 3286 635 3342 erit
675 3300 695 3339 :
718 3266 774 3340 et
822 3286 1022 3352 anima,
1048 3301 1168 3356 qute
1205 3285 1450 3360 tetigerit,
1491 3286 1766 3347 immunda
1794 3266 1840 3332 Ο
1870 3281 2024 3348 vivit,
2055 3297 2183 3337 cum
2212 3289 2473 3353 tanquam
2500 3289 2657 3354 petra
2691 3296 2972 3353 percussa,
3001 3280 3206 3339 Christi
3245 3282 3468 3340 humili-

157 3382 269 3439 erit
301 3394 464 3453 usque
484 3378 554 3435 ad
578 3395 862 3457 vesperam.
887 3444 892 3449 ι
1140 3448 1148 3458 ·

732 3468 980 3549 CAPUT
1027 3469 1198 3529 xxv.

157 3565 245 3625 De
283 3565 539 3622 seditione
564 3563 939 3621 Israelitarum
979 3564 1050 3619 ad
1096 3580 1290 3636 aquam
1312 3564 1764 3621 contradictionis.

234 3656 400 3732 (CAP.
428 3657 550 3730 xx.)
592 3654 955 3728 Veneruntque
981 3654 1083 3725 ﬁlii
1112 3654 1308 3722 Israel,
1339 3665 1388 3710 et
1418 3658 1587 3713 omnis
1630 3655 1768 3711 mul-

154 3749 341 3804 titudo
371 3750 429 3803 in
457 3748 662 3804 deserto
681 3746 801 3817 Sin,
824 3764 999 3805 mense
1022 3749 1234 3820 primo;
1257 3757 1304 3804 et
1325 3748 1521 3805 mansit
1545 3748 1767 3818 populus

154 3843 209 3898 in
237 3842 447 3897 Gades.
477 3841 791 3922 Mortuaque
810 3851 885 3897 est
904 3842 976 3897 ibi
997 3841 1196 3908 Maria,
1220 3853 1268 3896 et
1291 3841 1495 3914 sepulta
1518 3842 1572 3895 in
1587 3841 1768 3896 eodem

151 3933 313 3990 loco.
363 3931 597 4002 Cumque
643 3931 898 4007 indigeret
953 3950 1093 4003 aqua
1123 3933 1378 4007 populus,
1412 3934 1648 3988 coierunt
1674 3931 1770 3991 ad-

154 4037 384 4080 tersum
410 4014 627 4091 Moysen
658 4032 707 4077 et
739 4014 939 4089 Aaron,
970 4032 1019 4078 et
1047 4025 1182 4079 uersi
1218 4026 1273 4079 in
1290 4025 1595 4079 seditionem
1622 4026 1770 4080 dixe-

156 4121 295 4169 runt
330 4127 351 4165 :
387 4108 602 4165 Utinam
628 4113 944 4182 perissemus
975 4113 1113 4167 inter
1132 4113 1325 4183 fratres
1360 4124 1563 4169 nostros
1591 4132 1769 4169 coram

156 4205 405 4263 Domino
429 4204 449 4258 !
473 4201 583 4259 Cur
603 4205 861 4261 edua‘istis
888 4206 1162 4262 ecclesiam
1186 4207 1399 4265 Domini
1435 4209 1490 4262 in
1519 4208 1767 4262 solitudi-

160 4316 317 4363 nem,
349 4308 405 4352 ut
435 4308 483 4353 et
522 4315 616 4353 nos
641 4308 690 4354 et
724 4300 972 4369 jumenta
1007 4310 1188 4356 nostra
1216 4304 1514 4357 moriamur
1539 4303 1564 4357 7
1590 4302 1767 4368 Quare

163 4389 374 4460 fecistis
416 4406 510 4444 nos
551 4391 832 4447 ascendere
854 4391 919 4446 de
938 4392 1193 4464 lEyypto,
1213 4402 1262 4448 et
1284 4394 1583 4450 adduxistis
1610 4395 1665 4449 in
1688 4393 1769 4449 lo-

165 4496 296 4536 cum
346 4480 509 4535 istum
545 4481 848 4551 pessimum,
897 4484 987 4551 qui
1035 4484 1139 4538 seri
1186 4501 1291 4539 non
1320 4493 1506 4555 potest,
1553 4485 1643 4556 qui
1676 4501 1768 4539 nec

166 4572 342 4643 ficum
378 4572 567 4643 gignit,
597 4573 923 4638 nec'vineas,
949 4591 1039 4630 nec
1080 4575 1222 4631 mala
1248 4586 1473 4647 grauata
1491 4578 1517 4631 ?
1541 4576 1769 4648 Insuper

166 4675 217 4720 et
260 4682 462 4736 aquam
488 4682 591 4721 non
617 4666 771 4721 habet
798 4666 867 4720 ad
901 4665 1200 4722 bibendum.
1245 4668 1523 4740 Ingressus
1558 4670 1765 4739 Moyses

168 4767 218 4813 et
259 4758 451 4813 Aaron
485 4759 705 4815 dimissa
731 4760 1067 4815 multitudine
1099 4761 1499 4817 tabernaculum
1533 4764 1765 4832 foederis,

172 4859 499 4905 corruerunt
555 4854 707 4921 proni
751 4854 807 4907 in
855 4863 1072 4921 terram,
1100 4863 1149 4909 et
1184 4855 1429 4925 apparuit
1457 4853 1628 4925 gloria
1661 4855 1769 4909 Do-

171 4938 310 4994 mini
334 4956 495 5010 super
541 4957 647 5007 eos,
697 4950 800 4996 etc.
836 4941 1134 5000 Tricesima
1162 4946 1326 5000 tertia
1367 4947 1578 5001 mansio
1602 4947 1769 5002 estin

174 5022 404 5088 deserto
427 5030 523 5088 Sin
555 5052 568 5088 :
607 5034 724 5089 haec
753 5042 838 5090 est
870 5033 1061 5091 Cades.
1092 5035 1189 5092 Sin
1228 5047 1411 5093 autem
1439 5040 1767 5111 interpreta-

176 5130 269 5177 tur
287 5132 477 5179 sancta
502 5138 519 5177 :
554 5134 738 5198 tropus
760 5142 855 5198 per
883 5128 1265 5200 antiphrasim,
1286 5131 1426 5185 sicut
1446 5132 1619 5201 lucus,
1647 5147 1773 5189 cum

176 5219 411 5274 minime
429 5220 646 5279 luceat:
679 5232 735 5278 et
749 5223 973 5291 bellum,
992 5223 1137 5295 quod
1169 5232 1349 5280 tamen
1371 5224 1442 5280 sit
1465 5226 1770 5283 horridum.

1868 3386 1954 3433 tas
1981 3376 2035 3431 in
2060 3390 2224 3433 cruce
2253 3378 2643 3434 contemnitur.
2673 3376 2926 3434 Christus
2952 3377 3245 3435 cruciﬁxus
3270 3376 3469 3435 Judmis

1866 3469 2181 3526 scandalum
2211 3480 2315 3537 est,
2349 3472 2599 3542 gentibus
2637 3479 2822 3526 autem
2851 3470 3105 3536 stultitia,
3130 3480 3185 3526 et
3230 3470 3469 3542 pruden-

1870 3566 1949 3619 tia
1998 3566 2181 3620 carnis
2207 3566 2455 3632 moritur,
2486 3580 2609 3621 cum
2643 3573 2901 3635 tanquam
2926 3565 3126 3621 montis
3149 3565 3466 3631 eminentia,

1870 3656 2123 3712 Christus
2154 3656 2403 3711 excelsus
2431 3658 2764 3726 agnoscitur.
2789 3657 2926 3726 Ipsis
2952 3656 3097 3710 enim
3120 3658 3329 3711 vocatis
3367 3652 3464 3710 Ju-

1872 3746 2003 3801 dzeis
2048 3754 2103 3801 et
2130 3745 2362 3813 Graecis,
2405 3745 2657 3802 Christus
2695 3745 2795 3802 Dei
2818 3745 2994 3802 virtus
3030 3754 3086 3802 et
3124 3744 3223 3802 Dei
3248 3747 3466 3818 sapien-

1873 3840 1947 3896 tia
1975 3848 2076 3896 est.

1942 3932 2178 4003 Cumque
2206 3932 2453 3987 elevasset
2485 3930 2693 4003 Moyses
2717 3945 2957 3999 manum,
2987 3928 3280 4002 percutiens
3320 3928 3468 4004 virga

1873 4023 1949 4077 bis
1975 4024 2193 4092 silicem,
2219 4038 2437 4096 egressio
2462 4036 2582 4080 sunt
2609 4039 2760 4096 aqua?
2780 4024 3116 4096 largissimae,
3139 4024 3214 4080 ita
3237 4034 3292 4078 ut
3310 4026 3470 4096 popu-

1873 4116 1955 4171 lus
1987 4116 2177 4171 biberet
2208 4126 2255 4172 et
2280 4118 2545 4189 jumenta.
2599 4118 2708 4188 (Ea:
2753 4115 3093 4189 Augustino.)
3153 4115 3467 4187 Signiﬁcatu

1872 4214 2106 4280 estergo
2135 4209 2200 4265 de
2236 4208 2452 4265 Christo
2481 4208 2756 4280 proﬂuens
2804 4210 2976 4280 gratia
3026 4208 3305 4280 spiritalis,
3360 4225 3467 4280 qua

1872 4298 2101 4353 interior
2136 4299 2255 4353 sitis
2295 4298 2635 4371 lrrigaretur.
2671 4299 2779 4355 Sed
2817 4300 2958 4370 Quod
2986 4300 3139 4371 virga
3165 4306 3319 4371 petra
3344 4304 3470 4370 per-

1872 4391 2095 4458 cutitur,
2121 4408 2255 4447 crux
2274 4392 2476 4449 Christi
2504 4393 2791 4466 ﬁguratur.
2822 4392 2993 4464 Ligno
3014 4391 3159 4445 enim
3206 4390 3470 4445 accedens

1873 4493 1926 4541 te
1957 4486 2024 4541 ad
2053 4493 2286 4557 petram,
2315 4487 2489 4559 gratia
2517 4487 2779 4543 manavit.
2815 4486 2882 4540 Et
2909 4480 3053 4557 quod
3099 4483 3188 4538 hic
3224 4476 3465 4554 percuti-

1872 4582 1980 4644 tur,
2003 4578 2309 4634 evidentius
2356 4580 2627 4647 signiﬁcat
2653 4588 2893 4634 crucem.
2925 4575 3042 4632 Dud
3087 4574 3284 4649 Quippe
3311 4575 3462 4650 ligna

1875 4678 2001 4726 sunt
2034 4684 2189 4724 crux.
3118 4744 3121 4749 ἱ

1946 4764 2093 4818 Dixit
2125 4764 2376 4818 Dominus
2404 4763 2473 4816 ad
2498 4760 2715 4833 Moysen
2735 4772 2781 4816 et
2806 4758 2984 4815 Aaron
3014 4771 3035 4813 :
3062 4758 3202 4827 Quia
3231 4772 3333 4816 non
3356 4776 3470 4817 cre-

1875 4844 2084 4910 didistis
2119 4856 2267 4920 mihi,
2297 4866 2350 4909 ut
2382 4853 2780 4922 sanctiﬁcaretis
2812 4870 2890 4907 me
2912 4862 3089 4907 eoi-am
3115 4850 3241 4922 ﬁliis
3270 4850 3464 4932 Israel,

1874 4962 1977 5000 non
1998 4944 2336 5000 introducetis
2357 4946 2452 5000 hos
2482 4943 2699 5017 populos
2728 4945 2782 4997 in
2804 4954 3017 5011 terram,
3041 4960 3199 5016 quant
3221 4946 3295 4998 eis
3321 4944 3462 4998 dedi.

1877 5035 2008 5091 Hatc
2037 5045 2113 5091 est
2157 5052 2296 5109 aqua
2331 5034 2782 5101 contradictionis,
2813 5036 2902 5090 ubi
2943 5036 3154 5107 jurgati
3204 5043 3327 5090 sunt
3364 5032 3466 5106 ﬁlii

1878 5128 2049 5183 Israel
2097 5139 2281 5183 contra
2333 5129 2637 5195 Dominum,
2668 5136 2715 5183 et
2743 5128 3103 5198 sanctiﬁcatus
3140 5136 3215 5183 est
3261 5128 3319 5183 in
3365 5128 3462 5180 eis.

1877 5223 2033 5291 Quod
2076 5222 2143 5277 de
2170 5237 2307 5292 aqua
2339 5222 2460 5290 illa,
2508 5238 2627 5293 qua:
2664 5223 2730 5278 de
2758 5231 2911 5295 petra
2962 5220 3219 5292 proﬂuxit
3260 5219 3465 5274 dictum

175 5309 241 5365 In
270 5312 377 5367 hac
403 5314 687 5371 mansione
714 5317 944 5371 moritur
966 5316 1133 5372 Maria
1160 5325 1219 5373 et
1243 5316 1518 5389 sepelitur.
1548 5319 1776 5376 Videtur
1875 5322 1976 5380 est,
2005 5316 2123 5371 haec
2159 5323 2244 5370 est
2281 5329 2423 5386 aqua
2471 5315 2941 5379 contradictionis,
2987 5313 3078 5367 ubi
3105 5310 3308 5383 jurgati
3335 5320 3467 5366 sunt

176 5399 243 5456 in
289 5402 461 5477 Maria
504 5407 789 5478 prophetia
844 5417 1095 5477 mortua;
1148 5410 1203 5465 in
1237 5410 1419 5484 Moyse
1464 5418 1520 5467 et
1568 5411 1772 5482 Aaron,

176 5494 462 5568 Quodlegi
501 5505 557 5555 et
602 5500 907 5557 sacerdotio
950 5499 1261 5559 Iudaeorum
1308 5503 1435 5561 ﬁnis
1485 5504 1771 5577 impositus

173 5584 258 5643 sit
290 5605 305 5642 :
333 5590 482 5659 quod
530 5605 632 5646 nec
658 5591 761 5662 ipsi
792 5593 859 5647 ad
891 5600 1097 5649 terram
1142 5597 1581 5666 repromissionis
1622 5606 1771 5654 tran-

176 5681 451 5739 Icendere
493 5683 730 5752 valeant,
785 5701 888 5741 nec
915 5688 1227 5745 credentem
1257 5689 1517 5761 populum
1546 5691 1615 5747 de
1643 5691 1771 5748 soli-

180 5776 375 5834 tudine
395 5777 557 5852 huius
584 5778 765 5836 saeculi
794 5780 1042 5849 educere,
1075 5783 1180 5839 nisi
1205 5780 1353 5840 solus
1371 5782 1554 5854 Iesus,
1581 5786 1637 5841 id
1663 5792 1766 5856 est,

182 5866 460 5942 Salvator,
493 5888 657 5931 verus
679 5870 780 5931 Dei
809 5871 1001 5933 Filius.
1031 5873 1092 5934 In
1138 5875 1438 5955 hac’etiam
1484 5878 1770 5938 mansione

1876 5409 1976 5464 lilii
2007 5408 2176 5466 Israel
2222 5417 2413 5465 contra
2443 5409 2750 5479 Dominum,
2780 5409 2894 5466 sive
2926 5406 3083 5476 juxta
3111 5406 3188 5473 id,
3219 5406 3363 5477 quod
3408 5405 3465 5461 in

1878 5504 2000 5561 aliis
2020 5504 2421 5577 exemplaribus
2457 5506 2710 5573 habetur,
2741 5502 3139 5559 maledixeruut
3174 5498 3272 5555 ﬁlii
3299 5499 3467 5555 lsrael

1881 5606 2010 5653 ante
2038 5596 2345 5664 Dominum,
2376 5604 2433 5654 et
2475 5596 2847 5654 sanctiﬁcatus
2898 5600 2984 5648 est
3025 5592 3085 5647 in
3137 5588 3288 5663 ipsis,
3312 5589 3467 5662 prius

1883 5691 2281 5759 maledixerunt
2304 5734 2322 5760 ,
2371 5691 2586 5764 quando
2633 5685 2799 5743 locuti
2851 5691 2978 5741 sunt
3026 5680 3217 5740 contrd
3257 5678 3463 5739 beneﬁ-

1881 5786 2026 5844 cium
2050 5782 2287 5849 Domini,
2311 5799 2421 5856 quo
2443 5780 2622 5839 educti
2652 5784 2808 5833 erant
2828 5776 2894 5833 de
2915 5774 3181 5850 Egypto;
3203 5778 3259 5831 et
3279 5764 3467 5849 postea

1878 5880 2255 5941 sanctiﬁcatus
2285 5886 2370 5938 est
2415 5878 2471 5936 in
2523 5873 2683 5948 ipsis,
2708 5888 2834 5933 cum
2879 5871 2974 5935 illo
3005 5869 3270 5937 miracnlo
3312 5882 3470 5942 aquae
