3890 6340
441 348 549 407 ’ω

444 456 785 537 proﬂuentia,
815 452 935 525 eius
978 450 1237 511 sanctitas
1279 448 1567 511 declarata.
1600 451 1709 502 est.
1750 442 1838 499 An
1863 439 2031 537 torte
2052 442 2108 515 Α

446 535 554 614 duo
575 562 776 626 genera
792 545 1076 605 hominum
1103 540 1518 606 dommtravit,
1553 546 1610 595 et

1079 316 1454 393 simsim
1488 310 2040 393 ωυιιιἈιισιιιιπαπ

2148 306 2431 385 bonum.
2456 300 2753 381 QPERUM.
2779 297 2961 387 esas
2997 296 3044 391 μ.

2128 306 2431 385 MM}.
2456 300 2753 381 QPERUM.
2779 297 2961 387 RABS

2128 441 2193 490 ut
2212 430 2320 489 illis
2342 428 2414 485 sit
2432 442 2579 501 aqua
2602 417 3079 497 contradictionis,.
3098 411 3216 499 istis
3241 410 3715 493 sanctiﬁcationis.

2132 524 2270 585 Nam
2290 532 2347 591 ει
2374 522 2585 597 ἀείρεο
2612 517 2840 599 Domino
2875 515 2930 571 in
2967 508 3261 585 Evangelia
3302 506 3548 578 legitur:
3573 505 3720 593 Et

984 603 1743 705 “percipientium—gratiam
1784 624 2035 692 Chi-issi,
2133 620 2342 692 signum
2361 614 2447 673 cui
2485 610 2872 693 contradicetur
2904 605 3056 679 (Luc.
3082 603 3166 676 ιι).
3362 644 3387 663 η
3474 654 3479 667 ,
3576 668 3577 675 η
3708 660 3719 695 ἶ

1134 866 1203 955 γ“
1404 850 1409 853 ’
1692 875 1998 965 LIBER

2148 866 2546 953 ERTIUS.
2822 850 3031 955 ﬂ_
3289 928 3293 943 .
3498 872 3501 875 ·
3710 852 3715 965 ς

1842 1026 2328 1057 Μ

966 1118 1194 1221 eam
1224 1120 1516 1185 PRIMUM.

450 1236 530 1321 De
558 1228 782 1319 transitu
804 1251 1036 1323 filiarum
1064 1247 1236 1305 Israel
1265 1265 1301 1323 a_
1327 1245 1507 1323 Gades
1534 1243 1841 1323 innatantem
1888 1234 2024 1303 Hor,

462 1311 519 1331 'W
556 1311 603 1380 et
641 1311 818 1398 puqmi
845 1336 1024 1377 eorum
1071 1330 1225 1392 atque
1252 1318 1468 1373 victoria
1488 1315 1545 1370 in
1570 1311 1923 1369 Chananazos.

462 1404 670 1509 tiliae.
702 1434 794 1507 xx)
814 1433 981 1513 ‘Misit.
994 1434 1193 1491 interea
1220 1430 1429 1509 nuntios
1458 1408 1663 1501 Moyses
1684 1425 1747 1478 de
1774 1418 1943 1477 Cades
1967 1406 2038 1487 ad

448 1522 619 1611 regem
650 1526 846 1591 Edam,
877 1527 967 1597 qui
989 1524 1221 1589 dicerent
1246 1538 1265 1576 :
1290 1520 1423 1576 Haec
1462 1518 1680 1574 mandat
1704 1515 1873 1587 frater
1913 1523 2034 1567 tuus

446 1620 639 1676 Israel.
685 1617 842 1675 Nosti
884 1635 1088 1673 omnem
1130 1616 1359 1671 laborem
1402 1614 1491 1686 qui
1537 1609 1874 1683 apprehendit
1918 1623 2043 1681 nos,

445 1710 705 1791 quamodo
728 1708 1106 1765 descenderunt
1146 1717 1321 1779 patres
1354 1704 1521 1760 nostri
1549 1703 1605 1757 in
1631 1701 1945 1775 ngyptum,
1988 1704 2037 1752 et
2065 1742 2113 1803 Β

447 1799 857 1859 habitaverimus
911 1799 982 1852 ibi
1028 1797 1194 1853 multo
1231 1805 1483 1868 tempore,
1519 1793 1899 1867 aﬂlixerintque
1943 1807 2037 1843 nos
2065 1793 2116 1868 ’ἴε
2302 1793 2631 1868 "filii"

2108 1840 2282 1906 {Nam
2321 1850 2605 1906 sdevatare
2653 1842 2983 1918 quamQuam
3037 1854 3198 1899 nenia
3248 1842 3388 1897 dicit
3438 1840 3577 1908 fere,
3620 1842 3716 1896 nisi

447 1889 670 1963 ﬁgypti
696 1899 744 1945 et
788 1897 962 1963 patres
992 1896 1216 1953 nostras,
1255 1897 1303 1941 et
1342 1885 1605 1959 quomodo
1637 1882 2036 1939 clamaverimus

448 1981 520 2036 ad
545 1980 832 2035 Dominum
873 1990 922 2035 et
961 1978 1256 2034 exaudierit
1297 1994 1409 2042 nos,
1443 1977 1745 2046 miseritque
1769 1971 2038 2047 angelum,

450 2058 542 2149 qui
563 2072 803 2129 eduxerit
829 2089 923 2127 nos
947 2072 1026 2126 de.
1039 2070 1117 2125 Αἵ
1117 2078 1293 2142 gypto.
1323 2068 1458 2123 Ecce
1478 2067 1534 2121 in
1554 2065 1679 2121 urbe
1702 2048 1893 2129 Gades,
1920 2078 2038 2134 qua:

447 2175 524 2221 est
560 2164 618 2219 in
656 2166 902 2221 extremis
954 2163 1149 2234 finibus
1194 2161 1299 2217 tuis
1338 2159 1523 2233 positi,
1560 2154 1929 2223 obsecramus,
1980 2162 2039 2209 ut

447 2252 595 2312 nobis
619 2255 848 2310 transire
870 2252 1025 2308 liceat
1048 2270 1141 2325 per
1162 2262 1362 2311 terram
1386 2261 1555 2305 tuam.
1581 2247 1707 2304 Non
1735 2248 1924 2303 ibimus
1945 2262 2040 2318 per

447 2341 753 2419 agras,'nec
803 2345 1115 2417 pervincas.
1163 2340 1287 2397 Non
1323 2332 1552 2396 bibemus
1584 2356 1749 2412 aquas
1770 2337 1834 2393 de
1872 2337 2041 2409 puteis

449 2430 578 2503 tuis,
613 2435 926 2506 gradiantur
944 2435 1027 2489 via
1046 2433 1278 2505 publica,
1305 2432 1468 2485 donec
1498 2442 1827 2484 transeamus
1858 2427 2039 2482 termi-
2073 2448 2088 2459 ι

447 2540 544 2579 nos
567 2536 706 2591 tuos,
740 2532 795 2580 et
822 2523 920 2579 rel.
953 2522 1106 2591 Quod
1145 2524 1291 2583 inter
1316 2522 1570 2578 mandata
1602 2521 1812 2593 Moyses
1834 2518 1903 2583 ad
1949 2536 2038 2574 re-

448 2623 571 2689 gem
604 2612 775 2671 Edam
798 2612 930 2669 dicit
958 2614 1101 2669 inter
1138 2622 1355 2679 cmtera,
1386 2629 1551 2685 neque
1591 2611 1820 2666 bibemus
1849 2626 2042 2682 aquam

452 2702 518 2761 de
537 2705 678 2771 lacu,
718 2704 1127 2779 intelligendum
1155 2714 1240 2762 est
1265 2706 1454 2779 gratis,
1501 2705 1557 2761 id
1605 2714 1713 2771 est,
1746 2704 1874 2776 quia
1934 2720 2044 2758 non

449 2784 622 2869 gratis
672 2796 943 2853 bibemus.
996 2798 1150 2865 Quod
1195 2807 1385 2868 postea
1442 2795 1757 2852 manifestat
1810 2795 2040 2851 dicens:

453 2883 553 2942 Sin
588 2896 763 2941 autem
807 2886 872 2942 de
906 2902 1045 2960 aqua
1086 2896 1180 2942 tua
1207 2888 1434 2942 bibemus
1474 2905 1566 2958 ego
1610 2895 1660 2941 et
1684 2902 1875 2959 pecora
1904 2903 2040 2950 mea,

448 2976 586 3033 dabo
648 2981 871 3050 pretium
919 2979 1034 3034 tibi.
1069 2978 1195 3035 Non
1238 2979 1614 3035 declinabimus
1662 2980 1719 3033 in
1771 2979 2041 3033 dexteram

447 3086 610 3139 neque
656 3073 714 3126 in
762 3073 1053 3128 sinistram.
1114 3073 1400 3128 Pluraliter
1456 3073 1662 3129 dictum
1709 3080 1795 3128 est
1844 3072 1902 3128 in
1939 3087 2036 3139 ea,
2067 3099 2115 3164 α

449 3174 571 3231 quas
594 3160 818 3218 dextera
838 3170 987 3231 sunt,
1022 3162 1110 3217 vel
1135 3179 1254 3232 quae
1274 3164 1497 3220 sinistra
1526 3171 1668 3220 sunt.

526 3275 761 3350 Cumque
810 3288 987 3334 castra
1030 3281 1312 3337 movissent
1357 3282 1423 3339 de
1464 3282 1652 3349 Cades,
1695 3294 1947 3340 venerunt
1985 3286 2044 3341 in

452 3376 684 3423 montem
716 3367 851 3434 Hor,
880 3370 971 3441 qui
999 3379 1074 3424 est
1100 3370 1156 3425 in
1183 3372 1376 3440 ﬁnibus
1402 3382 1557 3429 terra:
1580 3374 1773 3429 Edam.
1808 3373 1909 3428 Ubi
1929 3375 2041 3429 Do-

451 3456 626 3537 minus
655 3457 862 3513 locutus
897 3470 971 3515 est
1004 3461 1072 3516 ad
1104 3461 1322 3532 Moysen
1343 3476 1363 3516 :
1394 3462 1613 3536 Pergat,
1646 3466 1837 3536 inquit,
1864 3464 2046 3521 Aaron

456 3547 525 3601 ad
544 3547 799 3621 populum
839 3567 1015 3605 suum.
1067 3551 1193 3607 Non
1220 3554 1358 3607 enim
1394 3554 1614 3609 intrabit
1641 3563 1860 3621 terram,
1886 3571 2045 3626 quam

453 3639 576 3694 dedi
602 3639 731 3711 ﬁliis
780 3640 979 3710 Israel,
1006 3659 1066 3697 eo
1092 3645 1229 3715 quod
1257 3645 1560 3702 incredulus
1606 3647 1765 3717 fuerit
1808 3647 1888 3701 ori
1929 3663 2045 3702 meo

453 3733 523 3787 ad
545 3751 710 3804 aquas
735 3734 1184 3805 cantradictionis,
1209 3745 1314 3792 etc.
1345 3738 1643 3809 Trigesima
1677 3747 1871 3809 quarta
1896 3754 2048 3794 man-

454 3823 537 3879 sio
565 3832 648 3879 est
676 3824 733 3880 in
762 3836 946 3881 mante
972 3826 1117 3894 Har,
1143 3829 1198 3883 in
1238 3830 1498 3885 extremis
1528 3830 1728 3885 ﬁnibus
1755 3830 1948 3896 Edam,
1991 3829 2048 3884 in

453 3928 562 4001 quo
582 3918 828 3987 ascendit
847 3918 1031 3975 Aaron
1045 3919 1199 3989 juxta
1218 3932 1552 3993 praeceptum
1572 3923 1807 3988 Domini,
1831 3931 1888 3977 et
1904 3937 2049 3978 mor-

455 4016 583 4091 tuus
618 4017 703 4066 est
731 4025 875 4065 anno
903 4012 1317 4087 quadragesimo
1338 4014 1669 4085 egressionis
1689 4028 1759 4069 ex
1781 4011 2043 4086 Egypta.

434 4102 534 4171 ‘Ea
564 4102 776 4158 scilicet
804 4118 966 4168 anno,
1006 4120 1114 4175 quo
1158 4121 1330 4162 navus
1348 4107 1580 4178 populus
1605 4106 2046 4178 repromissionis

457 4197 662 4259 terram
688 4192 987 4246 intraturus
1008 4201 1110 4249 est.
1142 4195 1210 4253 Et
1237 4211 1551 4266 quanquam
1572 4197 1629 4251 in
1654 4206 1840 4263 monte
1866 4213 2048 4256 sacer-

458 4277 667 4341 dotium
714 4278 981 4337 Eleazaro
1014 4280 1124 4336 ﬁlia
1174 4284 1545 4353 dereliquerit,
1591 4284 1788 4357 lexque
1814 4302 1910 4343 eos
1953 4289 2046 4358 qui

455 4383 576 4425 eam
603 4367 945 4441 impleverint
976 4371 1242 4440 perducat
1266 4374 1334 4428 ad
1364 4389 1658 4442 summum,
1690 4384 1873 4435 tamen
1928 4377 2047 4448 ipsa

455 4463 762 4539 sublimitas
790 4478 901 4519 non
929 4473 1015 4520 est
1045 4471 1196 4522 trans
1214 4465 1419 4524 ﬂuenta
1437 4465 1709 4535 Jardanis,
1738 4470 1833 4526 sed
1863 4471 1920 4529 in
1945 4487 2044 4529 εχ·-
2070 4460 2125 4521 Ῑ)

456 4556 647 4631 tremis
691 4563 1039 4615 terrenarum
1067 4571 1294 4628 operum
1319 4558 1537 4615 ﬁnibus.
1567 4560 1639 4615 Et
1676 4561 1880 4634 plangit
1924 4580 2044 4620 eum

452 4643 678 4715 populus
715 4646 931 4718 triginta
952 4649 1156 4705 diebus.
1187 4648 1368 4706 Aaron
1409 4652 1703 4724 plangitur,
1734 4652 1896 4711 Iesus
1932 4671 2045 4713 non

454 4733 751 4807 plangitur.
783 4736 844 4793 In
862 4738 982 4810 lege
1008 4741 1297 4797 descensus
1321 4742 1392 4798 ad
1411 4742 1636 4812 inferos,
1666 4745 1723 4800 in
1752 4745 2045 4817 Evangelia

459 4824 528 4901 ad
555 4827 871 4895 paradisum
903 4832 1329 4904 transmigratio.

528 4932 685 5004 (CAP.
743 4935 884 5007 ιιι.)
924 4937 1078 5003 Quod
1116 4957 1236 4995 cum
1283 4943 1516 5001 audisset
1560 4945 1896 5002 Chananteus
1951 4964 2047 5003 rea:

458 5023 624 5092 Atad,
665 5028 759 5099 qui
803 5028 1073 5084 habitabat
1102 5032 1171 5086 ad
1198 5036 1495 5102 meridiem,
1518 5037 1715 5091 uenisse
1743 5036 1916 5092 Israel
1952 5055 2047 5110 per

459 5116 852 5189 exploratorum
890 5120 1053 5187 viam,
1094 5128 1342 5195 pugnauit
1368 5139 1553 5184 contra
1591 5127 1765 5195 illum,
1794 5138 1851 5185 et
1880 5129 2047 5186 victor

458 5212 709 5277 existens,
733 5211 888 5268 duxit
909 5229 976 5268 ea:
1013 5230 1074 5269 eo
1102 5217 1358 5285 pristiam.
1385 5220 1453 5274 At
1480 5219 1653 5277 Israel
1699 5230 1815 5277 voto
1840 5239 1897 5277 se
1935 5222 2048 5278 Do-

457 5304 603 5361 mina
631 5303 871 5376 obligans
914 5305 990 5360 ait
1014 5319 1035 5356 :
1061 5302 1124 5361 Si
1159 5307 1445 5364 tradideris
1484 5311 1733 5381 populum
1780 5313 1943 5367 istum
1989 5312 2047 5367 in

458 5410 622 5451 manu
642 5410 779 5462 mea,
808 5396 990 5454 delebo
1011 5397 1194 5457 urbem
1212 5399 1349 5469 ejus.
1377 5400 1765 5475 Exaudioitque
1783 5405 2046 5463 Dominus

456 5502 634 5557 preces
663 5488 855 5555 Israel,
886 5497 936 5545 et
956 5490 1177 5545 tradidit
1200 5489 1581 5549 Chananaum.
1633 5494 1800 5560 Quem
1830 5498 1921 5553 ille
1959 5500 2049 5555 in-

459 5576 661 5647 terfecit
680 5580 937 5637 subuersis
976 5582 1193 5638 urbibus
1217 5580 1357 5654 ejus,
1391 5592 1440 5637 et
1471 5587 1666 5642 vaeavit
1710 5604 1898 5645 nomen
1944 5590 2047 5646 laci

659 5669 896 5739 Horma,
933 5673 988 5728 id
1043 5683 1156 5742 est,
1203 5675 1509 5731 anathema.
1553 5677 1661 5751 (Es:
1709 5681 2047 5758 Augustino.)

445 5752 595 5861 kSive
618 5768 678 5816 ut
703 5762 761 5821 in
787 5765 910 5823 aliis
934 5767 1337 5837 exemplaribus
1362 5769 1595 5843 legitur:
1637 5773 1700 5830 Et
1724 5752 1857 5834 norit
1875 5752 2049 5836 Israel

2133 1119 2309 1165 votum
2335 1106 2585 1173 Domino,
2614 1102 2823 1160 etdizit
2850 1118 2875 1159 :
2901 1101 2966 1159 Si
3005 1101 3137 1156 mihi
3157 1100 3445 1157 tradideris
3480 1100 3717 1173 populum

2132 1202 2292 1257 istum
2320 1199 2636 1271 subjectum,
2675 1196 2732 1252 id
2761 1204 2859 1261 est,
2886 1194 2932 1248 si
2956 1194 3091 1249 mihi
3116 1200 3237 1247 eum
3272 1193 3719 1251 tradende

2140 1295 2348 1365 ieceris,
2369 1290 2717 1348 anathemaba
2746 1288 2899 1342 illum
2922 1299 2971 1342 et
2991 1288 3226 1342 civitates
3256 1286 3394 1358 ejus.
3420 1285 3531 1342 Hic
3550 1288 3719 1344 viden-

2142 1386 2271 1442 dum
2306 1393 2422 1451 est,
2466 1381 2738 1453 quomoda
2786 1381 3001 1435 dicatur
3052 1378 3335 1433 anathema
3383 1379 3535 1449 quod
3564 1378 3717 1434 wore-1

2142 1486 2257 1546 tur,
2276 1487 2339 1534 et
2361 1487 2544 1533 men
2568 1490 2671 1547 pro
2693 1473 2988 1529 maledicta
3008 1471 3254 1542 ponitur,
3276 1472 3422 1527 sicut
3448 1480 3513 1526 et
3533 1472 3601 1526 de
3629 1472 3717 1527 ista

2141 1574 2339 1647 papula
2357 1572 2571 1629 dicitur.
2604 1569 2760 1626 Unde
2806 1568 2941 1623 iiiud
2962 1574 3052 1622 est
3075 1585 3088 1620 :
3118 1564 3177 1620 Si
3201 1567 3320 1636 quis
3342 1564 3493 1620 nobis
3520 1580 3719 1636 euange—

2144 1665 2591 1737 lizaveritprceter
2615 1662 2757 1735 quod
2798 1661 3095 1731 accepistis,
3116 1660 3400 1713 maturina
3427 1659 3499 1713 sit
3536 1656 3709 1728 (Gates.

2141 1747 2248 1830 m)’.
2302 1758 2442 1814 Hinc
2464 1757 2632 1828 vulgo
2660 1757 2880 1813 ductum
2934 1760 3143 1821 est,-nt
3182 1754 3447 1807 devolare
3502 1752 3710 1806 dicatur.

2140 1940 2492 1997 maledicens.
2530 1938 2598 1993 Et
2644 1933 3019 1992 anathemavit
3050 1948 3182 1989 eum
3221 1940 3281 1988 et
3305 1932 3567 1988 civitates
3592 1918 3715 2002 eius,

2139 2041 2196 2091 et
2218 2039 2472 2089 vocatum
2508 2038 2593 2086 est
2640 2040 2843 2085 nomen
2888 2028 2994 2083 laci
3051 2025 3194 2081 illius
3236 2027 3545 2080 anathema.
3597 2022 3717 2078 Hinc

2143 2125 2374 2180 duorum
2397 2129 2484 2178 est
2510 2119 2824 2185 anathema,
2848 2125 2925 2172 ut’
2937 2114 3265 2173 detestabile
3286 2114 3496 2184 aliquid
3523 2118 3579 2168 et
3605 2110 3719 2166 abo-

2146 2212 2405 2269 minabile
2429 2210 2699 2267 videatur.
2730 2210 2799 2266 Ut
2818 2209 2966 2264 enim
2995 2207 3129 2263 nihil
3159 2206 3286 2262 inde
3309 2207 3487 2261 victor
3507 2205 3565 2259 in
3600 2216 3718 2259 ustis

2143 2320 2269 2364 suos
2290 2304 2546 2369 auferret,
2573 2303 2671 2360 sed
2701 2308 2873 2359 totum
2892 2302 2947 2357 in
2969 2313 3189 2371 pinnam
3210 2298 3454 2354 luendum
3480 2292 3717 2365 voveret,

2142 2400 2248 2456 hoc
2283 2405 2402 2454 erat
2440 2398 2820 2461 anathemare,
2861 2393 3007 2465 quod
3031 2392 3194 2463 vulgo
3235 2391 3431 2447 dicitur
3453 2391 3714 2446 (levatura.

2143 2492 2309 2563 Origo
2333 2496 2514 2546 autem
2544 2489 2708 2559 hujus
2736 2488 2888 2543 verbi
2914 2494 2999 2541 est
3023 2485 3104 2555 {in
3135 2483 3327 2540 Graeca
3354 2485 3535 2556 lingua
3553 2483 3618 2538 ab
3641 2482 3716 2537 his

2142 2583 2308 2638 rebus
2335 2597 2456 2654 qua:
2486 2572 2627 2637 vota:
2652 2588 2707 2636 et
2731 2578 3041 2651 persoluta,
3075 2578 3179 2632 hac
3202 2584 3309 2643 est,
3360 2575 3631 2646 promissae
3667 2582 3719 2627 et

2143 2674 2417 2738 redditae;
2450 2684 2667 2727 sursum
2705 2670 3049 2739 ponebantur
3086 2668 3146 2721 in
3200 2665 3456 2736 templis,
3505 2665 3601 2721 ἀπὸ
3632 2668 3717 2720 rei

2145 2764 2435 2831 ἀναθέσθαι,
2468 2763 2573 2818 hac
2607 2769 2721 2828 est,
2772 2774 2989 2818 sursum
3028 2774 3254 2833 ponere,
3300 2758 3390 2815 vel
3419 2757 3620 2830 ﬁgendo
3645 2756 3726 2812 vel

2160 2856 2559 2926 suspendenda.
3632 2866 3641 2869 ν

2216 2948 2428 3003 Audiuit
2465 2963 2667 3019 quoque
2721 2945 3075 3013 Chananwus,
3127 2945 3267 3017 quod
3321 2945 3541 3000 venisset
3570 2940 3717 3000 Israel

2143 3041 2199 3095 in
2226 3039 2398 3094 locum
2433 3040 2846 3111 exploratorum.
2881 3037 2984 3094 Ubi
3030 3036 3304 3107 quondam
3331 3034 3613 3092 oﬂendisse
3635 3050 3720 3106 po—

2146 3132 2335 3205 pulum
2379 3138 2666 3196 noverunt,
2703 3130 2891 3186 ineunt
2922 3128 3194 3199 prmlium,
3242 3138 3300 3184 et
3340 3129 3605 3200 captivom
3636 3125 3719 3180 du-

2145 3231 2277 3279 cunt
2292 3222 2479 3278 Israel.
2522 3222 2870 3291 Rursumque
2898 3220 2953 3275 in
2994 3221 3189 3275 eadem
3224 3219 3349 3276 loco
3374 3229 3633 3291 pugnatur
3655 3231 3719 3270 ex

2146 3322 2295 3379 voto,
2353 3314 2530 3369 victor
2554 3311 2813 3378 vincitur,
2852 3311 2984 3367 victi
3022 3318 3299 3380 superant.
3334 3309 3445 3365 Per
3474 3309 3611 3381 quod
3650 3308 3725 3364 in.

2147 3405 2458 3474 telligimus,
2497 3412 2560 3460 ut
2584 3420 2711 3461 cum
2741 3419 2840 3459 nos
2863 3403 2959 3458 Dei
2991 3403 3195 3459 auxilia
3224 3402 3536 3467 destitutos,
3560 3403 3725 3458 hostes

2149 3496 2471 3564 invaserint,
2524 3497 2886 3567 duxerintqne
2923 3497 3191 3564 captivos,
3234 3510 3342 3550 non
3390 3492 3728 3565 desperemus

2148 3586 2399 3652 salutem,
2446 3586 2548 3643 sed
2597 3586 2799 3641 iterum
2843 3599 3123 3639 armemur
3150 3586 3216 3641 ad
3244 3584 3507 3656 praelium.
3558 3583 3732 3640 Potest

2151 3675 2291 3743 ﬁeri,
2321 3687 2384 3731 ut
2405 3677 2692 3733 vincamus
2715 3676 2810 3732 ubi
2836 3676 2974 3732 victi
3005 3691 3209 3742 sumus,
3246 3687 3299 3730 et
3323 3676 3379 3729 in
3400 3674 3591 3729 eadem
3612 3674 3738 3729 loco

2151 3767 2575 3837 triumphemus,
2605 3767 2661 3821 in
2687 3782 2798 3837 qua
2824 3766 3028 3823 fuimus
3056 3765 3264 3836 captivi.

2784 3879 3015 3937 CAPUT
3056 3880 3118 3936 Il.

2149 3971 2230 4027 De
2258 3972 2580 4044 profectione
2632 3990 2814 4028 eorum
2840 3991 2873 4028 a
2900 3983 3072 4031 monte
3103 3970 3219 4027 Hor
3252 3982 3299 4029 et
3331 3972 3494 4027 tredio
3522 3971 3724 4044 itineris,

2218 4042 2501 4128 populique
2541 4056 2843 4111 Murmure;
2874 4060 3037 4128 quare
3075 4044 3272 4128 ignitis
3296 4042 3607 4128 serpentibus
3636 4058 3728 4112 pu-

2222 4125 2388 4182 nitur,
2414 4125 2666 4185 signoque
2694 4125 2952 4185 serpentis
2976 4125 3111 4170 cenet
3136 4125 3311 4169 erecta
3334 4125 3577 4169 sanatur.

2220 4226 2419 4299 (Imm)
2456 4224 2693 4297 Profecti
2728 4236 2851 4282 sunt
2893 4236 3068 4283 autem
3122 4226 3224 4297 filii
3248 4225 3423 4282 Israel
3453 4227 3520 4280 de
3567 4234 3725 4279 monte

2151 4317 2291 4383 Hor,
2313 4332 2410 4393 per
2434 4320 2574 4373 uiam
2606 4334 2724 4389 quae
2750 4319 2899 4373 ducit
2923 4320 2992 4373 ad
3017 4334 3163 4372 mare
3189 4316 3451 4383 Rubrum,
3479 4308 3728 4371 ut‘circei’

2151 4417 2266 4462 rent
2290 4417 2486 4470 terram
2513 4407 2707 4461 Edam.
2742 4408 2813 4462 Et
2847 4409 3042 4463 tradere
3076 4409 3227 4478 erepit
3251 4409 3503 4478 populum
3539 4406 3726 4460 itineris

2152 4514 2214 4552 ac
2239 4498 2454 4554 labaris.
2495 4498 2826 4570 Lacutusque
2871 4509 3055 4554 contra
3101 4499 3390 4553 Dominum
3439 4506 3489 4552 et
3528 4496 3727 4566 Moysen

2151 4592 2228 4646 ait
2257 4607 2276 4645 :
2314 4589 2426 4645 Cur
2460 4591 2687 4645 reduxisti
2718 4607 2811 4646 nos
2839 4592 2905 4645 de
2946 4588 3201 4663 Egypto,
3232 4599 3293 4645 ut
3328 4604 3646 4646 morerentur
3678 4589 3729 4642 iu

2150 4680 2473 4737 solitudine?
2500 4682 2657 4737 Deest
2673 4685 2847 4753 panis,
2874 4698 2980 4737 non
3008 4666 3135 4737 sunt
3151 4699 3326 4755 aquae.
3350 4683 3539 4737 Anima
3560 4691 3729 4736 nostra

2141 4774 2262 4843 jam
2321 4784 2542 4828 nauseat
2575 4789 2733 4845 super
2768 4774 2881 4828 cibo
2915 4776 3017 4829 ista
3066 4773 3349 4830 levissimo.
3390 4772 3730 4840 Quamobrem

2150 4866 2291 4920 misit
2320 4862 2580 4921 Dominus
2608 4865 2664 4920 in
2691 4865 2942 4936 populum
2972 4867 3163 4937 ignitae
3191 4874 3475 4937 serpentes.
3499 4863 3578 4919 Ad
3604 4876 3732 4934 que-

2150 4966 2268 5007 rum
2303 4952 2487 5025 plagas
2515 4963 2563 5009 et
2587 4966 2781 5010 mortes
2808 4955 3183 5027 plurimorum,
3210 4964 3459 5010 uenerunt
3485 4953 3551 5009 ad
3584 4951 3738 5024 loy-

2150 5058 2242 5098 sen
2275 5052 2431 5115 atque
2467 5043 2712 5099 dixerunt
2742 5062 2761 5100 :
2790 5044 3153 5113 Peccavimus,
3201 5047 3327 5118 quia
3366 5046 3524 5101 locuti
3554 5060 3741 5100 sumus

2151 5145 2335 5192 contra
2359 5137 2645 5192 Dominum
2670 5147 2721 5193 et
2740 5149 2808 5193 te.
2834 5138 2946 5193 Ora
2984 5149 3041 5193 ut
3063 5137 3212 5194 tollat
3234 5157 3267 5193 a
3284 5139 3436 5194 nobis
3454 5146 3741 5207 serpentes.

2153 5227 2339 5284 0ravit
2362 5228 2572 5300 Moyses
2591 5246 2688 5300 pro
2711 5229 2925 5301 populo,
2954 5240 3005 5287 et
3029 5230 3238 5287 locutus
3257 5241 3336 5286 est
3368 5231 3630 5285 Densius:
3678 5230 3746 5285 ad

2149 5338 2271 5377 eum
2293 5339 2312 5378 :
2340 5320 2459 5377 Fac
2482 5334 2770 5394 serpentem
2790 5340 3016 5391 tensum,
3040 5332 3092 5380 et
3128 5341 3265 5396 pone
3292 5340 3412 5380 eum
3432 5338 3525 5395 pro
3565 5324 3747 5393 signa.

2153 5412 2259 5478 Qui
2275 5430 2553 5484 percussus
2579 5417 2840 5486 aspexerit
2860 5431 3002 5483 eum,
3031 5416 3181 5471 uiset.
3214 5414 3366 5471 Fecit
3390 5429 3511 5485 ergo
3530 5411 3752 5484 lagae:

2149 5517 2439 5580 serpentem
2464 5524 2694 5576 tensum,
2717 5519 2767 5565 et
2784 5511 2960 5580 posuit
2987 5526 3109 5565 eum
3122 5524 3217 5581 pro
3245 5511 3416 5581 signa.
3434 5506 3607 5573 Quem
3635 5522 3754 5562 cura

2148 5600 2385 5672 percussi
2437 5601 2731 5671 aspicerent
2785 5603 3134 5657 sanabuntur.
3194 5601 3496 5673 Trigesima
3548 5600 3756 5670 quinta

2149 5691 2363 5748 mansio
2409 5698 2495 5746 est
2534 5690 2592 5747 in
2635 5691 2911 5748 Selmona.
2959 5692 3267 5765 Trigesima
3317 5704 3473 5749 sexta
3526 5691 3758 5747 tum

2148 5788 2237 5838 est
2256 5781 2313 5838 in
2338 5780 2571 5840 Phinon.
2599 5782 2696 5841 ὼ
2726 5784 2848 5841 duae
2871 5785 3185 5843 mansiones
3209 5783 3268 5842 in
3288 5784 3481 5841 ordine
3498 5781 3760 5839 hiatus-iu
