  <div class='ocr_page' id='page_1' title='image "/cluster/home/n/w/nwhite01/storage/ocr_20150623/108/hvd.32044015466840/364.png"; bbox 0 0 3890 6340; ppageno 0'>
   <div class='ocr_carea' id='block_1_1' title="bbox 168 358 257 420">
    <p class='ocr_par' dir='ltr' id='par_1_1' title="bbox 168 358 257 420">
     <span class='ocr_line' id='line_1_1' title="bbox 168 358 257 420; baseline -0.022 0"><span class='ocrx_word' id='word_1_1' title='bbox 168 358 257 420; x_wconf 72' lang='grc'><strong>’113</strong></span> 
     </span>
    </p>
   </div>
   <div class='ocr_carea' id='block_1_2' title="bbox 855 351 2692 413">
    <p class='ocr_par' dir='ltr' id='par_1_2' title="bbox 855 351 2692 413">
     <span class='ocr_line' id='line_1_2' title="bbox 855 351 2692 413; baseline -0.001 -2"><span class='ocrx_word' id='word_1_2' title='bbox 855 353 1394 413; x_wconf 75' lang='lat' dir='ltr'><strong>ENARRATIONES</strong></span> <span class='ocrx_word' id='word_1_3' title='bbox 1428 354 1496 410; x_wconf 84' lang='lat' dir='ltr'><strong>IN</strong></span> <span class='ocrx_word' id='word_1_4' title='bbox 1535 353 1794 410; x_wconf 72' lang='lat' dir='ltr'><strong>LIBRUM</strong></span> <span class='ocrx_word' id='word_1_5' title='bbox 1832 351 2293 411; x_wconf 73' lang='lat' dir='ltr'><strong>NUMERORUM.</strong></span> <span class='ocrx_word' id='word_1_6' title='bbox 2334 385 2403 395; x_wconf 90' lang='lat'><strong>-—</strong></span> <span class='ocrx_word' id='word_1_7' title='bbox 2442 357 2568 409; x_wconf 79' lang='lat' dir='ltr'><strong>LIB.</strong></span> <span class='ocrx_word' id='word_1_8' title='bbox 2608 359 2692 411; x_wconf 88' lang='lat' dir='ltr'><strong>Ill.</strong></span> 
     </span>
    </p>
   </div>
   <div class='ocr_carea' id='block_1_3' title="bbox 3306 368 3410 415">
    <p class='ocr_par' dir='ltr' id='par_1_3' title="bbox 3306 368 3410 415">
     <span class='ocr_line' id='line_1_3' title="bbox 3306 368 3410 415; baseline 0 0"><span class='ocrx_word' id='word_1_9' title='bbox 3306 368 3410 415; x_wconf 75' lang='lat' dir='ltr'><strong>7M</strong></span> 
     </span>
    </p>
   </div>
   <div class='ocr_carea' id='block_1_4' title="bbox 167 469 3412 540">
    <p class='ocr_par' dir='ltr' id='par_1_4' title="bbox 167 469 3412 540">
     <span class='ocr_line' id='line_1_4' title="bbox 167 469 3412 540; baseline 0 -12"><span class='ocrx_word' id='word_1_10' title='bbox 167 489 257 534; x_wconf 84' lang='lat' dir='ltr'><strong>non</strong></span> <span class='ocrx_word' id='word_1_11' title='bbox 282 473 651 528; x_wconf 88' lang='lat' dir='ltr'><strong>inveniuntur.</strong></span> <span class='ocrx_word' id='word_1_12' title='bbox 695 471 752 527; x_wconf 89' lang='lat' dir='ltr'><strong>In</strong></span> <span class='ocrx_word' id='word_1_13' title='bbox 786 471 871 526; x_wconf 89' lang='lat' dir='ltr'><strong>bis</strong></span> <span class='ocrx_word' id='word_1_14' title='bbox 900 483 1113 527; x_wconf 89' lang='lat' dir='ltr'><strong>mortuo</strong></span> <span class='ocrx_word' id='word_1_15' title='bbox 1137 474 1318 528; x_wconf 83' lang='lat' dir='ltr'><strong>Aaron</strong></span> <span class='ocrx_word' id='word_1_16' title='bbox 1341 515 1354 540; x_wconf 93' lang='lat'><strong>,</strong></span> <span class='ocrx_word' id='word_1_17' title='bbox 1388 482 1728 527; x_wconf 89' lang='lat' dir='ltr'><strong>murmurant</strong></span> <span class='ocrx_word' id='word_1_18' title='bbox 1753 477 1801 536; x_wconf 79' lang='grc' dir='ltr'><strong>Α</strong></span> <span class='ocrx_word' id='word_1_19' title='bbox 1831 479 1884 524; x_wconf 91' lang='lat' dir='ltr'><strong>et</strong></span> <span class='ocrx_word' id='word_1_20' title='bbox 1929 469 2002 523; x_wconf 83' lang='lat' dir='ltr'><strong>ita</strong></span> <span class='ocrx_word' id='word_1_21' title='bbox 2033 470 2173 526; x_wconf 90' lang='lat' dir='ltr'><strong>inter</strong></span> <span class='ocrx_word' id='word_1_22' title='bbox 2202 488 2260 527; x_wconf 87' lang='lat' dir='ltr'><strong>se</strong></span> <span class='ocrx_word' id='word_1_23' title='bbox 2292 487 2442 527; x_wconf 75' lang='lat' dir='ltr'><strong>nexte</strong></span> <span class='ocrx_word' id='word_1_24' title='bbox 2465 482 2614 537; x_wconf 86' lang='lat' dir='ltr'><strong>sunt,</strong></span> <span class='ocrx_word' id='word_1_25' title='bbox 2643 480 2704 526; x_wconf 88' lang='lat' dir='ltr'><strong>ut</strong></span> <span class='ocrx_word' id='word_1_26' title='bbox 2733 471 2824 540; x_wconf 87' lang='lat' dir='ltr'><strong>qui</strong></span> <span class='ocrx_word' id='word_1_27' title='bbox 2847 484 2953 526; x_wconf 88' lang='lat' dir='ltr'><strong>una</strong></span> <span class='ocrx_word' id='word_1_28' title='bbox 2983 473 3242 538; x_wconf 74' lang='lat' dir='ltr'><strong>caruerit,</strong></span> <span class='ocrx_word' id='word_1_29' title='bbox 3287 489 3412 530; x_wconf 62' lang='lat' dir='ltr'><strong>orn-—</strong></span> 
     </span>
    </p>
   </div>
   <div class='ocr_carea' id='block_1_5' title="bbox 164 552 1729 637">
    <p class='ocr_par' dir='ltr' id='par_1_5' title="bbox 164 552 1729 637">
     <span class='ocr_line' id='line_1_5' title="bbox 164 552 1729 637; baseline -0.003 -13"><span class='ocrx_word' id='word_1_30' title='bbox 164 566 425 624; x_wconf 86' lang='lat' dir='ltr'><strong>Israelitici</strong></span> <span class='ocrx_word' id='word_1_31' title='bbox 472 565 653 637; x_wconf 78' lang='lat' dir='ltr'><strong>populi</strong></span> <span class='ocrx_word' id='word_1_32' title='bbox 706 574 895 622; x_wconf 86' lang='lat' dir='ltr'><strong>contra</strong></span> <span class='ocrx_word' id='word_1_33' title='bbox 954 565 1240 623; x_wconf 91' lang='lat' dir='ltr'><strong>Dominum</strong></span> <span class='ocrx_word' id='word_1_34' title='bbox 1279 552 1342 621; x_wconf 62' lang='lat' dir='ltr'><strong>&#39;et</strong></span> <span class='ocrx_word' id='word_1_35' title='bbox 1385 566 1625 637; x_wconf 83' lang='lat' dir='ltr'><strong>Moysen,</strong></span> <span class='ocrx_word' id='word_1_36' title='bbox 1675 577 1729 621; x_wconf 91' lang='lat' dir='ltr'><strong>et</strong></span> 
     </span>
    </p>
   </div>
   <div class='ocr_carea' id='block_1_6' title="bbox 164 656 1728 727">
    <p class='ocr_par' dir='ltr' id='par_1_6' title="bbox 164 656 1728 727">
     <span class='ocr_line' id='line_1_6' title="bbox 164 656 1728 727; baseline -0.003 -12"><span class='ocrx_word' id='word_1_37' title='bbox 164 674 339 715; x_wconf 83' lang='lat' dir='ltr'><strong>manna</strong></span> <span class='ocrx_word' id='word_1_38' title='bbox 391 657 692 722; x_wconf 86' lang='lat' dir='ltr'><strong>fastidiunt,</strong></span> <span class='ocrx_word' id='word_1_39' title='bbox 732 673 763 712; x_wconf 89' lang='lat' dir='ltr'><strong>a</strong></span> <span class='ocrx_word' id='word_1_40' title='bbox 799 659 1138 727; x_wconf 73' lang='lat' dir='ltr'><strong>serpentibus</strong></span> <span class='ocrx_word' id='word_1_41' title='bbox 1194 657 1568 712; x_wconf 74' lang='lat' dir='ltr'><strong>vulnerantur.</strong></span> <span class='ocrx_word' id='word_1_42' title='bbox 1621 656 1728 711; x_wconf 86' lang='lat' dir='ltr'><strong>Sed</strong></span> 
     </span>
    </p>
   </div>
   <div class='ocr_carea' id='block_1_7' title="bbox 164 749 1728 824">
    <p class='ocr_par' dir='ltr' id='par_1_7' title="bbox 164 749 1728 824">
     <span class='ocr_line' id='line_1_7' title="bbox 164 749 1728 824; baseline -0.001 -18"><span class='ocrx_word' id='word_1_43' title='bbox 164 752 270 824; x_wconf 84' lang='lat' dir='ltr'><strong>quid</strong></span> <span class='ocrx_word' id='word_1_44' title='bbox 298 749 432 806; x_wconf 91' lang='lat' dir='ltr'><strong>illud</strong></span> <span class='ocrx_word' id='word_1_45' title='bbox 466 751 754 822; x_wconf 80' lang='lat' dir='ltr'><strong>signiﬁcat,</strong></span> <span class='ocrx_word' id='word_1_46' title='bbox 781 751 925 820; x_wconf 86' lang='lat' dir='ltr'><strong>quod</strong></span> <span class='ocrx_word' id='word_1_47' title='bbox 967 766 1183 806; x_wconf 79' lang='lat' dir='ltr'><strong>morsus</strong></span> <span class='ocrx_word' id='word_1_48' title='bbox 1217 750 1480 807; x_wconf 70' lang='lat' dir='ltr'><strong>mortiferi</strong></span> <span class='ocrx_word' id='word_1_49' title='bbox 1501 765 1728 820; x_wconf 86' lang='lat' dir='ltr'><strong>serpen-</strong></span> 
     </span>
    </p>
   </div>
   <div class='ocr_carea' id='block_1_8' title="bbox 162 840 1728 911">
    <p class='ocr_par' dir='ltr' id='par_1_8' title="bbox 162 840 1728 911">
     <span class='ocr_line' id='line_1_8' title="bbox 162 840 1728 911; baseline -0.001 -16"><span class='ocrx_word' id='word_1_50' title='bbox 162 842 297 906; x_wconf 90' lang='lat' dir='ltr'><strong>tium,</strong></span> <span class='ocrx_word' id='word_1_51' title='bbox 351 840 590 895; x_wconf 81' lang='lat' dir='ltr'><strong>exaltato</strong></span> <span class='ocrx_word' id='word_1_52' title='bbox 622 849 677 896; x_wconf 92' lang='lat' dir='ltr'><strong>et</strong></span> <span class='ocrx_word' id='word_1_53' title='bbox 714 849 962 910; x_wconf 84' lang='lat' dir='ltr'><strong>respecto</strong></span> <span class='ocrx_word' id='word_1_54' title='bbox 987 855 1130 895; x_wconf 82' lang='lat' dir='ltr'><strong>aereo</strong></span> <span class='ocrx_word' id='word_1_55' title='bbox 1157 848 1428 911; x_wconf 86' lang='lat' dir='ltr'><strong>serpente,</strong></span> <span class='ocrx_word' id='word_1_56' title='bbox 1457 840 1728 896; x_wconf 89' lang='lat' dir='ltr'><strong>sanaban-</strong></span> 
     </span>
    </p>
   </div>
   <div class='ocr_carea' id='block_1_9' title="bbox 164 927 1768 1004">
    <p class='ocr_par' dir='ltr' id='par_1_9' title="bbox 164 927 1768 1004">
     <span class='ocr_line' id='line_1_9' title="bbox 164 927 1768 1004; baseline -0.001 -17"><span class='ocrx_word' id='word_1_57' title='bbox 164 941 254 997; x_wconf 91' lang='lat' dir='ltr'><strong>tur,</strong></span> <span class='ocrx_word' id='word_1_58' title='bbox 285 932 394 987; x_wconf 89' lang='lat' dir='ltr'><strong>nisi</strong></span> <span class='ocrx_word' id='word_1_59' title='bbox 443 933 588 1003; x_wconf 90' lang='lat' dir='ltr'><strong>quod</strong></span> <span class='ocrx_word' id='word_1_60' title='bbox 631 947 776 986; x_wconf 91' lang='lat' dir='ltr'><strong>nunc</strong></span> <span class='ocrx_word' id='word_1_61' title='bbox 811 933 866 986; x_wconf 93' lang='lat' dir='ltr'><strong>in</strong></span> <span class='ocrx_word' id='word_1_62' title='bbox 905 940 1032 1004; x_wconf 86' lang='lat' dir='ltr'><strong>typo</strong></span> <span class='ocrx_word' id='word_1_63' title='bbox 1069 931 1391 999; x_wconf 89' lang='lat' dir='ltr'><strong>Salvatoris,</strong></span> <span class='ocrx_word' id='word_1_64' title='bbox 1423 932 1513 1004; x_wconf 88' lang='lat' dir='ltr'><strong>qui</strong></span> <span class='ocrx_word' id='word_1_65' title='bbox 1550 932 1724 986; x_wconf 79' lang='lat' dir='ltr'><strong>ferum</strong></span> <span class='ocrx_word' id='word_1_66' title='bbox 1763 927 1768 954; x_wconf 37' lang='grc' dir='ltr'>ἒ</span> 
     </span>
    </p>
   </div>
   <div class='ocr_carea' id='block_1_10' title="bbox 158 1020 1720 1095">
    <p class='ocr_par' dir='ltr' id='par_1_10' title="bbox 158 1020 1720 1095">
     <span class='ocr_line' id='line_1_10' title="bbox 158 1020 1720 1095; baseline 0.002 -20"><span class='ocrx_word' id='word_1_67' title='bbox 158 1020 529 1092; x_wconf 87' lang='lat' dir='ltr'><strong>antiquumque</strong></span> <span class='ocrx_word' id='word_1_68' title='bbox 576 1031 889 1093; x_wconf 82' lang='lat' dir='ltr'><strong>serpentem</strong></span> <span class='ocrx_word' id='word_1_69' title='bbox 935 1023 991 1077; x_wconf 93' lang='lat' dir='ltr'><strong>in</strong></span> <span class='ocrx_word' id='word_1_70' title='bbox 1039 1023 1281 1092; x_wconf 90' lang='lat' dir='ltr'><strong>patibulo</strong></span> <span class='ocrx_word' id='word_1_71' title='bbox 1335 1025 1720 1095; x_wconf 80' lang='lat' dir='ltr'><strong>triumphavit,</strong></span> 
     </span>
    </p>
   </div>
   <div class='ocr_carea' id='block_1_11' title="bbox 159 1112 1726 1184">
    <p class='ocr_par' dir='ltr' id='par_1_11' title="bbox 159 1112 1726 1184">
     <span class='ocr_line' id='line_1_11' title="bbox 159 1112 1726 1184; baseline 0.001 -15"><span class='ocrx_word' id='word_1_72' title='bbox 159 1112 330 1169; x_wconf 84' lang='lat' dir='ltr'><strong>diaboli</strong></span> <span class='ocrx_word' id='word_1_73' title='bbox 378 1128 587 1168; x_wconf 89' lang='lat' dir='ltr'><strong>venena</strong></span> <span class='ocrx_word' id='word_1_74' title='bbox 611 1122 958 1184; x_wconf 86' lang='lat' dir='ltr'><strong>superantur,</strong></span> <span class='ocrx_word' id='word_1_75' title='bbox 989 1115 1063 1168; x_wconf 89' lang='lat' dir='ltr'><strong>ita</strong></span> <span class='ocrx_word' id='word_1_76' title='bbox 1093 1124 1152 1168; x_wconf 88' lang='lat' dir='ltr'><strong>ut</strong></span> <span class='ocrx_word' id='word_1_77' title='bbox 1179 1115 1271 1184; x_wconf 86' lang='lat' dir='ltr'><strong>qui</strong></span> <span class='ocrx_word' id='word_1_78' title='bbox 1300 1130 1425 1170; x_wconf 85' lang='lat' dir='ltr'><strong>vere</strong></span> <span class='ocrx_word' id='word_1_79' title='bbox 1449 1129 1726 1184; x_wconf 77' lang='lat' dir='ltr'><strong>expresse-</strong></span> 
     </span>
    </p>
   </div>
   <div class='ocr_carea' id='block_1_12' title="bbox 154 1205 1726 1279">
    <p class='ocr_par' dir='ltr' id='par_1_12' title="bbox 154 1205 1726 1279">
     <span class='ocr_line' id='line_1_12' title="bbox 154 1205 1726 1279; baseline 0.004 -21"><span class='ocrx_word' id='word_1_80' title='bbox 154 1219 242 1274; x_wconf 88' lang='lat' dir='ltr'><strong>que</strong></span> <span class='ocrx_word' id='word_1_81' title='bbox 257 1205 550 1276; x_wconf 77' lang='lat' dir='ltr'><strong>imaginem</strong></span> <span class='ocrx_word' id='word_1_82' title='bbox 579 1206 702 1260; x_wconf 91' lang='lat' dir='ltr'><strong>Filii</strong></span> <span class='ocrx_word' id='word_1_83' title='bbox 729 1207 826 1262; x_wconf 88' lang='lat' dir='ltr'><strong>Dei</strong></span> <span class='ocrx_word' id='word_1_84' title='bbox 854 1209 1269 1278; x_wconf 88' lang='lat' dir='ltr'><strong>passionemque</strong></span> <span class='ocrx_word' id='word_1_85' title='bbox 1290 1206 1404 1277; x_wconf 85' lang='lat' dir='ltr'><strong>ejus</strong></span> <span class='ocrx_word' id='word_1_86' title='bbox 1428 1224 1726 1279; x_wconf 82' lang='lat' dir='ltr'><strong>conspexe-</strong></span> 
     </span>
    </p>
   </div>
   <div class='ocr_carea' id='block_1_13' title="bbox 151 1297 1722 1372">
    <p class='ocr_par' dir='ltr' id='par_1_13' title="bbox 151 1297 1722 1372">
     <span class='ocr_line' id='line_1_13' title="bbox 151 1297 1722 1372; baseline 0.005 -22"><span class='ocrx_word' id='word_1_87' title='bbox 151 1297 228 1361; x_wconf 90' lang='lat' dir='ltr'><strong>rit,</strong></span> <span class='ocrx_word' id='word_1_88' title='bbox 242 1299 752 1356; x_wconf 85' lang='lat' dir='ltr'><strong>conservetur?Iloc</strong></span> <span class='ocrx_word' id='word_1_89' title='bbox 781 1300 928 1355; x_wconf 90' lang='lat' dir='ltr'><strong>enim</strong></span> <span class='ocrx_word' id='word_1_90' title='bbox 953 1301 1262 1370; x_wconf 80' lang='lat' dir='ltr'><strong>signiﬁcant</strong></span> <span class='ocrx_word' id='word_1_91' title='bbox 1285 1311 1341 1356; x_wconf 89' lang='lat' dir='ltr'><strong>et</strong></span> <span class='ocrx_word' id='word_1_92' title='bbox 1362 1303 1528 1358; x_wconf 87' lang='lat' dir='ltr'><strong>verba</strong></span> <span class='ocrx_word' id='word_1_93' title='bbox 1550 1303 1722 1372; x_wconf 84' lang='lat' dir='ltr'><strong>ipsius</strong></span> 
     </span>
    </p>
   </div>
   <div class='ocr_carea' id='block_1_14' title="bbox 151 1386 1724 1462">
    <p class='ocr_par' dir='ltr' id='par_1_14' title="bbox 151 1386 1724 1462">
     <span class='ocr_line' id='line_1_14' title="bbox 151 1386 1724 1462; baseline 0.004 -20"><span class='ocrx_word' id='word_1_94' title='bbox 151 1386 342 1443; x_wconf 86' lang='lat' dir='ltr'><strong>Domini</strong></span> <span class='ocrx_word' id='word_1_95' title='bbox 389 1391 620 1447; x_wconf 78' lang='lat' dir='ltr'><strong>dicentis</strong></span> <span class='ocrx_word' id='word_1_96' title='bbox 655 1411 668 1446; x_wconf 90' lang='lat'><strong>:</strong></span> <span class='ocrx_word' id='word_1_97' title='bbox 701 1391 847 1447; x_wconf 87' lang='lat' dir='ltr'><strong>Sicut</strong></span> <span class='ocrx_word' id='word_1_98' title='bbox 896 1392 1146 1446; x_wconf 70' lang='lat' dir='ltr'><strong>eaaltavit</strong></span> <span class='ocrx_word' id='word_1_99' title='bbox 1198 1391 1404 1462; x_wconf 76' lang='lat' dir='ltr'><strong>Moyses</strong></span> <span class='ocrx_word' id='word_1_100' title='bbox 1452 1394 1508 1447; x_wconf 86' lang='lat' dir='ltr'><strong>in</strong></span> <span class='ocrx_word' id='word_1_101' title='bbox 1549 1411 1724 1448; x_wconf 87' lang='lat' dir='ltr'><strong>eremo</strong></span> 
     </span>
    </p>
   </div>
   <div class='ocr_carea' id='block_1_15' title="bbox 148 1479 1724 1553">
    <p class='ocr_par' dir='ltr' id='par_1_15' title="bbox 148 1479 1724 1553">
     <span class='ocr_line' id='line_1_15' title="bbox 148 1479 1724 1553; baseline 0.002 -20"><span class='ocrx_word' id='word_1_102' title='bbox 148 1489 435 1550; x_wconf 70' lang='lat' dir='ltr'><strong>serpentem,</strong></span> <span class='ocrx_word' id='word_1_103' title='bbox 483 1484 558 1537; x_wconf 89' lang='lat' dir='ltr'><strong>sic</strong></span> <span class='ocrx_word' id='word_1_104' title='bbox 603 1491 802 1553; x_wconf 76' lang='lat' dir='ltr'><strong>oportet</strong></span> <span class='ocrx_word' id='word_1_105' title='bbox 853 1481 1080 1536; x_wconf 68' lang='lat' dir='ltr'><strong>exaltari</strong></span> <span class='ocrx_word' id='word_1_106' title='bbox 1128 1479 1329 1535; x_wconf 83' lang='lat' dir='ltr'><strong>Filium</strong></span> <span class='ocrx_word' id='word_1_107' title='bbox 1377 1484 1627 1548; x_wconf 76' lang='lat' dir='ltr'><strong>hominis,</strong></span> <span class='ocrx_word' id='word_1_108' title='bbox 1667 1493 1724 1537; x_wconf 85' lang='lat' dir='ltr'><strong>ut</strong></span> 
     </span>
    </p>
   </div>
   <div class='ocr_carea' id='block_1_16' title="bbox 145 1570 1722 1644">
    <p class='ocr_par' dir='ltr' id='par_1_16' title="bbox 145 1570 1722 1644">
     <span class='ocr_line' id='line_1_16' title="bbox 145 1570 1722 1644; baseline 0.003 -23"><span class='ocrx_word' id='word_1_109' title='bbox 145 1570 313 1633; x_wconf 82' lang='lat' dir='ltr'><strong>omnis,</strong></span> <span class='ocrx_word' id='word_1_110' title='bbox 352 1573 443 1642; x_wconf 87' lang='lat' dir='ltr'><strong>qui</strong></span> <span class='ocrx_word' id='word_1_111' title='bbox 487 1573 654 1628; x_wconf 84' lang='lat' dir='ltr'><strong>credit</strong></span> <span class='ocrx_word' id='word_1_112' title='bbox 698 1575 755 1627; x_wconf 88' lang='lat' dir='ltr'><strong>in</strong></span> <span class='ocrx_word' id='word_1_113' title='bbox 801 1590 940 1638; x_wconf 87' lang='lat' dir='ltr'><strong>eum,</strong></span> <span class='ocrx_word' id='word_1_114' title='bbox 983 1589 1086 1626; x_wconf 86' lang='lat' dir='ltr'><strong>non</strong></span> <span class='ocrx_word' id='word_1_115' title='bbox 1118 1583 1317 1644; x_wconf 78' lang='lat' dir='ltr'><strong>pereat,</strong></span> <span class='ocrx_word' id='word_1_116' title='bbox 1379 1590 1471 1628; x_wconf 85' lang='lat' dir='ltr'><strong>sea</strong></span> <span class='ocrx_word' id='word_1_117' title='bbox 1529 1574 1722 1627; x_wconf 81' lang='lat' dir='ltr'><strong>habent</strong></span> 
     </span>
    </p>
   </div>
   <div class='ocr_carea' id='block_1_17' title="bbox 144 1661 1722 1736">
    <p class='ocr_par' dir='ltr' id='par_1_17' title="bbox 144 1661 1722 1736">
     <span class='ocr_line' id='line_1_17' title="bbox 144 1661 1722 1736; baseline 0.001 -22"><span class='ocrx_word' id='word_1_118' title='bbox 144 1661 289 1716; x_wconf 78' lang='lat' dir='ltr'><strong>vitam</strong></span> <span class='ocrx_word' id='word_1_119' title='bbox 307 1672 558 1718; x_wconf 67' lang='lat' dir='ltr'><strong>(sternam</strong></span> <span class='ocrx_word' id='word_1_120' title='bbox 580 1663 765 1736; x_wconf 84' lang='lat' dir='ltr'><strong>(Joan.</strong></span> <span class='ocrx_word' id='word_1_121' title='bbox 791 1664 897 1735; x_wconf 82' lang='lat' dir='ltr'><strong>III).</strong></span> <span class='ocrx_word' id='word_1_122' title='bbox 927 1664 1068 1731; x_wconf 91' lang='lat' dir='ltr'><strong>Quid</strong></span> <span class='ocrx_word' id='word_1_123' title='bbox 1096 1679 1226 1718; x_wconf 88' lang='lat' dir='ltr'><strong>vero</strong></span> <span class='ocrx_word' id='word_1_124' title='bbox 1251 1679 1436 1718; x_wconf 72' lang='lat' dir='ltr'><strong>aeneus</strong></span> <span class='ocrx_word' id='word_1_125' title='bbox 1462 1664 1722 1732; x_wconf 86' lang='lat' dir='ltr'><strong>serpens?</strong></span> 
     </span>
    </p>
   </div>
   <div class='ocr_carea' id='block_1_18' title="bbox 139 1749 1720 1824">
    <p class='ocr_par' dir='ltr' id='par_1_18' title="bbox 139 1749 1720 1824">
     <span class='ocr_line' id='line_1_18' title="bbox 139 1749 1720 1824; baseline 0.004 -22"><span class='ocrx_word' id='word_1_126' title='bbox 139 1749 244 1818; x_wconf 89' lang='lat' dir='ltr'><strong>ipse</strong></span> <span class='ocrx_word' id='word_1_127' title='bbox 290 1751 383 1820; x_wconf 86' lang='lat' dir='ltr'><strong>qui</strong></span> <span class='ocrx_word' id='word_1_128' title='bbox 433 1751 581 1823; x_wconf 90' lang='lat' dir='ltr'><strong>ligno</strong></span> <span class='ocrx_word' id='word_1_129' title='bbox 609 1769 904 1824; x_wconf 90' lang='lat' dir='ltr'><strong>suspensus</strong></span> <span class='ocrx_word' id='word_1_130' title='bbox 946 1760 1053 1808; x_wconf 87' lang='lat' dir='ltr'><strong>est.</strong></span> <span class='ocrx_word' id='word_1_131' title='bbox 1085 1751 1185 1808; x_wconf 65' lang='lat' dir='ltr'><strong>1E5</strong></span> <span class='ocrx_word' id='word_1_132' title='bbox 1237 1754 1434 1823; x_wconf 88' lang='lat' dir='ltr'><strong>quippe</strong></span> <span class='ocrx_word' id='word_1_133' title='bbox 1487 1753 1720 1808; x_wconf 85' lang='lat' dir='ltr'><strong>metallis</strong></span> 
     </span>
    </p>
   </div>
   <div class='ocr_carea' id='block_1_19' title="bbox 1831 560 3410 629">
    <p class='ocr_par' dir='ltr' id='par_1_19' title="bbox 1831 560 3410 629">
     <span class='ocr_line' id='line_1_19' title="bbox 1831 560 3410 629; baseline 0.003 -16"><span class='ocrx_word' id='word_1_134' title='bbox 1831 560 1988 614; x_wconf 87' lang='lat' dir='ltr'><strong>nibus</strong></span> <span class='ocrx_word' id='word_1_135' title='bbox 2037 571 2238 617; x_wconf 80' lang='lat' dir='ltr'><strong>careat.</strong></span> <span class='ocrx_word' id='word_1_136' title='bbox 2295 563 2362 617; x_wconf 89' lang='lat' dir='ltr'><strong>Et</strong></span> <span class='ocrx_word' id='word_1_137' title='bbox 2387 571 2570 616; x_wconf 88' lang='lat' dir='ltr'><strong>tamen</strong></span> <span class='ocrx_word' id='word_1_138' title='bbox 2602 563 2838 616; x_wconf 80' lang='lat' dir='ltr'><strong>transire</strong></span> <span class='ocrx_word' id='word_1_139' title='bbox 2887 564 2953 617; x_wconf 89' lang='lat' dir='ltr'><strong>de</strong></span> <span class='ocrx_word' id='word_1_140' title='bbox 2973 562 3079 616; x_wconf 82' lang='lat' dir='ltr'><strong>alia</strong></span> <span class='ocrx_word' id='word_1_141' title='bbox 3107 563 3174 615; x_wconf 90' lang='lat' dir='ltr'><strong>ad</strong></span> <span class='ocrx_word' id='word_1_142' title='bbox 3225 563 3410 629; x_wconf 87' lang='lat' dir='ltr'><strong>aliam,</strong></span> 
     </span>
    </p>
   </div>
   <div class='ocr_carea' id='block_1_20' title="bbox 1829 654 3416 726">
    <p class='ocr_par' dir='ltr' id='par_1_20' title="bbox 1829 654 3416 726">
     <span class='ocr_line' id='line_1_20' title="bbox 1829 654 3416 726; baseline 0.004 -19"><span class='ocrx_word' id='word_1_143' title='bbox 1829 667 2016 707; x_wconf 88' lang='lat' dir='ltr'><strong>eorum</strong></span> <span class='ocrx_word' id='word_1_144' title='bbox 2059 662 2143 709; x_wconf 89' lang='lat' dir='ltr'><strong>est</strong></span> <span class='ocrx_word' id='word_1_145' title='bbox 2195 656 2430 726; x_wconf 83' lang='lat' dir='ltr'><strong>proprie,</strong></span> <span class='ocrx_word' id='word_1_146' title='bbox 2463 655 2554 725; x_wconf 86' lang='lat' dir='ltr'><strong>qui</strong></span> <span class='ocrx_word' id='word_1_147' title='bbox 2583 655 2713 710; x_wconf 89' lang='lat' dir='ltr'><strong>solis</strong></span> <span class='ocrx_word' id='word_1_148' title='bbox 2751 654 2978 725; x_wconf 70' lang='lat' dir='ltr'><strong>iustitiae</strong></span> <span class='ocrx_word' id='word_1_149' title='bbox 3023 665 3206 711; x_wconf 83' lang='lat' dir='ltr'><strong>ortum</strong></span> <span class='ocrx_word' id='word_1_150' title='bbox 3233 657 3416 714; x_wconf 75' lang='lat' dir='ltr'><strong>consi-</strong></span> 
     </span>
    </p>
   </div>
   <div class='ocr_carea' id='block_1_21' title="bbox 1829 744 3404 806">
    <p class='ocr_par' dir='ltr' id='par_1_21' title="bbox 1829 744 3404 806">
     <span class='ocr_line' id='line_1_21' title="bbox 1829 744 3404 806; baseline 0.001 -8"><span class='ocrx_word' id='word_1_151' title='bbox 1829 744 2045 800; x_wconf 85' lang='lat' dir='ltr'><strong>derant.</strong></span> <span class='ocrx_word' id='word_1_152' title='bbox 3383 797 3404 806; x_wconf 75' lang='grc'><em>,</em></span> 
     </span>
    </p>
   </div>
   <div class='ocr_carea' id='block_1_22' title="bbox 1899 837 3414 906">
    <p class='ocr_par' dir='ltr' id='par_1_22' title="bbox 1899 837 3414 906">
     <span class='ocr_line' id='line_1_22' title="bbox 1899 837 3414 906; baseline 0.005 -14"><span class='ocrx_word' id='word_1_153' title='bbox 1899 837 1971 892; x_wconf 87' lang='lat' dir='ltr'><strong>Et</strong></span> <span class='ocrx_word' id='word_1_154' title='bbox 1998 839 2118 895; x_wconf 84' lang='lat' dir='ltr'><strong>inde</strong></span> <span class='ocrx_word' id='word_1_155' title='bbox 2131 851 2388 895; x_wconf 80' lang='lat' dir='ltr'><strong>moventes</strong></span> <span class='ocrx_word' id='word_1_156' title='bbox 2410 850 2606 906; x_wconf 85' lang='lat' dir='ltr'><strong>castra,</strong></span> <span class='ocrx_word' id='word_1_157' title='bbox 2630 848 2874 896; x_wconf 85' lang='lat' dir='ltr'><strong>venerunt</strong></span> <span class='ocrx_word' id='word_1_158' title='bbox 2903 842 2972 895; x_wconf 87' lang='lat' dir='ltr'><strong>ad</strong></span> <span class='ocrx_word' id='word_1_159' title='bbox 2999 851 3280 898; x_wconf 80' lang='lat' dir='ltr'><strong>torrentem</strong></span> <span class='ocrx_word' id='word_1_160' title='bbox 3307 842 3414 900; x_wconf 86' lang='lat' dir='ltr'><strong>Za-</strong></span> 
     </span>
    </p>
   </div>
   <div class='ocr_carea' id='block_1_23' title="bbox 1828 927 3412 1007">
    <p class='ocr_par' dir='ltr' id='par_1_23' title="bbox 1828 927 3412 1007">
     <span class='ocr_line' id='line_1_23' title="bbox 1828 927 3412 1007; baseline 0.008 -27"><span class='ocrx_word' id='word_1_161' title='bbox 1828 927 1939 996; x_wconf 88' lang='lat' dir='ltr'><strong>red,</strong></span> <span class='ocrx_word' id='word_1_162' title='bbox 1973 937 2026 983; x_wconf 90' lang='lat' dir='ltr'><strong>et</strong></span> <span class='ocrx_word' id='word_1_163' title='bbox 2056 930 2282 1000; x_wconf 89' lang='lat' dir='ltr'><strong>reliqua.</strong></span> <span class='ocrx_word' id='word_1_164' title='bbox 2317 931 2616 1001; x_wconf 89' lang='lat' dir='ltr'><strong>Trigesima</strong></span> <span class='ocrx_word' id='word_1_165' title='bbox 2651 947 2792 987; x_wconf 91' lang='lat' dir='ltr'><strong>nona</strong></span> <span class='ocrx_word' id='word_1_166' title='bbox 2819 934 3030 989; x_wconf 85' lang='lat' dir='ltr'><strong>mansio</strong></span> <span class='ocrx_word' id='word_1_167' title='bbox 3052 935 3107 989; x_wconf 91' lang='lat' dir='ltr'><strong>in</strong></span> <span class='ocrx_word' id='word_1_168' title='bbox 3129 934 3412 1007; x_wconf 85' lang='lat' dir='ltr'><strong>Dibongad</strong></span> 
     </span>
    </p>
   </div>
   <div class='ocr_carea' id='block_1_24' title="bbox 1826 1019 3412 1092">
    <p class='ocr_par' dir='ltr' id='par_1_24' title="bbox 1826 1019 3412 1092">
     <span class='ocr_line' id='line_1_24' title="bbox 1826 1019 3412 1092; baseline 0.006 -19"><span class='ocrx_word' id='word_1_169' title='bbox 1826 1019 1949 1085; x_wconf 89' lang='lat' dir='ltr'><strong>fuit,</strong></span> <span class='ocrx_word' id='word_1_170' title='bbox 1980 1021 2122 1075; x_wconf 87' lang='lat' dir='ltr'><strong>sicut</strong></span> <span class='ocrx_word' id='word_1_171' title='bbox 2151 1022 2206 1075; x_wconf 92' lang='lat' dir='ltr'><strong>in</strong></span> <span class='ocrx_word' id='word_1_172' title='bbox 2233 1021 2604 1092; x_wconf 83' lang='lat' dir='ltr'><strong>sequentibus,</strong></span> <span class='ocrx_word' id='word_1_173' title='bbox 2633 1023 2726 1078; x_wconf 89' lang='lat' dir='ltr'><strong>ubi</strong></span> <span class='ocrx_word' id='word_1_174' title='bbox 2753 1024 2920 1078; x_wconf 89' lang='lat' dir='ltr'><strong>series</strong></span> <span class='ocrx_word' id='word_1_175' title='bbox 2943 1025 3288 1080; x_wconf 88' lang='lat' dir='ltr'><strong>mansionum</strong></span> <span class='ocrx_word' id='word_1_176' title='bbox 3317 1027 3412 1082; x_wconf 90' lang='lat' dir='ltr'><strong>de-</strong></span> 
     </span>
    </p>
   </div>
   <div class='ocr_carea' id='block_1_25' title="bbox 1825 1111 3412 1185">
    <p class='ocr_par' dir='ltr' id='par_1_25' title="bbox 1825 1111 3412 1185">
     <span class='ocr_line' id='line_1_25' title="bbox 1825 1111 3412 1185; baseline 0.006 -21"><span class='ocrx_word' id='word_1_177' title='bbox 1825 1111 2030 1182; x_wconf 89' lang='lat' dir='ltr'><strong>scripta</strong></span> <span class='ocrx_word' id='word_1_178' title='bbox 2073 1120 2177 1178; x_wconf 89' lang='lat' dir='ltr'><strong>est,</strong></span> <span class='ocrx_word' id='word_1_179' title='bbox 2211 1111 2668 1168; x_wconf 84' lang='lat' dir='ltr'><strong>Inanifestabitur.</strong></span> <span class='ocrx_word' id='word_1_180' title='bbox 2732 1113 3125 1185; x_wconf 84' lang='lat' dir='ltr'><strong>Interpretatur</strong></span> <span class='ocrx_word' id='word_1_181' title='bbox 3155 1117 3301 1172; x_wconf 90' lang='lat' dir='ltr'><strong>enim</strong></span> <span class='ocrx_word' id='word_1_182' title='bbox 3326 1117 3412 1172; x_wconf 84' lang='lat' dir='ltr'><strong>Di-</strong></span> 
     </span>
    </p>
   </div>
   <div class='ocr_carea' id='block_1_26' title="bbox 1824 1202 3413 1279">
    <p class='ocr_par' dir='ltr' id='par_1_26' title="bbox 1824 1202 3413 1279">
     <span class='ocr_line' id='line_1_26' title="bbox 1824 1202 3413 1279; baseline 0.006 -23"><span class='ocrx_word' id='word_1_183' title='bbox 1824 1202 2054 1274; x_wconf 84' lang='lat' dir='ltr'><strong>bongad,</strong></span> <span class='ocrx_word' id='word_1_184' title='bbox 2083 1204 2290 1274; x_wconf 80' lang='lat' dir='ltr'><strong>fortiter</strong></span> <span class='ocrx_word' id='word_1_185' title='bbox 2327 1205 2593 1259; x_wconf 86' lang='lat' dir='ltr'><strong>intellecta</strong></span> <span class='ocrx_word' id='word_1_186' title='bbox 2633 1207 2869 1260; x_wconf 84' lang='lat' dir='ltr'><strong>tentatio.</strong></span> <span class='ocrx_word' id='word_1_187' title='bbox 2912 1206 3018 1262; x_wconf 89' lang='lat' dir='ltr'><strong>Sed</strong></span> <span class='ocrx_word' id='word_1_188' title='bbox 3060 1225 3159 1279; x_wconf 90' lang='lat' dir='ltr'><strong>pro</strong></span> <span class='ocrx_word' id='word_1_189' title='bbox 3193 1210 3296 1264; x_wconf 90' lang='lat' dir='ltr'><strong>hac</strong></span> <span class='ocrx_word' id='word_1_190' title='bbox 3320 1209 3413 1266; x_wconf 87' lang='lat' dir='ltr'><strong>hic</strong></span> 
     </span>
    </p>
   </div>
   <div class='ocr_carea' id='block_1_27' title="bbox 1825 1290 3412 1369">
    <p class='ocr_par' dir='ltr' id='par_1_27' title="bbox 1825 1290 3412 1369">
     <span class='ocr_line' id='line_1_27' title="bbox 1825 1290 3412 1369; baseline 0.006 -24"><span class='ocrx_word' id='word_1_191' title='bbox 1825 1290 1880 1345; x_wconf 93' lang='lat' dir='ltr'><strong>in</strong></span> <span class='ocrx_word' id='word_1_192' title='bbox 1903 1294 2095 1349; x_wconf 88' lang='lat' dir='ltr'><strong>ordine</strong></span> <span class='ocrx_word' id='word_1_193' title='bbox 2122 1294 2386 1359; x_wconf 69' lang='lat' dir='ltr'><strong>historiae,</strong></span> <span class='ocrx_word' id='word_1_194' title='bbox 2431 1294 2590 1351; x_wconf 90' lang='lat' dir='ltr'><strong>aliter</strong></span> <span class='ocrx_word' id='word_1_195' title='bbox 2616 1296 2880 1366; x_wconf 87' lang='lat' dir='ltr'><strong>scriptum</strong></span> <span class='ocrx_word' id='word_1_196' title='bbox 2916 1300 3204 1369; x_wconf 89' lang='lat' dir='ltr'><strong>reperitur.</strong></span> <span class='ocrx_word' id='word_1_197' title='bbox 3253 1299 3412 1356; x_wconf 90' lang='lat' dir='ltr'><strong>Post—</strong></span> 
     </span>
    </p>
   </div>
   <div class='ocr_carea' id='block_1_28' title="bbox 1827 1387 3411 1458">
    <p class='ocr_par' dir='ltr' id='par_1_28' title="bbox 1827 1387 3411 1458">
     <span class='ocr_line' id='line_1_28' title="bbox 1827 1387 3411 1458; baseline 0.005 -18"><span class='ocrx_word' id='word_1_198' title='bbox 1827 1402 1989 1458; x_wconf 88' lang='lat' dir='ltr'><strong>quam</strong></span> <span class='ocrx_word' id='word_1_199' title='bbox 2023 1387 2167 1440; x_wconf 88' lang='lat' dir='ltr'><strong>enim</strong></span> <span class='ocrx_word' id='word_1_200' title='bbox 2191 1396 2369 1442; x_wconf 89' lang='lat' dir='ltr'><strong>castra</strong></span> <span class='ocrx_word' id='word_1_201' title='bbox 2394 1389 2584 1442; x_wconf 89' lang='lat' dir='ltr'><strong>metati</strong></span> <span class='ocrx_word' id='word_1_202' title='bbox 2613 1397 2741 1443; x_wconf 93' lang='lat' dir='ltr'><strong>sunt</strong></span> <span class='ocrx_word' id='word_1_203' title='bbox 2762 1391 2814 1442; x_wconf 93' lang='lat' dir='ltr'><strong>in</strong></span> <span class='ocrx_word' id='word_1_204' title='bbox 2835 1388 3106 1444; x_wconf 86' lang='lat' dir='ltr'><strong>Jeabarim</strong></span> <span class='ocrx_word' id='word_1_205' title='bbox 3135 1391 3189 1445; x_wconf 93' lang='lat' dir='ltr'><strong>in</strong></span> <span class='ocrx_word' id='word_1_206' title='bbox 3216 1392 3411 1448; x_wconf 90' lang='lat' dir='ltr'><strong>ﬁnibus</strong></span> 
     </span>
    </p>
   </div>
   <div class='ocr_carea' id='block_1_29' title="bbox 1827 1477 3408 1552">
    <p class='ocr_par' dir='ltr' id='par_1_29' title="bbox 1827 1477 3408 1552">
     <span class='ocr_line' id='line_1_29' title="bbox 1827 1477 3408 1552; baseline 0.004 -21"><span class='ocrx_word' id='word_1_207' title='bbox 1827 1477 1984 1533; x_wconf 85' lang='lat' dir='ltr'><strong>Moab</strong></span> <span class='ocrx_word' id='word_1_208' title='bbox 2015 1485 2202 1532; x_wconf 88' lang='lat' dir='ltr'><strong>contra</strong></span> <span class='ocrx_word' id='word_1_209' title='bbox 2233 1487 2409 1532; x_wconf 88' lang='lat' dir='ltr'><strong>ortum</strong></span> <span class='ocrx_word' id='word_1_210' title='bbox 2429 1479 2578 1547; x_wconf 89' lang='lat' dir='ltr'><strong>solis,</strong></span> <span class='ocrx_word' id='word_1_211' title='bbox 2605 1479 2836 1552; x_wconf 83' lang='lat' dir='ltr'><strong>legitur:</strong></span> <span class='ocrx_word' id='word_1_212' title='bbox 2873 1480 3007 1534; x_wconf 87' lang='lat' dir='ltr'><strong>Inde</strong></span> <span class='ocrx_word' id='word_1_213' title='bbox 3027 1479 3248 1552; x_wconf 86' lang='lat' dir='ltr'><strong>profecti</strong></span> <span class='ocrx_word' id='word_1_214' title='bbox 3265 1493 3408 1550; x_wconf 79' lang='lat' dir='ltr'><strong>sunt,</strong></span> 
     </span>
    </p>
   </div>
   <div class='ocr_carea' id='block_1_30' title="bbox 1825 1569 3409 1639">
    <p class='ocr_par' dir='ltr' id='par_1_30' title="bbox 1825 1569 3409 1639">
     <span class='ocr_line' id='line_1_30' title="bbox 1825 1569 3409 1639; baseline 0.004 -15"><span class='ocrx_word' id='word_1_215' title='bbox 1825 1579 1873 1624; x_wconf 92' lang='lat' dir='ltr'><strong>et</strong></span> <span class='ocrx_word' id='word_1_216' title='bbox 1899 1569 2215 1624; x_wconf 87' lang='lat' dir='ltr'><strong>diverterunt</strong></span> <span class='ocrx_word' id='word_1_217' title='bbox 2273 1571 2342 1624; x_wconf 85' lang='lat' dir='ltr'><strong>ad</strong></span> <span class='ocrx_word' id='word_1_218' title='bbox 2377 1581 2654 1626; x_wconf 85' lang='lat' dir='ltr'><strong>torrentem</strong></span> <span class='ocrx_word' id='word_1_219' title='bbox 2693 1571 2899 1639; x_wconf 87' lang='lat' dir='ltr'><strong>Zared;</strong></span> <span class='ocrx_word' id='word_1_220' title='bbox 2947 1584 2994 1629; x_wconf 84' lang='lat' dir='ltr'><strong>et</strong></span> <span class='ocrx_word' id='word_1_221' title='bbox 3047 1575 3110 1629; x_wconf 85' lang='lat' dir='ltr'><strong>de</strong></span> <span class='ocrx_word' id='word_1_222' title='bbox 3158 1576 3254 1630; x_wconf 88' lang='lat' dir='ltr'><strong>hoc</strong></span> <span class='ocrx_word' id='word_1_223' title='bbox 3298 1575 3409 1631; x_wconf 87' lang='lat' dir='ltr'><strong>loco</strong></span> 
     </span>
    </p>
   </div>
   <div class='ocr_carea' id='block_1_31' title="bbox 1822 1659 3409 1739">
    <p class='ocr_par' dir='ltr' id='par_1_31' title="bbox 1822 1659 3409 1739">
     <span class='ocr_line' id='line_1_31' title="bbox 1822 1659 3409 1739; baseline 0.006 -26"><span class='ocrx_word' id='word_1_224' title='bbox 1822 1659 2231 1730; x_wconf 80' lang='lat' dir='ltr'><strong>proﬁciscentes,</strong></span> <span class='ocrx_word' id='word_1_225' title='bbox 2261 1674 2434 1717; x_wconf 82' lang='lat' dir='ltr'><strong>castra</strong></span> <span class='ocrx_word' id='word_1_226' title='bbox 2474 1667 2653 1719; x_wconf 87' lang='lat' dir='ltr'><strong>metati</strong></span> <span class='ocrx_word' id='word_1_227' title='bbox 2699 1676 2818 1720; x_wconf 89' lang='lat' dir='ltr'><strong>sunt</strong></span> <span class='ocrx_word' id='word_1_228' title='bbox 2864 1677 3012 1720; x_wconf 84' lang='lat' dir='ltr'><strong>trans</strong></span> <span class='ocrx_word' id='word_1_229' title='bbox 3040 1667 3240 1731; x_wconf 80' lang='lat' dir='ltr'><strong>Arnen,</strong></span> <span class='ocrx_word' id='word_1_230' title='bbox 3293 1686 3409 1739; x_wconf 80' lang='lat' dir='ltr'><strong>qua:</strong></span> 
     </span>
    </p>
   </div>
   <div class='ocr_carea' id='block_1_32' title="bbox 1789 1750 3408 1828">
    <p class='ocr_par' dir='ltr' id='par_1_32' title="bbox 1789 1750 3408 1828">
     <span class='ocr_line' id='line_1_32' title="bbox 1789 1750 3408 1828; baseline 0.006 -26"><span class='ocrx_word' id='word_1_231' title='bbox 1789 1761 1794 1802; x_wconf 73' lang='grc' dir='ltr'><strong>ὲ</strong></span> <span class='ocrx_word' id='word_1_232' title='bbox 1821 1759 1894 1804; x_wconf 90' lang='lat' dir='ltr'><strong>est</strong></span> <span class='ocrx_word' id='word_1_233' title='bbox 1942 1752 1996 1804; x_wconf 84' lang='lat' dir='ltr'><strong>in</strong></span> <span class='ocrx_word' id='word_1_234' title='bbox 2031 1750 2312 1807; x_wconf 78' lang='lat' dir='ltr'><strong>solitudine</strong></span> <span class='ocrx_word' id='word_1_235' title='bbox 2335 1753 2521 1822; x_wconf 82' lang='lat' dir='ltr'><strong>ﬁnium</strong></span> <span class='ocrx_word' id='word_1_236' title='bbox 2552 1755 2866 1823; x_wconf 74' lang='lat' dir='ltr'><strong>Amorrltwi,</strong></span> <span class='ocrx_word' id='word_1_237' title='bbox 2891 1775 2950 1811; x_wconf 91' lang='lat' dir='ltr'><strong>eo</strong></span> <span class='ocrx_word' id='word_1_238' title='bbox 2967 1758 3108 1828; x_wconf 85' lang='lat' dir='ltr'><strong>quod</strong></span> <span class='ocrx_word' id='word_1_239' title='bbox 3143 1759 3324 1813; x_wconf 77' lang='lat' dir='ltr'><strong>Arnon</strong></span> <span class='ocrx_word' id='word_1_240' title='bbox 3353 1759 3408 1812; x_wconf 86' lang='lat' dir='ltr'><strong>in</strong></span> 
     </span>
    </p>
   </div>
   <div class='ocr_carea' id='block_1_33' title="bbox 132 1837 3408 1921">
    <p class='ocr_par' dir='ltr' id='par_1_33' title="bbox 132 1837 3408 1921">
     <span class='ocr_line' id='line_1_33' title="bbox 132 1837 3408 1921; baseline 0.002 -25"><span class='ocrx_word' id='word_1_241' title='bbox 132 1841 334 1898; x_wconf 68' lang='lat' dir='ltr'><strong>caneris</strong></span> <span class='ocrx_word' id='word_1_242' title='bbox 361 1857 490 1898; x_wconf 89' lang='lat' dir='ltr'><strong>esse</strong></span> <span class='ocrx_word' id='word_1_243' title='bbox 516 1843 817 1899; x_wconf 84' lang='lat' dir='ltr'><strong>durabilius</strong></span> <span class='ocrx_word' id='word_1_244' title='bbox 844 1843 999 1898; x_wconf 89' lang='lat' dir='ltr'><strong>solet.</strong></span> <span class='ocrx_word' id='word_1_245' title='bbox 1025 1843 1094 1898; x_wconf 87' lang='lat' dir='ltr'><strong>Et</strong></span> <span class='ocrx_word' id='word_1_246' title='bbox 1127 1852 1250 1914; x_wconf 87' lang='lat' dir='ltr'><strong>apte</strong></span> <span class='ocrx_word' id='word_1_247' title='bbox 1272 1860 1455 1899; x_wconf 76' lang='lat' dir='ltr'><strong>ametis</strong></span> <span class='ocrx_word' id='word_1_248' title='bbox 1491 1858 1714 1913; x_wconf 86' lang='lat' dir='ltr'><strong>serpens</strong></span> <span class='ocrx_word' id='word_1_249' title='bbox 1743 1837 1789 1896; x_wconf 87' lang='lat' dir='ltr'><strong>B</strong></span> <span class='ocrx_word' id='word_1_250' title='bbox 1818 1843 2054 1897; x_wconf 84' lang='lat' dir='ltr'><strong>terminis</strong></span> <span class='ocrx_word' id='word_1_251' title='bbox 2083 1844 2150 1896; x_wconf 88' lang='lat' dir='ltr'><strong>sit</strong></span> <span class='ocrx_word' id='word_1_252' title='bbox 2195 1844 2550 1899; x_wconf 83' lang='lat' dir='ltr'><strong>Moabitarum</strong></span> <span class='ocrx_word' id='word_1_253' title='bbox 2587 1857 2637 1901; x_wconf 88' lang='lat' dir='ltr'><strong>et</strong></span> <span class='ocrx_word' id='word_1_254' title='bbox 2679 1849 3127 1903; x_wconf 72' lang='lat' dir='ltr'><strong>Amorrha&#39;orum.</strong></span> <span class='ocrx_word' id='word_1_255' title='bbox 3175 1849 3239 1903; x_wconf 79' lang='lat' dir='ltr'><strong>Et</strong></span> <span class='ocrx_word' id='word_1_256' title='bbox 3267 1859 3408 1921; x_wconf 80' lang='lat' dir='ltr'><strong>post-</strong></span> 
     </span>
    </p>
   </div>
   <div class='ocr_carea' id='block_1_34' title="bbox 123 1925 1714 2004">
    <p class='ocr_par' dir='ltr' id='par_1_34' title="bbox 123 1925 1714 2004">
     <span class='ocr_line' id='line_1_34' title="bbox 123 1925 1714 2004; baseline 0.004 -23"><span class='ocrx_word' id='word_1_257' title='bbox 123 1925 265 2000; x_wconf 84' lang='lat' dir='ltr'><strong>ligno</strong></span> <span class='ocrx_word' id='word_1_258' title='bbox 295 1946 601 2001; x_wconf 88' lang='lat' dir='ltr'><strong>suspensus</strong></span> <span class='ocrx_word' id='word_1_259' title='bbox 629 1941 735 1998; x_wconf 90' lang='lat' dir='ltr'><strong>est,</strong></span> <span class='ocrx_word' id='word_1_260' title='bbox 778 1939 839 1987; x_wconf 92' lang='lat' dir='ltr'><strong>ut</strong></span> <span class='ocrx_word' id='word_1_261' title='bbox 863 1932 1122 1988; x_wconf 89' lang='lat' dir='ltr'><strong>Dominus</strong></span> <span class='ocrx_word' id='word_1_262' title='bbox 1168 1934 1223 1986; x_wconf 92' lang='lat' dir='ltr'><strong>in</strong></span> <span class='ocrx_word' id='word_1_263' title='bbox 1269 1943 1522 2004; x_wconf 88' lang='lat' dir='ltr'><strong>serpente</strong></span> <span class='ocrx_word' id='word_1_264' title='bbox 1568 1950 1714 1989; x_wconf 86' lang='lat' dir='ltr'><strong>mor-</strong></span> 
     </span>
    </p>
   </div>
   <div class='ocr_carea' id='block_1_35' title="bbox 114 2024 1717 2096">
    <p class='ocr_par' dir='ltr' id='par_1_35' title="bbox 114 2024 1717 2096">
     <span class='ocr_line' id='line_1_35' title="bbox 114 2024 1717 2096; baseline 0.003 -19"><span class='ocrx_word' id='word_1_265' title='bbox 114 2029 256 2090; x_wconf 87' lang='lat' dir='ltr'><strong>tuus,</strong></span> <span class='ocrx_word' id='word_1_266' title='bbox 304 2033 359 2080; x_wconf 91' lang='lat' dir='ltr'><strong>et</strong></span> <span class='ocrx_word' id='word_1_267' title='bbox 424 2024 482 2079; x_wconf 92' lang='lat' dir='ltr'><strong>in</strong></span> <span class='ocrx_word' id='word_1_268' title='bbox 511 2040 624 2080; x_wconf 84' lang='lat' dir='ltr'><strong>aere</strong></span> <span class='ocrx_word' id='word_1_269' title='bbox 651 2024 1050 2096; x_wconf 88' lang='lat' dir='ltr'><strong>signiﬁcaretur</strong></span> <span class='ocrx_word' id='word_1_270' title='bbox 1075 2034 1335 2092; x_wconf 75' lang='lat' dir='ltr'><strong>teternus,</strong></span> <span class='ocrx_word' id='word_1_271' title='bbox 1378 2027 1627 2084; x_wconf 87' lang='lat' dir='ltr'><strong>videlicet</strong></span> <span class='ocrx_word' id='word_1_272' title='bbox 1656 2036 1717 2082; x_wconf 89' lang='lat' dir='ltr'><strong>ut</strong></span> 
     </span>
    </p>
   </div>
   <div class='ocr_carea' id='block_1_36' title="bbox 109 2115 1714 2186">
    <p class='ocr_par' dir='ltr' id='par_1_36' title="bbox 109 2115 1714 2186">
     <span class='ocr_line' id='line_1_36' title="bbox 109 2115 1714 2186; baseline 0.003 -18"><span class='ocrx_word' id='word_1_273' title='bbox 109 2122 166 2169; x_wconf 90' lang='lat' dir='ltr'><strong>et</strong></span> <span class='ocrx_word' id='word_1_274' title='bbox 199 2115 555 2172; x_wconf 72' lang='lat' dir='ltr'><strong>indicaretur</strong></span> <span class='ocrx_word' id='word_1_275' title='bbox 601 2125 845 2172; x_wconf 89' lang='lat' dir='ltr'><strong>mortuus</strong></span> <span class='ocrx_word' id='word_1_276' title='bbox 876 2130 974 2186; x_wconf 88' lang='lat' dir='ltr'><strong>per</strong></span> <span class='ocrx_word' id='word_1_277' title='bbox 1014 2116 1399 2181; x_wconf 86' lang='lat' dir='ltr'><strong>humilitatem,</strong></span> <span class='ocrx_word' id='word_1_278' title='bbox 1451 2125 1506 2173; x_wconf 90' lang='lat' dir='ltr'><strong>et</strong></span> <span class='ocrx_word' id='word_1_279' title='bbox 1534 2126 1714 2173; x_wconf 89' lang='lat' dir='ltr'><strong>tamen</strong></span> 
     </span>
    </p>
   </div>
   <div class='ocr_carea' id='block_1_37' title="bbox 113 2205 1708 2278">
    <p class='ocr_par' dir='ltr' id='par_1_37' title="bbox 113 2205 1708 2278">
     <span class='ocr_line' id='line_1_37' title="bbox 113 2205 1708 2278; baseline 0.004 -21"><span class='ocrx_word' id='word_1_280' title='bbox 113 2214 262 2258; x_wconf 85' lang='lat' dir='ltr'><strong>esset</strong></span> <span class='ocrx_word' id='word_1_281' title='bbox 289 2205 455 2274; x_wconf 80' lang='lat' dir='ltr'><strong>quasi</strong></span> <span class='ocrx_word' id='word_1_282' title='bbox 508 2213 744 2261; x_wconf 62' lang='lat' dir='ltr'><strong>mternus</strong></span> <span class='ocrx_word' id='word_1_283' title='bbox 795 2205 928 2278; x_wconf 63' lang='grc' dir='ltr'><strong>[ΑΛ.</strong></span> <span class='ocrx_word' id='word_1_284' title='bbox 956 2206 1159 2278; x_wconf 64' lang='lat' dir='ltr'><strong>aeneus]</strong></span> <span class='ocrx_word' id='word_1_285' title='bbox 1203 2221 1302 2276; x_wconf 91' lang='lat' dir='ltr'><strong>per</strong></span> <span class='ocrx_word' id='word_1_286' title='bbox 1353 2207 1708 2264; x_wconf 82' lang='lat' dir='ltr'><strong>divinitatem.</strong></span> 
     </span>
    </p>
   </div>
   <div class='ocr_carea' id='block_1_38' title="bbox 125 2291 1716 2367">
    <p class='ocr_par' dir='ltr' id='par_1_38' title="bbox 125 2291 1716 2367">
     <span class='ocr_line' id='line_1_38' title="bbox 125 2291 1716 2367; baseline 0.004 -21"><span class='ocrx_word' id='word_1_287' title='bbox 125 2291 362 2349; x_wconf 85' lang='lat' dir='ltr'><strong>Pulchre</strong></span> <span class='ocrx_word' id='word_1_288' title='bbox 390 2302 568 2349; x_wconf 89' lang='lat' dir='ltr'><strong>autem</strong></span> <span class='ocrx_word' id='word_1_289' title='bbox 614 2297 787 2364; x_wconf 89' lang='lat' dir='ltr'><strong>prima</strong></span> <span class='ocrx_word' id='word_1_290' title='bbox 816 2296 1029 2351; x_wconf 85' lang='lat' dir='ltr'><strong>mansio</strong></span> <span class='ocrx_word' id='word_1_291' title='bbox 1083 2295 1336 2351; x_wconf 88' lang='lat' dir='ltr'><strong>Selmona</strong></span> <span class='ocrx_word' id='word_1_292' title='bbox 1389 2296 1716 2367; x_wconf 88' lang='lat' dir='ltr'><strong>interpreta-</strong></span> 
     </span>
    </p>
   </div>
   <div class='ocr_carea' id='block_1_39' title="bbox 129 2384 1712 2459">
    <p class='ocr_par' dir='ltr' id='par_1_39' title="bbox 129 2384 1712 2459">
     <span class='ocr_line' id='line_1_39' title="bbox 129 2384 1712 2459; baseline 0.004 -22"><span class='ocrx_word' id='word_1_293' title='bbox 129 2393 211 2438; x_wconf 91' lang='lat' dir='ltr'><strong>tur</strong></span> <span class='ocrx_word' id='word_1_294' title='bbox 237 2385 348 2438; x_wconf 90' lang='lat' dir='ltr'><strong>ima</strong></span> <span class='ocrx_word' id='word_1_295' title='bbox 391 2384 625 2451; x_wconf 86' lang='lat' dir='ltr'><strong>vincula,</strong></span> <span class='ocrx_word' id='word_1_296' title='bbox 653 2387 778 2455; x_wconf 88' lang='lat' dir='ltr'><strong>quia</strong></span> <span class='ocrx_word' id='word_1_297' title='bbox 820 2386 1081 2442; x_wconf 88' lang='lat' dir='ltr'><strong>nimirum</strong></span> <span class='ocrx_word' id='word_1_298' title='bbox 1111 2387 1188 2442; x_wconf 89' lang='lat' dir='ltr'><strong>ibi</strong></span> <span class='ocrx_word' id='word_1_299' title='bbox 1221 2388 1403 2459; x_wconf 81' lang='lat' dir='ltr'><strong>imago</strong></span> <span class='ocrx_word' id='word_1_300' title='bbox 1451 2403 1712 2457; x_wconf 80' lang='lat' dir='ltr'><strong>expressa</strong></span> 
     </span>
    </p>
   </div>
   <div class='ocr_carea' id='block_1_40' title="bbox 128 2472 1716 2550">
    <p class='ocr_par' dir='ltr' id='par_1_40' title="bbox 128 2472 1716 2550">
     <span class='ocr_line' id='line_1_40' title="bbox 128 2472 1716 2550; baseline 0.003 -21"><span class='ocrx_word' id='word_1_301' title='bbox 128 2481 202 2529; x_wconf 89' lang='lat' dir='ltr'><strong>est</strong></span> <span class='ocrx_word' id='word_1_302' title='bbox 228 2472 526 2530; x_wconf 88' lang='lat' dir='ltr'><strong>Salvatoris</strong></span> <span class='ocrx_word' id='word_1_303' title='bbox 551 2490 649 2545; x_wconf 90' lang='lat' dir='ltr'><strong>per</strong></span> <span class='ocrx_word' id='word_1_304' title='bbox 672 2485 983 2546; x_wconf 87' lang='lat' dir='ltr'><strong>serpentem</strong></span> <span class='ocrx_word' id='word_1_305' title='bbox 1035 2492 1268 2544; x_wconf 74' lang='lat' dir='ltr'><strong>aeneum,</strong></span> <span class='ocrx_word' id='word_1_306' title='bbox 1303 2477 1398 2548; x_wconf 90' lang='lat' dir='ltr'><strong>qui</strong></span> <span class='ocrx_word' id='word_1_307' title='bbox 1426 2477 1574 2550; x_wconf 88' lang='lat' dir='ltr'><strong>ligno</strong></span> <span class='ocrx_word' id='word_1_308' title='bbox 1623 2495 1716 2549; x_wconf 86' lang='lat' dir='ltr'><strong>pe-</strong></span> 
     </span>
    </p>
   </div>
   <div class='ocr_carea' id='block_1_41' title="bbox 126 2564 1712 2634">
    <p class='ocr_par' dir='ltr' id='par_1_41' title="bbox 126 2564 1712 2634">
     <span class='ocr_line' id='line_1_41' title="bbox 126 2564 1712 2634; baseline 0.003 -16"><span class='ocrx_word' id='word_1_309' title='bbox 126 2565 319 2634; x_wconf 88' lang='lat' dir='ltr'><strong>pendit.</strong></span> <span class='ocrx_word' id='word_1_310' title='bbox 378 2564 615 2622; x_wconf 86' lang='lat' dir='ltr'><strong>Pulchre</strong></span> <span class='ocrx_word' id='word_1_311' title='bbox 668 2567 833 2622; x_wconf 88' lang='lat' dir='ltr'><strong>etiam</strong></span> <span class='ocrx_word' id='word_1_312' title='bbox 865 2575 921 2621; x_wconf 91' lang='lat' dir='ltr'><strong>et</strong></span> <span class='ocrx_word' id='word_1_313' title='bbox 957 2567 1196 2622; x_wconf 89' lang='lat' dir='ltr'><strong>secunda</strong></span> <span class='ocrx_word' id='word_1_314' title='bbox 1254 2567 1489 2634; x_wconf 89' lang='lat' dir='ltr'><strong>Phinon,</strong></span> <span class='ocrx_word' id='word_1_315' title='bbox 1543 2569 1712 2623; x_wconf 85' lang='lat' dir='ltr'><strong>inter-</strong></span> 
     </span>
    </p>
   </div>
   <div class='ocr_carea' id='block_1_42' title="bbox 128 2655 1711 2727">
    <p class='ocr_par' dir='ltr' id='par_1_42' title="bbox 128 2655 1711 2727">
     <span class='ocr_line' id='line_1_42' title="bbox 128 2655 1711 2727; baseline 0.004 -19"><span class='ocrx_word' id='word_1_316' title='bbox 128 2663 364 2723; x_wconf 86' lang='lat' dir='ltr'><strong>pretatur</strong></span> <span class='ocrx_word' id='word_1_317' title='bbox 411 2672 490 2721; x_wconf 88' lang='lat' dir='ltr'><strong>os,</strong></span> <span class='ocrx_word' id='word_1_318' title='bbox 536 2655 664 2725; x_wconf 90' lang='lat' dir='ltr'><strong>quia</strong></span> <span class='ocrx_word' id='word_1_319' title='bbox 697 2665 1052 2727; x_wconf 87' lang='lat' dir='ltr'><strong>posteaquam</strong></span> <span class='ocrx_word' id='word_1_320' title='bbox 1098 2659 1410 2727; x_wconf 88' lang='lat' dir='ltr'><strong>passionem</strong></span> <span class='ocrx_word' id='word_1_321' title='bbox 1446 2658 1568 2714; x_wconf 90' lang='lat' dir='ltr'><strong>Filii</strong></span> <span class='ocrx_word' id='word_1_322' title='bbox 1612 2659 1711 2715; x_wconf 89' lang='lat' dir='ltr'><strong>Dei</strong></span> 
     </span>
    </p>
   </div>
   <div class='ocr_carea' id='block_1_43' title="bbox 123 2749 1712 2823">
    <p class='ocr_par' dir='ltr' id='par_1_43' title="bbox 123 2749 1712 2823">
     <span class='ocr_line' id='line_1_43' title="bbox 123 2749 1712 2823; baseline 0.004 -23"><span class='ocrx_word' id='word_1_323' title='bbox 123 2749 514 2818; x_wconf 81' lang='lat' dir='ltr'><strong>cognoscimus,</strong></span> <span class='ocrx_word' id='word_1_324' title='bbox 544 2749 690 2819; x_wconf 91' lang='lat' dir='ltr'><strong>quod</strong></span> <span class='ocrx_word' id='word_1_325' title='bbox 736 2751 1006 2805; x_wconf 87' lang='lat' dir='ltr'><strong>credimus</strong></span> <span class='ocrx_word' id='word_1_326' title='bbox 1034 2751 1232 2818; x_wconf 91' lang='lat' dir='ltr'><strong>corde,</strong></span> <span class='ocrx_word' id='word_1_327' title='bbox 1270 2768 1366 2808; x_wconf 90' lang='lat' dir='ltr'><strong>ore</strong></span> <span class='ocrx_word' id='word_1_328' title='bbox 1392 2753 1712 2823; x_wconf 90' lang='lat' dir='ltr'><strong>pronuntia-</strong></span> 
     </span>
    </p>
   </div>
   <div class='ocr_carea' id='block_1_44' title="bbox 123 2837 1714 2910">
    <p class='ocr_par' dir='ltr' id='par_1_44' title="bbox 123 2837 1714 2910">
     <span class='ocr_line' id='line_1_44' title="bbox 123 2837 1714 2910; baseline 0.004 -21"><span class='ocrx_word' id='word_1_329' title='bbox 123 2852 253 2902; x_wconf 89' lang='lat' dir='ltr'><strong>mus,</strong></span> <span class='ocrx_word' id='word_1_330' title='bbox 294 2837 547 2910; x_wconf 78' lang='lat' dir='ltr'><strong>legentes</strong></span> <span class='ocrx_word' id='word_1_331' title='bbox 597 2839 727 2894; x_wconf 89' lang='lat' dir='ltr'><strong>illud</strong></span> <span class='ocrx_word' id='word_1_332' title='bbox 782 2840 1010 2910; x_wconf 89' lang='lat' dir='ltr'><strong>apostoli</strong></span> <span class='ocrx_word' id='word_1_333' title='bbox 1039 2841 1190 2896; x_wconf 89' lang='lat' dir='ltr'><strong>Pauli</strong></span> <span class='ocrx_word' id='word_1_334' title='bbox 1225 2860 1239 2896; x_wconf 91' lang='lat'><strong>:</strong></span> <span class='ocrx_word' id='word_1_335' title='bbox 1278 2840 1448 2897; x_wconf 89' lang='lat' dir='ltr'><strong>Corde</strong></span> <span class='ocrx_word' id='word_1_336' title='bbox 1480 2843 1714 2897; x_wconf 84' lang='lat' dir='ltr'><strong>creditur</strong></span> 
     </span>
    </p>
   </div>
   <div class='ocr_carea' id='block_1_45' title="bbox 121 2927 1710 3002">
    <p class='ocr_par' dir='ltr' id='par_1_45' title="bbox 121 2927 1710 3002">
     <span class='ocr_line' id='line_1_45' title="bbox 121 2927 1710 3002; baseline 0.006 -24"><span class='ocrx_word' id='word_1_337' title='bbox 121 2927 180 2978; x_wconf 82' lang='lat' dir='ltr'><strong>ad</strong></span> <span class='ocrx_word' id='word_1_338' title='bbox 226 2928 506 2996; x_wconf 74' lang='lat' dir='ltr'><strong>justitiam</strong></span> <span class='ocrx_word' id='word_1_339' title='bbox 530 2969 548 2996; x_wconf 89' lang='lat'><strong>,</strong></span> <span class='ocrx_word' id='word_1_340' title='bbox 614 2946 704 2985; x_wconf 89' lang='lat' dir='ltr'><strong>ore</strong></span> <span class='ocrx_word' id='word_1_341' title='bbox 753 2939 929 2986; x_wconf 88' lang='lat' dir='ltr'><strong>autem</strong></span> <span class='ocrx_word' id='word_1_342' title='bbox 978 2933 1236 3002; x_wconf 82' lang='lat' dir='ltr'><strong>confessio</strong></span> <span class='ocrx_word' id='word_1_343' title='bbox 1276 2934 1337 3002; x_wconf 95' lang='lat' dir='ltr'><strong>ﬁt</strong></span> <span class='ocrx_word' id='word_1_344' title='bbox 1378 2935 1446 2987; x_wconf 84' lang='lat' dir='ltr'><strong>ad</strong></span> <span class='ocrx_word' id='word_1_345' title='bbox 1485 2932 1710 2988; x_wconf 83' lang='lat' dir='ltr'><strong>salutem</strong></span> 
     </span>
    </p>
   </div>
   <div class='ocr_carea' id='block_1_46' title="bbox 121 3017 399 3092">
    <p class='ocr_par' dir='ltr' id='par_1_46' title="bbox 121 3017 399 3092">
     <span class='ocr_line' id='line_1_46' title="bbox 121 3017 399 3092; baseline 0.022 -23"><span class='ocrx_word' id='word_1_346' title='bbox 121 3017 286 3086; x_wconf 80' lang='lat' dir='ltr'><strong>(Rom.</strong></span> <span class='ocrx_word' id='word_1_347' title='bbox 318 3020 399 3092; x_wconf 73' lang='grc' dir='ltr'><strong>Χ).</strong></span> 
     </span>
    </p>
   </div>
   <div class='ocr_carea' id='block_1_47' title="bbox 178 3107 1706 3183">
    <p class='ocr_par' dir='ltr' id='par_1_47' title="bbox 178 3107 1706 3183">
     <span class='ocr_line' id='line_1_47' title="bbox 178 3107 1706 3183; baseline 0.007 -23"><span class='ocrx_word' id='word_1_348' title='bbox 178 3107 526 3183; x_wconf 81' lang='lat' dir='ltr'><strong>Profectique</strong></span> <span class='ocrx_word' id='word_1_349' title='bbox 545 3111 645 3180; x_wconf 89' lang='lat' dir='ltr'><strong>ﬁlii</strong></span> <span class='ocrx_word' id='word_1_350' title='bbox 673 3111 866 3180; x_wconf 81' lang='lat' dir='ltr'><strong>Israel,</strong></span> <span class='ocrx_word' id='word_1_351' title='bbox 893 3123 1066 3169; x_wconf 87' lang='lat' dir='ltr'><strong>castra</strong></span> <span class='ocrx_word' id='word_1_352' title='bbox 1087 3124 1266 3168; x_wconf 83' lang='lat' dir='ltr'><strong>metati</strong></span> <span class='ocrx_word' id='word_1_353' title='bbox 1287 3125 1409 3170; x_wconf 86' lang='lat' dir='ltr'><strong>sunt</strong></span> <span class='ocrx_word' id='word_1_354' title='bbox 1435 3118 1490 3170; x_wconf 91' lang='lat' dir='ltr'><strong>in</strong></span> <span class='ocrx_word' id='word_1_355' title='bbox 1515 3115 1706 3172; x_wconf 82' lang='lat' dir='ltr'><strong>Oboth.</strong></span> 
     </span>
    </p>
   </div>
   <div class='ocr_carea' id='block_1_48' title="bbox 1818 1932 3407 2006">
    <p class='ocr_par' dir='ltr' id='par_1_48' title="bbox 1818 1932 3407 2006">
     <span class='ocr_line' id='line_1_48' title="bbox 1818 1932 3407 2006; baseline 0.008 -22"><span class='ocrx_word' id='word_1_356' title='bbox 1818 1932 1930 1986; x_wconf 77' lang='lat' dir='ltr'><strong>lucc</strong></span> <span class='ocrx_word' id='word_1_357' title='bbox 1977 1945 2224 1988; x_wconf 82' lang='lat' dir='ltr'><strong>venerunt</strong></span> <span class='ocrx_word' id='word_1_358' title='bbox 2279 1936 2348 1989; x_wconf 87' lang='lat' dir='ltr'><strong>ad</strong></span> <span class='ocrx_word' id='word_1_359' title='bbox 2399 1945 2630 2006; x_wconf 83' lang='lat' dir='ltr'><strong>puteum,</strong></span> <span class='ocrx_word' id='word_1_360' title='bbox 2666 1939 2755 1993; x_wconf 83' lang='lat' dir='ltr'><strong>ubi</strong></span> <span class='ocrx_word' id='word_1_361' title='bbox 2792 1941 2974 1995; x_wconf 87' lang='lat' dir='ltr'><strong>cecinit</strong></span> <span class='ocrx_word' id='word_1_362' title='bbox 3003 1937 3173 1994; x_wconf 83' lang='lat' dir='ltr'><strong>Israel</strong></span> <span class='ocrx_word' id='word_1_363' title='bbox 3195 1956 3407 1996; x_wconf 87' lang='lat' dir='ltr'><strong>carmen</strong></span> 
     </span>
    </p>
   </div>
   <div class='ocr_carea' id='block_1_49' title="bbox 1817 2024 3405 2104">
    <p class='ocr_par' dir='ltr' id='par_1_49' title="bbox 1817 2024 3405 2104">
     <span class='ocr_line' id='line_1_49' title="bbox 1817 2024 3405 2104; baseline 0.006 -27"><span class='ocrx_word' id='word_1_364' title='bbox 1817 2024 1914 2078; x_wconf 82' lang='lat' dir='ltr'><strong>hoc</strong></span> <span class='ocrx_word' id='word_1_365' title='bbox 1960 2025 2236 2080; x_wconf 81' lang='lat' dir='ltr'><strong>:Ascendc</strong></span> <span class='ocrx_word' id='word_1_366' title='bbox 2285 2037 2493 2098; x_wconf 86' lang='lat' dir='ltr'><strong>puteus,</strong></span> <span class='ocrx_word' id='word_1_367' title='bbox 2540 2048 2691 2101; x_wconf 84' lang='lat' dir='ltr'><strong>quem</strong></span> <span class='ocrx_word' id='word_1_368' title='bbox 2743 2031 2989 2102; x_wconf 87' lang='lat' dir='ltr'><strong>foderunt</strong></span> <span class='ocrx_word' id='word_1_369' title='bbox 3033 2034 3316 2104; x_wconf 83' lang='lat' dir='ltr'><strong>principes,</strong></span> <span class='ocrx_word' id='word_1_370' title='bbox 3357 2043 3405 2087; x_wconf 87' lang='lat' dir='ltr'><strong>et</strong></span> 
     </span>
    </p>
   </div>
   <div class='ocr_carea' id='block_1_50' title="bbox 1816 2117 3406 2192">
    <p class='ocr_par' dir='ltr' id='par_1_50' title="bbox 1816 2117 3406 2192">
     <span class='ocr_line' id='line_1_50' title="bbox 1816 2117 3406 2192; baseline 0.005 -24"><span class='ocrx_word' id='word_1_371' title='bbox 1816 2125 2138 2186; x_wconf 83' lang='lat' dir='ltr'><strong>aperuerunt</strong></span> <span class='ocrx_word' id='word_1_372' title='bbox 2167 2117 2325 2172; x_wconf 86' lang='lat' dir='ltr'><strong>duces</strong></span> <span class='ocrx_word' id='word_1_373' title='bbox 2372 2120 2683 2190; x_wconf 86' lang='lat' dir='ltr'><strong>populorum</strong></span> <span class='ocrx_word' id='word_1_374' title='bbox 2725 2121 2796 2176; x_wconf 56' lang='lat' dir='ltr'><strong>in&#39;</strong></span> <span class='ocrx_word' id='word_1_375' title='bbox 2820 2121 3002 2176; x_wconf 84' lang='lat' dir='ltr'><strong>datare</strong></span> <span class='ocrx_word' id='word_1_376' title='bbox 3033 2122 3225 2192; x_wconf 84' lang='lat' dir='ltr'><strong>legum,</strong></span> <span class='ocrx_word' id='word_1_377' title='bbox 3257 2132 3306 2176; x_wconf 90' lang='lat' dir='ltr'><strong>et</strong></span> <span class='ocrx_word' id='word_1_378' title='bbox 3349 2122 3406 2176; x_wconf 90' lang='lat' dir='ltr'><strong>in</strong></span> 
     </span>
    </p>
   </div>
   <div class='ocr_carea' id='block_1_51' title="bbox 1817 2204 3406 2282">
    <p class='ocr_par' dir='ltr' id='par_1_51' title="bbox 1817 2204 3406 2282">
     <span class='ocr_line' id='line_1_51' title="bbox 1817 2204 3406 2282; baseline 0.004 -24"><span class='ocrx_word' id='word_1_379' title='bbox 1817 2204 2002 2260; x_wconf 87' lang='lat' dir='ltr'><strong>baculo</strong></span> <span class='ocrx_word' id='word_1_380' title='bbox 2026 2207 2162 2276; x_wconf 85' lang='lat' dir='ltr'><strong>ejus.</strong></span> <span class='ocrx_word' id='word_1_381' title='bbox 2227 2207 2297 2262; x_wconf 88' lang='lat' dir='ltr'><strong>Et</strong></span> <span class='ocrx_word' id='word_1_382' title='bbox 2322 2209 2386 2263; x_wconf 90' lang='lat' dir='ltr'><strong>de</strong></span> <span class='ocrx_word' id='word_1_383' title='bbox 2399 2210 2680 2265; x_wconf 80' lang='lat' dir='ltr'><strong>solitudine</strong></span> <span class='ocrx_word' id='word_1_384' title='bbox 2704 2212 2836 2282; x_wconf 86' lang='lat' dir='ltr'><strong>ejus,</strong></span> <span class='ocrx_word' id='word_1_385' title='bbox 2863 2213 2919 2265; x_wconf 89' lang='lat' dir='ltr'><strong>in</strong></span> <span class='ocrx_word' id='word_1_386' title='bbox 2943 2211 3198 2265; x_wconf 77' lang='lat' dir='ltr'><strong>Mathana</strong></span> <span class='ocrx_word' id='word_1_387' title='bbox 3225 2229 3244 2276; x_wconf 89' lang='lat'><strong><em>;</em></strong></span> <span class='ocrx_word' id='word_1_388' title='bbox 3273 2220 3319 2265; x_wconf 89' lang='lat' dir='ltr'><strong>et</strong></span> <span class='ocrx_word' id='word_1_389' title='bbox 3342 2210 3406 2265; x_wconf 84' lang='lat' dir='ltr'><strong>de</strong></span> 
     </span>
    </p>
   </div>
   <div class='ocr_carea' id='block_1_52' title="bbox 1815 2297 3403 2359">
    <p class='ocr_par' dir='ltr' id='par_1_52' title="bbox 1815 2297 3403 2359">
     <span class='ocr_line' id='line_1_52' title="bbox 1815 2297 3403 2359; baseline 0.004 -7"><span class='ocrx_word' id='word_1_390' title='bbox 1815 2297 2074 2353; x_wconf 79' lang='lat' dir='ltr'><strong>Mathana</strong></span> <span class='ocrx_word' id='word_1_391' title='bbox 2101 2301 2171 2354; x_wconf 90' lang='lat' dir='ltr'><strong>ad</strong></span> <span class='ocrx_word' id='word_1_392' title='bbox 2198 2309 2480 2356; x_wconf 83' lang='lat' dir='ltr'><strong>torrentem</strong></span> <span class='ocrx_word' id='word_1_393' title='bbox 2515 2303 2631 2357; x_wconf 86' lang='lat' dir='ltr'><strong>Dei.</strong></span> <span class='ocrx_word' id='word_1_394' title='bbox 2685 2305 2756 2358; x_wconf 88' lang='lat' dir='ltr'><strong>Et</strong></span> <span class='ocrx_word' id='word_1_395' title='bbox 2777 2305 2840 2358; x_wconf 90' lang='lat' dir='ltr'><strong>de</strong></span> <span class='ocrx_word' id='word_1_396' title='bbox 2869 2304 3185 2359; x_wconf 84' lang='lat' dir='ltr'><strong>torrentibus</strong></span> <span class='ocrx_word' id='word_1_397' title='bbox 3213 2305 3282 2358; x_wconf 83' lang='lat' dir='ltr'><strong>ad</strong></span> <span class='ocrx_word' id='word_1_398' title='bbox 3310 2321 3403 2358; x_wconf 76' lang='lat' dir='ltr'><strong>ex-</strong></span> 
     </span>
    </p>
   </div>
   <div class='ocr_carea' id='block_1_53' title="bbox 1815 2389 3404 2467">
    <p class='ocr_par' dir='ltr' id='par_1_53' title="bbox 1815 2389 3404 2467">
     <span class='ocr_line' id='line_1_53' title="bbox 1815 2389 3404 2467; baseline 0.004 -25"><span class='ocrx_word' id='word_1_399' title='bbox 1815 2389 1974 2456; x_wconf 87' lang='lat' dir='ltr'><strong>celsa,</strong></span> <span class='ocrx_word' id='word_1_400' title='bbox 2004 2399 2052 2444; x_wconf 87' lang='lat' dir='ltr'><strong>et</strong></span> <span class='ocrx_word' id='word_1_401' title='bbox 2097 2391 2162 2445; x_wconf 89' lang='lat' dir='ltr'><strong>de</strong></span> <span class='ocrx_word' id='word_1_402' title='bbox 2215 2392 2432 2447; x_wconf 74' lang='lat' dir='ltr'><strong>excelsis</strong></span> <span class='ocrx_word' id='word_1_403' title='bbox 2486 2394 2556 2449; x_wconf 86' lang='lat' dir='ltr'><strong>ad</strong></span> <span class='ocrx_word' id='word_1_404' title='bbox 2585 2395 2791 2463; x_wconf 83' lang='lat' dir='ltr'><strong>vallem,</strong></span> <span class='ocrx_word' id='word_1_405' title='bbox 2849 2414 2966 2467; x_wconf 63' lang='lat' dir='ltr'><strong>quae</strong></span> <span class='ocrx_word' id='word_1_406' title='bbox 2994 2405 3071 2450; x_wconf 85' lang='lat' dir='ltr'><strong>est</strong></span> <span class='ocrx_word' id='word_1_407' title='bbox 3114 2397 3170 2449; x_wconf 88' lang='lat' dir='ltr'><strong>in</strong></span> <span class='ocrx_word' id='word_1_408' title='bbox 3196 2396 3404 2466; x_wconf 87' lang='lat' dir='ltr'><strong>regione</strong></span> 
     </span>
    </p>
   </div>
   <div class='ocr_carea' id='block_1_54' title="bbox 1815 2476 3401 2556">
    <p class='ocr_par' dir='ltr' id='par_1_54' title="bbox 1815 2476 3401 2556">
     <span class='ocr_line' id='line_1_54' title="bbox 1815 2476 3401 2556; baseline 0.004 -25"><span class='ocrx_word' id='word_1_409' title='bbox 1815 2476 1996 2544; x_wconf 79' lang='lat' dir='ltr'><strong>Moab,</strong></span> <span class='ocrx_word' id='word_1_410' title='bbox 2048 2479 2104 2534; x_wconf 89' lang='lat' dir='ltr'><strong>in</strong></span> <span class='ocrx_word' id='word_1_411' title='bbox 2127 2481 2314 2535; x_wconf 86' lang='lat' dir='ltr'><strong>vertice</strong></span> <span class='ocrx_word' id='word_1_412' title='bbox 2339 2479 2577 2554; x_wconf 78' lang='lat' dir='ltr'><strong>Pliasga,</strong></span> <span class='ocrx_word' id='word_1_413' title='bbox 2604 2485 2695 2552; x_wconf 87' lang='lat' dir='ltr'><strong>qui</strong></span> <span class='ocrx_word' id='word_1_414' title='bbox 2745 2486 2991 2556; x_wconf 85' lang='lat' dir='ltr'><strong>prospicit</strong></span> <span class='ocrx_word' id='word_1_415' title='bbox 3019 2496 3202 2540; x_wconf 88' lang='lat' dir='ltr'><strong>contra</strong></span> <span class='ocrx_word' id='word_1_416' title='bbox 3228 2486 3401 2539; x_wconf 86' lang='lat' dir='ltr'><strong>deser-</strong></span> 
     </span>
    </p>
   </div>
   <div class='ocr_carea' id='block_1_55' title="bbox 1813 2569 3402 2646">
    <p class='ocr_par' dir='ltr' id='par_1_55' title="bbox 1813 2569 3402 2646">
     <span class='ocr_line' id='line_1_55' title="bbox 1813 2569 3402 2646; baseline 0.006 -24"><span class='ocrx_word' id='word_1_417' title='bbox 1813 2579 1944 2624; x_wconf 88' lang='lat' dir='ltr'><strong>tum.</strong></span> <span class='ocrx_word' id='word_1_418' title='bbox 1973 2569 2101 2627; x_wconf 75' lang='lat' dir='ltr'><strong>lltec</strong></span> <span class='ocrx_word' id='word_1_419' title='bbox 2123 2572 2244 2628; x_wconf 90' lang='lat' dir='ltr'><strong>loca</strong></span> <span class='ocrx_word' id='word_1_420' title='bbox 2274 2575 2328 2628; x_wconf 91' lang='lat' dir='ltr'><strong>in</strong></span> <span class='ocrx_word' id='word_1_421' title='bbox 2360 2575 2558 2630; x_wconf 91' lang='lat' dir='ltr'><strong>ﬁnibus</strong></span> <span class='ocrx_word' id='word_1_422' title='bbox 2593 2576 3035 2632; x_wconf 68' lang='lat' dir='ltr'><strong>Amorrhzeorum</strong></span> <span class='ocrx_word' id='word_1_423' title='bbox 3067 2577 3285 2646; x_wconf 89' lang='lat' dir='ltr'><strong>quidam</strong></span> <span class='ocrx_word' id='word_1_424' title='bbox 3321 2577 3402 2631; x_wconf 84' lang='lat' dir='ltr'><strong>in-</strong></span> 
     </span>
    </p>
   </div>
   <div class='ocr_carea' id='block_1_56' title="bbox 1816 2670 3400 2738">
    <p class='ocr_par' dir='ltr' id='par_1_56' title="bbox 1816 2670 3400 2738">
     <span class='ocr_line' id='line_1_56' title="bbox 1816 2670 3400 2738; baseline 0.005 -21"><span class='ocrx_word' id='word_1_425' title='bbox 1816 2673 2194 2735; x_wconf 87' lang='lat' dir='ltr'><strong>terpretantes,</strong></span> <span class='ocrx_word' id='word_1_426' title='bbox 2225 2676 2416 2738; x_wconf 90' lang='lat' dir='ltr'><strong>putant</strong></span> <span class='ocrx_word' id='word_1_427' title='bbox 2441 2684 2547 2723; x_wconf 94' lang='lat' dir='ltr'><strong>non</strong></span> <span class='ocrx_word' id='word_1_428' title='bbox 2578 2671 2887 2725; x_wconf 82' lang='lat' dir='ltr'><strong>mansiones</strong></span> <span class='ocrx_word' id='word_1_429' title='bbox 2927 2686 3068 2736; x_wconf 91' lang='lat' dir='ltr'><strong>esse,</strong></span> <span class='ocrx_word' id='word_1_430' title='bbox 3096 2670 3191 2724; x_wconf 87' lang='lat' dir='ltr'><strong>sed</strong></span> <span class='ocrx_word' id='word_1_431' title='bbox 3223 2680 3400 2725; x_wconf 83' lang='lat' dir='ltr'><strong>trans-</strong></span> 
     </span>
    </p>
   </div>
   <div class='ocr_carea' id='block_1_57' title="bbox 1815 2756 3402 2834">
    <p class='ocr_par' dir='ltr' id='par_1_57' title="bbox 1815 2756 3402 2834">
     <span class='ocr_line' id='line_1_57' title="bbox 1815 2756 3402 2834; baseline 0.004 -24"><span class='ocrx_word' id='word_1_432' title='bbox 1815 2756 1939 2821; x_wconf 91' lang='lat' dir='ltr'><strong>itus,</strong></span> <span class='ocrx_word' id='word_1_433' title='bbox 1992 2774 2092 2814; x_wconf 89' lang='lat' dir='ltr'><strong>nec</strong></span> <span class='ocrx_word' id='word_1_434' title='bbox 2119 2760 2478 2830; x_wconf 74' lang='lat' dir='ltr'><strong>praeiudicare</strong></span> <span class='ocrx_word' id='word_1_435' title='bbox 2521 2762 2718 2816; x_wconf 90' lang='lat' dir='ltr'><strong>debere</strong></span> <span class='ocrx_word' id='word_1_436' title='bbox 2766 2762 3009 2834; x_wconf 85' lang='lat' dir='ltr'><strong>catalogo</strong></span> <span class='ocrx_word' id='word_1_437' title='bbox 3058 2762 3402 2817; x_wconf 85' lang='lat' dir='ltr'><strong>mansionum</strong></span> 
     </span>
    </p>
   </div>
   <div class='ocr_carea' id='block_1_58' title="bbox 1815 2850 3404 2925">
    <p class='ocr_par' dir='ltr' id='par_1_58' title="bbox 1815 2850 3404 2925">
     <span class='ocr_line' id='line_1_58' title="bbox 1815 2850 3404 2925; baseline 0.004 -24"><span class='ocrx_word' id='word_1_438' title='bbox 1815 2858 1973 2903; x_wconf 85' lang='lat' dir='ltr'><strong>extra</strong></span> <span class='ocrx_word' id='word_1_439' title='bbox 2013 2850 2349 2905; x_wconf 75' lang='lat' dir='ltr'><strong>ordinarium</strong></span> <span class='ocrx_word' id='word_1_440' title='bbox 2383 2853 2795 2922; x_wconf 86' lang='lat' dir='ltr'><strong>expositionem.</strong></span> <span class='ocrx_word' id='word_1_441' title='bbox 2853 2854 2958 2909; x_wconf 82' lang='lat' dir='ltr'><strong>Alii</strong></span> <span class='ocrx_word' id='word_1_442' title='bbox 3007 2861 3186 2908; x_wconf 86' lang='lat' dir='ltr'><strong>autem</strong></span> <span class='ocrx_word' id='word_1_443' title='bbox 3242 2854 3404 2925; x_wconf 85' lang='lat' dir='ltr'><strong>spiri—</strong></span> 
     </span>
    </p>
   </div>
   <div class='ocr_carea' id='block_1_59' title="bbox 1814 2937 3402 3017">
    <p class='ocr_par' dir='ltr' id='par_1_59' title="bbox 1814 2937 3402 3017">
     <span class='ocr_line' id='line_1_59' title="bbox 1814 2937 3402 3017; baseline 0.006 -26"><span class='ocrx_word' id='word_1_444' title='bbox 1814 2937 2013 2994; x_wconf 87' lang='lat' dir='ltr'><strong>talibus</strong></span> <span class='ocrx_word' id='word_1_445' title='bbox 2043 2941 2302 3012; x_wconf 87' lang='lat' dir='ltr'><strong>spiritalia</strong></span> <span class='ocrx_word' id='word_1_446' title='bbox 2327 2953 2728 3013; x_wconf 91' lang='lat' dir='ltr'><strong>comparantes,</strong></span> <span class='ocrx_word' id='word_1_447' title='bbox 2745 2945 2932 2999; x_wconf 90' lang='lat' dir='ltr'><strong>nolunt</strong></span> <span class='ocrx_word' id='word_1_448' title='bbox 2965 2945 3214 3016; x_wconf 85' lang='lat' dir='ltr'><strong>regiones</strong></span> <span class='ocrx_word' id='word_1_449' title='bbox 3235 2946 3402 3017; x_wconf 84' lang='lat' dir='ltr'><strong>signi-</strong></span> 
     </span>
    </p>
   </div>
   <div class='ocr_carea' id='block_1_60' title="bbox 1816 3030 3402 3107">
    <p class='ocr_par' dir='ltr' id='par_1_60' title="bbox 1816 3030 3402 3107">
     <span class='ocr_line' id='line_1_60' title="bbox 1816 3030 3402 3107; baseline 0.004 -22"><span class='ocrx_word' id='word_1_450' title='bbox 1816 3030 1990 3097; x_wconf 87' lang='lat' dir='ltr'><strong>ﬁcari,</strong></span> <span class='ocrx_word' id='word_1_451' title='bbox 2038 3032 2129 3087; x_wconf 89' lang='lat' dir='ltr'><strong>sed</strong></span> <span class='ocrx_word' id='word_1_452' title='bbox 2156 3049 2256 3104; x_wconf 84' lang='lat' dir='ltr'><strong>per</strong></span> <span class='ocrx_word' id='word_1_453' title='bbox 2280 3033 2522 3088; x_wconf 87' lang='lat' dir='ltr'><strong>locorum</strong></span> <span class='ocrx_word' id='word_1_454' title='bbox 2545 3036 2785 3102; x_wconf 89' lang='lat' dir='ltr'><strong>nomina,</strong></span> <span class='ocrx_word' id='word_1_455' title='bbox 2832 3036 3093 3092; x_wconf 89' lang='lat' dir='ltr'><strong>virtutum</strong></span> <span class='ocrx_word' id='word_1_456' title='bbox 3126 3037 3402 3107; x_wconf 87' lang='lat' dir='ltr'><strong>profectus</strong></span> 
     </span>
    </p>
   </div>
   <div class='ocr_carea' id='block_1_61' title="bbox 1813 3128 3398 3201">
    <p class='ocr_par' dir='ltr' id='par_1_61' title="bbox 1813 3128 3398 3201">
     <span class='ocr_line' id='line_1_61' title="bbox 1813 3128 3398 3201; baseline 0.004 -22"><span class='ocrx_word' id='word_1_457' title='bbox 1813 3139 1936 3179; x_wconf 88' lang='lat' dir='ltr'><strong>esse</strong></span> <span class='ocrx_word' id='word_1_458' title='bbox 1969 3141 1981 3178; x_wconf 90' lang='lat'>:</span> <span class='ocrx_word' id='word_1_459' title='bbox 2015 3128 2156 3195; x_wconf 86' lang='lat' dir='ltr'><strong>quod</strong></span> <span class='ocrx_word' id='word_1_460' title='bbox 2185 3135 2305 3197; x_wconf 87' lang='lat' dir='ltr'><strong>post</strong></span> <span class='ocrx_word' id='word_1_461' title='bbox 2328 3143 2515 3198; x_wconf 87' lang='lat' dir='ltr'><strong>magos</strong></span> <span class='ocrx_word' id='word_1_462' title='bbox 2547 3137 2602 3184; x_wconf 91' lang='lat' dir='ltr'><strong>et</strong></span> <span class='ocrx_word' id='word_1_463' title='bbox 2637 3130 3110 3200; x_wconf 77' lang='lat' dir='ltr'><strong>congregationem</strong></span> <span class='ocrx_word' id='word_1_464' title='bbox 3136 3130 3398 3201; x_wconf 89' lang='lat' dir='ltr'><strong>lapidum,</strong></span> 
     </span>
    </p>
   </div>
   <div class='ocr_carea' id='block_1_62' title="bbox 117 3192 3399 3293">
    <p class='ocr_par' dir='ltr' id='par_1_62' title="bbox 117 3192 3399 3293">
     <span class='ocr_line' id='line_1_62' title="bbox 117 3192 3399 3293; baseline 0.007 -39"><span class='ocrx_word' id='word_1_465' title='bbox 117 3199 406 3272; x_wconf 88' lang='lat' dir='ltr'><strong>Trigesima</strong></span> <span class='ocrx_word' id='word_1_466' title='bbox 428 3204 670 3273; x_wconf 89' lang='lat' dir='ltr'><strong>septima</strong></span> <span class='ocrx_word' id='word_1_467' title='bbox 685 3207 896 3262; x_wconf 89' lang='lat' dir='ltr'><strong>mansio</strong></span> <span class='ocrx_word' id='word_1_468' title='bbox 919 3215 1002 3262; x_wconf 91' lang='lat' dir='ltr'><strong>est</strong></span> <span class='ocrx_word' id='word_1_469' title='bbox 1023 3207 1078 3261; x_wconf 91' lang='lat' dir='ltr'><strong>in</strong></span> <span class='ocrx_word' id='word_1_470' title='bbox 1100 3206 1275 3263; x_wconf 91' lang='lat' dir='ltr'><strong>Oboth</strong></span> <span class='ocrx_word' id='word_1_471' title='bbox 1302 3226 1312 3261; x_wconf 94' lang='lat'>:</span> <span class='ocrx_word' id='word_1_472' title='bbox 1335 3225 1454 3278; x_wconf 77' lang='lat' dir='ltr'><strong>quae</strong></span> <span class='ocrx_word' id='word_1_473' title='bbox 1477 3210 1708 3266; x_wconf 86' lang='lat' dir='ltr'><strong>vertitur</strong></span> <span class='ocrx_word' id='word_1_474' title='bbox 1734 3192 1780 3254; x_wconf 63' lang='grc' dir='ltr'><strong>(ἶ</strong></span> <span class='ocrx_word' id='word_1_475' title='bbox 1812 3192 2130 3287; x_wconf 44' lang='lat' dir='ltr'><strong>frequen—ter</strong></span> <span class='ocrx_word' id='word_1_476' title='bbox 2155 3192 2449 3275; x_wconf 71' lang='lat' dir='ltr'><strong>veniamus</strong></span> <span class='ocrx_word' id='word_1_477' title='bbox 2463 3223 2529 3276; x_wconf 91' lang='lat' dir='ltr'><strong>ad</strong></span> <span class='ocrx_word' id='word_1_478' title='bbox 2560 3192 2864 3277; x_wconf 69' lang='lat' dir='ltr'><strong>torrentem</strong></span> <span class='ocrx_word' id='word_1_479' title='bbox 2889 3223 3083 3288; x_wconf 89' lang='lat' dir='ltr'><strong>Zared,</strong></span> <span class='ocrx_word' id='word_1_480' title='bbox 3136 3192 3280 3293; x_wconf 77' lang='lat' dir='ltr'><strong>quod</strong></span> <span class='ocrx_word' id='word_1_481' title='bbox 3313 3192 3399 3277; x_wconf 52' lang='lat' dir='ltr'><strong>in;</strong></span> 
     </span>
    </p>
   </div>
   <div class='ocr_carea' id='block_1_63' title="bbox 114 3291 1707 3372">
    <p class='ocr_par' dir='ltr' id='par_1_63' title="bbox 114 3291 1707 3372">
     <span class='ocr_line' id='line_1_63' title="bbox 114 3291 1707 3372; baseline 0.008 -27"><span class='ocrx_word' id='word_1_482' title='bbox 114 3291 161 3346; x_wconf 89' lang='lat' dir='ltr'><strong>in</strong></span> <span class='ocrx_word' id='word_1_483' title='bbox 188 3309 375 3365; x_wconf 85' lang='lat' dir='ltr'><strong>magos</strong></span> <span class='ocrx_word' id='word_1_484' title='bbox 416 3295 542 3350; x_wconf 83' lang='lat' dir='ltr'><strong>sive</strong></span> <span class='ocrx_word' id='word_1_485' title='bbox 596 3295 892 3367; x_wconf 78' lang='lat' dir='ltr'><strong>Pythonas.</strong></span> <span class='ocrx_word' id='word_1_486' title='bbox 925 3298 1082 3354; x_wconf 91' lang='lat' dir='ltr'><strong>Unde</strong></span> <span class='ocrx_word' id='word_1_487' title='bbox 1109 3299 1534 3367; x_wconf 89' lang='lat' dir='ltr'><strong>demonstratur,</strong></span> <span class='ocrx_word' id='word_1_488' title='bbox 1579 3303 1707 3372; x_wconf 90' lang='lat' dir='ltr'><strong>quia</strong></span> 
     </span>
    </p>
   </div>
   <div class='ocr_carea' id='block_1_64' title="bbox 113 3383 1709 3458">
    <p class='ocr_par' dir='ltr' id='par_1_64' title="bbox 113 3383 1709 3458">
     <span class='ocr_line' id='line_1_64' title="bbox 113 3383 1709 3458; baseline 0.01 -23"><span class='ocrx_word' id='word_1_489' title='bbox 113 3392 222 3450; x_wconf 82' lang='lat' dir='ltr'><strong>post</strong></span> <span class='ocrx_word' id='word_1_490' title='bbox 249 3383 552 3456; x_wconf 88' lang='lat' dir='ltr'><strong>imaginem</strong></span> <span class='ocrx_word' id='word_1_491' title='bbox 593 3385 712 3452; x_wconf 90' lang='lat' dir='ltr'><strong>Dei,</strong></span> <span class='ocrx_word' id='word_1_492' title='bbox 743 3404 864 3458; x_wconf 70' lang='lat' dir='ltr'><strong>quze</strong></span> <span class='ocrx_word' id='word_1_493' title='bbox 893 3389 948 3444; x_wconf 91' lang='lat' dir='ltr'><strong>in</strong></span> <span class='ocrx_word' id='word_1_494' title='bbox 977 3391 1160 3446; x_wconf 92' lang='lat' dir='ltr'><strong>cordis</strong></span> <span class='ocrx_word' id='word_1_495' title='bbox 1189 3393 1401 3448; x_wconf 88' lang='lat' dir='ltr'><strong>ratione</strong></span> <span class='ocrx_word' id='word_1_496' title='bbox 1433 3405 1709 3450; x_wconf 89' lang='lat' dir='ltr'><strong>monstra-</strong></span> 
     </span>
    </p>
   </div>
   <div class='ocr_carea' id='block_1_65' title="bbox 116 3474 1706 3551">
    <p class='ocr_par' dir='ltr' id='par_1_65' title="bbox 116 3474 1706 3551">
     <span class='ocr_line' id='line_1_65' title="bbox 116 3474 1706 3551; baseline 0.01 -28"><span class='ocrx_word' id='word_1_497' title='bbox 116 3479 208 3536; x_wconf 89' lang='lat' dir='ltr'><strong>tur,</strong></span> <span class='ocrx_word' id='word_1_498' title='bbox 238 3483 292 3528; x_wconf 92' lang='lat' dir='ltr'><strong>et</strong></span> <span class='ocrx_word' id='word_1_499' title='bbox 321 3474 735 3532; x_wconf 83' lang='lat' dir='ltr'><strong>confessionem</strong></span> <span class='ocrx_word' id='word_1_500' title='bbox 773 3478 918 3542; x_wconf 91' lang='lat' dir='ltr'><strong>ﬁdei,</strong></span> <span class='ocrx_word' id='word_1_501' title='bbox 953 3495 1072 3549; x_wconf 82' lang='lat' dir='ltr'><strong>quae</strong></span> <span class='ocrx_word' id='word_1_502' title='bbox 1096 3497 1192 3535; x_wconf 90' lang='lat' dir='ltr'><strong>ore</strong></span> <span class='ocrx_word' id='word_1_503' title='bbox 1239 3481 1538 3551; x_wconf 85' lang='lat' dir='ltr'><strong>profertur,</strong></span> <span class='ocrx_word' id='word_1_504' title='bbox 1570 3499 1706 3539; x_wconf 85' lang='lat' dir='ltr'><strong>con-</strong></span> 
     </span>
    </p>
   </div>
   <div class='ocr_carea' id='block_1_66' title="bbox 114 3571 1710 3638">
    <p class='ocr_par' dir='ltr' id='par_1_66' title="bbox 114 3571 1710 3638">
     <span class='ocr_line' id='line_1_66' title="bbox 114 3571 1710 3638; baseline 0.01 -24"><span class='ocrx_word' id='word_1_505' title='bbox 114 3574 334 3633; x_wconf 86' lang='lat' dir='ltr'><strong>surgunt</strong></span> <span class='ocrx_word' id='word_1_506' title='bbox 363 3575 682 3638; x_wconf 88' lang='lat' dir='ltr'><strong>serpentes,</strong></span> <span class='ocrx_word' id='word_1_507' title='bbox 705 3577 760 3622; x_wconf 91' lang='lat' dir='ltr'><strong>et</strong></span> <span class='ocrx_word' id='word_1_508' title='bbox 796 3578 944 3625; x_wconf 88' lang='lat' dir='ltr'><strong>artes</strong></span> <span class='ocrx_word' id='word_1_509' title='bbox 991 3571 1251 3626; x_wconf 81' lang='lat' dir='ltr'><strong>maleﬁcae</strong></span> <span class='ocrx_word' id='word_1_510' title='bbox 1301 3575 1371 3628; x_wconf 90' lang='lat' dir='ltr'><strong>ad</strong></span> <span class='ocrx_word' id='word_1_511' title='bbox 1418 3574 1559 3628; x_wconf 84' lang='lat' dir='ltr'><strong>bella</strong></span> <span class='ocrx_word' id='word_1_512' title='bbox 1609 3590 1710 3631; x_wconf 89' lang='lat' dir='ltr'><strong>nos</strong></span> 
     </span>
    </p>
   </div>
   <div class='ocr_carea' id='block_1_67' title="bbox 111 3656 1714 3723">
    <p class='ocr_par' dir='ltr' id='par_1_67' title="bbox 111 3656 1714 3723">
     <span class='ocr_line' id='line_1_67' title="bbox 111 3656 1714 3723; baseline 0.008 -17"><span class='ocrx_word' id='word_1_513' title='bbox 111 3667 424 3723; x_wconf 86' lang='lat' dir='ltr'><strong>provocant.</strong></span> <span class='ocrx_word' id='word_1_514' title='bbox 495 3656 604 3713; x_wconf 88' lang='lat' dir='ltr'><strong>Sed</strong></span> <span class='ocrx_word' id='word_1_515' title='bbox 666 3675 768 3715; x_wconf 92' lang='lat' dir='ltr'><strong>nos</strong></span> <span class='ocrx_word' id='word_1_516' title='bbox 841 3660 1085 3715; x_wconf 87' lang='lat' dir='ltr'><strong>custodia</strong></span> <span class='ocrx_word' id='word_1_517' title='bbox 1150 3661 1560 3718; x_wconf 88' lang='lat' dir='ltr'><strong>circumdantes</strong></span> <span class='ocrx_word' id='word_1_518' title='bbox 1617 3679 1714 3719; x_wconf 87' lang='lat' dir='ltr'><strong>cor</strong></span> 
     </span>
    </p>
   </div>
   <div class='ocr_carea' id='block_1_68' title="bbox 111 3747 1714 3820">
    <p class='ocr_par' dir='ltr' id='par_1_68' title="bbox 111 3747 1714 3820">
     <span class='ocr_line' id='line_1_68' title="bbox 111 3747 1714 3820; baseline 0.008 -21"><span class='ocrx_word' id='word_1_519' title='bbox 111 3754 374 3814; x_wconf 87' lang='lat' dir='ltr'><strong>nostrum,</strong></span> <span class='ocrx_word' id='word_1_520' title='bbox 440 3747 779 3806; x_wconf 87' lang='lat' dir='ltr'><strong>obduramus</strong></span> <span class='ocrx_word' id='word_1_521' title='bbox 812 3766 976 3807; x_wconf 90' lang='lat' dir='ltr'><strong>aures</strong></span> <span class='ocrx_word' id='word_1_522' title='bbox 1026 3761 1272 3820; x_wconf 89' lang='lat' dir='ltr'><strong>nostras,</strong></span> <span class='ocrx_word' id='word_1_523' title='bbox 1307 3770 1379 3809; x_wconf 89' lang='lat' dir='ltr'><strong>ne</strong></span> <span class='ocrx_word' id='word_1_524' title='bbox 1428 3755 1714 3813; x_wconf 89' lang='lat' dir='ltr'><strong>audiamus</strong></span> 
     </span>
    </p>
   </div>
   <div class='ocr_carea' id='block_1_69' title="bbox 111 3839 1712 3920">
    <p class='ocr_par' dir='ltr' id='par_1_69' title="bbox 111 3839 1712 3920">
     <span class='ocr_line' id='line_1_69' title="bbox 111 3839 1712 3920; baseline 0.008 -30"><span class='ocrx_word' id='word_1_525' title='bbox 111 3849 261 3894; x_wconf 78' lang='lat' dir='ltr'><strong>voces</strong></span> <span class='ocrx_word' id='word_1_526' title='bbox 314 3839 762 3900; x_wconf 89' lang='lat' dir='ltr'><strong>incantantium.</strong></span> <span class='ocrx_word' id='word_1_527' title='bbox 802 3850 859 3896; x_wconf 92' lang='lat' dir='ltr'><strong>et</strong></span> <span class='ocrx_word' id='word_1_528' title='bbox 892 3843 1202 3901; x_wconf 87' lang='lat' dir='ltr'><strong>sirenarum</strong></span> <span class='ocrx_word' id='word_1_529' title='bbox 1242 3846 1486 3903; x_wconf 87' lang='lat' dir='ltr'><strong>carmina</strong></span> <span class='ocrx_word' id='word_1_530' title='bbox 1541 3847 1712 3920; x_wconf 87' lang='lat' dir='ltr'><strong>negli-</strong></span> 
     </span>
    </p>
   </div>
   <div class='ocr_carea' id='block_1_70' title="bbox 109 3945 316 4000">
    <p class='ocr_par' dir='ltr' id='par_1_70' title="bbox 109 3945 316 4000">
     <span class='ocr_line' id='line_1_70' title="bbox 109 3945 316 4000; baseline -0.005 -14"><span class='ocrx_word' id='word_1_531' title='bbox 109 3945 316 4000; x_wconf 79' lang='lat' dir='ltr'><strong>gamus.</strong></span> 
     </span>
    </p>
   </div>
   <div class='ocr_carea' id='block_1_71' title="bbox 164 4021 1713 4095">
    <p class='ocr_par' dir='ltr' id='par_1_71' title="bbox 164 4021 1713 4095">
     <span class='ocr_line' id='line_1_71' title="bbox 164 4021 1713 4095; baseline 0.003 -16"><span class='ocrx_word' id='word_1_532' title='bbox 164 4021 326 4079; x_wconf 87' lang='lat' dir='ltr'><strong>Unde</strong></span> <span class='ocrx_word' id='word_1_533' title='bbox 355 4021 569 4092; x_wconf 83' lang='lat' dir='ltr'><strong>egressi</strong></span> <span class='ocrx_word' id='word_1_534' title='bbox 591 4023 754 4091; x_wconf 60' lang='lat' dir='ltr'><strong>ﬁxere</strong></span> <span class='ocrx_word' id='word_1_535' title='bbox 772 4026 999 4080; x_wconf 87' lang='lat' dir='ltr'><strong>tentoria</strong></span> <span class='ocrx_word' id='word_1_536' title='bbox 1020 4026 1077 4082; x_wconf 88' lang='lat' dir='ltr'><strong>in</strong></span> <span class='ocrx_word' id='word_1_537' title='bbox 1105 4027 1397 4095; x_wconf 80' lang='lat' dir='ltr'><strong>Jeabarim,</strong></span> <span class='ocrx_word' id='word_1_538' title='bbox 1429 4031 1485 4084; x_wconf 87' lang='lat' dir='ltr'><strong>in</strong></span> <span class='ocrx_word' id='word_1_539' title='bbox 1522 4029 1713 4085; x_wconf 85' lang='lat' dir='ltr'><strong>solitu-</strong></span> 
     </span>
    </p>
   </div>
   <div class='ocr_carea' id='block_1_72' title="bbox 109 4113 1711 4192">
    <p class='ocr_par' dir='ltr' id='par_1_72' title="bbox 109 4113 1711 4192">
     <span class='ocr_line' id='line_1_72' title="bbox 109 4113 1711 4192; baseline 0.004 -24"><span class='ocrx_word' id='word_1_540' title='bbox 109 4114 233 4182; x_wconf 83' lang='lat' dir='ltr'><strong>dine,</strong></span> <span class='ocrx_word' id='word_1_541' title='bbox 277 4129 411 4186; x_wconf 68' lang='lat' dir='ltr'><strong>quar</strong></span> <span class='ocrx_word' id='word_1_542' title='bbox 442 4113 662 4182; x_wconf 81' lang='lat' dir='ltr'><strong>respicit</strong></span> <span class='ocrx_word' id='word_1_543' title='bbox 683 4114 864 4183; x_wconf 74' lang='lat' dir='ltr'><strong>Moab,</strong></span> <span class='ocrx_word' id='word_1_544' title='bbox 920 4127 1100 4172; x_wconf 86' lang='lat' dir='ltr'><strong>contra</strong></span> <span class='ocrx_word' id='word_1_545' title='bbox 1139 4118 1447 4174; x_wconf 86' lang='lat' dir='ltr'><strong>orientalem</strong></span> <span class='ocrx_word' id='word_1_546' title='bbox 1479 4119 1711 4192; x_wconf 83' lang='lat' dir='ltr'><strong>plagam.</strong></span> 
     </span>
    </p>
   </div>
   <div class='ocr_carea' id='block_1_73' title="bbox 111 4202 1714 4278">
    <p class='ocr_par' dir='ltr' id='par_1_73' title="bbox 111 4202 1714 4278">
     <span class='ocr_line' id='line_1_73' title="bbox 111 4202 1714 4278; baseline 0.006 -21"><span class='ocrx_word' id='word_1_547' title='bbox 111 4202 409 4278; x_wconf 88' lang='lat' dir='ltr'><strong>Trigesima</strong></span> <span class='ocrx_word' id='word_1_548' title='bbox 466 4212 666 4260; x_wconf 88' lang='lat' dir='ltr'><strong>octava</strong></span> <span class='ocrx_word' id='word_1_549' title='bbox 709 4207 922 4261; x_wconf 89' lang='lat' dir='ltr'><strong>mansio</strong></span> <span class='ocrx_word' id='word_1_550' title='bbox 965 4215 1050 4263; x_wconf 89' lang='lat' dir='ltr'><strong>est</strong></span> <span class='ocrx_word' id='word_1_551' title='bbox 1092 4209 1147 4264; x_wconf 90' lang='lat' dir='ltr'><strong>in</strong></span> <span class='ocrx_word' id='word_1_552' title='bbox 1189 4209 1466 4265; x_wconf 86' lang='lat' dir='ltr'><strong>Jeabarim</strong></span> <span class='ocrx_word' id='word_1_553' title='bbox 1499 4212 1556 4266; x_wconf 95' lang='lat' dir='ltr'><strong>in</strong></span> <span class='ocrx_word' id='word_1_554' title='bbox 1588 4213 1714 4267; x_wconf 86' lang='lat' dir='ltr'><strong>ﬁui-</strong></span> 
     </span>
    </p>
   </div>
   <div class='ocr_carea' id='block_1_74' title="bbox 111 4295 1712 4370">
    <p class='ocr_par' dir='ltr' id='par_1_74' title="bbox 111 4295 1712 4370">
     <span class='ocr_line' id='line_1_74' title="bbox 111 4295 1712 4370; baseline 0.003 -18"><span class='ocrx_word' id='word_1_555' title='bbox 111 4295 200 4352; x_wconf 85' lang='lat' dir='ltr'><strong>bus</strong></span> <span class='ocrx_word' id='word_1_556' title='bbox 232 4297 423 4362; x_wconf 82' lang='lat' dir='ltr'><strong>Moab,</strong></span> <span class='ocrx_word' id='word_1_557' title='bbox 455 4311 588 4366; x_wconf 79' lang='lat' dir='ltr'><strong>quae</strong></span> <span class='ocrx_word' id='word_1_558' title='bbox 611 4297 880 4368; x_wconf 87' lang='lat' dir='ltr'><strong>signiﬁcat</strong></span> <span class='ocrx_word' id='word_1_559' title='bbox 901 4313 1128 4356; x_wconf 87' lang='lat' dir='ltr'><strong>acervos</strong></span> <span class='ocrx_word' id='word_1_560' title='bbox 1158 4299 1398 4370; x_wconf 90' lang='lat' dir='ltr'><strong>lapidum</strong></span> <span class='ocrx_word' id='word_1_561' title='bbox 1425 4309 1712 4357; x_wconf 87' lang='lat' dir='ltr'><strong>transeun-</strong></span> 
     </span>
    </p>
   </div>
   <div class='ocr_carea' id='block_1_75' title="bbox 116 4387 1715 4458">
    <p class='ocr_par' dir='ltr' id='par_1_75' title="bbox 116 4387 1715 4458">
     <span class='ocr_line' id='line_1_75' title="bbox 116 4387 1715 4458; baseline 0.006 -18"><span class='ocrx_word' id='word_1_562' title='bbox 116 4387 257 4457; x_wconf 88' lang='lat' dir='ltr'><strong>tium,</strong></span> <span class='ocrx_word' id='word_1_563' title='bbox 289 4389 345 4446; x_wconf 91' lang='lat' dir='ltr'><strong>id</strong></span> <span class='ocrx_word' id='word_1_564' title='bbox 371 4397 467 4446; x_wconf 88' lang='lat' dir='ltr'><strong>est</strong></span> <span class='ocrx_word' id='word_1_565' title='bbox 489 4396 715 4444; x_wconf 89' lang='lat' dir='ltr'><strong>sanctos</strong></span> <span class='ocrx_word' id='word_1_566' title='bbox 735 4405 834 4458; x_wconf 90' lang='lat' dir='ltr'><strong>per</strong></span> <span class='ocrx_word' id='word_1_567' title='bbox 854 4391 1000 4446; x_wconf 90' lang='lat' dir='ltr'><strong>istud</strong></span> <span class='ocrx_word' id='word_1_568' title='bbox 1025 4392 1285 4449; x_wconf 66' lang='lat' dir='ltr'><strong>smeulum</strong></span> <span class='ocrx_word' id='word_1_569' title='bbox 1308 4393 1377 4448; x_wconf 91' lang='lat' dir='ltr'><strong>ad</strong></span> <span class='ocrx_word' id='word_1_570' title='bbox 1402 4393 1537 4449; x_wconf 87' lang='lat' dir='ltr'><strong>alias</strong></span> <span class='ocrx_word' id='word_1_571' title='bbox 1561 4409 1715 4448; x_wconf 88' lang='lat' dir='ltr'><strong>man-</strong></span> 
     </span>
    </p>
   </div>
   <div class='ocr_carea' id='block_1_76' title="bbox 117 4479 1714 4556">
    <p class='ocr_par' dir='ltr' id='par_1_76' title="bbox 117 4479 1714 4556">
     <span class='ocr_line' id='line_1_76' title="bbox 117 4479 1714 4556; baseline 0.004 -23"><span class='ocrx_word' id='word_1_572' title='bbox 117 4479 280 4537; x_wconf 82' lang='lat' dir='ltr'><strong>siones</strong></span> <span class='ocrx_word' id='word_1_573' title='bbox 301 4482 560 4538; x_wconf 90' lang='lat' dir='ltr'><strong>transire</strong></span> <span class='ocrx_word' id='word_1_574' title='bbox 597 4481 937 4539; x_wconf 82' lang='lat' dir='ltr'><strong>festinantes.</strong></span> <span class='ocrx_word' id='word_1_575' title='bbox 989 4484 1129 4539; x_wconf 91' lang='lat' dir='ltr'><strong>Sunt</strong></span> <span class='ocrx_word' id='word_1_576' title='bbox 1151 4486 1327 4541; x_wconf 88' lang='lat' dir='ltr'><strong>sancti</strong></span> <span class='ocrx_word' id='word_1_577' title='bbox 1371 4485 1598 4555; x_wconf 90' lang='lat' dir='ltr'><strong>lapides,</strong></span> <span class='ocrx_word' id='word_1_578' title='bbox 1620 4485 1714 4556; x_wconf 85' lang='lat' dir='ltr'><strong>qui</strong></span> 
     </span>
    </p>
   </div>
   <div class='ocr_carea' id='block_1_77' title="bbox 117 4572 1717 4646">
    <p class='ocr_par' dir='ltr' id='par_1_77' title="bbox 117 4572 1717 4646">
     <span class='ocr_line' id='line_1_77' title="bbox 117 4572 1717 4646; baseline 0.006 -22"><span class='ocrx_word' id='word_1_579' title='bbox 117 4572 394 4632; x_wconf 86' lang='lat' dir='ltr'><strong>volvuntur</strong></span> <span class='ocrx_word' id='word_1_580' title='bbox 416 4587 598 4646; x_wconf 85' lang='lat' dir='ltr'><strong>super</strong></span> <span class='ocrx_word' id='word_1_581' title='bbox 635 4582 860 4642; x_wconf 89' lang='lat' dir='ltr'><strong>terram,</strong></span> <span class='ocrx_word' id='word_1_582' title='bbox 882 4574 1049 4640; x_wconf 87' lang='lat' dir='ltr'><strong>leves,</strong></span> <span class='ocrx_word' id='word_1_583' title='bbox 1081 4576 1255 4646; x_wconf 89' lang='lat' dir='ltr'><strong>politi,</strong></span> <span class='ocrx_word' id='word_1_584' title='bbox 1294 4585 1348 4632; x_wconf 91' lang='lat' dir='ltr'><strong>et</strong></span> <span class='ocrx_word' id='word_1_585' title='bbox 1385 4577 1717 4633; x_wconf 85' lang='lat' dir='ltr'><strong>rotunditate</strong></span> 
     </span>
    </p>
   </div>
   <div class='ocr_carea' id='block_1_78' title="bbox 119 4666 1716 4738">
    <p class='ocr_par' dir='ltr' id='par_1_78' title="bbox 119 4666 1716 4738">
     <span class='ocr_line' id='line_1_78' title="bbox 119 4666 1716 4738; baseline 0.005 -21"><span class='ocrx_word' id='word_1_586' title='bbox 119 4677 204 4720; x_wconf 88' lang='lat' dir='ltr'><strong>sua</strong></span> <span class='ocrx_word' id='word_1_587' title='bbox 239 4677 497 4725; x_wconf 88' lang='lat' dir='ltr'><strong>rotarum</strong></span> <span class='ocrx_word' id='word_1_588' title='bbox 554 4667 812 4724; x_wconf 86' lang='lat' dir='ltr'><strong>cursibus</strong></span> <span class='ocrx_word' id='word_1_589' title='bbox 843 4667 1071 4722; x_wconf 89' lang='lat' dir='ltr'><strong>similes.</strong></span> <span class='ocrx_word' id='word_1_590' title='bbox 1130 4666 1269 4722; x_wconf 89' lang='lat' dir='ltr'><strong>Sunt</strong></span> <span class='ocrx_word' id='word_1_591' title='bbox 1315 4675 1371 4722; x_wconf 90' lang='lat' dir='ltr'><strong>et</strong></span> <span class='ocrx_word' id='word_1_592' title='bbox 1419 4668 1533 4734; x_wconf 89' lang='lat' dir='ltr'><strong>alii,</strong></span> <span class='ocrx_word' id='word_1_593' title='bbox 1578 4684 1716 4738; x_wconf 87' lang='lat' dir='ltr'><strong>quos</strong></span> 
     </span>
    </p>
   </div>
   <div class='ocr_carea' id='block_1_79' title="bbox 118 4756 1716 4832">
    <p class='ocr_par' dir='ltr' id='par_1_79' title="bbox 118 4756 1716 4832">
     <span class='ocr_line' id='line_1_79' title="bbox 118 4756 1716 4832; baseline 0.001 -20"><span class='ocrx_word' id='word_1_594' title='bbox 118 4766 390 4827; x_wconf 83' lang='lat' dir='ltr'><strong>propterea</strong></span> <span class='ocrx_word' id='word_1_595' title='bbox 433 4759 613 4832; x_wconf 84' lang='lat' dir='ltr'><strong>jubet</strong></span> <span class='ocrx_word' id='word_1_596' title='bbox 635 4756 749 4812; x_wconf 87' lang='lat' dir='ltr'><strong>tolli</strong></span> <span class='ocrx_word' id='word_1_597' title='bbox 773 4757 840 4811; x_wconf 90' lang='lat' dir='ltr'><strong>de</strong></span> <span class='ocrx_word' id='word_1_598' title='bbox 866 4757 973 4822; x_wconf 89' lang='lat' dir='ltr'><strong>via,</strong></span> <span class='ocrx_word' id='word_1_599' title='bbox 1023 4757 1510 4812; x_wconf 81' lang='lat' dir='ltr'><strong>ne-ambulantium</strong></span> <span class='ocrx_word' id='word_1_600' title='bbox 1538 4759 1593 4812; x_wconf 92' lang='lat' dir='ltr'><strong>in</strong></span> <span class='ocrx_word' id='word_1_601' title='bbox 1621 4774 1716 4814; x_wconf 90' lang='lat' dir='ltr'><strong>eos</strong></span> 
     </span>
    </p>
   </div>
   <div class='ocr_carea' id='block_1_80' title="bbox 117 4846 1716 4922">
    <p class='ocr_par' dir='ltr' id='par_1_80' title="bbox 117 4846 1716 4922">
     <span class='ocr_line' id='line_1_80' title="bbox 117 4846 1716 4922; baseline 0.003 -24"><span class='ocrx_word' id='word_1_602' title='bbox 117 4846 376 4905; x_wconf 76' lang='lat' dir='ltr'><strong>offendant</strong></span> <span class='ocrx_word' id='word_1_603' title='bbox 411 4850 621 4922; x_wconf 84' lang='lat' dir='ltr'><strong>pedes.</strong></span> <span class='ocrx_word' id='word_1_604' title='bbox 666 4847 768 4913; x_wconf 92' lang='lat' dir='ltr'><strong>Qui</strong></span> <span class='ocrx_word' id='word_1_605' title='bbox 794 4853 920 4901; x_wconf 90' lang='lat' dir='ltr'><strong>sunt</strong></span> <span class='ocrx_word' id='word_1_606' title='bbox 948 4847 1038 4902; x_wconf 89' lang='lat' dir='ltr'><strong>isti</strong></span> <span class='ocrx_word' id='word_1_607' title='bbox 1077 4846 1460 4902; x_wconf 81' lang='lat' dir='ltr'><strong>ambulantes?</strong></span> <span class='ocrx_word' id='word_1_608' title='bbox 1516 4846 1716 4917; x_wconf 87' lang='lat' dir='ltr'><strong>Utique</strong></span> 
     </span>
    </p>
   </div>
   <div class='ocr_carea' id='block_1_81' title="bbox 115 4935 1716 5012">
    <p class='ocr_par' dir='ltr' id='par_1_81' title="bbox 115 4935 1716 5012">
     <span class='ocr_line' id='line_1_81' title="bbox 115 4935 1716 5012; baseline 0.006 -25"><span class='ocrx_word' id='word_1_609' title='bbox 115 4935 338 4996; x_wconf 87' lang='lat' dir='ltr'><strong>viatores</strong></span> <span class='ocrx_word' id='word_1_610' title='bbox 367 4949 426 4997; x_wconf 92' lang='lat' dir='ltr'><strong>et</strong></span> <span class='ocrx_word' id='word_1_611' title='bbox 457 4945 891 5012; x_wconf 61' lang='lat' dir='ltr'><strong>pratereuntes,</strong></span> <span class='ocrx_word' id='word_1_612' title='bbox 929 4938 1022 5007; x_wconf 91' lang='lat' dir='ltr'><strong>qui</strong></span> <span class='ocrx_word' id='word_1_613' title='bbox 1048 4954 1146 5008; x_wconf 89' lang='lat' dir='ltr'><strong>per</strong></span> <span class='ocrx_word' id='word_1_614' title='bbox 1185 4938 1330 4994; x_wconf 84' lang='lat' dir='ltr'><strong>istud</strong></span> <span class='ocrx_word' id='word_1_615' title='bbox 1367 4939 1621 4995; x_wconf 65' lang='lat' dir='ltr'><strong>saeculum</strong></span> <span class='ocrx_word' id='word_1_616' title='bbox 1647 4941 1716 4996; x_wconf 89' lang='lat' dir='ltr'><strong>ad</strong></span> 
     </span>
    </p>
   </div>
   <div class='ocr_carea' id='block_1_82' title="bbox 118 5025 1718 5096">
    <p class='ocr_par' dir='ltr' id='par_1_82' title="bbox 118 5025 1718 5096">
     <span class='ocr_line' id='line_1_82' title="bbox 118 5025 1718 5096; baseline 0.003 -14"><span class='ocrx_word' id='word_1_617' title='bbox 118 5025 235 5083; x_wconf 82' lang='lat' dir='ltr'><strong>alias</strong></span> <span class='ocrx_word' id='word_1_618' title='bbox 257 5031 590 5087; x_wconf 89' lang='lat' dir='ltr'><strong>mansiones</strong></span> <span class='ocrx_word' id='word_1_619' title='bbox 634 5027 870 5082; x_wconf 89' lang='lat' dir='ltr'><strong>transire</strong></span> <span class='ocrx_word' id='word_1_620' title='bbox 897 5025 1174 5083; x_wconf 85' lang='lat' dir='ltr'><strong>festinant.</strong></span> <span class='ocrx_word' id='word_1_621' title='bbox 1233 5029 1387 5096; x_wconf 84' lang='lat' dir='ltr'><strong>Quod</strong></span> <span class='ocrx_word' id='word_1_622' title='bbox 1421 5039 1600 5087; x_wconf 89' lang='lat' dir='ltr'><strong>autem</strong></span> <span class='ocrx_word' id='word_1_623' title='bbox 1634 5032 1718 5086; x_wconf 84' lang='lat' dir='ltr'><strong>di-</strong></span> 
     </span>
    </p>
   </div>
   <div class='ocr_carea' id='block_1_83' title="bbox 116 5119 1719 5195">
    <p class='ocr_par' dir='ltr' id='par_1_83' title="bbox 116 5119 1719 5195">
     <span class='ocr_line' id='line_1_83' title="bbox 116 5119 1719 5195; baseline 0.003 -22"><span class='ocrx_word' id='word_1_624' title='bbox 116 5119 242 5177; x_wconf 85' lang='lat' dir='ltr'><strong>citur</strong></span> <span class='ocrx_word' id='word_1_625' title='bbox 262 5125 319 5179; x_wconf 85' lang='lat' dir='ltr'><strong>in</strong></span> <span class='ocrx_word' id='word_1_626' title='bbox 350 5124 561 5195; x_wconf 83' lang='lat' dir='ltr'><strong>ﬁnibus</strong></span> <span class='ocrx_word' id='word_1_627' title='bbox 593 5120 785 5186; x_wconf 71' lang='lat' dir='ltr'><strong>Moab,</strong></span> <span class='ocrx_word' id='word_1_628' title='bbox 809 5128 866 5175; x_wconf 90' lang='lat' dir='ltr'><strong>et</strong></span> <span class='ocrx_word' id='word_1_629' title='bbox 890 5120 1260 5189; x_wconf 87' lang='lat' dir='ltr'><strong>supradictum</strong></span> <span class='ocrx_word' id='word_1_630' title='bbox 1283 5131 1386 5188; x_wconf 91' lang='lat' dir='ltr'><strong>est,</strong></span> <span class='ocrx_word' id='word_1_631' title='bbox 1434 5124 1490 5178; x_wconf 82' lang='lat' dir='ltr'><strong>in</strong></span> <span class='ocrx_word' id='word_1_632' title='bbox 1532 5123 1719 5179; x_wconf 88' lang='lat' dir='ltr'><strong>solitu-</strong></span> 
     </span>
    </p>
   </div>
   <div class='ocr_carea' id='block_1_84' title="bbox 120 5215 1723 5292">
    <p class='ocr_par' dir='ltr' id='par_1_84' title="bbox 120 5215 1723 5292">
     <span class='ocr_line' id='line_1_84' title="bbox 120 5215 1723 5292; baseline 0.004 -23"><span class='ocrx_word' id='word_1_633' title='bbox 120 5215 246 5286; x_wconf 78' lang='lat' dir='ltr'><strong>dine,</strong></span> <span class='ocrx_word' id='word_1_634' title='bbox 275 5237 395 5292; x_wconf 65' lang='lat' dir='ltr'><strong>qua</strong></span> <span class='ocrx_word' id='word_1_635' title='bbox 422 5219 656 5292; x_wconf 75' lang='lat' dir='ltr'><strong>respicit</strong></span> <span class='ocrx_word' id='word_1_636' title='bbox 699 5215 857 5270; x_wconf 77' lang='lat' dir='ltr'><strong>Moab</strong></span> <span class='ocrx_word' id='word_1_637' title='bbox 885 5225 1072 5271; x_wconf 87' lang='lat' dir='ltr'><strong>contra</strong></span> <span class='ocrx_word' id='word_1_638' title='bbox 1105 5215 1232 5272; x_wconf 74' lang='lat' dir='ltr'><strong>solis</strong></span> <span class='ocrx_word' id='word_1_639' title='bbox 1263 5227 1455 5284; x_wconf 86' lang='lat' dir='ltr'><strong>ortum,</strong></span> <span class='ocrx_word' id='word_1_640' title='bbox 1483 5220 1723 5275; x_wconf 89' lang='lat' dir='ltr'><strong>ostendit</strong></span> 
     </span>
    </p>
   </div>
   <div class='ocr_carea' id='block_1_85' title="bbox 120 5303 1723 5379">
    <p class='ocr_par' dir='ltr' id='par_1_85' title="bbox 120 5303 1723 5379">
     <span class='ocr_line' id='line_1_85' title="bbox 120 5303 1723 5379; baseline 0.002 -17"><span class='ocrx_word' id='word_1_641' title='bbox 120 5303 258 5375; x_wconf 79' lang='lat' dir='ltr'><strong>iuxta</strong></span> <span class='ocrx_word' id='word_1_642' title='bbox 287 5311 570 5376; x_wconf 86' lang='lat' dir='ltr'><strong>litteram,</strong></span> <span class='ocrx_word' id='word_1_643' title='bbox 605 5309 755 5379; x_wconf 90' lang='lat' dir='ltr'><strong>quod</strong></span> <span class='ocrx_word' id='word_1_644' title='bbox 782 5309 1065 5378; x_wconf 91' lang='lat' dir='ltr'><strong>hucusque</strong></span> <span class='ocrx_word' id='word_1_645' title='bbox 1103 5309 1158 5363; x_wconf 90' lang='lat' dir='ltr'><strong>in</strong></span> <span class='ocrx_word' id='word_1_646' title='bbox 1189 5309 1384 5364; x_wconf 89' lang='lat' dir='ltr'><strong>ﬁnibus</strong></span> <span class='ocrx_word' id='word_1_647' title='bbox 1413 5317 1570 5364; x_wconf 73' lang='lat' dir='ltr'><strong>terra:</strong></span> <span class='ocrx_word' id='word_1_648' title='bbox 1602 5311 1723 5365; x_wconf 90' lang='lat' dir='ltr'><strong>ldu-</strong></span> 
     </span>
    </p>
   </div>
   <div class='ocr_carea' id='block_1_86' title="bbox 125 5401 1718 5466">
    <p class='ocr_par' dir='ltr' id='par_1_86' title="bbox 125 5401 1718 5466">
     <span class='ocr_line' id='line_1_86' title="bbox 125 5401 1718 5466; baseline -0.001 -8"><span class='ocrx_word' id='word_1_649' title='bbox 125 5409 374 5460; x_wconf 70' lang='lat' dir='ltr'><strong>nmorum</strong></span> <span class='ocrx_word' id='word_1_650' title='bbox 399 5403 644 5465; x_wconf 80' lang='lat' dir='ltr'><strong>fuerint,</strong></span> <span class='ocrx_word' id='word_1_651' title='bbox 671 5408 728 5453; x_wconf 92' lang='lat' dir='ltr'><strong>et</strong></span> <span class='ocrx_word' id='word_1_652' title='bbox 747 5415 890 5454; x_wconf 92' lang='lat' dir='ltr'><strong>nunc</strong></span> <span class='ocrx_word' id='word_1_653' title='bbox 914 5401 1138 5454; x_wconf 86' lang='lat' dir='ltr'><strong>veniant</strong></span> <span class='ocrx_word' id='word_1_654' title='bbox 1166 5401 1234 5455; x_wconf 91' lang='lat' dir='ltr'><strong>ad</strong></span> <span class='ocrx_word' id='word_1_655' title='bbox 1261 5402 1522 5456; x_wconf 90' lang='lat' dir='ltr'><strong>terminos</strong></span> <span class='ocrx_word' id='word_1_656' title='bbox 1544 5401 1718 5466; x_wconf 80' lang='lat' dir='ltr'><strong>Moab,</strong></span> 
     </span>
    </p>
   </div>
   <div class='ocr_carea' id='block_1_87' title="bbox 125 5488 1722 5566">
    <p class='ocr_par' dir='ltr' id='par_1_87' title="bbox 125 5488 1722 5566">
     <span class='ocr_line' id='line_1_87' title="bbox 125 5488 1722 5566; baseline 0.001 -20"><span class='ocrx_word' id='word_1_657' title='bbox 125 5488 188 5546; x_wconf 83' lang='lat' dir='ltr'><strong>de</strong></span> <span class='ocrx_word' id='word_1_658' title='bbox 209 5492 308 5548; x_wconf 87' lang='lat' dir='ltr'><strong>alia</strong></span> <span class='ocrx_word' id='word_1_659' title='bbox 334 5492 638 5566; x_wconf 85' lang='lat' dir='ltr'><strong>provincia</strong></span> <span class='ocrx_word' id='word_1_660' title='bbox 683 5491 750 5545; x_wconf 90' lang='lat' dir='ltr'><strong>ad</strong></span> <span class='ocrx_word' id='word_1_661' title='bbox 786 5490 947 5545; x_wconf 90' lang='lat' dir='ltr'><strong>aliam</strong></span> <span class='ocrx_word' id='word_1_662' title='bbox 979 5498 1341 5548; x_wconf 87' lang='lat' dir='ltr'><strong>transeuntes.</strong></span> <span class='ocrx_word' id='word_1_663' title='bbox 1417 5491 1533 5549; x_wconf 86' lang='lat' dir='ltr'><strong>Non</strong></span> <span class='ocrx_word' id='word_1_664' title='bbox 1576 5494 1722 5548; x_wconf 88' lang='lat' dir='ltr'><strong>enim</strong></span> 
     </span>
    </p>
   </div>
   <div class='ocr_carea' id='block_1_88' title="bbox 127 5581 1726 5654">
    <p class='ocr_par' dir='ltr' id='par_1_88' title="bbox 127 5581 1726 5654">
     <span class='ocr_line' id='line_1_88' title="bbox 127 5581 1726 5654; baseline 0.004 -19"><span class='ocrx_word' id='word_1_665' title='bbox 127 5594 328 5653; x_wconf 85' lang='lat' dir='ltr'><strong>semper</strong></span> <span class='ocrx_word' id='word_1_666' title='bbox 357 5586 454 5640; x_wconf 87' lang='lat' dir='ltr'><strong>uni</strong></span> <span class='ocrx_word' id='word_1_667' title='bbox 495 5581 697 5636; x_wconf 83' lang='lat' dir='ltr'><strong>virtuti</strong></span> <span class='ocrx_word' id='word_1_668' title='bbox 725 5582 900 5636; x_wconf 89' lang='lat' dir='ltr'><strong>danda</strong></span> <span class='ocrx_word' id='word_1_669' title='bbox 945 5592 1028 5639; x_wconf 89' lang='lat' dir='ltr'><strong>est</strong></span> <span class='ocrx_word' id='word_1_670' title='bbox 1073 5599 1256 5654; x_wconf 85' lang='lat' dir='ltr'><strong>opera,</strong></span> <span class='ocrx_word' id='word_1_671' title='bbox 1281 5587 1376 5640; x_wconf 85' lang='lat' dir='ltr'><strong>sed</strong></span> <span class='ocrx_word' id='word_1_672' title='bbox 1429 5586 1571 5642; x_wconf 88' lang='lat' dir='ltr'><strong>sicut</strong></span> <span class='ocrx_word' id='word_1_673' title='bbox 1591 5591 1726 5641; x_wconf 85' lang='lat' dir='ltr'><strong>scri-</strong></span> 
     </span>
    </p>
   </div>
   <div class='ocr_carea' id='block_1_89' title="bbox 127 5672 1723 5750">
    <p class='ocr_par' dir='ltr' id='par_1_89' title="bbox 127 5672 1723 5750">
     <span class='ocr_line' id='line_1_89' title="bbox 127 5672 1723 5750; baseline 0.004 -24"><span class='ocrx_word' id='word_1_674' title='bbox 127 5680 265 5740; x_wconf 81' lang='lat' dir='ltr'><strong>ptum</strong></span> <span class='ocrx_word' id='word_1_675' title='bbox 288 5685 395 5741; x_wconf 90' lang='lat' dir='ltr'><strong>est,</strong></span> <span class='ocrx_word' id='word_1_676' title='bbox 423 5675 596 5728; x_wconf 87' lang='lat' dir='ltr'><strong>Ibunt</strong></span> <span class='ocrx_word' id='word_1_677' title='bbox 623 5672 690 5725; x_wconf 86' lang='lat' dir='ltr'><strong>de</strong></span> <span class='ocrx_word' id='word_1_678' title='bbox 711 5674 898 5727; x_wconf 80' lang='lat' dir='ltr'><strong>virtute</strong></span> <span class='ocrx_word' id='word_1_679' title='bbox 926 5678 982 5729; x_wconf 85' lang='lat' dir='ltr'><strong>in</strong></span> <span class='ocrx_word' id='word_1_680' title='bbox 1003 5677 1241 5731; x_wconf 83' lang='lat' dir='ltr'><strong>virtutem</strong></span> <span class='ocrx_word' id='word_1_681' title='bbox 1268 5675 1438 5748; x_wconf 86' lang='lat' dir='ltr'><strong>(Psal.</strong></span> <span class='ocrx_word' id='word_1_682' title='bbox 1469 5679 1723 5750; x_wconf 70' lang='lat' dir='ltr'><strong>LXXXIII),</strong></span> 
     </span>
    </p>
   </div>
   <div class='ocr_carea' id='block_1_90' title="bbox 129 5763 1724 5837">
    <p class='ocr_par' dir='ltr' id='par_1_90' title="bbox 129 5763 1724 5837">
     <span class='ocr_line' id='line_1_90' title="bbox 129 5763 1724 5837; baseline 0.001 -15"><span class='ocrx_word' id='word_1_683' title='bbox 129 5765 188 5822; x_wconf 81' lang='lat' dir='ltr'><strong>de</strong></span> <span class='ocrx_word' id='word_1_684' title='bbox 210 5767 309 5823; x_wconf 87' lang='lat' dir='ltr'><strong>alia</strong></span> <span class='ocrx_word' id='word_1_685' title='bbox 345 5763 761 5824; x_wconf 86' lang='lat' dir='ltr'><strong>transeundum</strong></span> <span class='ocrx_word' id='word_1_686' title='bbox 782 5772 867 5819; x_wconf 89' lang='lat' dir='ltr'><strong>est</strong></span> <span class='ocrx_word' id='word_1_687' title='bbox 894 5767 960 5820; x_wconf 89' lang='lat' dir='ltr'><strong>ad</strong></span> <span class='ocrx_word' id='word_1_688' title='bbox 990 5767 1174 5835; x_wconf 89' lang='lat' dir='ltr'><strong>aliam,</strong></span> <span class='ocrx_word' id='word_1_689' title='bbox 1197 5769 1324 5837; x_wconf 86' lang='lat' dir='ltr'><strong>quia</strong></span> <span class='ocrx_word' id='word_1_690' title='bbox 1351 5770 1560 5826; x_wconf 64' lang='lat' dir='ltr'><strong>haerent</strong></span> <span class='ocrx_word' id='word_1_691' title='bbox 1598 5770 1724 5836; x_wconf 84' lang='lat' dir='ltr'><strong>sibi,</strong></span> 
     </span>
    </p>
   </div>
   <div class='ocr_carea' id='block_1_91' title="bbox 446 5852 999 5919">
    <p class='ocr_par' dir='ltr' id='par_1_91' title="bbox 446 5852 999 5919">
     <span class='ocr_line' id='line_1_91' title="bbox 446 5852 999 5919; baseline -0.005 0"><span class='ocrx_word' id='word_1_692' title='bbox 446 5859 739 5919; x_wconf 74' lang='grc' dir='ltr'><strong>ΡΑτιιοι.</strong></span> <span class='ocrx_word' id='word_1_693' title='bbox 759 5879 765 5884; x_wconf 91' lang='grc'>·</span> <span class='ocrx_word' id='word_1_694' title='bbox 783 5852 999 5919; x_wconf 84' lang='lat' dir='ltr'><strong>CVIII.</strong></span> 
     </span>
    </p>
   </div>
   <div class='ocr_carea' id='block_1_92' title="bbox 1809 3313 3400 3387">
    <p class='ocr_par' dir='ltr' id='par_1_92' title="bbox 1809 3313 3400 3387">
     <span class='ocr_line' id='line_1_92' title="bbox 1809 3313 3400 3387; baseline 0.003 -22"><span class='ocrx_word' id='word_1_695' title='bbox 1809 3318 2160 3382; x_wconf 87' lang='lat' dir='ltr'><strong>terpretatur,</strong></span> <span class='ocrx_word' id='word_1_696' title='bbox 2191 3313 2366 3370; x_wconf 86' lang='lat' dir='ltr'><strong>aliena</strong></span> <span class='ocrx_word' id='word_1_697' title='bbox 2389 3315 2675 3382; x_wconf 83' lang='lat' dir='ltr'><strong>descensio,</strong></span> <span class='ocrx_word' id='word_1_698' title='bbox 2730 3325 2783 3370; x_wconf 88' lang='lat' dir='ltr'><strong>et</strong></span> <span class='ocrx_word' id='word_1_699' title='bbox 2820 3315 2874 3371; x_wconf 93' lang='lat' dir='ltr'><strong>in</strong></span> <span class='ocrx_word' id='word_1_700' title='bbox 2917 3315 3267 3372; x_wconf 88' lang='lat' dir='ltr'><strong>descensione</strong></span> <span class='ocrx_word' id='word_1_701' title='bbox 3303 3331 3400 3387; x_wconf 86' lang='lat' dir='ltr'><strong>po-</strong></span> 
     </span>
    </p>
   </div>
   <div class='ocr_carea' id='block_1_93' title="bbox 1808 3405 3396 3478">
    <p class='ocr_par' dir='ltr' id='par_1_93' title="bbox 1808 3405 3396 3478">
     <span class='ocr_line' id='line_1_93' title="bbox 1808 3405 3396 3478; baseline 0.003 -18"><span class='ocrx_word' id='word_1_702' title='bbox 1808 3405 1918 3473; x_wconf 91' lang='lat' dir='ltr'><strong>siti,</strong></span> <span class='ocrx_word' id='word_1_703' title='bbox 1947 3415 2291 3463; x_wconf 90' lang='lat' dir='ltr'><strong>transeamus</strong></span> <span class='ocrx_word' id='word_1_704' title='bbox 2340 3411 2406 3465; x_wconf 93' lang='lat' dir='ltr'><strong>ad</strong></span> <span class='ocrx_word' id='word_1_705' title='bbox 2429 3409 2635 3476; x_wconf 85' lang='lat' dir='ltr'><strong>Arnon,</strong></span> <span class='ocrx_word' id='word_1_706' title='bbox 2687 3411 2830 3478; x_wconf 92' lang='lat' dir='ltr'><strong>quod</strong></span> <span class='ocrx_word' id='word_1_707' title='bbox 2856 3410 3274 3464; x_wconf 86' lang='lat' dir='ltr'><strong>maledictionem</strong></span> <span class='ocrx_word' id='word_1_708' title='bbox 3305 3425 3396 3465; x_wconf 89' lang='lat' dir='ltr'><strong>so-</strong></span> 
     </span>
    </p>
   </div>
   <div class='ocr_carea' id='block_1_94' title="bbox 1809 3500 3396 3570">
    <p class='ocr_par' dir='ltr' id='par_1_94' title="bbox 1809 3500 3396 3570">
     <span class='ocr_line' id='line_1_94' title="bbox 1809 3500 3396 3570; baseline 0.003 -19"><span class='ocrx_word' id='word_1_709' title='bbox 1809 3506 1903 3552; x_wconf 93' lang='lat' dir='ltr'><strong>nat</strong></span> <span class='ocrx_word' id='word_1_710' title='bbox 1935 3517 1946 3552; x_wconf 91' lang='lat'>:</span> <span class='ocrx_word' id='word_1_711' title='bbox 1983 3514 2101 3568; x_wconf 63' lang='lat' dir='ltr'><strong>quae</strong></span> <span class='ocrx_word' id='word_1_712' title='bbox 2154 3509 2240 3556; x_wconf 91' lang='lat' dir='ltr'><strong>est</strong></span> <span class='ocrx_word' id='word_1_713' title='bbox 2273 3501 2449 3570; x_wconf 90' lang='lat' dir='ltr'><strong>posita</strong></span> <span class='ocrx_word' id='word_1_714' title='bbox 2477 3503 2532 3556; x_wconf 91' lang='lat' dir='ltr'><strong>in</strong></span> <span class='ocrx_word' id='word_1_715' title='bbox 2575 3501 2771 3555; x_wconf 90' lang='lat' dir='ltr'><strong>ﬁnibus</strong></span> <span class='ocrx_word' id='word_1_716' title='bbox 2808 3500 3273 3567; x_wconf 69' lang='lat' dir='ltr'><strong>Amorrhazorum,</strong></span> <span class='ocrx_word' id='word_1_717' title='bbox 3305 3501 3396 3570; x_wconf 87' lang='lat' dir='ltr'><strong>qui</strong></span> 
     </span>
    </p>
   </div>
   <div class='ocr_carea' id='block_1_95' title="bbox 1808 3587 3394 3662">
    <p class='ocr_par' dir='ltr' id='par_1_95' title="bbox 1808 3587 3394 3662">
     <span class='ocr_line' id='line_1_95' title="bbox 1808 3587 3394 3662; baseline 0.004 -22"><span class='ocrx_word' id='word_1_718' title='bbox 1808 3587 1894 3640; x_wconf 85' lang='lat' dir='ltr'><strong>vel</strong></span> <span class='ocrx_word' id='word_1_719' title='bbox 1921 3590 2090 3642; x_wconf 89' lang='lat' dir='ltr'><strong>amari</strong></span> <span class='ocrx_word' id='word_1_720' title='bbox 2129 3590 2300 3643; x_wconf 85' lang='lat' dir='ltr'><strong>hostes</strong></span> <span class='ocrx_word' id='word_1_721' title='bbox 2351 3598 2496 3656; x_wconf 92' lang='lat' dir='ltr'><strong>sunt,</strong></span> <span class='ocrx_word' id='word_1_722' title='bbox 2545 3590 2631 3645; x_wconf 85' lang='lat' dir='ltr'><strong>vel</strong></span> <span class='ocrx_word' id='word_1_723' title='bbox 2678 3591 2845 3644; x_wconf 87' lang='lat' dir='ltr'><strong>multa</strong></span> <span class='ocrx_word' id='word_1_724' title='bbox 2881 3591 3167 3662; x_wconf 85' lang='lat' dir='ltr'><strong>loquuntur</strong></span> <span class='ocrx_word' id='word_1_725' title='bbox 3203 3591 3394 3660; x_wconf 59' lang='lat' dir='ltr'><strong>inﬂati.</strong></span> 
     </span>
    </p>
   </div>
   <div class='ocr_carea' id='block_1_96' title="bbox 1813 3677 3391 3751">
    <p class='ocr_par' dir='ltr' id='par_1_96' title="bbox 1813 3677 3391 3751">
     <span class='ocr_line' id='line_1_96' title="bbox 1813 3677 3391 3751; baseline 0.003 -20"><span class='ocrx_word' id='word_1_726' title='bbox 1813 3677 1911 3732; x_wconf 88' lang='lat' dir='ltr'><strong>Sin</strong></span> <span class='ocrx_word' id='word_1_727' title='bbox 1954 3686 2135 3732; x_wconf 88' lang='lat' dir='ltr'><strong>autem</strong></span> <span class='ocrx_word' id='word_1_728' title='bbox 2166 3679 2546 3736; x_wconf 88' lang='lat' dir='ltr'><strong>transierimus</strong></span> <span class='ocrx_word' id='word_1_729' title='bbox 2567 3681 2827 3734; x_wconf 88' lang='lat' dir='ltr'><strong>terminos</strong></span> <span class='ocrx_word' id='word_1_730' title='bbox 2857 3680 3033 3746; x_wconf 84' lang='lat' dir='ltr'><strong>Moab,</strong></span> <span class='ocrx_word' id='word_1_731' title='bbox 3064 3681 3156 3751; x_wconf 91' lang='lat' dir='ltr'><strong>qui</strong></span> <span class='ocrx_word' id='word_1_732' title='bbox 3203 3682 3271 3735; x_wconf 84' lang='lat' dir='ltr'><strong>de</strong></span> <span class='ocrx_word' id='word_1_733' title='bbox 3319 3681 3391 3735; x_wconf 83' lang='lat' dir='ltr'><strong>in-</strong></span> 
     </span>
    </p>
   </div>
   <div class='ocr_carea' id='block_1_97' title="bbox 1813 3769 3398 3840">
    <p class='ocr_par' dir='ltr' id='par_1_97' title="bbox 1813 3769 3398 3840">
     <span class='ocr_line' id='line_1_97' title="bbox 1813 3769 3398 3840; baseline 0.002 -17"><span class='ocrx_word' id='word_1_734' title='bbox 1813 3776 1965 3823; x_wconf 90' lang='lat' dir='ltr'><strong>cestu</strong></span> <span class='ocrx_word' id='word_1_735' title='bbox 1994 3776 2283 3838; x_wconf 84' lang='lat' dir='ltr'><strong>generatus</strong></span> <span class='ocrx_word' id='word_1_736' title='bbox 2309 3778 2414 3834; x_wconf 88' lang='lat' dir='ltr'><strong>est,</strong></span> <span class='ocrx_word' id='word_1_737' title='bbox 2459 3777 2514 3823; x_wconf 90' lang='lat' dir='ltr'><strong>et</strong></span> <span class='ocrx_word' id='word_1_738' title='bbox 2539 3769 2768 3824; x_wconf 87' lang='lat' dir='ltr'><strong>recessit</strong></span> <span class='ocrx_word' id='word_1_739' title='bbox 2794 3785 2824 3822; x_wconf 88' lang='lat' dir='ltr'><strong>a</strong></span> <span class='ocrx_word' id='word_1_740' title='bbox 2853 3785 2983 3826; x_wconf 87' lang='lat' dir='ltr'><strong>vero</strong></span> <span class='ocrx_word' id='word_1_741' title='bbox 3011 3779 3189 3840; x_wconf 88' lang='lat' dir='ltr'><strong>patre,</strong></span> <span class='ocrx_word' id='word_1_742' title='bbox 3216 3771 3398 3826; x_wconf 90' lang='lat' dir='ltr'><strong>statim</strong></span> 
     </span>
    </p>
   </div>
   <div class='ocr_carea' id='block_1_98' title="bbox 1812 3857 3397 3934">
    <p class='ocr_par' dir='ltr' id='par_1_98' title="bbox 1812 3857 3397 3934">
     <span class='ocr_line' id='line_1_98' title="bbox 1812 3857 3397 3934; baseline 0.003 -20"><span class='ocrx_word' id='word_1_743' title='bbox 1812 3859 2054 3914; x_wconf 88' lang='lat' dir='ltr'><strong>occurrit</strong></span> <span class='ocrx_word' id='word_1_744' title='bbox 2097 3857 2255 3914; x_wconf 90' lang='lat' dir='ltr'><strong>nobis</strong></span> <span class='ocrx_word' id='word_1_745' title='bbox 2298 3867 2512 3931; x_wconf 90' lang='lat' dir='ltr'><strong>puteus,</strong></span> <span class='ocrx_word' id='word_1_746' title='bbox 2565 3875 2725 3930; x_wconf 91' lang='lat' dir='ltr'><strong>quem</strong></span> <span class='ocrx_word' id='word_1_747' title='bbox 2759 3877 2917 3917; x_wconf 91' lang='lat' dir='ltr'><strong>nemo</strong></span> <span class='ocrx_word' id='word_1_748' title='bbox 2949 3861 3014 3917; x_wconf 90' lang='lat' dir='ltr'><strong>de</strong></span> <span class='ocrx_word' id='word_1_749' title='bbox 3049 3862 3205 3934; x_wconf 90' lang='lat' dir='ltr'><strong>plebe</strong></span> <span class='ocrx_word' id='word_1_750' title='bbox 3241 3863 3397 3930; x_wconf 89' lang='lat' dir='ltr'><strong>fodit,</strong></span> 
     </span>
    </p>
   </div>
   <div class='ocr_carea' id='block_1_99' title="bbox 1813 3945 3402 4020">
    <p class='ocr_par' dir='ltr' id='par_1_99' title="bbox 1813 3945 3402 4020">
     <span class='ocr_line' id='line_1_99' title="bbox 1813 3945 3402 4020; baseline 0.003 -20"><span class='ocrx_word' id='word_1_751' title='bbox 1813 3945 1991 4000; x_wconf 91' lang='lat' dir='ltr'><strong>nullus</strong></span> <span class='ocrx_word' id='word_1_752' title='bbox 2039 3945 2314 4016; x_wconf 80' lang='lat' dir='ltr'><strong>ignobilis,</strong></span> <span class='ocrx_word' id='word_1_753' title='bbox 2366 3947 2461 4001; x_wconf 90' lang='lat' dir='ltr'><strong>sed</strong></span> <span class='ocrx_word' id='word_1_754' title='bbox 2517 3946 2794 4015; x_wconf 89' lang='lat' dir='ltr'><strong>principes</strong></span> <span class='ocrx_word' id='word_1_755' title='bbox 2838 3956 2892 4002; x_wconf 89' lang='lat' dir='ltr'><strong>et</strong></span> <span class='ocrx_word' id='word_1_756' title='bbox 2943 3948 3130 4014; x_wconf 89' lang='lat' dir='ltr'><strong>duces,</strong></span> <span class='ocrx_word' id='word_1_757' title='bbox 3164 3947 3402 4020; x_wconf 89' lang='lat' dir='ltr'><strong>quijura</strong></span> 
     </span>
    </p>
   </div>
   <div class='ocr_carea' id='block_1_100' title="bbox 1815 4035 3401 4112">
    <p class='ocr_par' dir='ltr' id='par_1_100' title="bbox 1815 4035 3401 4112">
     <span class='ocr_line' id='line_1_100' title="bbox 1815 4035 3401 4112; baseline 0.004 -22"><span class='ocrx_word' id='word_1_758' title='bbox 1815 4035 1946 4090; x_wconf 88' lang='lat' dir='ltr'><strong>dant</strong></span> <span class='ocrx_word' id='word_1_759' title='bbox 1983 4035 2218 4106; x_wconf 89' lang='lat' dir='ltr'><strong>populis,</strong></span> <span class='ocrx_word' id='word_1_760' title='bbox 2252 4047 2308 4090; x_wconf 88' lang='lat' dir='ltr'><strong>et</strong></span> <span class='ocrx_word' id='word_1_761' title='bbox 2353 4046 2610 4092; x_wconf 90' lang='lat' dir='ltr'><strong>canentes</strong></span> <span class='ocrx_word' id='word_1_762' title='bbox 2633 4053 2850 4093; x_wconf 89' lang='lat' dir='ltr'><strong>carmen</strong></span> <span class='ocrx_word' id='word_1_763' title='bbox 2881 4039 2934 4094; x_wconf 92' lang='lat' dir='ltr'><strong>in</strong></span> <span class='ocrx_word' id='word_1_764' title='bbox 2965 4055 3105 4109; x_wconf 89' lang='lat' dir='ltr'><strong>aqua</strong></span> <span class='ocrx_word' id='word_1_765' title='bbox 3145 4040 3316 4112; x_wconf 86' lang='lat' dir='ltr'><strong>putei,</strong></span> <span class='ocrx_word' id='word_1_766' title='bbox 3347 4049 3401 4096; x_wconf 88' lang='lat' dir='ltr'><strong>et</strong></span> 
     </span>
    </p>
   </div>
   <div class='ocr_carea' id='block_1_101' title="bbox 1816 4125 3400 4202">
    <p class='ocr_par' dir='ltr' id='par_1_101' title="bbox 1816 4125 3400 4202">
     <span class='ocr_line' id='line_1_101' title="bbox 1816 4125 3400 4202; baseline 0.004 -22"><span class='ocrx_word' id='word_1_767' title='bbox 1816 4125 1871 4180; x_wconf 89' lang='lat' dir='ltr'><strong>in</strong></span> <span class='ocrx_word' id='word_1_768' title='bbox 1895 4125 1993 4182; x_wconf 91' lang='lat' dir='ltr'><strong>Dei</strong></span> <span class='ocrx_word' id='word_1_769' title='bbox 2015 4127 2332 4183; x_wconf 89' lang='lat' dir='ltr'><strong>muneribus</strong></span> <span class='ocrx_word' id='word_1_770' title='bbox 2359 4128 2714 4198; x_wconf 87' lang='lat' dir='ltr'><strong>gratulantes,</strong></span> <span class='ocrx_word' id='word_1_771' title='bbox 2739 4130 3064 4201; x_wconf 83' lang='lat' dir='ltr'><strong>prophetam</strong></span> <span class='ocrx_word' id='word_1_772' title='bbox 3087 4145 3194 4202; x_wconf 92' lang='lat' dir='ltr'><strong>quo</strong></span> <span class='ocrx_word' id='word_1_773' title='bbox 3223 4138 3400 4187; x_wconf 81' lang='lat' dir='ltr'><strong>trans-</strong></span> 
     </span>
    </p>
   </div>
   <div class='ocr_carea' id='block_1_102' title="bbox 1815 4216 3400 4292">
    <p class='ocr_par' dir='ltr' id='par_1_102' title="bbox 1815 4216 3400 4292">
     <span class='ocr_line' id='line_1_102' title="bbox 1815 4216 3400 4292; baseline 0.004 -21"><span class='ocrx_word' id='word_1_774' title='bbox 1815 4216 1946 4272; x_wconf 89' lang='lat' dir='ltr'><strong>ituri</strong></span> <span class='ocrx_word' id='word_1_775' title='bbox 1981 4217 2108 4282; x_wconf 89' lang='lat' dir='ltr'><strong>sint,</strong></span> <span class='ocrx_word' id='word_1_776' title='bbox 2153 4218 2220 4274; x_wconf 91' lang='lat' dir='ltr'><strong>ad</strong></span> <span class='ocrx_word' id='word_1_777' title='bbox 2259 4234 2378 4289; x_wconf 81' lang='lat' dir='ltr'><strong>quae</strong></span> <span class='ocrx_word' id='word_1_778' title='bbox 2412 4219 2529 4276; x_wconf 89' lang='lat' dir='ltr'><strong>loca</strong></span> <span class='ocrx_word' id='word_1_779' title='bbox 2567 4222 2902 4290; x_wconf 88' lang='lat' dir='ltr'><strong>perventuri,</strong></span> <span class='ocrx_word' id='word_1_780' title='bbox 2929 4222 3074 4292; x_wconf 85' lang='lat' dir='ltr'><strong>quod</strong></span> <span class='ocrx_word' id='word_1_781' title='bbox 3103 4221 3310 4278; x_wconf 89' lang='lat' dir='ltr'><strong>scilicet</strong></span> <span class='ocrx_word' id='word_1_782' title='bbox 3334 4223 3400 4278; x_wconf 90' lang='lat' dir='ltr'><strong>de</strong></span> 
     </span>
    </p>
   </div>
   <div class='ocr_carea' id='block_1_103' title="bbox 1816 4310 3402 4385">
    <p class='ocr_par' dir='ltr' id='par_1_103' title="bbox 1816 4310 3402 4385">
     <span class='ocr_line' id='line_1_103' title="bbox 1816 4310 3402 4385; baseline 0.004 -21"><span class='ocrx_word' id='word_1_783' title='bbox 1816 4310 2032 4366; x_wconf 90' lang='lat' dir='ltr'><strong>deserto</strong></span> <span class='ocrx_word' id='word_1_784' title='bbox 2058 4313 2280 4366; x_wconf 87' lang='lat' dir='ltr'><strong>veniant</strong></span> <span class='ocrx_word' id='word_1_785' title='bbox 2307 4312 2362 4368; x_wconf 91' lang='lat' dir='ltr'><strong>in</strong></span> <span class='ocrx_word' id='word_1_786' title='bbox 2389 4311 2646 4367; x_wconf 88' lang='lat' dir='ltr'><strong>Mathana</strong></span> <span class='ocrx_word' id='word_1_787' title='bbox 2689 4314 2832 4383; x_wconf 91' lang='lat' dir='ltr'><strong>quod</strong></span> <span class='ocrx_word' id='word_1_788' title='bbox 2885 4315 3278 4385; x_wconf 88' lang='lat' dir='ltr'><strong>interpretatur</strong></span> <span class='ocrx_word' id='word_1_789' title='bbox 3306 4315 3402 4370; x_wconf 81' lang='lat' dir='ltr'><strong>do-</strong></span> 
     </span>
    </p>
   </div>
   <div class='ocr_carea' id='block_1_104' title="bbox 1817 4401 3402 4473">
    <p class='ocr_par' dir='ltr' id='par_1_104' title="bbox 1817 4401 3402 4473">
     <span class='ocr_line' id='line_1_104' title="bbox 1817 4401 3402 4473; baseline 0.001 -18"><span class='ocrx_word' id='word_1_790' title='bbox 1817 4418 1960 4467; x_wconf 87' lang='lat' dir='ltr'><strong>num,</strong></span> <span class='ocrx_word' id='word_1_791' title='bbox 1992 4401 2138 4457; x_wconf 87' lang='lat' dir='ltr'><strong>etde</strong></span> <span class='ocrx_word' id='word_1_792' title='bbox 2163 4401 2414 4458; x_wconf 87' lang='lat' dir='ltr'><strong>Mathana</strong></span> <span class='ocrx_word' id='word_1_793' title='bbox 2466 4404 2535 4458; x_wconf 90' lang='lat' dir='ltr'><strong>ad</strong></span> <span class='ocrx_word' id='word_1_794' title='bbox 2561 4403 2825 4468; x_wconf 87' lang='lat' dir='ltr'><strong>Nahaliel,</strong></span> <span class='ocrx_word' id='word_1_795' title='bbox 2880 4405 3024 4473; x_wconf 90' lang='lat' dir='ltr'><strong>quod</strong></span> <span class='ocrx_word' id='word_1_796' title='bbox 3053 4403 3250 4457; x_wconf 89' lang='lat' dir='ltr'><strong>dicitur</strong></span> <span class='ocrx_word' id='word_1_797' title='bbox 3294 4412 3402 4457; x_wconf 90' lang='lat' dir='ltr'><strong>tor-</strong></span> 
     </span>
    </p>
   </div>
   <div class='ocr_carea' id='block_1_105' title="bbox 1819 4482 3401 4564">
    <p class='ocr_par' dir='ltr' id='par_1_105' title="bbox 1819 4482 3401 4564">
     <span class='ocr_line' id='line_1_105' title="bbox 1819 4482 3401 4564; baseline 0.001 -18"><span class='ocrx_word' id='word_1_798' title='bbox 1819 4502 1986 4547; x_wconf 87' lang='lat' dir='ltr'><strong>rentes</strong></span> <span class='ocrx_word' id='word_1_799' title='bbox 2004 4494 2126 4561; x_wconf 90' lang='lat' dir='ltr'><strong>Dei,</strong></span> <span class='ocrx_word' id='word_1_800' title='bbox 2157 4504 2207 4549; x_wconf 92' lang='lat' dir='ltr'><strong>et</strong></span> <span class='ocrx_word' id='word_1_801' title='bbox 2239 4495 2304 4549; x_wconf 89' lang='lat' dir='ltr'><strong>de</strong></span> <span class='ocrx_word' id='word_1_802' title='bbox 2328 4482 2593 4559; x_wconf 81' lang='lat' dir='ltr'><strong>Nabaliel,</strong></span> <span class='ocrx_word' id='word_1_803' title='bbox 2624 4493 2717 4564; x_wconf 87' lang='lat' dir='ltr'><strong>qui</strong></span> <span class='ocrx_word' id='word_1_804' title='bbox 2755 4493 3145 4562; x_wconf 89' lang='lat' dir='ltr'><strong>interpretatur</strong></span> <span class='ocrx_word' id='word_1_805' title='bbox 3196 4492 3401 4548; x_wconf 76' lang='lat' dir='ltr'><strong>excelsa</strong></span> 
     </span>
    </p>
   </div>
   <div class='ocr_carea' id='block_1_106' title="bbox 1820 4580 3401 4653">
    <p class='ocr_par' dir='ltr' id='par_1_106' title="bbox 1820 4580 3401 4653">
     <span class='ocr_line' id='line_1_106' title="bbox 1820 4580 3401 4653; baseline 0.001 -18"><span class='ocrx_word' id='word_1_806' title='bbox 1820 4581 1934 4637; x_wconf 88' lang='lat' dir='ltr'><strong>sive</strong></span> <span class='ocrx_word' id='word_1_807' title='bbox 1951 4583 2231 4637; x_wconf 84' lang='lat' dir='ltr'><strong>adveniens</strong></span> <span class='ocrx_word' id='word_1_808' title='bbox 2245 4600 2410 4642; x_wconf 84' lang='lat' dir='ltr'><strong>mors,</strong></span> <span class='ocrx_word' id='word_1_809' title='bbox 2430 4583 2648 4653; x_wconf 90' lang='lat' dir='ltr'><strong>quando</strong></span> <span class='ocrx_word' id='word_1_810' title='bbox 2660 4597 2763 4637; x_wconf 93' lang='lat' dir='ltr'><strong>con</strong></span> <span class='ocrx_word' id='word_1_811' title='bbox 2771 4581 2970 4636; x_wconf 88' lang='lat' dir='ltr'><strong>formes</strong></span> <span class='ocrx_word' id='word_1_812' title='bbox 2987 4580 3249 4637; x_wconf 80' lang='lat' dir='ltr'><strong>eﬁicimur</strong></span> <span class='ocrx_word' id='word_1_813' title='bbox 3263 4597 3401 4638; x_wconf 90' lang='lat' dir='ltr'><strong>mor-</strong></span> 
     </span>
    </p>
   </div>
   <div class='ocr_carea' id='block_1_107' title="bbox 1821 4670 3402 4730">
    <p class='ocr_par' dir='ltr' id='par_1_107' title="bbox 1821 4670 3402 4730">
     <span class='ocr_line' id='line_1_107' title="bbox 1821 4670 3402 4730; baseline 0.003 -5"><span class='ocrx_word' id='word_1_814' title='bbox 1821 4671 1892 4725; x_wconf 91' lang='lat' dir='ltr'><strong>tis</strong></span> <span class='ocrx_word' id='word_1_815' title='bbox 1921 4670 2144 4726; x_wconf 86' lang='lat' dir='ltr'><strong>Christi.</strong></span> <span class='ocrx_word' id='word_1_816' title='bbox 2200 4671 2269 4725; x_wconf 88' lang='lat' dir='ltr'><strong>Et</strong></span> <span class='ocrx_word' id='word_1_817' title='bbox 2302 4672 2370 4726; x_wconf 90' lang='lat' dir='ltr'><strong>de</strong></span> <span class='ocrx_word' id='word_1_818' title='bbox 2413 4671 2645 4727; x_wconf 86' lang='lat' dir='ltr'><strong>Bamoth</strong></span> <span class='ocrx_word' id='word_1_819' title='bbox 2669 4672 2914 4728; x_wconf 91' lang='lat' dir='ltr'><strong>occurrit</strong></span> <span class='ocrx_word' id='word_1_820' title='bbox 2939 4672 3095 4728; x_wconf 89' lang='lat' dir='ltr'><strong>nobis</strong></span> <span class='ocrx_word' id='word_1_821' title='bbox 3122 4673 3276 4728; x_wconf 88' lang='lat' dir='ltr'><strong>vallis</strong></span> <span class='ocrx_word' id='word_1_822' title='bbox 3309 4674 3402 4730; x_wconf 80' lang='lat' dir='ltr'><strong>liu-</strong></span> 
     </span>
    </p>
   </div>
   <div class='ocr_carea' id='block_1_108' title="bbox 1818 4763 3404 4836">
    <p class='ocr_par' dir='ltr' id='par_1_108' title="bbox 1818 4763 3404 4836">
     <span class='ocr_line' id='line_1_108' title="bbox 1818 4763 3404 4836; baseline 0.003 -19"><span class='ocrx_word' id='word_1_823' title='bbox 1818 4763 2064 4818; x_wconf 87' lang='lat' dir='ltr'><strong>militatis</strong></span> <span class='ocrx_word' id='word_1_824' title='bbox 2094 4779 2111 4818; x_wconf 86' lang='lat'><strong>:</strong></span> <span class='ocrx_word' id='word_1_825' title='bbox 2155 4773 2275 4833; x_wconf 70' lang='lat' dir='ltr'><strong>qua:</strong></span> <span class='ocrx_word' id='word_1_826' title='bbox 2315 4772 2498 4819; x_wconf 87' lang='lat' dir='ltr'><strong>tamen</strong></span> <span class='ocrx_word' id='word_1_827' title='bbox 2546 4764 2602 4818; x_wconf 90' lang='lat' dir='ltr'><strong>in</strong></span> <span class='ocrx_word' id='word_1_828' title='bbox 2629 4765 2836 4820; x_wconf 90' lang='lat' dir='ltr'><strong>vertice</strong></span> <span class='ocrx_word' id='word_1_829' title='bbox 2882 4766 3057 4836; x_wconf 89' lang='lat' dir='ltr'><strong>posita</strong></span> <span class='ocrx_word' id='word_1_830' title='bbox 3083 4775 3168 4822; x_wconf 90' lang='lat' dir='ltr'><strong>est</strong></span> <span class='ocrx_word' id='word_1_831' title='bbox 3202 4766 3404 4822; x_wconf 88' lang='lat' dir='ltr'><strong>montis</strong></span> 
     </span>
    </p>
   </div>
   <div class='ocr_carea' id='block_1_109' title="bbox 1818 4855 3401 4929">
    <p class='ocr_par' dir='ltr' id='par_1_109' title="bbox 1818 4855 3401 4929">
     <span class='ocr_line' id='line_1_109' title="bbox 1818 4855 3401 4929; baseline 0.003 -19"><span class='ocrx_word' id='word_1_832' title='bbox 1818 4855 2054 4927; x_wconf 87' lang='lat' dir='ltr'><strong>Pbasga,</strong></span> <span class='ocrx_word' id='word_1_833' title='bbox 2105 4856 2202 4929; x_wconf 87' lang='lat' dir='ltr'><strong>qui</strong></span> <span class='ocrx_word' id='word_1_834' title='bbox 2232 4855 2622 4928; x_wconf 88' lang='lat' dir='ltr'><strong>interpretatur</strong></span> <span class='ocrx_word' id='word_1_835' title='bbox 2660 4858 2900 4925; x_wconf 88' lang='lat' dir='ltr'><strong>dolatus,</strong></span> <span class='ocrx_word' id='word_1_836' title='bbox 2950 4859 3094 4929; x_wconf 90' lang='lat' dir='ltr'><strong>quod</strong></span> <span class='ocrx_word' id='word_1_837' title='bbox 3147 4860 3280 4915; x_wconf 91' lang='lat' dir='ltr'><strong>nihil</strong></span> <span class='ocrx_word' id='word_1_838' title='bbox 3306 4861 3401 4915; x_wconf 80' lang='lat' dir='ltr'><strong>lia-</strong></span> 
     </span>
    </p>
   </div>
   <div class='ocr_carea' id='block_1_110' title="bbox 1817 4947 3401 5021">
    <p class='ocr_par' dir='ltr' id='par_1_110' title="bbox 1817 4947 3401 5021">
     <span class='ocr_line' id='line_1_110' title="bbox 1817 4947 3401 5021; baseline 0.001 -19"><span class='ocrx_word' id='word_1_839' title='bbox 1817 4947 1945 5003; x_wconf 88' lang='lat' dir='ltr'><strong>beat</strong></span> <span class='ocrx_word' id='word_1_840' title='bbox 1971 4947 2203 5002; x_wconf 84' lang='lat' dir='ltr'><strong>informe</strong></span> <span class='ocrx_word' id='word_1_841' title='bbox 2230 4956 2287 5003; x_wconf 82' lang='lat' dir='ltr'><strong>et</strong></span> <span class='ocrx_word' id='word_1_842' title='bbox 2315 4947 2471 5014; x_wconf 89' lang='lat' dir='ltr'><strong>rude,</strong></span> <span class='ocrx_word' id='word_1_843' title='bbox 2504 4950 2598 5004; x_wconf 88' lang='lat' dir='ltr'><strong>sed</strong></span> <span class='ocrx_word' id='word_1_844' title='bbox 2619 4949 2846 5005; x_wconf 90' lang='lat' dir='ltr'><strong>artiﬁcis</strong></span> <span class='ocrx_word' id='word_1_845' title='bbox 2867 4950 2938 5005; x_wconf 91' lang='lat' dir='ltr'><strong>sit</strong></span> <span class='ocrx_word' id='word_1_846' title='bbox 2959 4950 3158 5021; x_wconf 87' lang='lat' dir='ltr'><strong>politus</strong></span> <span class='ocrx_word' id='word_1_847' title='bbox 3189 4966 3350 5005; x_wconf 91' lang='lat' dir='ltr'><strong>manu</strong></span> <span class='ocrx_word' id='word_1_848' title='bbox 3385 4963 3401 5004; x_wconf 87' lang='lat'><strong>:</strong></span> 
     </span>
    </p>
   </div>
   <div class='ocr_carea' id='block_1_111' title="bbox 1821 5039 3402 5112">
    <p class='ocr_par' dir='ltr' id='par_1_111' title="bbox 1821 5039 3402 5112">
     <span class='ocr_line' id='line_1_111' title="bbox 1821 5039 3402 5112; baseline 0.001 -19"><span class='ocrx_word' id='word_1_849' title='bbox 1821 5040 1914 5108; x_wconf 90' lang='lat' dir='ltr'><strong>qui</strong></span> <span class='ocrx_word' id='word_1_850' title='bbox 1954 5055 2110 5096; x_wconf 88' lang='lat' dir='ltr'><strong>mons</strong></span> <span class='ocrx_word' id='word_1_851' title='bbox 2139 5040 2398 5111; x_wconf 90' lang='lat' dir='ltr'><strong>respiciat</strong></span> <span class='ocrx_word' id='word_1_852' title='bbox 2425 5039 2790 5107; x_wconf 87' lang='lat' dir='ltr'><strong>solitudinem,</strong></span> <span class='ocrx_word' id='word_1_853' title='bbox 2821 5057 2942 5112; x_wconf 84' lang='lat' dir='ltr'><strong>quae</strong></span> <span class='ocrx_word' id='word_1_854' title='bbox 2976 5040 3240 5097; x_wconf 84' lang='lat' dir='ltr'><strong>Hebraice</strong></span> <span class='ocrx_word' id='word_1_855' title='bbox 3263 5040 3402 5096; x_wconf 53' lang='lat' dir='ltr'><strong>dici-</strong></span> 
     </span>
    </p>
   </div>
   <div class='ocr_carea' id='block_1_112' title="bbox 1823 5127 3407 5218">
    <p class='ocr_par' dir='ltr' id='par_1_112' title="bbox 1823 5127 3407 5218">
     <span class='ocr_line' id='line_1_112' title="bbox 1823 5127 3407 5218; baseline -0.001 -32"><span class='ocrx_word' id='word_1_856' title='bbox 1823 5140 1910 5186; x_wconf 91' lang='lat' dir='ltr'><strong>tur</strong></span> <span class='ocrx_word' id='word_1_857' title='bbox 1933 5131 2184 5198; x_wconf 90' lang='lat' dir='ltr'><strong>lesimon,</strong></span> <span class='ocrx_word' id='word_1_858' title='bbox 2479 5131 2702 5200; x_wconf 85' lang='lat' dir='ltr'><strong>Quando</strong></span> <span class='ocrx_word' id='word_1_859' title='bbox 2739 5132 2884 5188; x_wconf 89' lang='lat' dir='ltr'><strong>enim</strong></span> <span class='ocrx_word' id='word_1_860' title='bbox 2931 5133 3194 5188; x_wconf 88' lang='lat' dir='ltr'><strong>fuerimus</strong></span> <span class='ocrx_word' id='word_1_861' title='bbox 3222 5133 3278 5186; x_wconf 89' lang='lat' dir='ltr'><strong>in</strong></span> <span class='ocrx_word' id='word_1_862' title='bbox 3298 5133 3407 5186; x_wconf 83' lang='lat' dir='ltr'><strong>vir—</strong></span> 
     </span>
    </p>
   </div>
   <div class='ocr_carea' id='block_1_113' title="bbox 1826 5222 3403 5287">
    <p class='ocr_par' dir='ltr' id='par_1_113' title="bbox 1826 5222 3403 5287">
     <span class='ocr_line' id='line_1_113' title="bbox 1826 5222 3403 5287; baseline -0.001 -11"><span class='ocrx_word' id='word_1_863' title='bbox 1826 5229 2000 5276; x_wconf 88' lang='lat' dir='ltr'><strong>tutum</strong></span> <span class='ocrx_word' id='word_1_864' title='bbox 2026 5223 2263 5278; x_wconf 89' lang='lat' dir='ltr'><strong>culmine</strong></span> <span class='ocrx_word' id='word_1_865' title='bbox 2289 5223 2589 5287; x_wconf 78' lang='lat' dir='ltr'><strong>constituti,</strong></span> <span class='ocrx_word' id='word_1_866' title='bbox 2621 5231 2748 5278; x_wconf 87' lang='lat' dir='ltr'><strong>tunc</strong></span> <span class='ocrx_word' id='word_1_867' title='bbox 2783 5223 2950 5279; x_wconf 90' lang='lat' dir='ltr'><strong>totius</strong></span> <span class='ocrx_word' id='word_1_868' title='bbox 2977 5223 3163 5277; x_wconf 91' lang='lat' dir='ltr'><strong>mundi</strong></span> <span class='ocrx_word' id='word_1_869' title='bbox 3193 5222 3403 5286; x_wconf 86' lang='lat' dir='ltr'><strong>ruinas,</strong></span> 
     </span>
    </p>
   </div>
   <div class='ocr_carea' id='block_1_114' title="bbox 1826 5311 3406 5384">
    <p class='ocr_par' dir='ltr' id='par_1_114' title="bbox 1826 5311 3406 5384">
     <span class='ocr_line' id='line_1_114' title="bbox 1826 5311 3406 5384; baseline 0 -18"><span class='ocrx_word' id='word_1_870' title='bbox 1826 5321 1880 5367; x_wconf 91' lang='lat' dir='ltr'><strong>et</strong></span> <span class='ocrx_word' id='word_1_871' title='bbox 1894 5313 2134 5367; x_wconf 90' lang='lat' dir='ltr'><strong>omnium</strong></span> <span class='ocrx_word' id='word_1_872' title='bbox 2164 5321 2514 5382; x_wconf 86' lang='lat' dir='ltr'><strong>peccatorum</strong></span> <span class='ocrx_word' id='word_1_873' title='bbox 2543 5315 2862 5384; x_wconf 87' lang='lat' dir='ltr'><strong>respicimus</strong></span> <span class='ocrx_word' id='word_1_874' title='bbox 2889 5313 3217 5366; x_wconf 89' lang='lat' dir='ltr'><strong>vastitatem.</strong></span> <span class='ocrx_word' id='word_1_875' title='bbox 3261 5311 3406 5366; x_wconf 88' lang='lat' dir='ltr'><strong>Pene</strong></span> 
     </span>
    </p>
   </div>
   <div class='ocr_carea' id='block_1_115' title="bbox 1827 5399 3407 5470">
    <p class='ocr_par' dir='ltr' id='par_1_115' title="bbox 1827 5399 3407 5470">
     <span class='ocr_line' id='line_1_115' title="bbox 1827 5399 3407 5470; baseline -0.003 -13"><span class='ocrx_word' id='word_1_876' title='bbox 1827 5403 1979 5458; x_wconf 91' lang='lat' dir='ltr'><strong>obliti</strong></span> <span class='ocrx_word' id='word_1_877' title='bbox 2002 5417 2192 5458; x_wconf 87' lang='lat' dir='ltr'><strong>sumus</strong></span> <span class='ocrx_word' id='word_1_878' title='bbox 2213 5412 2466 5459; x_wconf 88' lang='lat' dir='ltr'><strong>currente</strong></span> <span class='ocrx_word' id='word_1_879' title='bbox 2489 5406 2734 5461; x_wconf 89' lang='lat' dir='ltr'><strong>oratione</strong></span> <span class='ocrx_word' id='word_1_880' title='bbox 2755 5405 2980 5468; x_wconf 89' lang='lat' dir='ltr'><strong>dictare,</strong></span> <span class='ocrx_word' id='word_1_881' title='bbox 3017 5415 3185 5470; x_wconf 88' lang='lat' dir='ltr'><strong>quare</strong></span> <span class='ocrx_word' id='word_1_882' title='bbox 3205 5399 3407 5454; x_wconf 88' lang='lat' dir='ltr'><strong>Dibon-</strong></span> 
     </span>
    </p>
   </div>
   <div class='ocr_carea' id='block_1_116' title="bbox 1829 5492 3408 5568">
    <p class='ocr_par' dir='ltr' id='par_1_116' title="bbox 1829 5492 3408 5568">
     <span class='ocr_line' id='line_1_116' title="bbox 1829 5492 3408 5568; baseline -0.001 -19"><span class='ocrx_word' id='word_1_883' title='bbox 1829 5496 1932 5565; x_wconf 82' lang='lat' dir='ltr'><strong>gad</strong></span> <span class='ocrx_word' id='word_1_884' title='bbox 1967 5496 2358 5567; x_wconf 86' lang='lat' dir='ltr'><strong>interpretatur</strong></span> <span class='ocrx_word' id='word_1_885' title='bbox 2410 5499 2668 5554; x_wconf 89' lang='lat' dir='ltr'><strong>intellecta</strong></span> <span class='ocrx_word' id='word_1_886' title='bbox 2710 5499 2916 5568; x_wconf 83' lang='lat' dir='ltr'><strong>fortiter</strong></span> <span class='ocrx_word' id='word_1_887' title='bbox 2968 5495 3206 5548; x_wconf 87' lang='lat' dir='ltr'><strong>tentatio.</strong></span> <span class='ocrx_word' id='word_1_888' title='bbox 3277 5492 3408 5548; x_wconf 84' lang='lat' dir='ltr'><strong>Post</strong></span> 
     </span>
    </p>
   </div>
   <div class='ocr_carea' id='block_1_117' title="bbox 1829 5585 3406 5660">
    <p class='ocr_par' dir='ltr' id='par_1_117' title="bbox 1829 5585 3406 5660">
     <span class='ocr_line' id='line_1_117' title="bbox 1829 5585 3406 5660; baseline 0.001 -21"><span class='ocrx_word' id='word_1_889' title='bbox 1829 5585 2109 5658; x_wconf 85' lang='lat' dir='ltr'><strong>Dibongad</strong></span> <span class='ocrx_word' id='word_1_890' title='bbox 2136 5590 2341 5660; x_wconf 77' lang='lat' dir='ltr'><strong>geritur</strong></span> <span class='ocrx_word' id='word_1_891' title='bbox 2360 5590 2557 5646; x_wconf 90' lang='lat' dir='ltr'><strong>bellum</strong></span> <span class='ocrx_word' id='word_1_892' title='bbox 2588 5599 2778 5645; x_wconf 87' lang='lat' dir='ltr'><strong>contra</strong></span> <span class='ocrx_word' id='word_1_893' title='bbox 2823 5586 2964 5639; x_wconf 87' lang='lat' dir='ltr'><strong>Seon</strong></span> <span class='ocrx_word' id='word_1_894' title='bbox 3001 5599 3182 5654; x_wconf 86' lang='lat' dir='ltr'><strong>regem</strong></span> <span class='ocrx_word' id='word_1_895' title='bbox 3212 5585 3406 5640; x_wconf 83' lang='lat' dir='ltr'><strong>Amor-</strong></span> 
     </span>
    </p>
   </div>
   <div class='ocr_carea' id='block_1_118' title="bbox 1828 5677 3406 5756">
    <p class='ocr_par' dir='ltr' id='par_1_118' title="bbox 1828 5677 3406 5756">
     <span class='ocr_line' id='line_1_118' title="bbox 1828 5677 3406 5756; baseline -0.002 -20"><span class='ocrx_word' id='word_1_896' title='bbox 1828 5680 2121 5747; x_wconf 81' lang='lat' dir='ltr'><strong>rliaeorum,</strong></span> <span class='ocrx_word' id='word_1_897' title='bbox 2146 5690 2200 5737; x_wconf 89' lang='lat' dir='ltr'><strong>et</strong></span> <span class='ocrx_word' id='word_1_898' title='bbox 2221 5682 2300 5754; x_wconf 83' lang='lat' dir='ltr'><strong>Og</strong></span> <span class='ocrx_word' id='word_1_899' title='bbox 2323 5701 2505 5756; x_wconf 83' lang='lat' dir='ltr'><strong>regem</strong></span> <span class='ocrx_word' id='word_1_900' title='bbox 2526 5683 2721 5745; x_wconf 87' lang='lat' dir='ltr'><strong>Basab,</strong></span> <span class='ocrx_word' id='word_1_901' title='bbox 2749 5688 2803 5734; x_wconf 86' lang='lat' dir='ltr'><strong>et</strong></span> <span class='ocrx_word' id='word_1_902' title='bbox 2827 5677 3077 5740; x_wconf 88' lang='lat' dir='ltr'><strong>dicimus,</strong></span> <span class='ocrx_word' id='word_1_903' title='bbox 3104 5677 3244 5745; x_wconf 89' lang='lat' dir='ltr'><strong>quod</strong></span> <span class='ocrx_word' id='word_1_904' title='bbox 3284 5691 3406 5733; x_wconf 89' lang='lat' dir='ltr'><strong>cum</strong></span> 
     </span>
    </p>
   </div>
   <div class='ocr_carea' id='block_1_119' title="bbox 1829 5767 3411 5843">
    <p class='ocr_par' dir='ltr' id='par_1_119' title="bbox 1829 5767 3411 5843">
     <span class='ocr_line' id='line_1_119' title="bbox 1829 5767 3411 5843; baseline 0 -17"><span class='ocrx_word' id='word_1_905' title='bbox 1829 5772 2139 5829; x_wconf 86' lang='lat' dir='ltr'><strong>venerimus</strong></span> <span class='ocrx_word' id='word_1_906' title='bbox 2163 5774 2230 5831; x_wconf 91' lang='lat' dir='ltr'><strong>ad</strong></span> <span class='ocrx_word' id='word_1_907' title='bbox 2245 5789 2532 5831; x_wconf 88' lang='lat' dir='ltr'><strong>summum.</strong></span> <span class='ocrx_word' id='word_1_908' title='bbox 2547 5780 2602 5828; x_wconf 84' lang='lat' dir='ltr'><strong>et</strong></span> <span class='ocrx_word' id='word_1_909' title='bbox 2622 5771 2688 5826; x_wconf 87' lang='lat' dir='ltr'><strong>de</strong></span> <span class='ocrx_word' id='word_1_910' title='bbox 2708 5767 2856 5825; x_wconf 85' lang='lat' dir='ltr'><strong>fonte</strong></span> <span class='ocrx_word' id='word_1_911' title='bbox 2875 5767 3178 5840; x_wconf 87' lang='lat' dir='ltr'><strong>principum</strong></span> <span class='ocrx_word' id='word_1_912' title='bbox 3194 5781 3411 5843; x_wconf 76' lang='lat' dir='ltr'><strong>regum-</strong></span> 
     </span>
    </p>
   </div>
   <div class='ocr_carea' id='block_1_120' title="bbox 2893 5860 2973 5922">
    <p class='ocr_par' dir='ltr' id='par_1_120' title="bbox 2893 5860 2973 5922">
     <span class='ocr_line' id='line_1_120' title="bbox 2893 5860 2973 5922; baseline 0 0"><span class='ocrx_word' id='word_1_913' title='bbox 2893 5860 2973 5922; x_wconf 81' lang='lat'><strong>23</strong></span> 
     </span>
    </p>
   </div>
  </div>
