3890 6340
459 406 562 475 ,Β
658 430 659 435 χ

1102 404 1167 460 Β.
1202 384 1460 459 BABANI
1481 396 1716 456 'MAURI
1750 389 2087 471 ARClllEPq
2111 385 2417 444 MOGUNT.
2459 374 2741 441 OPERUM
2779 373 2959 438 PARS
2995 378 3035 435 l.

3614 372 3716 429 716

450 498 565 606 :quc
586 524 901 590 biberimus,
934 521 1285 581 ascendentes
1313 517 1381 573 ad
1401 522 1641 571 montem
1664 511 1900 581 Phasga,
1924 523 2032 563 non
2061 505 2113 568 Α
2136 517 2358 606 gregari:
2379 499 2657 572 mysteria,
2676 505 2735 554 ut
2755 512 2823 551 ex
2839 490 3251 606 pomparatione
3271 486 3655 606 plurimorum,
3672 464 3716 547 si

461 604 752 681 debeamus
776 616 977 673 elevari
1004 615 1059 670 in
1087 612 1421 684 superbiam,
1443 608 1536 663 sed
1564 604 1896 677 propositam
1935 612 2035 655 n‘o-

460 719 545 775 bis
584 732 615 771 e
636 711 910 771 contrario
932 700 1345 765 sollicitudinem
1371 696 1698 756 noverimus.
1744 697 1884 750 Ante
1906 706 2038 750 con-

442 786 739 877 _,tritionem
788 801 931 858 enim
978 798 1219 854 elevatur
1266 808 1361 847 cor
1394 790 1514 853 viri,
1546 796 1602 844 et
1645 793 1770 842 ante
1810 784 2036 855 gloriam

463 898 797 975 bumiliatur.
863 888 1015 960 Quod
1053 897 1230 945 autem
1256 882 1634 967 interpositum
1662 882 1717 975 i_n
1761 878 2032 975 historia:

442 966 615 1055 nde
641 991 832 1047 dicitur
852 989 909 1042 in
932 984 1062 1038 libro
1082 979 1348 1035 Bellorum
1366 966 1577 1030 Domini
1605 986 1624 1025 :
1662 968 1810 1027 Sicut
1833 966 1953 1041 fecit
1980 970 2035 1025 itt

467 1084 601 1145 mari
624 1080 820 1150 Rubro,
870 1078 945 1132 sic
975 1073 1135 1145 faciat
1152 1071 1206 1125 in
1227 1066 1541 1124 torrentibus
1571 1065 1772 1120 Arnen.
1822 1058 2038 1132 θεομιιί

464 1152 775 1243 torrentium
808 1166 1046 1224 inclinati
1084 1172 1222 1226 sunt,
1253 1169 1311 1214 ut
1355 1160 1726 1231 requiescerent
1747 1155 1804 1208 in
1839 1154 2040 1220 Arnen,

446 1240 518 1325 det
548 1263 896 1321 recumberent
933 1261 989 1313 in
1017 1257 1208 1328 finibus
1240 1252 1617 1308 Moabitarum.
1665 1249 1724 1303 In
1754 1261 1862 1318 quo
1900 1245 2042 1301 libro

446 1356 575 1443 Ihoc
601 1354 857 1425 scriptum
884 1351 953 1407 sit
973 1364 1081 1404 non
1104 1343 1569 1408 commemoravit,
1592 1354 1766 1409 neque
1798 1338 1937 1393 ullus
1960 1343 2044 1392 est

468 1449 524 1511 in
552 1447 635 1502 his
655 1436 789 1516 quos
818 1442 1010 1499 divina:
1041 1440 1332 1509 Scriptum.
1375 1437 1661 1491 canonicos
1688 1432 2040 1503 appellamus,

450 1543 524 1611 ,in
550 1557 657 1612 quo
688 1538 793 1598 hoc
819 1538 1077 1607 scriptum
1108 1533 1425 1604 reperiatur.
1480 1531 1555 1585 De
1582 1529 1779 1585 talibus
1805 1525 2045 1581 occasio-

469 1648 567 1689 nes
617 1631 915 1700 reperiunt,
974 1626 1066 1697 qui
1111 1625 1278 1680 libros
1331 1621 1668 1693 apocryphos
1707 1619 2045 1673 incautorum

472 1723 695 1778 auribus
717 1728 772 1775 et
793 1718 1131 1774 curiosorum
1153 1720 1422 1770 conantur
1450 1712 1709 1774 inserere,
1739 1708 1806 1762 ad
1828 1720 2046 1777 persua-

474 1812 677 1871 dendas
723 1809 994 1865 fabulosae
1046 1806 1372 1877 impietates.
1441 1802 1549 1858 Sed
1574 1802 1663 1856 hic
1691 1801 1897 1855 dictum
1942 1805 2067 1863 est,;

2135 591 2264 664 quid
2308 606 2544 661 praesens
2600 604 2779 646 sermo
2804 580 3150 643 obscuritatis
3194 582 3439 637 continet
3489 580 3713 636 eluceat.

2135 682 2228 739 Ait
2248 697 2379 755 ergo
2402 678 2639 754 Spiritus
2664 678 2759 734 Dei
2786 693 2885 749 per
2907 672 3252 733 Salomonem
3282 672 3339 727 in
3366 670 3710 727 Proverbiis:

2137 758 2265 830 Bibe
2314 788 2505 846 aquam
2533 771 2598 825 de
2643 769 2747 823 tuis
2778 769 2919 847 vasis
2945 807 2959 834 ,
2991 777 3039 820 et
3088 766 3152 819 de
3184 775 3468 837 puteorum
3514 774 3713 818 tuorum

2140 860 2282 936 fonte
2309 880 2329 917 .°
2372 872 2419 918 et
2450 879 2553 917 non
2596 856 3049 932 superfunduntur
3075 856 3167 909 tibi
3218 872 3370 929 aqum
3397 866 3550 910 extra
3578 866 3714 931 tuum

2139 953 2337 1026 fontem
2364 947 2544 1025 (Prov.
2565 949 2641 1023 v),
2673 948 2921 1021 quamvis
2960 949 3015 1003 in
3044 946 3164 1003 aliis
3218 944 3624 1018 exemplaribus
3646 936 3713 1003 le-

2140 1046 2395 1119 gerimus,
2446 1044 2501 1100 et
2532 1036 2877 1099 eﬂ‘undantur
2917 1036 3015 1095 tibi
3065 1054 3217 1110 aquae
3242 1048 3398 1094 extra
3428 1049 3580 1094 tuum
3610 1036 3712 1119 long

2142 1118 2272 1194 tem.
2319 1138 2487 1208 Aquae
2533 1145 2637 1191 tuae
2666 1136 2775 1189 sint
2806 1132 2903 1189 tibi
2930 1124 3050 1199 soli,
3082 1144 3138 1188 et
3173 1148 3333 1187 nemo
3372 1131 3585 1186 alienus
3604 1118 3713 1204 par-

2140 1229 2327 1301 ticipet
2352 1245 2419 1283 ex
2443 1229 2540 1283 eis.
2594 1220 2768 1281 llabct
2788 1240 2936 1295 ergo,
2965 1234 3023 1278 ut
3046 1222 3131 1278 bis
3150 1224 3414 1293 signatur,
3442 1224 3712 1301 unusqung

2143 1336 2249 1391 que
2279 1327 2526 1391 nostrum
2570 1319 2625 1373 in
2661 1314 2953 1386 semetipso
2995 1323 3257 1386 puteum;
3310 1312 3424 1370 imo
3446 1324 3501 1369 et
3530 1296 3712 1387 aliquid

2144 1413 2376 1484 amplius
2395 1411 2663 1469 dicimus:
2690 1408 3061 1479 unusquisque
3089 1415 3333 1462 nostrum
3355 1407 3415 1462 in
3441 1408 3713 1477 semetipso

2146 1524 2254 1564 non
2273 1515 2492 1578 puteum
2520 1520 2703 1573 unum,
2729 1502 2823 1559 sed
2855 1511 3048 1573 puteos
3093 1501 3314 1568 multos,
3338 1510 3393 1557 et
3424 1517 3533 1555 non
3566 1494 3711 1555 unum

2146 1616 2262 1667 vas,
2294 1596 2388 1654 sed
2419 1612 2548 1653 vasa
2575 1595 2762 1651 multa.
2829 1594 2948 1648 Non
2975 1592 3119 1649 enim
3158 1594 3291 1649 dixit
3324 1611 3337 1646 :
3390 1593 3526 1648 Bibe
3564 1610 3713 1663 aquas

2150 1693 2215 1753 de
2237 1701 2330 1750 tuo
2356 1706 2506 1757 vase,
2543 1689 2641 1746 sed
2663 1686 2727 1741 de
2753 1687 2857 1742 tuis
2885 1686 3020 1757 vasis
3036 1702 3067 1753 ~;
3104 1693 3159 1739 et
3182 1692 3292 1739 nun
3321 1678 3484 1749 dixit,
3503 1683 3565 1739 de
3586 1682 3711 1754 putei

2150 1784 2418 1851 wifonte,
2454 1783 2551 1839 sed
2576 1780 2639 1836 de
2681 1790 2957 1852 puteorum
2998 1787 3207 1857 tuorum
3248 1776 3413 1846 fonte.
3483 1772 3711 1847 Legimus

843 1850 981 1954 libro
1009 1915 1022 1951 :
1062 1850 1169 1952 nuit
1197 1896 1400 1951 dictum
1421 1902 1506 1948 est
1531 1891 1755 1961 incuius
1772 1850 2048 1961 prophetis
2150 1874 2404 1972 habuisti?
2431 1883 2487 1929 ει
2536 1871 2875 1972 Ρεινίπο-ιιῆε
2914 1852 3128 1971 ρυίεοει
3196 1856 3401 1972 Hal)in
3436 1867 3711 1972 ιξῦΐειρεὶιιξ,

471 1994 565 2049 vel
581 1992 906 2062 patriarcha:
951 1988 1125 2044 sancti
1168 1987 1326 2043 libro.
1382 1984 1566 2053 Neque
1610 1982 1917 2054 negandum
1965 1988 2051 2038 est

475 2086 642 2141 fuisse
664 2099 776 2154 1am
813 2082 1001 2148 libros,
1030 2082 1144 2137 sive
1169 2079 1566 2143 Chaldaeorum,
1622 2077 1767 2133 unde
1800 2090 2051 2147 egressus

473 2185 556 2232 εει
584 2162 880 2230 Abraham.
910 2173 1024 2229 sive
1046 2168 1444 2242 Egyptiorum,
1474 2168 1566 2223 ubi
1609 2167 1872 2223 didicerat
1905 2164 2052 2236 Moy-

474 2284 561 2323 ses
587 2281 802 2322 omnem
826 2264 1041 2320 illorum
1077 2262 1421 2333 sapientiam,
1447 2259 1561 2314 sive
1590 2258 1853 2329 cujusque
1875 2256 2052 2325 gentis

475 2360 717 2425 alterius,
768 2358 825 2412 in
854 2371 1085 2426 quorum
1112 2354 1377 2409 librorum
1403 2352 1584 2423 aliquo
1609 2351 1784 2422 potuit
1809 2364 1931 2407 esse
1951 2350 2054 2406 hoc

476 2450 758 2517 scriptum.
812 2447 914 2513 Qui
965 2456 1144 2500 tamen
1176 2458 1284 2499 non
1319 2444 1440 2499 ideo
1482 2443 1554 2498 sit
1599 2441 1955 2498 assumendus
1998 2440 2053 2495 in

476 2556 568 2595 cas
599 2539 930 2609 Scripturas,
958 2538 1154 2609 quibus
1175 2537 1358 2592 divina
1379 2534 1790 2591 commendatur
1820 2531 2055 2588 auctori-

478 2641 563 2687 tas
584 2673 597 2696 ,
624 2632 765 2687 sicut
800 2646 897 2685 nec
922 2630 1186 2701 propheta
1212 2628 1300 2684 ille
1321 2627 1613 2691 Cretensis,
1645 2624 1797 2694 cujus
1824 2624 2057 2680 mentio-

477 2738 601 2778 nem
628 2722 758 2777 facit
789 2722 1062 2792 apostolus
1096 2720 1296 2776 Paulus
1321 2738 1334 2773 :
1370 2718 1482 2773 Nec
1508 2717 1815 2773 Gracorum
1839 2717 2059 2786 scripto-

478 2830 559 2868 res
590 2826 607 2865 :
638 2831 729 2868 nec
778 2813 1090 2885 philosophi,
1142 2829 1234 2866 nec
1273 2820 1440 2882 poeta:
1478 2809 1604 2882 (Tit.
1636 2809 1701 2880 ι),
1747 2822 1885 2880 quos
1913 2807 2056 2862 idem

478 2904 593 2975 ipse
623 2902 895 2974 apostolus
919 2944 933 2968 ,
983 2918 1238 2976 magnum
1276 2916 1407 2957 sane
1456 2900 1657 2969 aliquid
1699 2908 1752 2954 et
1790 2898 2060 2953 veraciter

476 3003 786 3066 promptum
820 2996 959 3065 apud
985 2995 1345 3049 Athenienses
1396 2992 1645 3061 loquens,
1693 2990 1897 3045 dixisse
1931 3005 2059 3045 con-

480 3086 679 3140 ﬁrmat.
723 3085 788 3139 In
818 3086 907 3139 illo
934 3087 1073 3140 enim
1096 3086 1329 3150 vivimus,
1351 3100 1612 3137 movemur
1641 3095 1687 3135 et
1715 3097 1895 3135 sumus
1918 3079 2056 3151 (Act.

484 3178 639 3244 xvn).
694 3176 843 3231 Licet
869 3178 1012 3231 enim
1038 3176 1234 3229 divinae
1277 3175 1588 3229 auctoritati
1631 3174 1752 3229 inde
1806 3173 2056 3241 voluerit,

2150 1967 2341 2024 habuit
2362 1962 2512 2020 Isaac
2530 1970 2743 2034 puteos,
2767 1961 2957 2016 habuit
3002 1969 3181 2015 autem
3228 1967 3284 2014 et
3309 1952 3498 2014 Jacob.
3568 1959 3713 2014 Etab

2150 2058 2272 2119 istis
2303 2056 2479 2130 puteis
2501 2063 2714 2126 sumpto
2758 2052 2936 2121 initio,
2968 2064 3224 2130 percurre
3252 2068 3468 2108 omnem
3493 2040 3714 2124 Scriptu-

2153 2168 2270 2208 ram
2296 2158 2487 2221 puteos
2508 2149 2815 2219 requirens,
2845 2154 2901 2202 et
2921 2126 3141 2215 perveni
3188 2160 3363 2214 usque
3401 2145 3462 2198 ad
3490 2144 3715 2219 Evange-

2153 2238 2305 2307 lium,
2357 2247 2412 2296 et
2438 2232 2679 2293 invenies
2703 2232 2779 2292 ibi
2830 2244 3053 2308 puteum
3083 2250 3251 2304 supra
3281 2250 3435 2306 quem
3477 2233 3718 2291 Salvator

2154 2332 2378 2391 sedebat
2435 2333 2782 2404 requiescens
2842 2339 2966 2401 post
3013 2330 3229 2386 itineris
3281 2327 3554 2393 laborem;
3594 2337 3721 2383 tunc

2157 2440 2281 2480 cum
2302 2423 2552 2479 veniente
2588 2418 2813 2476 muliere
2843 2410 3208 2485 Samaritana,
3259 2427 3314 2475 et
3354 2418 3557 2474 volente
3594 2419 3719 2472 bau-

2159 2515 2268 2573 rire
2309 2528 2507 2584 aquam
2552 2512 2618 2569 de
2641 2521 2829 2583 puteo,
2867 2526 2985 2581 qua:
3012 2518 3159 2567 esset
3185 2509 3240 2564 in
3275 2502 3566 2579 Scripturis
3585 2509 3719 2579 putei

2160 2607 2245 2663 vel
2266 2614 2551 2676 puteorum
2573 2604 2747 2658 virtus
2764 2601 3073 2672 exponitur,
3091 2610 3147 2656 et
3162 2601 3494 2671 comparatio
3506 2600 3563 2656 lit
3576 2616 3719 2671 aqua-

2161 2715 2307 2765 rum,
2328 2699 2419 2754 ubi
2444 2706 2498 2754 et
2518 2697 2698 2752 divina
2732 2692 2976 2767 mysterii
2996 2692 3307 2766 panduntur
3338 2710 3533 2750 arcana
3556 2692 3717 2766 (Joan.

2160 2790 2258 2861 1v).
2291 2790 2499 2845 Dicitur
2543 2788 2691 2844 enim
2718 2807 2731 2841 :
2786 2785 2845 2842 Si
2874 2787 2991 2858 quis
3021 2784 3159 2840 bibat
3185 2802 3251 2839 ea:
3286 2778 3370 2840 liis
3398 2787 3563 2857 aquis,
3599 2800 3718 2856 quas

2162 2884 2475 2939 continebat
2495 2892 2688 2954 puteus
2716 2879 2804 2935 ille
2825 2880 3249 2944 terrenus,sitiet
3274 2896 3484 2934 rursus.
3515 2878 3610 2945 Qui
3637 2896 3723 2932 au-

2164 2987 2266 3032 tem
2283 2994 2346 3031 ea:
2363 2976 2468 3030 illis
2491 2976 2845 3044 biberit,quas
2874 2974 2964 3028 dat
2985 2970 3165 3038 Jesus,
3193 2972 3283 3040 ﬁet
3298 2972 3355 3025 in
3377 2990 3439 3027 eo
3470 2972 3723 3044 fossaque:

2163 3067 2399 3121 salientis
2422 3067 2476 3119 in
2504 3066 2662 3118 vitam
2688 3072 2956 3119 wternam.
2998 3062 3168 3132 igitur
3196 3065 3496 3119 secundum
3518 3079 3597 3127 ea,
3620 3077 3724 3132 qua:

2165 3160 2223 3215 in
2260 3157 2565 3213 Proverbiis
2587 3157 2787 3227 scripta
2825 3155 3226 3226 proposuimus,
3279 3144 3373 3210 ubi
3416 3158 3553 3227 putei
3579 3154 3730 3210 simul

482 3266 628 3336 quod
650 3282 837 3320 verum
864 3267 1129 3320 invenem
1165 3266 1531 3320 testimonium
1562 3278 1798 3328 sumere,
1827 3265 1921 3319 sed
1952 3279 2059 3318 ηοη
2091 3240 2136 3304 C
2168 3268 2291 3306 cum
2314 3251 2462 3305 fonte
2492 3253 2860 3318 nominantur,
2880 3252 3259 3324 accipiendum
3287 3264 3375 3309 est
3388 3255 3600 3310 verbum
3618 3252 3729 3307 Dei.

488 3358 612 3411 ideo
651 3357 854 3418 omnia,
888 3370 1007 3425 qua:
1045 3355 1117 3408 ibi
1171 3357 1368 3423 scripta
1398 3364 1547 3418 sunt,
1596 3352 1911 3422 accipienda
1935 3368 2065 3407 con-

487 3446 689 3503 ﬁrmat.
768 3446 877 3500 Cur
929 3454 1107 3500 autem
1156 3445 1281 3510 hoc,
1313 3446 1417 3499 isto
1464 3450 1945 3499 commemoratum
1993 3444 2067 3497 sit

485 3534 624 3601 loco,
678 3551 785 3591 non
826 3534 1105 3591 evidenter
1152 3544 1409 3605 apparet,
1452 3532 1558 3590 nisi
1603 3534 1764 3599 forte,
1823 3543 1882 3590 ut
1932 3533 2068 3589 lines

484 3629 599 3685 illic
628 3629 769 3683 inter
794 3627 927 3682 duas
965 3635 1156 3696 gentes
1201 3626 1680 3691 constituerentur,
1716 3623 1854 3681 bello
1886 3634 2067 3680 actum

488 3728 594 3788 est,
639 3720 781 3791 quod
826 3714 1025 3773 bellum
1071 3716 1311 3787 eiusdem
1367 3715 1470 3773 loci
1515 3719 1792 3784 homines,
1850 3727 2070 3789 propter

489 3813 915 3886 magnitudinem
943 3853 958 3879 ,
1013 3812 1212 3867 bellum
1256 3808 1466 3865 Domini
1515 3825 1637 3866 esse
1670 3811 1966 3876 dixerunt,
2010 3817 2071 3863 ut

488 3904 825 3960 scriberetur
883 3900 939 3956 in
999 3902 1180 3972 aliquo
1230 3916 1421 3957 eorum
1467 3899 1609 3956 libro
1633 3938 1650 3966 ,
1706 3899 1913 3956 Bellum
1966 3899 2071 3955 Do-

492 3994 648 4050 mini.

1076 4060 1303 4119 CAPUT
1330 4061 1418 4117 Ill.

496 4167 597 4226 Ubi
634 4171 892 4225 Dominus
943 4184 1134 4239 aquam
1167 4172 1231 4226 de
1255 4182 1409 4241 puteo
1436 4172 1576 4226 dedit
1596 4171 1723 4239 ﬁliis
1759 4171 1930 4227 Israel
1954 4186 1972 4223 :
2023 4181 2071 4226 et

754 4241 977 4305 cantico,
1000 4241 1139 4308 quod
1165 4250 1237 4293 est
1263 4254 1417 4309 super
1443 4257 1560 4293 eum
1593 4241 1809 4295 dictant.

568 4351 718 4427 (CAP.
750 4348 888 4422 ut.)
927 4349 1015 4404 Ea:
1039 4365 1100 4404 eo
1130 4348 1244 4405 loco
1271 4352 1512 4421 apparuit
1541 4359 1747 4422 ptum,
1770 4370 1928 4424 super
1970 4371 2073 4425 quo

494 4448 699 4502 locutus
727 4453 803 4500 est
828 4438 1089 4497 Dominus
1110 4439 1180 4494 ad
1203 4434 1423 4510 Moysen
1452 4455 1471 4493 .'
1514 4438 1784 4514 Congrega
1802 4443 2071 4514 populum,

495 4545 543 4590 et
568 4532 705 4589 dabo
735 4534 783 4588 ei
812 4542 1023 4604 aquam.
1074 4522 1175 4586 llic
1199 4537 1304 4599 est,
1344 4530 1541 4601 inquit,
1563 4543 1779 4604 puteus,
1807 4547 1969 4604 quem
1994 4535 2076 4591 di-

496 4627 578 4681 xit
600 4625 857 4681 Dominus
878 4625 945 4683 ad
971 4622 1194 4695 Moysen
1220 4643 1233 4678 :
1285 4621 1555 4696 Congrega
1574 4625 1849 4697 populum,
1870 4636 1919 4680 et
1937 4627 2072 4682 dabo

499 4718 573 4772 eis
595 4732 784 4787 aquam
813 4713 1001 4771 bibere.
1028 4710 1113 4771 Ita
1134 4708 1239 4773 hoc
1275 4727 1760 4777 commemoratum
1787 4727 1892 4786 est,
1918 4722 2074 4790 quasi

500 4807 695 4866 alicubi
723 4809 971 4876 superius
992 4809 1096 4865 hoc
1116 4808 1188 4864 ad
1208 4809 1429 4881 Moysen
1458 4810 1661 4866 dixisse
1687 4810 1951 4868 Dominus
1998 4812 2076 4868 le-

499 4909 676 4972 gatur.
731 4894 837 4953 Sed
857 4899 982 4967 quia
1009 4915 1278 4971 nusquam
1318 4898 1639 4970 reperiatur,
1671 4903 1761 4958 bie
1784 4901 2078 4975 intelligen-

503 4994 631 5048 dum
656 4997 759 5057 est,
806 4998 863 5044 et
910 4989 1022 5044 illic
1049 4990 1250 5048 bibisse
1287 4993 1546 5063 populum
1586 4994 1678 5061 qui
1726 4994 1794 5050 de
1832 4996 2078 5052 siccitate

501 5082 957 5154 wnquerebatur.
990 5076 1130 5148 Quid
1156 5090 1238 5138 est
1261 5085 1408 5138 enim
1433 5084 1575 5153 quod
1597 5099 1923 5156 magnopere
1942 5102 2081 5157 prae-

503 5176 650 5245 cepit
695 5174 838 5230 Deus
877 5170 1048 5242 Moysi
1078 5173 1331 5241 populum
1382 5190 1732 5248 congregare,
1778 5185 1841 5233 ut
1884 5182 1975 5236 det
2002 5181 2082 5236 eis

504 5281 701 5337 aquam
715 5265 979 5322 bibercde
1006 5265 1204 5335 puteo?
1229 5265 1394 5333 Quasi
1411 5284 1542 5326 vero
1569 5286 1679 5327 non
1696 5270 1863 5328 etiam
1891 5281 2085 5344 sponte

505 5359 736 5433 populus
760 5358 982 5415 bibendi
1005 5357 1182 5428 gratia
1216 5361 1530 5419 conveniret
1549 5362 1619 5419 ad
1644 5371 1885 5435 puteum.
1941 5364 2083 5433 Quid

507 5466 637 5523 ergo
666 5450 804 5507 tanti
830 5463 928 5506 ore
949 5448 1226 5521 prophetae
1249 5452 1580 5522 praecipitur,
1621 5462 1684 5509 ut
1714 5457 1934 5528 proprio
1950 5465 2079 5513 stu-

509 5545 600 5600 dio
628 5552 683 5603 et
710 5543 894 5599 labore
914 5551 1205 5615 congreget
1234 5544 1490 5614 populum
1516 5548 1586 5601 ad
1612 5542 1960 5605 hauriendam
1990 5565 2086 5620 pu-

509 5634 584 5688 tei
612 5634 838 5703 aquam?
888 5633 1041 5689 Unde
1060 5634 1240 5690 vilitas
1270 5634 1463 5690 litterae
1490 5636 1557 5691 ad
1573 5638 1963 5706 pretiositatem
1986 5658 2083 5698 nos

513 5723 769 5791 spiritalis
800 5727 1027 5781 remittit
1078 5726 1461 5798 intelligentiae.
1514 5729 1581 5783 Et
1605 5729 1722 5787 ideo
1758 5735 2086 5791 conveniens

514 5812 662 5879 puto,
703 5816 863 5868 etiam
890 5816 956 5869 de
984 5816 1105 5871 aliis
1138 5816 1430 5888 Scriptura:
1471 5820 1603 5876 locis
1643 5831 1923 5891 puteorum
1955 5842 2086 5881 con-

2168 3344 2369 3399 Puteus
2385 3344 2627 3413 quidem,
2662 3346 2707 3399 si
2733 3344 2985 3415 profundi
3012 3346 3219 3416 aliquid
3264 3347 3543 3417 mysteriis
3572 3345 3733 3417 tegit:

2169 3436 2291 3493 fons
2317 3445 2518 3503 autem,
2545 3438 2592 3492 si
2616 3438 2682 3493 ad
2701 3438 2929 3509 populos
2951 3439 3193 3495 abundat
3213 3448 3271 3495 et
3287 3440 3480 3495 eﬁluit.
3514 3439 3614 3495 Sed
3636 3454 3737 3495 non

2170 3530 2281 3585 otio
2313 3529 2447 3603 ML,
2475 3530 2672 3602 otiose]
2723 3533 3109 3600 requirendum
3138 3533 3412 3602 quomodo
3462 3548 3740 3604 possumus

2169 3622 2434 3693 pluralem
2476 3639 2761 3679 numerum
2805 3625 2874 3680 de
2893 3626 3070 3695 puteis
3097 3641 3381 3698 exponere,
3415 3635 3469 3680 et
3508 3625 3747 3695 singula-

2172 3727 2292 3769 rem
2317 3715 2385 3770 de
2405 3714 2556 3770 fonte
2585 3733 2597 3768 :
2650 3714 2781 3785 quia
2812 3715 2866 3770 in
2904 3714 3203 3772 Proverbiis
3242 3715 3370 3769 dicit
3411 3714 3705 3783 Sapientia
3729 3731 3747 3768 :

2160 3804 2301 3870 Bibe
2320 3824 2489 3877 aquas
2508 3808 2572 3861 de
2591 3816 2865 3877 puteorum
2885 3818 3093 3863 tuorum
3106 3808 3238 3879 fonte
3252 3804 3540 3879 (Promv).
3558 3807 3744 3862 Videa—

2173 3894 2296 3955 mus
2336 3914 2466 3971 ergo
2511 3916 2741 3971 quorum
2769 3909 3058 3971 puteorum
3086 3917 3249 3957 unum
3282 3901 3489 3957 dixerit
3532 3902 3740 3957 fontem.

2173 3990 2286 4060 Ego
2312 3998 2443 4059 puto
2468 3991 2613 4060 quod
2641 3991 2867 4047 scientia
2895 3992 3127 4060 ingeniti
3166 3991 3367 4059 Putris,
3427 4008 3559 4047 unus
3581 3990 3744 4061 possit

2173 4083 2401 4152 intelligi
2449 4090 2644 4153 puteus
2670 4100 2683 4135 :
2716 4083 2815 4138 sed
2838 4091 2895 4137 et
2920 4084 3186 4157 unigeniti
3205 4083 3331 4137 Filii
3362 4082 3481 4151 ejus
3530 4083 3741 4154 agnitio,

2175 4172 2313 4229 alius
2339 4179 2535 4244 puteus
2570 4173 2764 4231 debeat
2807 4173 3055 4244 intelligi.
3123 4174 3285 4231 Alius
3340 4175 3489 4231 enim
3526 4190 3556 4230 a
3596 4173 3743 4230 Patre

2174 4264 2368 4328 Filius,
2403 4273 2460 4320 et
2483 4280 2592 4320 non
2612 4265 2756 4321 idem
2782 4264 2955 4321 Filius
2981 4266 3075 4335 qui
3093 4275 3151 4323 et
3192 4266 3378 4332 Pater,
3407 4268 3549 4322 simt
3567 4276 3619 4321 et
3641 4268 3744 4337 ipse

2175 4355 2235 4412 in
2258 4355 2548 4427 Evangelia
2581 4355 2729 4413 dicit.
2780 4357 2935 4414 Alius
2953 4366 3041 4414 est
3067 4359 3288 4432 quidem
3311 4372 3368 4417 et
3390 4363 3743 4419 testimonium

2176 4449 2310 4505 dicit
2336 4447 2517 4505 Pater.
2576 4448 2647 4504 Et
2672 4464 2881 4516 rursus,
2930 4452 3154 4507 tertium
3200 4462 3335 4521 puto
3378 4455 3548 4511 videri
3597 4469 3745 4524 posse

2178 4547 2427 4610 puteum,
2447 4540 2809 4610 cognitionem
2839 4539 3074 4611 Spiritus
3094 4545 3287 4599 sancti.
3318 4543 3471 4600 Alius
3497 4546 3741 4609 estenim,

2182 4639 2238 4687 et
2262 4632 2377 4702 ipse
2399 4647 2432 4686 a
2458 4630 2621 4686 Patre
2649 4642 2704 4687 et
2729 4631 2889 4698 Filio,
2917 4636 3059 4689 sicut
3087 4637 3155 4691 de
3184 4635 3306 4706 ipso
3327 4636 3675 4692 nihilominus
3700 4640 3746 4692 ia

2182 4723 2492 4795 Evangeliis
2524 4723 2762 4778 dicitur:
2813 4723 2986 4779 Mittet
3026 4726 3168 4781 vobis
3205 4726 3373 4783 Pater
3398 4728 3557 4784 alium
3604 4746 3750 4799 pars-

2182 4816 2376 4872 cletum
2398 4816 2656 4887 Spiritum
2691 4815 2923 4870 veritatis
2953 4816 3134 4885 (Joan.
3168 4817 3302 4889 xxv).
3347 4818 3442 4874 Est
3485 4834 3619 4888 ervo
3645 4820 3752 4874 hac

2184 4908 2349 4963 trium
2384 4906 2660 4963 distinctio
2704 4921 3083 4977 personarum,
3131 4909 3188 4965 in
3224 4908 3404 4975 Patre,
3427 4920 3482 4965 et
3509 4910 3672 4977 Filio,
3706 4919 3754 4965 et

2187 4998 2395 5070 Spiritu
2414 5006 2625 5066 meto,
2642 5015 2762 5069 quae
2781 5000 2848 5054 ad
2867 5000 3131 5071 pluralem
3156 5010 3442 5072 puteorum
3470 5016 3758 5060 numerum

2177 5100 2483 5148 revocatur.
2521 5091 2627 5148 Sed
2648 5092 2841 5149 borum
2867 5100 3152 5163 puteorum
3171 5110 3313 5151 unus
3334 5095 3475 5160 fons,
3506 5111 3619 5153 una
3637 5098 3761 5153 sub-

2179 5184 2381 5239 stantia
2407 5190 2511 5251 est,
2558 5192 2614 5241 et
2641 5192 2834 5240 natura
2871 5184 3175 5244 Trinitatis.
3232 5188 3303 5243 Et
3330 5188 3429 5245 hoc
3466 5188 3641 5245 modo
3662 5204 3766 5246 nm

2178 5273 2353 5329 otiosa
2390 5273 2694 5331 invenietur
2729 5273 3027 5346 Scriptura:
3077 5284 3283 5333 sancta:
3319 5277 3597 5333 distinctio
3651 5295 3769 5351 qua

2181 5366 2316 5422 dicit
2329 5366 2705 5438 deputeorum
2725 5368 2893 5425 fonte.
2944 5369 3098 5426 Tunc
3123 5371 3326 5426 cecinit
3348 5369 3770 5429 lsraelcnrrnen

2181 5458 2328 5515 istud
2357 5476 2374 5515 :
2401 5458 2664 5514 Ascendat
2712 5469 2921 5531 puteus,
2970 5462 3338 5529 concinebant,
3388 5471 3578 5533 puteus
3618 5480 3772 5535 quas

2183 5551 2430 5623 foderunt
2450 5553 2707 5625 principes
2735 5563 2784 5610 et
2804 5563 3126 5625 paraverunt
3150 5556 3311 5610 duces
3330 5555 3707 5613 multitudinis
3730 5561 3776 5611 is

2183 5645 2369 5699 datare
2394 5644 2521 5716 legis
2540 5656 2586 5701 et
2617 5648 2674 5701 in
2693 5648 2892 5703 baculis
2914 5650 3050 5725 ejus.
3086 5648 3225 5704 Sunt
3247 5666 3379 5721 ergo
3404 5651 3551 5722 putei
3588 5653 3774 5715 multi,

2185 5751 2319 5806 quos
2366 5736 2600 5794 diximus
2621 5755 2740 5796 esse
2788 5741 2930 5796 intra
2959 5743 3217 5798 animam.
3276 5742 3416 5798 Sunt
3441 5751 3499 5798 et
3526 5743 3630 5799 alii
3662 5746 3783 5814 plu-

2185 5830 2331 5895 rimi,
2361 5832 2454 5890 uui
2512 5832 2569 5885 in
2607 5834 2832 5903 singulis
2873 5835 3175 5905 quibusque
3208 5836 3632 5906 Scripturarurn
3677 5857 3784 5897 ser.
