3890 6340
194 253 293 326 ’711
897 241 1436 301 ENARRATIONES
1475 243 1542 299 lN
1580 242 1772 298 unm

1881 235 2346 296 NUMERORUM.
2380 267 2452 278 -—
2489 235 2616 291 LIB.
2658 233 2764 290 III.‘

3353 232 3463 296 7i8

199 331 441 425 monibus
474 360 849 433 intelliguntur
873 368 930 415 et
973 360 1245 415 sensibus.
1315 358 1414 414 Est
1443 367 1626 412 tamen
1642 357 1776 412 emi-
1801 365 1852 424 Α
1881 353 1948 409 ad
1976 354 2341 410 obedientiam
2364 351 2487 409 ﬁdei
2518 355 2935 424 congregarunt,
2978 357 3034 404 et
3059 347 3262 407 Christi
3289 349 3467 410 scieuo

197 458 401 516 neutior
433 455 641 510 caeteris
676 455 778 509 iste
795 461 990 525 puteus
1026 462 1082 507 et
1108 453 1362 517 eximius,
1389 452 1460 506 de
1482 466 1590 521 quo
1621 460 1678 506 et
1713 451 1772 507 in

196 549 441 624 persenti
490 548 607 601 loco
652 545 935 616 Scriptura
975 545 1132 612 dicit,
1180 545 1307 616 quia
1346 544 1600 602 foderant
1646 559 1772 602 eum

198 659 294 700 non
335 642 646 710 quicunque
695 653 1012 696 communes
1035 639 1307 706 homines,
1341 641 1437 698 sed
1473 639 1772 712 principes,

196 745 244 791 et
262 733 438 788 adhuc
465 733 658 788 horum
695 730 1058 797 sublimior-es,
1103 745 1241 800 quos
1276 745 1432 803 reges
1461 731 1770 802 appellavit.

195 829 414 899 Propter
433 827 580 896 quod
596 834 653 882 et
681 827 891 882 canitur
918 826 1033 882 Deo
1068 825 1212 894 apud
1234 826 1381 881 hunc
1397 824 1648 880 eumdem
1672 838 1774 896 pu-

195 931 346 976 teum.
395 919 482 973 Ad
526 904 691 973 istum
741 932 871 988 ergo
903 925 1146 990 puteum,
1196 925 1258 972 ut
1295 915 1528 988 Moyses,
1561 917 1618 972 id
1666 925 1770 983 est,

192 1013 270 1066 lex
296 1026 395 1066 nos
425 1017 741 1082 congreget,
769 1023 875 1065 non
923 1007 1129 1064 frustra
1148 1008 1367 1064 videtur
1395 1008 1618 1063 dictum.
1669 1006 1774 1062 Po-

194 1109 289 1158 test
323 1103 473 1157 enim
495 1102 611 1158 ﬁeri
645 1110 706 1156 ut
730 1101 926 1172 aliquis
953 1101 1023 1155 ad
1041 1101 1206 1156 istum
1236 1108 1462 1170 puteum
1486 1101 1676 1156 venire
1691 1101 1773 1154 vi-

191 1192 408 1247 deatur:
451 1193 546 1248 sed
579 1193 681 1248 nisi
723 1207 821 1262 per
870 1191 1089 1263 Moysen
1121 1200 1504 1263 congregetur,
1553 1205 1662 1247 non
1687 1200 1774 1247 est

191 1292 438 1355 acceptus
467 1285 596 1341 Deo.
630 1284 868 1340 Marcion
883 1284 1097 1343 venisse
1127 1284 1230 1339 sibi
1270 1284 1486 1337 videtur
1517 1283 1585 1336 ad
1607 1283 1774 1338 istum

189 1387 428 1450 puteum,
454 1388 509 1435 et
535 1377 800 1434 Basilides
823 1385 879 1432 et
911 1377 1264 1440 Valentinus;
1295 1377 1390 1431 sed
1408 1376 1537 1445 quia
1555 1390 1666 1430 non
1685 1387 1777 1430 νο*

187 1480 376 1527 nerunt
402 1484 501 1541 per
522 1471 762 1542 Moysen,
789 1485 899 1525 non
918 1476 1241 1537 receperunt
1267 1467 1443 1537 legem
1469 1477 1525 1520 et
1545 1465 1777 1536 prophe-

185 1570 282 1631 tas,
313 1579 424 1618 non
459 1568 688 1634 possunt
708 1561 930 1616 laudare
962 1559 1250 1614 Dominum
1277 1557 1450 1611 Deum
1500 1556 1568 1610 de
1613 1556 1776 1610 finiti-

179 1657 276 1713 bus
315 1656 509 1712 Israel.
585 1654 705 1710 Non
727 1669 858 1724 ergo
887 1653 1129 1717 veniunt,
1179 1651 1272 1720 qui
1294 1648 1599 1718 huiusmodi
1625 1657 1770 1714 sunt,

1877 447 2008 502 tiam
2039 448 2289 506 omnibus
2337 444 2756 518 patefecerunt,
2801 443 2856 496 in
2896 455 3004 512 quo
3049 451 3175 497 sunt
3221 445 3464 503 thesauri

1875 537 2151 608 sapientiae
2171 545 2227 594 et
2253 536 2497 592 scientiae
2524 529 2847 589 absconditi.
2889 523 2957 587 Et
2984 531 3163 588 omnis
3187 531 3467 606 Scriptura

1875 627 2013 701 legis
2033 635 2088 684 et
2113 626 2519 699 prophetarum,
2561 621 2872 695 evangelica
2909 639 3124 695 quoque
3147 631 3312 696 atque
3340 641 3470 697 apo-

1874 719 2072 778 stolica
2101 720 2304 790 scripta
2318 717 2478 774 simul
2502 713 2683 772 omnia
2717 731 2858 772 unus
2904 723 2986 771 est
3025 725 3261 788 puteus;
3303 734 3469 790 quem

1874 829 1984 872 non
2009 821 2239 885 possunt
2265 811 2448 872 fodere
2475 817 2653 882 neque
2679 805 2952 876 excidere,
2986 807 3092 866 nisi
3116 809 3470 868 inveniantur

1875 920 2033 978 reges
2061 913 2118 961 et
2153 903 2446 976 principes.
2492 901 2633 958 Vere
2661 901 2806 958 enim
2836 914 2995 975 reges
3045 903 3100 956 et
3121 917 3249 959 vere
3265 902 3470 974 princi-

1872 1010 1974 1068 pes
2000 996 2236 1054 habendi
2281 1002 2428 1062 sunt,
2483 993 2577 1067 qui
2623 1000 2851 1065 possunt
2901 990 3117 1050 auferre
3163 1003 3368 1051 terram
3399 995 3468 1052 de

1873 1097 2040 1160 puteo
2064 1089 2190 1153 hoc,
2227 1096 2283 1142 et
2309 1100 2561 1142 amovere
2575 1100 2738 1156 super
2762 1083 2957 1142 faciem
2981 1083 3196 1154 litterm,
3224 1087 3357 1143 etde
3382 1087 3466 1143 in-
3509 1093 3512 1096 ’

1875 1181 2080 1246 teriore
2103 1188 2278 1251 petra,
2310 1178 2402 1234 ubi
2433 1178 2684 1235 Christus
2712 1185 2816 1243 est,
2847 1175 3121 1248 spiritales
3157 1183 3350 1234 sensus
3375 1193 3468 1234 vc-

1875 1273 1958 1328 lut
1983 1289 2180 1344 aquam
2202 1273 2382 1328 vivam
2407 1270 2673 1344 proferre.
2722 1269 2839 1327 Hoc
2866 1285 2995 1342 ergo
3029 1271 3183 1326 decet
3205 1283 3298 1327 eos
3320 1267 3465 1332 solos

1877 1363 2078 1431 facere,
2118 1365 2211 1434 qui
2244 1363 2329 1418 vel
2364 1378 2521 1434 reges
2547 1370 2672 1417 sunt
2707 1359 2792 1416 vel
2834 1359 3124 1432 principes.
3182 1360 3358 1433 Reges
3409 1357 3468 1416 et
3503 1419 3506 1424 _

1880 1469 1948 1511 ex
1973 1471 2038 1511 eo
2066 1457 2227 1524 dicto,
2264 1456 2404 1526 quod
2431 1455 2640 1524 peccati
2664 1468 2888 1525 regnum
2912 1451 2978 1508 de
2999 1467 3226 1522 corpore
3244 1442 3349 1507 suo
3375 1466 3468 1507 ex-

1875 1546 2134 1616 pulerint,
2165 1555 2220 1602 et
2237 1545 2464 1617 justitia:
2505 1560 2731 1616 regnum
2767 1541 3081 1615 paraverint
3116 1543 3171 1597 in
3205 1541 3466 1598 membris

1875 1652 2011 1695 illis.

170 1749 235 1808 ad
261 1756 499 1819 puteum
533 1762 696 1818 quem
737 1744 995 1800 foderunt
1025 1742 1299 1813 principes
1334 1749 1390 1794 et
1437 1741 1772 1795 excuderunt

1945 1753 2341 1822 Desolitadine,
2365 1753 2423 1808 in
2447 1749 2704 1807 Mat/naua
2729 1768 2748 1806 :
2779 1751 2845 1806 de
2873 1750 3152 1817 Malliana,
3189 1751 3462 1808 Nahaliel.
3495 1759 3506 1775 ‘

164 1855 344 1914 reges.
425 1839 537 1895 Sed
574 1838 741 1892 vultis
767 1835 1052 1892 ostendam
1099 1833 1255 1890 vobis
1287 1832 1358 1888 de
1381 1831 1679 1901 Scripturis
1701 1833 1770 1886 ad

154 1945 294 2010 quos
349 1931 466 1990 is-ti
516 1930 667 2002 putei
715 1927 987 1984 veniunt?
1047 1926 1144 1981 Est
1172 1939 1302 1996 ergo
1329 1923 1486 1978 vallis
1523 1923 1771 1994 quaedam

153 2025 318 2092 (nisa,
339 2027 399 2080 in
451 2035 559 2093 qua
582 2020 720 2076 valle
739 2028 868 2075 sunt
893 2019 1040 2089 putei
1060 2016 1361 2072 bituminis.
1415 2014 1616 2072 Omnes
1640 2031 1772 2086 ergo

162 2117 406 2170 haereses
465 2121 520 2165 et
561 2124 720 2166 omne
768 2116 1052 2179 peccatum
1086 2109 1140 2162 in
1181 2107 1320 2162 valle
1338 2115 1445 2174 est,
1472 2107 1608 2162 etin
1630 2107 1771 2163 valle

177 2202 336 2258 falsa».
365 2203 657 2258 Peccatum
685 2202 832 2256 enim
855 2209 913 2255 et
943 2200 1202 2269 iniquitas
1227 2214 1338 2255 non
1377 2200 1625 2256 ascendit
1649 2216 1771 2256 sur~

180 2303 322 2361 sum,
353 2293 448 2348 sed
477 2303 689 2362 semper
712 2293 781 2347 ad
825 2292 934 2346 ima
961 2301 1019 2346 et
1066 2290 1282 2345 inferna
1331 2291 1627 2346 descendit.
1673 2292 1772 2348 Est

179 2401 304 2458 ergo
338 2386 394 2440 in
423 2384 560 2440 valie
590 2385 798 2456 positus
838 2393 893 2439 et
924 2383 1100 2439 salsus
1126 2392 1292 2454 atque
1321 2398 1566 2449 amarus,
1590 2383 1770 2438 clunis

181 2477 470 2534 haereticus
485 2491 702 2543 sensus,
732 2485 789 2533 et
814 2478 992 2532 omnis
1013 2484 1168 2533 actus
1181 2477 1414 2547 peccati.
1463 2477 1600 2544 Quid
1623 2478 1771 2532 enim

182 2571 346 2638 dulce,
370 2569 502 2643 quid
527 2579 692 2628 suave
717 2579 896 2641 potest
921 2572 1122 2627 habere
1151 2579 1459 2642 peccatum.
1523 2571 1631 2626 Sed
1657 2587 1772 2626 am-

179 2657 311 2734 plius
341 2663 554 2736 aliqud
576 2665 760 2722 habet.
836 2665 892 2720 Si
921 2667 1064 2720 enim
1101 2666 1322 2721 veneris
1364 2666 1431 2720 ad
1455 2666 1772 2721 haereticam

181 2758 525 2825 sententiam,
561 2757 610 2813 si
631 2758 849 2814 veneris
873 2759 939 2813 ad
971 2759 1388 2813 amaritudinem
1425 2757 1656 2826 peccati,
1679 2771 1773 2811 ve-

179 2849 299 2904 nisti
346 2851 414 2906 ad
460 2859 663 2921 puteos
702 2851 1005 2906 bituminis.
1070 2851 1344 2915 Bitumcn,
1370 2863 1493 2905 esca
1525 2858 1581 2903 et
1606 2850 1774 2904 nutri-

180 2952 408 2998 mentum
443 2944 614 3015 ignis.
689 2942 746 2997 Si
778 2957 907 3015 crgo
930 2952 983 2997 et
1009 2952 1118 2997 tum
1151 2942 1454 3013 gustaveris
1475 2955 1671 3010 aquam
1703 2941 1774 2996 de

1875 1845 1956 1902 De
2001 1845 2251 1901 Nahaliel
2302 1847 2360 1899 in
2408 1843 2658 1909 Gamotlt,
2710 1859 2828 1913 qua:
2868 1841 3020 1896 vallis
3063 1849 3138 1896 est
3178 1842 3232 1896 in
3260 1844 3468 1914 regione

1875 1935 2038 1992 Hoc.
2066 1937 2122 1992 in
2145 1935 2334 1992 uertice
2353 1933 2600 1989 Phaedra
2624 1950 2642 1988 :
2669 1933 2808 2004 quod
2839 1933 3046 2003 respicit
3074 1941 3264 1988 contra
3289 1933 3467 2001 deser-

1875 2035 2007 2082 tum.
2063 2026 2312 2082 Posthac
2351 2034 2414 2082 et
2460 2042 2493 2081 a
2537 2035 2724 2096 puteo,
2754 2024 2950 2094 inquit,
2978 2022 3208 2093 profecti
3237 2032 3364 2080 sunt
3406 2025 3464 2080 in
3501 2093 3506 2098 .

1873 2117 2158 2183 ﬂamma;
2219 2125 2278 2173 et
2317 2116 2570 2173 Mathaaa
2595 2116 2651 2170 in
2693 2113 2977 2180 Nahaliel;
3022 2119 3080 2170 et
3117 2113 3185 2168 de
3223 2112 3464 2171 Nahaliel

1872 2211 1928 2265 in
1957 2210 2187 2266 Bamuth
2212 2227 2228 2277 ;
2255 2217 2310 2265 et
2337 2225 2366 2264 a
2395 2209 2644 2274 Baiuoth,
2691 2222 2814 2278 quas
2847 2215 2935 2263 est
2975 2206 3030 2262 in
3067 2221 3260 2278 campo
3285 2207 3465 2272 Moab,

1873 2302 1930 2356 in
1959 2315 2154 2358 nemus
2191 2320 2223 2358 a
2268 2303 2474 2358 vertice
2498 2301 2700 2356 mntis
2725 2301 2877 2366 caesi,
2920 2300 3014 2371 qui
3044 2300 3267 2369 respicit
3293 2298 3361 2354 ad
3387 2299 3466 2352 fa-

1873 2395 2010 2450 ciem
2034 2396 2256 2450 deserti.
2308 2395 2538 2450 Nomina
2584 2395 2702 2450 haec
2739 2407 2862 2464 quae
2925 2393 3175 2448 videntur
3222 2390 3463 2448 locorum

1873 2499 1995 2540 esse
2035 2487 2318 2552 vocabula,
2352 2496 2412 2542 et
2455 2486 2851 2556 signiﬁcantias
2877 2500 3005 2542 suas
3034 2484 3089 2539 in
3128 2483 3310 2555 lingua
3337 2499 3464 2554 pro-

1871 2576 1990 2645 pria
2015 2575 2324 2648 designant,
2347 2593 2531 2632 rerum
2551 2576 2726 2647 magis
2749 2576 3104 2648 mysticarmn
3131 2589 3466 2644 consequen-

1873 2667 2024 2722 tiam
2060 2684 2225 2738 quam
2289 2670 2677 2725 vocabulorum
2742 2668 3161 2738 appellationem
3214 2667 3467 2722 videntur

1873 2760 2184 2814 ostendere.
2215 2760 2452 2816 Profecti
2478 2760 2646 2823 enim,
2699 2758 2898 2826 inquit,
2949 2774 2980 2812 a
3016 2765 3200 2827 puteo,
3241 2756 3467 2811 veniunt

1876 2850 1932 2905 in
1964 2851 2241 2908 Mathana.
2295 2852 2692 2921 interpretatur
2722 2859 2904 2906 autem
2949 2848 3206 2904 Malliana
3245 2864 3465 2903 munera

1872 2942 2128 3012 ipsorum.
2187 2941 2348 2997 Vides
2385 2956 2537 3012 ergo,
2566 2940 2693 3009 quia
2722 2939 2768 2994 si
2814 2937 2936 3007 quis
2965 2939 3031 2993 de
3071 2947 3236 3008 puteo
3260 2939 3366 2994 hoc
3383 2937 3467 2993 hi-

181 3037 289 3094 istis
319 3037 526 3110 puteis,
553 3036 601 3092 si
630 3037 926 3106 sumpseris
947 3036 1262 3091 haereticnm
1294 3049 1535 3102 sensum,
1560 3037 1606 3090 si
1643 3047 1770 3106 pee-
1841 3033 2017 3090 -berit
2047 3049 2208 3106 quem
2251 3035 2504 3090 foderunt
2534 3048 2692 3104 reges
2717 3041 2772 3087 et
2811 3031 3105 3103 principes,
3128 3032 3311 3087 statim
3339 3046 3466 3102 pro-

178 3129 273 3184 cati
301 3128 728 3185 amaritudinem
758 3130 1012 3199 caperis,
1070 3127 1310 3183 fomenta
1365 3129 1418 3183 in
1445 3135 1498 3184 te
1543 3128 1683 3199 ignis
1708 3136 1766 3182 et
1789 3124 1836 3190 C
1869 3130 1984 3185 ﬁcit
2045 3129 2111 3184 ad
2155 3131 2278 3193 hoc,
2307 3138 2368 3182 ut
2407 3128 2604 3183 habeat
2644 3140 2869 3181 munera
2918 3139 3038 3194 quae
3077 3122 3276 3180 oﬂ‘erat
3327 3125 3460 3180 Deo.

179 3217 424 3291 gehennae
447 3221 707 3277 incendia
736 3222 1078 3292 prcharabit.
1136 3220 1204 3274 Et
1237 3227 1524 3290 propterea
1550 3222 1616 3276 ad
1670 3233 1765 3276 eos
1870 3221 2010 3289 Quid
2031 3230 2212 3277 autem
2237 3229 2342 3287 est,
2390 3222 2533 3291 quod
2565 3221 2728 3275 homo
2749 3217 2943 3275 offerat
2974 3219 3088 3274 Deo
3108 3219 3131 3274 i
3150 3217 3263 3274 Hoc
3285 3218 3462 3287 ipsum

179 3311 263 3380 qui
282 3314 476 3370 nolunt
508 3314 574 3369 de
608 3313 697 3368 illo
731 3322 895 3384 puteo
919 3327 1114 3383 aquam
1161 3311 1371 3378 bibere,
1411 3321 1573 3382 quem
1615 3311 1766 3382 prius
1867 3319 2011 3388 quod
2037 3319 2090 3373 in
2133 3317 2252 3387 lege
2291 3317 2554 3386 scriptum
2576 3325 2691 3372 est:
2740 3315 2966 3370 Munera
3004 3331 3118 3369 mea
3165 3315 3295 3368 data
3321 3330 3458 3369 ntea.

182 3404 318 3473 cipcs
342 3405 562 3461 fodiunt
589 3413 641 3461 ct
663 3413 840 3476 reges,
891 3405 984 3459 sed
1005 3414 1070 3458 ex
1105 3405 1245 3467 istis,
1286 3405 1376 3473 qui
1407 3405 1461 3457 in
1483 3404 1623 3458 valle
1643 3419 1766 3473 pec-
1867 3409 1936 3463 Et
1961 3408 2045 3463 his
2067 3421 2200 3479 ergo
2221 3423 2343 3478 quas
2371 3409 2520 3463 dedit
2543 3409 2707 3472 Deus,
2736 3406 2971 3462 oiferunt
2996 3405 3348 3460 nihilominus
3362 3404 3455 3458 ho-

181 3494 279 3548 cati
312 3504 461 3561 sunt,
487 3505 545 3551 et
574 3495 714 3565 ignis
736 3494 994 3550 materias
1032 3494 1202 3558 aiunt,
1246 3494 1482 3548 dicitur:
1531 3492 1766 3547 Incedit:
1869 3500 2046 3554 mines
2079 3499 2211 3553 Deo.
2261 3498 2400 3564 Quid
2427 3498 2576 3553 dedit
2611 3499 2758 3553 Deus
2785 3496 3040 3550 homini?
3114 3494 3462 3564 Agnitiouem

179 3583 228 3635 in
250 3583 447 3640 lumine
474 3586 612 3656 ignis
626 3585 798 3651 vesm',
817 3592 865 3638 et
883 3585 1270 3654 ﬂammaquam
1287 3582 1429 3635 vobis
1455 3582 1768 3635 accendistis
1872 3591 1977 3644 sui.
2031 3589 2174 3654 Quid
2223 3591 2386 3642 homo
2411 3587 2572 3642 omni
2604 3588 2762 3642 Deo?
2834 3585 3022 3639 Fidem
3065 3600 3221 3641 suam
3258 3583 3460 3638 cteiIe-

180 3671 306 3744 (Ita.
334 3677 414 3748 ι).
465 3677 609 3744 Quid
630 3689 760 3748 ergo
782 3677 1001 3732 canitur
1034 3673 1175 3745 apud
1197 3675 1341 3728 hunc
1368 3681 1593 3742 puteum
1616 3673 1639 3726 τ
1663 3671 1768 3726 luis
1872 3681 2039 3744 ctum,
2067 3679 2170 3732 hoc
2192 3679 2336 3746 quod
2361 3679 2566 3748 expetit
2589 3681 2658 3732 ab
2689 3677 2910 3730 homine
2936 3677 3099 3730 Deus.
3145 3674 3462 3730 AMathana

177 3764 302 3822 tiate
323 3769 392 3830 ei,
427 3768 625 3835 inquit,
656 3775 896 3838 puteum.
978 3766 1256 3820 Fuderunt
1297 3765 1447 3819 illum
1471 3764 1766 3834 principes,
1873 3779 2052 3824 autem
2080 3768 2328 3824 venimus
2367 3769 2422 3822 in
2468 3766 2732 3831 Nahaliel,
2771 3765 2914 3834 quod
2955 3765 3343 3836 interpretatur
3393 3781 3460 3820 ex

173 3857 501 3911 eXcid‘erunt
537 3867 658 3912 eum
687 3871 862 3928 reges.
905 3857 1140 3910 Possunt
1165 3855 1385 3924 quidem
1415 3855 1691 3924 principes
1714 3861 1772 3910 et

174 3953 326 4017 reges
382 3947 533 4002 idem
586 3949 777 4003 videri.
838 3946 898 4002 Si
925 3957 1058 4001 vero
1113 3945 1367 4017 distingui
1415 3957 1638 3999 necesse
1662 3953 1769 4010 est,

176 4039 447 4110 principes
469 4042 768 4110 prophetas
824 4039 1208 4110 intelligamus,
1254 4037 1356 4108 ipsi
1382 4035 1528 4091 enim
1553 4051 1771 4093 sensum

180 4133 228 4182 et
258 4131 606 4202 prophetiam
634 4132 699 4187 de
732 4131 952 4186 Christo
981 4129 1252 4186 defossam
1274 4137 1329 4184 et
1353 4129 1678 4196 deutersam,
1713 4129 1771 4184 is

183 4219 691 4288 proiundO'litterte
736 4223 1088 4279 collocarunt.
1129 4222 1268 4278 [stos
1293 4235 1426 4292 ergo
1448 4233 1629 4293 reges,
1677 4220 1771 4292 qui

187 4317 289 4368 tam
313 4316 585 4385 profunda
611 4323 861 4388 possunt,
895 4323 949 4371 et
980 4319 1092 4369 tam
1124 4314 1440 4370 abscondita
1473 4314 1623 4384 putei
1643 4327 1771 4384 per-

189 4407 426 4472 scrutari,
447 4409 646 4463 merito
662 4407 933 4478 apostolos
948 4406 1266 4472 dixerimus,
1281 4421 1347 4462 ex
1361 4405 1557 4476 quibus
1572 4404 1768 4475 aliquis

1873 3863 2006 3917 Deo.
2058 3861 2198 3928 Quid
2242 3869 2325 3915 est
2371 3874 2439 3913 ex
2470 3860 2616 3936 Deo?
2657 3859 2853 3914 Postea
2893 3874 3060 3928 quam
3101 3858 3464 3915 obtulerimus

1873 3967 1994 4015 nos,
2044 3967 2166 4022 qua:
2199 3963 2267 4006 ex
2298 3951 2457 4007 nobis
2493 3957 2640 4014 sunt,
2691 3949 2936 4005 venimus
2964 3950 3031 4005 ad
3057 3950 3160 4006 hoc
3185 3957 3246 4004 ut
3272 3964 3462 4006 consc-

1874 4049 2108 4114 quamur
2159 4059 2223 4099 ea
2256 4055 2378 4114 qua:
2399 4056 2469 4098 ex
2506 4041 2618 4098 Deo
2638 4048 2784 4098 sunt.
2839 4041 2974 4098 Cum
3000 4041 3146 4097 enim
3175 4042 3337 4098 ﬁdem
3365 4059 3462 4098 no-

1871 4142 2043 4192 stram
2072 4142 2126 4190 et
2153 4133 2404 4190 affectum
2429 4132 2786 4189 obtulerimus
2806 4133 2882 4198 ei,
2910 4141 3042 4188 tunc
3077 4143 3134 4189 et
3159 4133 3278 4204 ipse
3300 4133 3461 4205 largi-

1874 4233 1964 4281 tur
1996 4227 2150 4281 nobis
2172 4227 2385 4281 diversa
2422 4224 2562 4280 dona
2595 4223 2832 4294 Spiritus
2861 4224 3034 4280 sancti
3053 4225 3123 4280 de
3156 4225 3352 4295 quibus
3379 4225 3462 4278 di-

1872 4321 1949 4375 cit
1970 4318 2262 4389 Apostolus
2289 4336 2302 4372 :
2335 4317 2529 4372 Omnia
2555 4327 2727 4372 autem
2758 4333 2822 4372 ea:
2840 4317 2952 4372 Deo
2975 4326 3096 4371 sunt
3117 4317 3174 4386 (1
3199 4316 3324 4370 Cor.
3351 4317 3457 4385 in).

1871 4411 1939 4467 Et
1955 4425 1985 4466 a
2013 4411 2253 4466 Nahaliel
2277 4411 2526 4466 venimus
2552 4411 2606 4465 in
2627 4409 2877 4473 Bamoth,
2899 4408 3043 4476 quod
3071 4408 3462 4477 interpretatur

191 4489 414 4552 dicebat:
448 4491 623 4554 Nobis
639 4509 812 4554 autem
830 4497 1073 4552 reuelauit
1084 4498 1228 4552 Dens
1247 4511 1342 4568 per
1359 4497 1621 4568 Spiritum
1643 4511 1771 4552 san-
1793 4483 1848 4543 1)
1874 4502 2125 4556 adventus
2159 4503 2365 4555 mortis.
2427 4499 2592 4568 Cujus
2618 4499 2813 4555 mortis
2849 4497 2942 4552 hic
2978 4497 3332 4570 intelligimus
3369 4501 3458 4556 ad-

191 4589 336 4643 ctum.
387 4590 627 4663 Spiritus
659 4593 794 4647 enim
824 4591 1003 4645 omnia
1029 4598 1318 4654 scrutatur,
1344 4590 1503 4643 etiam
1531 4589 1643 4642 alta
1671 4587 1774 4644 Dei

192 4665 238 4746 (Ι
259 4679 373 4735 Cor.
403 4681 491 4756 ιι).
522 4681 666 4751 Quia
704 4697 830 4753 ergo
857 4696 955 4751 per
977 4681 1225 4750 spiritum
1265 4687 1495 4748 possunt
1513 4692 1771 4749 perscru-

191 4771 283 4824 tari
318 4775 479 4830 etiam
524 4777 638 4848 ipsi
691 4775 799 4829 alta
824 4774 939 4840 Dei,
985 4779 1041 4827 et
1065 4772 1174 4826 alta
1202 4783 1266 4826 ac
1303 4769 1574 4841 profunda
1621 4770 1771 4840 putei

190 4871 457 4928 penetrare
481 4855 769 4939 mysteria,
813 4865 1014 4920 idcirco
1047 4877 1208 4941 reges
1233 4875 1355 4918 esse
1379 4862 1651 4928 dicuntur,
1677 4861 1771 4932 qui

190 4960 392 5020 Puleum
413 4957 593 5016 istum
615 4960 778 5016 etiam
814 4957 868 5011 in
889 4963 1044 5026 petra
1085 4957 1428 5021 exciderunt,
1468 4969 1533 5009 ac
1557 4955 1692 5010 dura
1715 4959 1772 5008 et

194 5039 409 5103 dillicilia
433 5052 687 5109 scientias
735 5055 946 5104 secreta
972 5038 1418 5117 penetraverunt.
1479 5047 1634 5114 Quod
1665 5058 1768 5102 au-

197 5135 295 5189 tem
333 5149 488 5214 reges
525 5145 640 5202 dici
682 5142 896 5215 possint
925 5140 1091 5196 etiam
1132 5139 1380 5210 apostoli,
1434 5147 1568 5210 puto
1605 5153 1671 5195 ex
1705 5154 1774 5196 eo

200 5217 346 5283 facile
366 5237 588 5302 probari
631 5247 813 5308 posse,
842 5233 987 5305 quod
1029 5234 1095 5288 de
1124 5232 1376 5288 omnibus
1425 5233 1772 5289 credentibus

205 5313 426 5379 dicitur:
469 5317 575 5384 Vos
622 5335 797 5383 autem
844 5341 1004 5399 genus
1028 5324 1221 5397 regale,
1265 5325 1617 5380 sacerdotium
1651 5333 1769 5379 ina-

205 5420 372 5482 φιιιπι,
411 5434 534 5488 gens
558 5427 744 5478 Sancta
774 5415 826 5492 (1
853 5417 998 5474 Petr.
1030 5415 1115 5490 ιι).
1185 5416 1243 5473 Si
1269 5431 1396 5489 ergo
1439 5416 1560 5471 illos
1587 5415 1772 5472 dicunt

209 5510 372 5573 "389$,
401 5509 494 5580 qui
513 5521 612 5583 per
639 5513 867 5570 Verbum
911 5512 1150 5583 ipsorum
1175 5510 1539 5576 crediderunt,
1568 5515 1772 5580 quanto

210 5593 652 5678 magisipsireges
676 5604 910 5662 habendi
936 5612 1080 5670 sunt,
1098 5603 1188 5675 qui
1212 5603 1417 5660 faciunt
1438 5602 1775 5674 regeWApoa-

216 5683 328 5742 stcli
357 5694 498 5750 enim
522 5701 789 5770 praecipue
818 5714 972 5769 reges
1000 5705 1125 5756 sunt
1155 5698 1413 5772 gentium,
1452 5697 1542 5768 qui
1589 5704 1775 5769 gentes

1873 4600 2115 4658 ventum,
2167 4591 2274 4645 nisi
2300 4591 2470 4656 illius,
2521 4591 2615 4659 qui
2638 4588 2862 4646 Christo
2895 4589 3265 4657 commeritur,
3310 4599 3464 4648 utet

1874 4681 2228 4737 convivamus
2269 4681 2342 4746 ei,
2393 4694 2498 4748 qua
2530 4681 2789 4735 debemus
2841 4679 3168 4736 mortiﬁeare
3215 4685 3462 4740 membra

1873 4780 2082 4838 nostra,
2127 4785 2248 4841 qua:
2276 4777 2404 4826 sunt
2435 4785 2598 4841 super
2638 4771 2884 4826 terram?
2922 4773 2990 4826 Et
3014 4773 3212 4830 iterum
3243 4792 3258 4828 :
3320 4774 3462 4831 Con-

1873 4865 2063 4937 sepnlti
2082 4879 2263 4920 sumus
2286 4863 2423 4917 enim
2444 4862 2526 4917 illi
2551 4879 2643 4933 per
2669 4862 2980 4931 baptismum
3001 4867 3059 4920 in
3081 4875 3301 4921 mortem
3329 4863 3460 4936 (Co-

1876 4956 2103 5028 1038.11).
2155 4957 2212 5012 Si
2247 4957 2370 5026 quis
2394 4971 2524 5026 ergo
2547 4955 2803 5012 salutaris
2853 4956 3018 5029 hujus
3053 4960 3178 5016 vitae
3205 4959 3456 5016 ordinem

1875 5055 2043 5114 tenet,
2068 5063 2169 5118 per
2191 5049 2308 5102 hac
2331 5062 2452 5118 quae
2497 5047 2916 5106 memoravimus
2960 5049 3037 5106 ita
3088 5066 3251 5122 agere
3275 5051 3458 5118 debet,

1875 5149 1932 5197 et
1959 5141 2149 5196 venire
2175 5146 2298 5209 post
2339 5138 2508 5194 multa
2535 5140 2604 5196 ad
2625 5139 2768 5197 hunc
2804 5141 3004 5207 locum,
3033 5156 3196 5211 quem
3219 5141 3458 5197 diximus

1877 5233 2184 5304 signiﬁcare
2204 5232 2399 5287 mortis
2416 5232 2725 5289 adventum.
2770 5235 2837 5289 Et
2880 5241 2949 5289 ex
2979 5231 3228 5296 Bamoth,
3255 5231 3454 5301 inquit,

1877 5327 1934 5380 in
1959 5339 2172 5392 nemus,
2197 5325 2342 5396 quod
2356 5332 2441 5381 est
2457 5325 2514 5381 in
2533 5340 2728 5396 campo
2751 5322 2926 5390 Moab,
2965 5336 2998 5377 ι
3021 5322 3228 5378 vertice
3255 5323 3460 5379 montis

1879 5420 2026 5484 cast,
2075 5419 2167 5488 qui
2193 5418 2413 5488 respicit
2449 5419 2516 5472 ad
2535 5419 2826 5474 desertum.
2889 5412 2946 5468 Si
3000 5413 3103 5468 hoc
3156 5412 3351 5470 Itinere
3374 5414 3458 5469 in...

1878 5512 2154 5577 cedamus,
2182 5517 2409 5580 quonon
2435 5517 2546 5564 tam
2566 5508 2806 5563 locorum
2826 5500 3124 5568 vocabulis,
3157 5515 3326 5572 quam
3341 5502 3458 5559 anis.

1879 5615 1982 5659 mae
2017 5597 2347 5675 profectibus
2379 5607 2632 5658 constare
2686 5594 2824 5650 ratio
2861 5592 3262 5665 etplanationis
3305 5607 3456 5653 asses

1881 5696 2009 5764 ruit,
2064 5705 2185 5766 post
2213 5695 2396 5753 omnia
2435 5692 2539 5748 ista
2565 5686 2810 5744 venimus
2831 5684 2899 5742 ad
2933 5697 3147 5756 nemus,
3177 5685 3293 5744 sive
3318 5693 3377 5744 ut
3400 5686 3451 5744 in
