3980 6344
253 222 350 278 725

940 221 1474 278 ENARRATIONES
1511 220 1579 276 IN
1619 219 1882 275 LIBRUM
1918 219 2380 281 NUMERORUM.
2422 260 2491 270 —
2529 231 2656 285 LIB.
2697 233 2780 288 III.

3398 241 3499 316 726

247 334 436 392 denunt
461 329 798 388 habitatores
825 347 1032 398 eorum,
1061 350 1185 389 cum
1210 349 1321 398 eos,
1365 347 1504 402 quos
1543 335 1613 388 ab
1637 347 1823 388 errore
1850 335 1904 394 Α
1927 341 2152 406 tempore
2190 355 2280 393 rea:
2315 340 2369 394 in
2397 341 2576 396 Moab.
2619 343 2766 398 Misit
2793 361 2914 415 ergo
2944 352 3151 404 nuntios
3177 351 3245 405 ad
3274 351 3499 409 Balaam

246 419 622 486 liberaverant,
654 417 722 476 ad
749 422 1070 480 catholicam
1093 424 1253 480 ﬁdem
1287 424 1676 488 convertebant
1704 441 1718 489 ;
1769 432 1838 504 et.

247 523 487 568 sermone
516 518 666 566 recto
690 526 754 566 ac
779 511 936 568 bonis
983 513 1268 585 exemplis,
1294 514 1350 576 in
1391 515 1537 580 viam
1580 514 1824 586 veritatis

248 601 310 656 ad
333 599 657 672 implendum
681 613 951 678 praecepta
972 604 1186 670 Domini
1209 606 1534 677 dirigebant,
1556 614 1823 677 quatenus

249 694 309 750 de
335 709 522 750 eorum
548 697 890 758 correctione
937 714 1002 756 ac
1043 698 1316 770 profectu,
1349 703 1686 765 mansionem
1713 715 1824 764 cae-

249 783 392 848 lestis
413 787 603 855 patrim
631 789 994 858 acquirerent.

859 880 1086 938 CAPUT
1127 884 1188 940 ν.

310 965 385 1020 De
411 983 588 1040 pugna
619 967 984 1034 lsraelitarum
1025 985 1206 1036 contra
1240 974 1320 1045 0g
1349 993 1518 1048 regem
1549 976 1748 1032 Busan.

313 1055 488 1129 (l-mn.)
524 1055 894 1131 Verteruutque
917 1079 972 1118 se
993 1073 1041 1118 et
1066 1066 1410 1126 ascenderunt
1439 1083 1531 1135 per
1556 1067 1692 1123 uiam
1715 1066 1825 1123 Ba-

245 1161 351 1208 san,
382 1157 430 1201 et
461 1150 684 1206 occurrit
715 1151 788 1214 eis
821 1149 901 1221 Og
935 1168 1028 1208 rea:
1067 1153 1270 1221 Busan,
1313 1173 1429 1216 cum
1463 1159 1602 1214 omni
1631 1159 1822 1230 populo

245 1252 332 1294 suo
365 1248 696 1308 pugnaturus
722 1241 775 1306 in
803 1240 990 1306 Edrai.
1021 1243 1267 1315 Dixitque
1293 1246 1548 1306 Dominus
1575 1249 1642 1306 ad
1676 1247 1826 1318 Moy-

244 1345 328 1384 sen
355 1343 372 1380 :
417 1330 498 1385 Ne
528 1332 710 1394 timeas
740 1351 877 1400 eum,
912 1338 1036 1406 quia
1065 1338 1118 1402 in
1148 1355 1306 1393 mam:
1333 1350 1424 1400 tua
1459 1340 1657 1396 tradidi
1683 1357 1821 1408 eum,

247 1430 294 1473 et
316 1437 515 1476 omnem
548 1423 798 1493 populum
827 1443 888 1480 ac
917 1436 1109 1482 terram
1143 1430 1276 1499 ejus.
1307 1428 1356 1492 F
1361 1433 1595 1501 aciesque
1623 1431 1703 1486 illi
1724 1433 1826 1486 sic—

243 1517 296 1562 ut
334 1510 502 1574 fecisti
543 1511 683 1566 Seou
729 1517 836 1584 regi
863 1513 1322 1583 Anton/uectum,
1353 1520 1634 1578 ltabt'tatori
1663 1520 1827 1577 Bese-

241 1597 350 1654 bon.
397 1597 772 1664 Percusserunt
802 1604 962 1674 igitur
991 1617 1037 1668 et
1067 1609 1206 1662 [tunc
1237 1626 1354 1668 cum
1382 1610 1506 1678 ﬁliis
1537 1615 1668 1677 suis,
1707 1615 1826 1670 uni—

238 1705 538 1760 versumque
573 1693 822 1764 populant
865 1698 1002 1766 ejus,
1030 1716 1191 1770 usque
1219 1700 1288 1756 ad
1325 1701 1748 1769 internecionem,
1775 1715 1820 1760 et
1851 1683 1898 1742 B

235 1781 570 1848 possederunt
622 1794 816 1840 terram
859 1789 996 1858 ejus.
1046 1789 1240 1848 Postea
1289 1791 1432 1856 enim
1480 1810 1642 1864 quam
1679 1797 1820 1852 obti-

235 1880 469 1926 nuerunt
497 1873 594 1930 lilii
638 1875 805 1930 lsrael
839 1879 1088 1936 civitates
1124 1879 1566 1946 Amorrbmorum
1586 1927 1600 1951 ,
1629 1901 1820 1942 ascen-

237 1961 429 2018 derunt
465 1965 632 2020 etiam
681 1967 858 2035 viam,
890 1986 1009 2040 quae
1046 1972 1194 2030 ducit
1232 1974 1288 2034 in
1329 1973 1537 2050 Busan,
1573 1978 1663 2034 ubi
1705 1987 1824 2034 erat

235 2051 306 2126 03
340 2070 448 2110 rex
486 2057 683 2114 Basan.
731 2059 837 2124 Sed
873 2063 939 2116 ad
967 2062 1113 2126 hunc
1157 2079 1334 2134 neque
1369 2067 1577 2137 legatos
1605 2069 1824 2127 mittere

235 2145 542 2216 dignantur,
584 2164 760 2220 neque
787 2159 973 2222 petere
1020 2155 1088 2218 ab
1126 2171 1212 2222 eo,
1243 2167 1303 2214 ut
1340 2173 1438 2228 per
1467 2166 1669 2219 terram
1707 2161 1823 2230 eius

234 2242 540 2312 transeant;
584 2241 679 2305 sed
723 2243 978 2300 continuo
1005 2245 1302 2316 conﬂigunt
1329 2266 1452 2308 cum
1473 2266 1539 2308 eo
1563 2259 1621 2307 et
1659 2269 1822 2325 supe—

232 2337 382 2393 rant,
449 2337 559 2384 tam
605 2331 781 2402 ipsum
832 2349 994 2404 quam
1042 2337 1298 2408 populum
1351 2339 1485 2409 ejus.
1528 2342 1823 2402 Videamus

232 2431 369 2488 ergo,
413 2434 535 2496 quae
561 2430 642 2478 est
675 2423 871 2480 Busan.
903 2425 1082 2490 Basan
1114 2429 1506 2501 interpretatur
1529 2437 1820 2506 turpitudo.

231 2505 429 2566 Merito
463 2525 591 2583 ergo
626 2529 727 2576 nec
757 2514 920 2587 legati
951 2518 1242 2584 mittuntur
1268 2522 1337 2582 ad
1385 2525 1546 2584 istam
1583 2535 1820 2597 gentem,

231 2620 330 2672 nec
359 2610 622 2666 transitus
653 2627 752 2682 per
782 2621 985 2680 terram
1021 2615 1140 2684 ejus
1170 2619 1430 2688 poscitur.
1458 2620 1649 2678 Nullus
1674 2624 1822 2680 enim

231 2698 388 2762 nobis
427 2702 682 2764 transitus
719 2705 880 2774 debet
913 2722 1053 2773 esse,
1098 2709 1276 2766 nullus
1313 2725 1565 2772 accessus
1599 2714 1668 2775 ad
1713 2724 1825 2774 tur-

230 2789 553 2862 pitudinem,
582 2797 678 2862 sed
707 2799 775 2852 ab
803 2799 962 2862 initio
996 2802 1180 2857 statim
1218 2807 1594 2884 expugnanda,
1621 2816 1675 2866 et
1709 2822 1825 2868 0m-

232 2884 470 2942 nimodis
512 2890 750 2954 cavenda
779 2900 880 2956 est.
913 2892 994 2965 0g
1029 2905 1242 2961 autem,
1276 2899 1370 2966 qui
1406 2915 1502 2956 rex
1532 2915 1652 2955 esse
1692 2901 1824 2956 dici-

231 2982 316 3036 tur
354 2979 569 3048 Basan,
602 2984 902 3044 interclusio
949 2987 1356 3057 interpretatur.
1402 2990 1590 3048 Potest
1631 2993 1718 3050 hic
1764 2994 1824 3048 ﬁ-

1921 425 2094 493 ﬁlium
2118 426 2507 496 licetat-idum,
2531 432 2622 500 qui
2651 433 2916 492 habitabat
2943 455 3097 508 δίψη·
3123 443 3319 511 ﬂumen
3345 453 3498 500 terra:

1921 516 2154 584 ﬁliorum
2184 516 2428 585 Ammon,
2463 531 2521 574 ut
2555 533 2798 578 vocarent
2833 541 2951 579 eum
2975 537 3024 581 et
3064 529 3292 586 discrerit
3318 547 3336 584 :
3366 533 3499 589 Ecce

1923 625 2157 679 egressus
2194 621 2266 666 est
2301 611 2523 681 populus
2549 613 2611 667 de
2644 613 2894 684 .IEgyplo,
2921 620 3012 688 qui
3050 625 3260 690 operuit
3279 623 3502 698 superﬁ-

1925 699 2054 760 ciem
2085 708 2257 764 terraz,
2285 701 2466 758 sedens
2496 712 2676 758 contra
2712 721 2811 760 me.
2855 703 2984 761 Veni
3013 711 3176 778 igitur
3205 721 3250 764 et
3279 707 3500 770 maledic

1921 787 2111 859 populo
2148 790 2287 854 huic,
2332 792 2420 860 qui
2458 791 2646 860 fortior
2673 811 2753 848 me
2781 804 2889 862 cst,
2922 797 2966 850 si
2999 795 3260 867 quomodo.
3299 789 3501 872 possein

1922 893 2187 952 percutere
2216 899 2333 938 eum
2353 925 2366 949 ,
2397 894 2444 938 et
2483 885 2670 940 eiicere
2706 888 2770 940 de
2803 897 2946 942 terra
2987 907 3101 944 mea
3122 933 3135 956 ,
3169 902 3274 949 etc.
3317 893 3502 953 Priu'io

1924 988 2054 1045 ergo
2107 977 2347 1036 omnium
2411 977 2684 1034 fatendum
2741 987 2855 1046 est,
2902 982 2956 1036 in
3003 987 3322 1052 quibusdam
3371 987 3502 1046 locis

1923 1065 2044 1136 plus
2086 1082 2246 1136 posse
2283 1068 2464 1124 valere
2500 1071 2664 1125 verba
2710 1087 2871 1140 quam
2903 1089 3155 1144 corpora,
3187 1079 3311 1147 quia
3361 1083 3505 1146 quoii

1926 1159 2198 1216 exercitus
2244 1160 2536 1216 multarum
2601 1161 2838 1230 gentium
2897 1167 3082 1233 nequit
3133 1167 3367 1235 ellicere,
3403 1187 3506 1227 nec

1927 1259 2080 1306 scuto
2107 1261 2163 1307 et
2190 1253 2356 1308 armis
2384 1261 2562 1323 potest
2602 1255 2867 1320 obtineri,
2901 1258 3006 1312 hoc
3045 1263 3224 1316 verbis
3251 1261 3500 1317 efﬁcitur.

1925 1345 1996 1402 Et
2036 1361 2143 1399 non
2171 1345 2291 1400 dico
2320 1347 2525 1402 sanctis
2560 1348 2738 1403 verbis
2774 1349 2858 1403 vel
2898 1350 2992 1404 Dei
3026 1352 3225 1416 verbis,
3259 1356 3351 1408 sed
3379 1371 3503 1409 ver-r

1925 1436 2010 1491 his
2067 1436 2384 1506 quihusdam
2415 1479 2430 1504 ,
2491 1454 2610 1508 quae
2679 1441 2820 1494 inter
2895 1443 3145 1497 homines
3216 1443 3503 1504 habentur.

1928 1524 2092 1584 Verbi
2119 1528 2311 1596 gratia,
2337 1537 2491 1583 erant
2519 1529 2573 1582 in
2601 1527 2836 1600 Egypto
2866 1530 3228 1587 incantatores
3257 1543 3311 1587 et
3339 1533 3503 1604 magi.

1929 1614 2060 1682 Quis
2106 1626 2285 1687 potest
2327 1619 2608 1678 hominum
2657 1619 2976 1682 fortitudine
3015 1623 3261 1691 corporis
3297 1626 3504 1693 virgam

1927 1714 2139 1766 mutare
2166 1708 2218 1770 in
2251 1718 2576 1778 serpentem,
2603 1711 2746 1777 quod
2771 1711 2838 1764 ab
2866 1709 2973 1764 illis
2999 1710 3204 1766 factum
3231 1712 3506 1766 refertur?

1925 1795 2030 1858 Aut
2075 1797 2196 1866 quis
2228 1807 2406 1867 potest
2433 1799 2636 1853 viribus
2672 1801 2914 1869 corporis
2956 1817 3151 1872 aquam
3193 1803 3250 1855 in
3289 1787 3506 1873 sangui-

1925 1901 2048 1952 nem
2076 1889 2322 1950 vertere?
2353 1888 2621 1946 Fecerunt
2651 1901 2832 1946 tamen
2867 1893 2971 1948 hoc
3010 1892 3390 1964 Egyptiorum
3423 1887 3512 1949 iii-

1923 1987 2236 2045 cantatores
2257 1991 2312 2036 et
2339 1983 2499 2054 magi.
2529 1983 2756 2040 Fecerat
2785 1985 2930 2042 enim
2957 1987 3072 2040 haec
3096 1985 3248 2056 prius
3275 1987 3505 2057 Moyses.

1925 2071 2035 2132 Sed
2079 2074 2207 2144 quia
2252 2074 2460 2132 sciebat
2509 2091 2606 2130 rex
2641 2075 2886 2147 Egypti,
2941 2077 3084 2146 quod
3135 2086 3360 2148 possent
3393 2079 3510 2134 haec

1925 2171 2046 2227 arte
2083 2164 2318 2233 quadam
2364 2165 2481 2220 tieri
2533 2167 2852 2233 verborum,
2893 2183 3014 2238 quat
3055 2169 3324 2225 habentur
3367 2177 3512 2224 inter

1927 2253 2193 2318 homines,
2227 2255 2438 2325 putavit
2477 2263 2533 2312 et
2570 2255 2790 2328 Moysen
2831 2273 2940 2314 non
2986 2257 3102 2314 haec
3147 2260 3241 2315 Dei
3287 2260 3508 2332 virtute,

1926 2347 2023 2408 sed
2053 2346 2264 2416 magica
2308 2345 2687 2414 arte‘fecisse,
2723 2356 2780 2404 et
2806 2351 2951 2419 quod
2997 2350 3230 2405 humana
3273 2357 3389 2405 arte
3434 2349 3512 2428 fe-

1927 2436 2085 2502 serit,
2110 2437 2162 2498 id
2189 2437 2285 2494 Dei
2311 2437 2516 2493 factum
2554 2439 2758 2495 virtute
2789 2441 3063 2496 simulare.
3092 2440 3368 2497 Convocat
3389 2457 3512 2497 con-

1927 2528 2080 2592 tinuo.
2111 2528 2490 2604 [Egyptiorum
2521 2531 2891 2587 incantatores
2912 2539 2966 2588 et
2997 2549 3202 2606 magos,
3228 2535 3368 2589 inter
3386 2547 3509 2589 eum

1929 2621 2021 2689 qui
2065 2622 2264 2677 virtute
2319 2621 2414 2677 Dei
2460 2625 2805 2693 operabatur,
2852 2635 2907 2680 et
2948 2641 3043 2682 eos
3095 2629 3188 2696 qui
3241 2627 3511 2684 daemones

1928 2709 2287 2778 invocabant,
2334 2715 2463 2770 facit
2495 2729 2615 2772 esse
2649 2725 2944 2773 certamen.
3001 2718 3142 2773 Deus
3188 2726 3368 2774 autem
3414 2733 3512 2773 no-

1929 2812 2044 2860 ster
2101 2803 2284 2860 dolere
2335 2805 2466 2861 facit
2483 2825 2510 2871 ,-
2543 2813 2600 2862 et
2645 2807 2840 2861 iterum
2905 2807 3204 2873 restituit;
3237 2795 3512 2863 contraria

1929 2904 2111 2951 autem
2159 2897 2334 2951 virtus
2383 2897 2524 2952 male
2573 2897 2790 2966 quidem
2846 2894 3024 2954 facere
3061 2897 3262 2967 aliquid
3291 2897 3510 2967 potest,

1929 2987 2025 3043 sed
2055 2987 2340 3048 restituere
2364 2988 2417 3042 in
2461 2987 2730 3058 integrum
2769 3003 2876 3044 non
2921 2989 3288 3058 βρίθει,Μο
3329 2995 3513 3045 autem

229 3085 416 3140 auram
467 3045 669 3138 habere
712 3076 954 3140 omnium
1002 3045 1301 3140 carnalium
1349 3090 1405 3139 et
1457 3083 1820 3142 materialium
1852 3045 1899 3110 C
1927 3079 2110 3133 omnia
2139 3079 2516 3149 prmmisimus,
2546 3087 2605 3134 ut
2630 3095 2796 3150 opera
2823 3080 3043 3136 Balaam
3069 3079 3154 3136 vel
3183 3083 3345 3137 verba
3369 3082 3510 3152 ejus,

229 3176 408 3224 rerum
430 3205 445 3230 ,
484 3180 714 3234 quarum
744 3184 928 3232 amore
974 3179 1030 3226 ει
1069 3171 1340 3229 desiderio
1382 3174 1598 3230 detenta
1639 3179 1820 3234 anima
1923 3171 2196 3240 possimus
2225 3170 2524 3225 advertere.
2555 3169 2695 3226 Sunt
2719 3181 2776 3226 et
2799 3185 3080 3242 magorum
3110 3171 3383 3226 nonnulla:
3409 3167 3513 3226 di’f-

229 3253 559 3322 excluditur,
599 3265 656 3314 et
699 3268 987 3328 separatur
1024 3278 1054 3318 ει
1096 3261 1226 3319 Deo.
1258 3263 1535 3322 Aduersus
1564 3268 1662 3324 hos
1692 3285 1822 3341 ergo
1924 3261 2187 3318 terentina.
2215 3261 2319 3317 Alii
2349 3263 2494 3317 enim
2521 3263 2665 3334 plus,
2689 3263 2777 3319 alii
2805 3263 2984 3319 minus
3013 3263 3212 3318 valent.
3243 3263 3342 3318 Hic
3365 3259 3512 3318 enim

230 3340 303 3403 ita
330 3345 650 3416 prmipitur
675 3349 874 3414 bellum
904 3352 1220 3423 gerendum,
1254 3362 1316 3412 ut
1341 3371 1451 3412 non
1483 3340 1823 3430 relinquatur
1925 3351 2144 3410 Balaam
2171 3352 2563 3411 famosissimas
2585 3363 2706 3412 erat
2731 3355 2787 3410 in
2817 3363 2938 3412 arte
2970 3355 3199 3425 magica,
3226 3365 3281 3410 et
3307 3353 3362 3409 in
3393 3370 3517 3410 car-

231 3449 296 3492 ex
329 3453 397 3492 eo
425 3439 636 3504 vivens.
667 3440 884 3502 Nullum
913 3446 1060 3506 enim
1087 3461 1117 3505 a
1145 3446 1270 3503 [iliis
1303 3447 1468 3504 Israel
1496 3461 1713 3522 oportet
1738 3471 1823 3510 re-
1924 3447 2162 3502 minibus
2209 3447 2390 3502 DOIiiS
2430 3441 2757 3518 ρνεεροιθηε.
2799 3446 2917 3502 Non
2965 3447 3112 3502 enim
3164 3447 3398 3502 habebat
3445 3446 3512 3501 ad

232 3524 400 3597 linqui
444 3530 498 3592 in
529 3545 695 3602 regno
737 3534 1084 3602 turpitudinis
1117 3545 1172 3592 et
1209 3538 1490 3596 dedecoris
1526 3544 1819 3611 viventem,
1927 3539 2380 3595 maledicendum.
2433 3539 2718 3596 Daemones
2769 3540 2916 3594 enim
2961 3540 3029 3594 ad
3077 3537 3512 3594 maledicendum

229 3616 324 3672 sed
360 3618 520 3680 decet
544 3619 893 3680 lsraeliticmn
921 3624 1178 3684 virtutem
1205 3627 1458 3684 excidere
1482 3638 1538 3684 et
1573 3647 1823 3692 resecare
1927 3631 2259 3695 invitantur,
2310 3645 2418 3686 non
2474 3631 2543 3686 ad
2594 3628 3043 3686 benedicendum.
3102 3629 3376 3700 Scriptum
3431 3637 3516 3684 est

229 3708 437 3794 impia:
465 3718 519 3766 θῐ
560 3711 648 3780 Dia
689 3726 918 3783 quisque
963 3715 1018 3776 in
1047 3717 1230 3776 animo
1278 3719 1628 3786 terediiicare,
1661 3732 1824 3794 atque
1925 3735 2058 3792 ergo
2093 3739 2107 3775 :
2149 3721 2221 3776 Et
2269 3719 2406 3775 dixit
2451 3720 2610 3778 Hoab
2659 3721 2728 3775 ad
2785 3710 3014 3776 seniores
3062 3719 3305 3776 Maditm.’
3355 3717 3512 3773 Nunc

227 3793 465 3868 11.011959?
493 3814 557 3856 ac
603 3801 855 3871 religiosa
902 3803 1165 3874 ntantare.
1214 3808 1295 3866 De
1333 3826 1500 3882 regno
1535 3812 1678 3869 Seon
1714 3793 1823 3872 non
1925 3813 2152 3885 ablinget
2201 3827 2469 3885 synagoga
2515 3814 2628 3868 lucc
2676 3827 2872 3878 omnes,
2918 3813 3008 3884 qui
3055 3812 3111 3866 in
3153 3812 3376 3866 circuitu
3419 3823 3514 3865 no-

223 3893 314 3946 est
363 3888 653 3956 scriptum.
702 3891 770 3954 Et
813 3893 992 3958 nullus
1025 3897 1179 3954 vivus
1211 3900 1569 3971 relinquatur,
1614 3921 1716 3960 nec
1755 3909 1822 3968 de
1926 3917 2034 3964 stro
2062 3914 2203 3972 sunt,
2242 3906 2378 3960 sicut
2426 3905 2654 3975 obtinget
2703 3903 2896 3959 vitulus
2931 3903 3142 3957 herbam
3193 3903 3381 3973 campi.
3429 3897 3512 3957 0b

228 3987 408 4044 regno
447 3975 620 4040 Moab.
659 3978 823 4044 Forte
847 3984 992 4050 enim
1029 4002 1096 4044 ex
1129 3987 1233 4045 illis
1262 4007 1398 4060 opus
1443 3995 1678 4052 habebat
1719 3999 1820 4056 ali-

223 4064 399 4136 quod,
433 4071 796 4160 etnounullis
825 4089 1014 4141 eorum
1052 4093 1153 4149 pro
1187 4082 1312 4139 vitae
1356 4084 1515 4153 hujus
1560 4091 1822 4160 agonibus

225 4165 282 4222 et
331 4158 615 4218 exercitiis
664 4161 988 4235 indigemus.
1029 4168 1285 4241 Alioquin
1334 4158 1708 4237 debuissemus
1753 4199 1821 4238 ex

228 4244 333 4312 hoc
382 4247 589 4315 inuade
637 4252 837 4320 exisse.
885 4254 966 4328 De
1004 4258 1180 4322 Basan
1229 4271 1440 4332 tamen,
1479 4268 1583 4324 hoc
1627 4279 1710 4326 est
1755 4274 1823 4330 de

230 4338 588 4410 turpitudine,
615 4342 762 4408 nullo
788 4345 1006 4416 penitus
1029 4349 1352 4422 indigemus,
1384 4357 1518 4413 nihil
1545 4373 1614 4415 ex
1639 4375 1706 4416 eo
1735 4377 1822 4422 re-

231 4426 561 4500 linquamus.
607 4433 918 4500 Excidenda
965 4441 1178 4514 omnia,
1229 4446 1410 4502 omnia
1457 4449 1820 4508 subvertenda

233 4529 358 4580 sunt
393 4538 564 4600 opera
603 4527 970 4596 turpitudinis.
1000 4531 1060 4586 In
1087 4533 1236 4591 nullo
1260 4535 1408 4594 enim
1435 4549 1614 4610 potest
1649 4543 1820 4606 bones

234 4619 374 4676 stum
401 4630 550 4682 esse,
573 4619 718 4688 quod
748 4628 906 4692 turpe
931 4632 1032 4682 est.

849 4730 1078 4789 CAPUT
1117 4736 1204 4791 Vl.

267 4812 346 4868 De
379 4815 553 4872 Baiae
591 4835 708 4890 rege
746 4819 1130 4908 Moabitarum,
1161 4835 1210 4881 et
1242 4827 1466 4887 Balaam
1501 4835 1694 4906 ariolo,
1732 4850 1782 4896 et

874 4910 1023 4956 acuta
1051 4911 1183 4965 ejus.

303 4974 458 5047 (ΟΛΡ.
486 4979 647 5051 xxu.)
679 4978 1010 5054 Profectique
1036 4997 1209 5043 castra
1237 4995 1416 5060 metati
1443 5007 1568 5052 sunt
1595 4999 1650 5053 in
1677 5015 1822 5056 cam-

239 5069 496 5139 pestribus
532 5071 710 5140 Moab,
744 5073 832 5136 ubi
861 5083 1006 5136 trans
1035 5079 1324 5140 Jordauem
1347 5084 1562 5145 Iericho
1591 5093 1694 5146 sita
1720 5104 1817 5149 cst.

251 5155 440 5254 Viden:
471 5172 649 5254 autem
677 5163 878 5222 Balaac
913 5166 1054 5235 ﬁlius
1087 5168 1290 5240 Sentior
1317 5179 1493 5233 omnia
1535 5197 1654 5251 qute
1685 5185 1821 5254 fece-

241 5258 321 5303 rat
342 5249 516 5306 Israel
534 5253 858 5321 Amorrlueo,
879 5266 928 5318 et
953 5258 1092 5327 quod
1117 5260 1502 5329 pertimuissem
1523 5249 1641 5324 eum
1663 5249 1818 5330 Ποα-

241 5334 357 5396 bita:
382 5351 430 5396 et
458 5343 709 5413 impetum
735 5345 851 5415 ejus
886 5347 1022 5417 [orre
1053 5364 1160 5410 non
1190 5364 1418 5422 possent,
1444 5357 1580 5413 dixit
1606 5361 1676 5414 ad
1703 5380 1817 5419 nia-

233 5428 375 5526 iores
405 5443 538 5496 natu
574 5434 730 5490 Moab
751 5453 770 5492 :
801 5436 890 5500 Ita
916 5438 1104 5502 delebit
1133 5443 1216 5500 hic
1242 5445 1466 5515 populus
1492 5465 1692 5520 omnes,
1721 5458 1814 5526 qui

239 5518 294 5580 in
331 5527 527 5580 nostris
567 5527 757 5592 ﬁnibus
794 5542 1200 5600 commorantur,
1244 5540 1504 5608 quomodo
1549 5518 1685 5599 solet
1721 5518 1811 5604 bos

238 5609 424 5674 herbas
461 5634 623 5690 usque
650 5621 719 5678 ad
753 5623 954 5686 radices
983 5642 1211 5698 carpere.
1257 5627 1382 5702 Ipse
1420 5635 1559 5692 enim
1595 5648 1711 5696 erat
1750 5659 1812 5701 co

1927 3998 2032 4054 hoc
2078 3999 2196 4054 sine
2224 3998 2408 4064 dubio,
2448 3999 2575 4070 quia
2604 3997 2804 4054 vitulus
2834 4005 2928 4053 ore
2973 3994 3246 4066 abrumpit
3285 3997 3512 4052 herbam

1928 4089 1995 4150 de
2029 4104 2238 4158 campo,
2270 4090 2453 4159 lingua
2501 4099 2759 4159 tanquam
2801 4088 2958 4156 falce,
2992 4103 3326 4160 qtuecunque
3358 4075 3512 4144 invb-

1927 4183 2070 4240 net-lt
2106 4191 2275 4236 secat.
2306 4181 2385 4235 ita
2410 4189 2465 4237 et
2491 4182 2719 4251 populus
2764 4182 2853 4236 hic
2880 4181 3034 4252 quasi
3072 4181 3294 4248 vitulus,
3322 4198 3416 4238 ore
3449 4183 3511 4240 'et

1925 4272 2086 4329 labiis
2117 4281 2340 4345 pugnat,
2369 4281 2424 4328 et
2459 4288 2612 4327 arma
2645 4272 2812 4328 habet
2837 4273 2894 4327 in
2924 4273 3106 4329 verbis
3139 4289 3203 4330 ac
3233 4274 3506 4346 precibus.

1927 4361 2054 4419 Haec
2097 4365 2262 4435 igitur
2301 4364 2481 4419 sciens
2512 4364 2680 4418 mittit
2717 4363 2783 4418 ad
2811 4363 3054 4430 Balaam,
3091 4371 3152 4418 ut
3189 4373 3242 4418 et
3269 4366 3385 4433 ipse
3420 4367 3512 4420 de-

1927 4453 2069 4510 ferat
2108 4457 2272 4511 verba
2302 4453 2600 4522 contraria,
2633 4464 2689 4510 et
2716 4456 2967 4525 precibus
3014 4469 3220 4524 preces.
3265 4455 3377 4511 Nec
3411 4461 3513 4512 mi-

1927 4547 2089 4614 reris,
2117 4549 2164 4602 si
2191 4557 2277 4603 est
2305 4548 2359 4601 in
2389 4547 2597 4618 magica
2641 4555 2759 4602 arte
2789 4545 2896 4600 tale
2939 4545 3160 4616 aliquid.
3195 4545 3327 4602 Esse
3365 4551 3509 4604 enim

1925 4640 2070 4698 hanc
2116 4647 2288 4694 artem
2332 4639 2577 4708 designat
2622 4639 2785 4693 etiam
2833 4636 3134 4708 Scriptura,
3179 4641 3275 4696 sed
3315 4642 3393 4696 uti
3442 4635 3508 4698 ea

1923 4729 2196 4800 prohibet.
2231 4728 2370 4784 Nam
2411 4737 2467 4783 et
2491 4731 2760 4784 daemones
2805 4727 3086 4798 Scriptura
3117 4732 3380 4806 designat,
3412 4723 3507 4792 seu?

1926 4819 2030 4877 coli
2058 4835 2154 4876 eos
2179 4827 2236 4874 et
2261 4821 2540 4877 exhortari
2583 4829 2748 4877 vetat.
2779 4822 2945 4880 Recte
2971 4840 3100 4897 ergo
3133 4829 3340 4900 magica
3389 4823 3506 4886 arto

1924 4913 2006 4967 uti
2031 4911 2305 4982 prohibet,
2333 4913 2425 4983 qui
2453 4927 2734 4984 magorum
2778 4915 3013 4972 ministri
3042 4927 3168 4974 sunt
3193 4920 3370 4992 angeli
3419 4911 3476 4976 r'e

1923 5002 2037 5074 fugi
2063 5012 2120 5061 et
2145 5003 2367 5072 spiritus
2393 5003 2634 5074 maligni,
2664 5014 2718 5059 et
2744 5006 3008 5062 daemonia
3041 5009 3336 5066 immunda.
3373 5009 3499 5068 Nul-

1923 5093 2010 5150 lus
2054 5095 2198 5149 enim
2246 5102 2554 5150 sanctorum
2599 5096 2885 5165 spirituum
2937 5100 3276 5171 obtemperat
3322 5085 3498 5173 mago.

1925 5185 2044 5242 Non
2084 5195 2300 5257 poterat
2327 5189 2582 5243 invocare
2619 5205 2809 5262 magus
2835 5190 3168 5256 Michaelem,
3205 5210 3314 5248 non
3350 5181 3503 5264 pote-

1921 5286 2008 5333 rat
2053 5278 2304 5333 invocare
2336 5277 2575 5347 Raphael
2627 5296 2800 5350 neque
2843 5281 3077 5338 Gabriel.
3117 5281 3284 5337 Multo
3322 5285 3497 5354 magis

1921 5383 2109 5440 magus
2132 5385 2237 5423 non
2261 5377 2440 5438 potest
2467 5371 2718 5427 invocare
2735 5375 3154 5442 omnipotentem
3181 5371 3367 5438 Deum,
3397 5375 3499 5454 nec

1918 5460 2089 5514 ﬁlium
2115 5459 2232 5530 ejus
2259 5459 2443 5516 Jesum
2475 5461 2751 5518 Christum
2779 5466 3062 5518 Dominum
3091 5471 3358 5532 nostrum,
3395 5481 3496 5521 nec

1917 5551 2181 5621 Spiritum
2209 5561 2457 5608 sanctum
2484 5555 2621 5627 ejus.
2658 5555 2766 5610 Nos
2804 5555 2904 5610 soli
2934 5555 3230 5624 accipimus
3258 5559 3501 5626 potesta-

1916 5651 2030 5702 tem
2053 5644 2338 5703 invocandi
2375 5645 2547 5705 Deum
2575 5645 2814 5714 Patrem,
2846 5661 2945 5705 nos
2973 5645 3072 5705 soli
3105 5647 3366 5738 habemus
3399 5647 3502 5738 po:
