3890 6340
177 338 264 402 ,ηδ

797 341 799 344 ‘
851 320 1384 390 ENA'RRATIONES
1419 319 1488 380 IN
1529 316 1789 376 LIBRUM
1826 315 2290 374 NUMERORUM.
2333 346 2400 356 -
2436 315 2563 371 LIB.
2601 314 2688 370 Ill.

3290 313 3396 370 ’7⁸54

179 464 370 522 tempus
405 461 506 518 per
545 458 827 510 excessum
870 441 1159 510 quemdam
1198 432 1624 497 mtroduximus,
1668 437 1728 486 ut
1751 432 1804 495 Α
1830 438 2026 486 terram
2065 431 2388 490 ambulantis
2430 427 2770 486 conversatio
2801 427 2856 492 in
2885 426 3171 486 conatast.
3199 427 3304 486 Aut
3347 429 3394 486 si

177 543 590 608 ostenderemus,
623 537 749 609 quia
777 534 997 594 Balaam
1021 548 1126 592 non
1151 529 1205 584 in
1225 528 1404 592 corde,
1433 527 1534 586 sed
1560 525 1616 582 in
1636 538 1731 584 ore

167 630 532 697 tantummodo
560 628 752 690 habuit
783 626 1007 688 verbum
1028 621 1144 684 Dei.
1164 618 1382 678 Interim
1401 657 1418 684 υ
1447 631 1568 685 quae
1608 630 1734 685 pro-

179 729 299 793 εδει,
345 739 471 794 qua;
513 719 774 790 loquitur,
805 731 872 774 ex
900 714 1064 775 verbo
1099 709 1196 766 Dei
1232 708 1486 777 loquitur,
1525 713 1579 764 et

179 833 284 890 quat
310 815 480 879 dicit,
518 811 740 868 verbum
761 807 856 861 Dei
885 812 989 864 est.
1029 801 1120 856 Ait
1145 816 1309 870 ergo:
1346 798 1485 865 Quid
1514 795 1735 858 maledi-

179 887 297 973 cam,
317 920 473 977 quem
496 918 599 962 non
623 897 891 960 maledixit
913 894 1206 950 Dominus?
1231 892 1299 946 Et
1339 897 1553 954 caetera.
1596 887 1736 952 Quid

179 1013 291 1070 ergo
312 994 580 1051 dicimus?
599 990 765 1048 Jacob
779 988 995 1059 quidem
1021 1001 1130 1041 non
1155 982 1427 1040 maledicit
1455 979 1734 1041 Dominus,

179 1105 267 1146 nec
288 1086 458 1146 lsrael
479 1125 493 1152 ,
521 1084 614 1140 sed
639 1081 798 1138 alicui
832 1088 990 1150 putas
1031 1077 1123 1132 alii
1153 1073 1442 1140 maledicit.
1483 1071 1736 1142 Legimus

163 1181 446 1248 scriptum,
465 1175 590 1245 quia
608 1173 738 1228 dicit
757 1170 1016 1230 Dominus
1049 1167 1118 1222 ad
1147 1172 1451 1234 serpentem
1480 1179 1491 1213 :
1518 1156 1738 1216 Maledi-

177 1247 344 1336 ctusitu
365 1273 423 1330 iu
445 1265 680 1321 omnibus
700 1262 876 1318 bestiis
895 1271 1048 1314 terra:
1065 1254 1216 1329 (Gen.
1234 1254 1338 1324 tu).
1369 1253 1436 1308 Et
1460 1253 1656 1306 iterum
1671 1247 1739 1304 ad

175 1364 371 1422 Adam:
399 1359 680 1418 Maledicta
714 1366 852 1410 terra
880 1354 935 1410 in
969 1351 1208 1421 operibus
1238 1347 1340 1402 tuis
1378 1342 1586 1415 (Ibid).
1632 1338 1740 1394 Sed

177 1463 227 1512 et
243 1455 306 1510 ad
330 1453 502 1508 Cain:
532 1450 600 1504 Et
629 1436 765 1504 nunc
797 1444 1102 1502 maledictus
1132 1450 1189 1494 tu
1213 1457 1246 1494 a
1271 1448 1445 1502 terra,
1480 1449 1596 1504 qua;
1621 1448 1741 1501 ape-

179 1547 273 1602 ruit
301 1562 358 1600 os
386 1559 573 1607 suum,
617 1550 672 1594 ut
716 1539 962 1606 reciperet
1000 1532 1305 1602 sanguinem
1347 1529 1531 1597 fratris
1571 1526 1648 1580 tui
1679 1524 1743 1582 de

175 1636 405 1694 manibus
426 1635 532 1696 tuis
555 1629 706 1700 (Gen.
737 1628 835 1700 is).
865 1627 951 1691 Et,
984 1622 1297 1678 Maledictus
1323 1620 1514 1683 omnis,
1545 1617 1634 1687 qui
1663 1616 1743 1685 fa-

173 1728 236 1781 cit
261 1723 498 1796 sculptile
522 1733 611 1782 aut
645 1719 800 1790 fusile
827 1719 1064 1789 (Deuter.
1096 1714 1289 1782 xxvn).
1324 1711 1525 1766 Verum
1551 1724 1619 1764 ne
1645 1724 1741 1778 pu-

1829 522 1995 584 etiatn
2021 522 2088 581 ad
2115 520 2269 580 illum
2297 521 2551 591 populum
2585 520 2726 576 dicta
2763 519 2881 574 haec
2915 515 3201 572 referenda
3241 525 3424 584 sunt,

1831 632 1956 676 cum
1981 615 2323 674 distinctione
2347 614 2502 679 dicit,
2533 622 2594 667 ut
2627 612 2839 670 intuear
2874 618 2929 666 et
2975 608 3306 678 intelligam,
3341 615 3404 664 ut

1793 751 1798 754 -
1831 707 2072 768 laturum
2101 715 2316 776 tempus
2344 703 2614 775 signiﬁcet
2639 701 2778 756 illud
2799 700 2922 756 sine
2957 699 3146 763 dubio,
3188 696 3406 767 quando

1833 802 2010 858 clunis
2033 801 2192 856 lsrael
2218 801 2284 855 ad
2312 799 2472 854 ﬁdem
2505 798 2703 852 Christi
2731 797 2951 854 veniens
2979 795 3298 860 salvabitur,
3333 795 3404 852 ab

1837 895 1922 950 bis
1943 894 2063 948 sine
2085 893 2267 957 dubio,
2291 892 2382 960 qui
2406 890 2676 946 excelsam
2701 897 2758 943 et
2788 889 3061 944 caelestem
3087 889 3248 942 vitam
3271 904 3402 944 eon-

1835 991 2120 1051 surgentes
2161 997 2284 1038 cum
2322 979 2566 1043 Christo,
2601 988 2956 1034 exercuerunt
3004 993 3168 1048 super
3207 987 3402 1034 terras.

1840 1073 1945 1127 Sed
1973 1082 2027 1126 et
2047 1072 2189 1140 quod
2217 1071 2353 1125 dixit
2379 1089 2389 1123 :
2417 1071 2494 1124 De
2516 1068 2679 1123 Jacob
2698 1070 2904 1139 quidem
2927 1069 3126 1135 videbo,
3151 1068 3216 1122 de
3237 1068 3407 1122 Israel

1836 1175 2009 1226 autem
2048 1163 2364 1232 intelligam,
2414 1163 2580 1216 etiam
2613 1161 2717 1215 hoc
2744 1161 3022 1231 aptissima
3060 1161 3408 1216 distinctione

1838 1258 2241 1325 suscipiendum
2269 1264 2387 1320 est,
2419 1262 2480 1310 ut
2509 1253 2652 1308 aliud
2681 1253 2748 1307 ad
2783 1260 2938 1308 actus
2964 1253 3232 1316 visibiles,
3267 1251 3412 1306 aliud

1842 1348 1909 1404 ad
1938 1346 2260 1402 invisibilem
2296 1345 2457 1400 ﬁdem
2503 1353 2668 1413 atque
2710 1341 3100 1410 intelligibilem
3131 1341 3410 1402 scientiam

1842 1436 2175 1492 conferatur.
2218 1437 2325 1490 Aut
2372 1436 2416 1490 si
2453 1435 2520 1488 ad
2565 1434 2804 1487 futurum
2849 1431 3107 1492 saeculum
3141 1431 3412 1485 converti—

1845 1543 1967 1586 mus
1985 1568 1998 1592 ,
2036 1528 2089 1588 id
2111 1535 2214 1591 est,
2240 1528 2307 1582 ad
2329 1524 2741 1582 resurrectionis
2763 1533 3002 1591 tempus,
3025 1520 3189 1574 Iacob
3215 1520 3414 1583 videbo,

1843 1627 2021 1688 potest
2039 1620 2103 1674 de
2128 1618 2442 1686 corporibus
2463 1616 2666 1670 dictum
2693 1613 2935 1682 intelligi,
2953 1611 3122 1666 Israel
3147 1611 3417 1668 nutamin-

1844 1708 2093 1777 telligam,
2119 1707 2342 1776 spiritus
2368 1714 2422 1762 et
2448 1705 2656 1762 animas
2681 1704 2982 1774 signiﬁcare
2998 1701 3415 1771 resurgentium.

171 1823 249 1870 tes
275 1793 391 1870 base
418 1814 474 1868 in
501 1811 773 1876 veteribus
804 1803 1180 1862 tantummodo
1218 1799 1413 1854 litteris
1442 1798 1703 1854 contineri
1726 1838 1740 1862 ,
1771 1793 1819 1854 B
1917 1799 2072 1862 Ecce,
2100 1799 2294 1866 inquit,
2324 1796 2547 1868 populus
2571 1795 2713 1850 solus
2731 1795 3012 1859 habitabit,
3033 1803 3080 1848 et
3107 1793 3158 1846 in
3193 1793 3423 1847 nationi-

169 1905 333 1960 etiam
353 1904 410 1958 in
423 1899 728 1971 Evangeliis
752 1896 948 1954 similia
970 1894 1208 1948 invenies
1229 1892 1448 1959 scripta.
1472 1888 1745 1958 Scriptum

168 2005 254 2053 est
276 1997 425 2051 enim
452 1995 578 2064 quia
604 1993 846 2053 dicturus
867 1988 934 2044 sit
956 1986 1212 2040 Dominus
1234 1983 1317 2038 bis
1343 1983 1435 2051 qui
1461 1997 1491 2035 a
1514 1980 1748 2036 sinistris

169 2095 371 2146 erunt:
396 2085 656 2140 Discedite
683 2100 714 2137 a
749 2099 848 2146 me,
876 2078 1160 2144 maledicti,
1183 2077 1237 2131 in
1282 2076 1457 2146 ignem
1496 2083 1747 2127 aeternam

126 2245 130 2250 ,
169 2178 552 2250 (Matt/1.x“).
571 2176 734 2232 Sedet
751 2166 1526 2232 cumdicitszuobis,Scribte
1541 2175 1588 2220 et
1605 2164 1746 2216 Plta-
1806 2223 1808 2226 ν

167 2272 309 2332 rimi
333 2270 618 2339 hypocrita:
641 2266 854 2336 (Matth.
887 2261 1062 2332 χχιιι).
1093 2260 1181 2325 Et,
1218 2259 1306 2320 Vt?
1345 2259 1482 2317 vobis
1505 2255 1748 2312 divitibus

171 2362 319 2433 (Luc.
349 2360 450 2431 vs),
472 2368 528 2413 et
555 2357 760 2427 singula
790 2353 1118 2423 huiusmodi.
1146 2351 1286 2419 Quid
1315 2347 1477 2413 aliud,
1503 2345 1607 2402 nisi
1635 2360 1750 2400 ma-

172 2452 382 2516 ledictis
406 2466 500 2508 eos
533 2449 744 2508 videtur
771 2448 999 2517 urgere?
1026 2444 1135 2509 Sed
1163 2441 1295 2513 quid
1323 2440 1576 2502 diximus,
1603 2433 1750 2504 quod

173 2542 484 2600 mandatum
513 2556 608 2611 per
636 2537 953 2609 Apostolum
989 2537 1151 2596 datur
1189 2533 1280 2588 ubi
1323 2531 1492 2592 dicit:
1529 2527 1752 2584 Benedi-

143 2633 145 2635 ’
173 2632 266 2690 cite
296 2641 347 2692 et
393 2631 558 2686 nolite
592 2629 943 2684 maledicere?
983 2625 1136 2694 Quod
1180 2640 1310 2695 ergo
1343 2623 1409 2680 ab
1445 2619 1754 2686 hominibus

179 2726 285 2786 vult
308 2725 449 2791 ﬁeri,
487 2725 733 2794 bodipse
758 2723 889 2778 facit
909 2761 924 2786 ,
952 2720 1044 2790 qui
1075 2719 1379 2788 exemplum
1414 2716 1542 2776 vitae
1579 2712 1754 2774 omni-

171 2818 267 2878 bus
290 2816 486 2888 ponit?
502 2816 620 2876 Non
648 2816 725 2870 ita
759 2821 862 2869 est.
888 2812 1029 2874 Deus
1052 2814 1197 2871 enim
1235 2808 1431 2880 quibus
1458 2805 1750 2866 maledicit,

175 2910 422 2966 meritum
452 2906 712 2978 designat
741 2904 860 2972 ejus
901 2904 986 2968 cui
1034 2901 1394 2967 maledicitur,
1437 2904 1492 2954 et
1539 2904 1757 2952 senten-

1849 1891 1942 1946 bus
1971 1907 2071 1944 non
2103 1889 2446 1959 reputabitur.
2473 1888 2656 1943 Potest
2680 1887 2876 1956 quippe
2913 1894 2968 1940 et
3007 1885 3303 1941 secundum
3330 1883 3420 1938 lit-

1850 1993 2022 2040 teram
2051 1992 2213 2037 stare.
2243 1980 2404 2035 Solus
2429 1981 2574 2035 enim
2606 1980 2831 2050 populus
2857 1977 3028 2036 Jaeob
3055 1991 3162 2031 non
3193 1984 3278 2032 est
3300 1989 3426 2046 per-

1850 2077 2044 2132 mistus
2078 2075 2290 2129 caeteris
2318 2073 2658 2135 hominibus,
2690 2087 2788 2126 nec
2817 2072 2960 2125 inter
2991 2077 3217 2126 caeteras
3239 2077 3428 2139 gentes

1851 2179 2132 2239 reputatus
2160 2175 2262 2221 est.
2296 2165 2496 2219 Habuit
2525 2166 2670 2219 enim
2709 2171 2856 2218 certa
2895 2177 3123 2232 tuusque
3148 2159 3428 2230 privilegia

1851 2262 1906 2317 in
1939 2259 2409 2314 observationibus
2433 2258 2544 2312 suis
2569 2265 2621 2311 et
2653 2258 2709 2311 in
2738 2257 3010 2326 legitimis,
3035 2271 3102 2310 ex
3126 2254 3322 2323 quibus
3347 2267 3430 2306 se-

1851 2361 2163 2423 questratus
2185 2366 2216 2405 a
2241 2351 2454 2406 aectoris
2484 2349 2735 2419 gentibus
2765 2348 3078 2412 haberetur,
3101 2346 3242 2401 sicut
3266 2343 3429 2398 etiam

1852 2447 2026 2504 tribus
2058 2445 2184 2499 Levi
2219 2459 2326 2499 non
2361 2450 2447 2498 est
2483 2441 2751 2512 permixta
2791 2440 2935 2493 inter
2961 2446 3192 2493 caeteras
3225 2435 3426 2496 tribus,

1852 2553 1952 2598 nec
2003 2543 2390 2591 annumeratur
2437 2533 2580 2586 inter
2626 2546 2736 2586 eas.
2795 2529 2920 2584 Haec
2969 2527 3187 2596 quidem
3237 2526 3291 2580 in
3342 2521 3432 2578 illo

1852 2629 2050 2700 populo
2091 2627 2310 2682 fuerunt
2343 2625 2636 2680 secundum
2669 2621 2901 2675 formam
2933 2618 3240 2680 futurorum
3268 2616 3434 2670 bono-

1856 2736 1996 2774 rum.
2035 2717 2205 2776 Verus
2250 2724 2432 2776 autem
2463 2712 2633 2768 Jacob
2671 2720 2730 2766 et
2769 2710 3028 2780 spiritalis
3069 2707 3271 2771 Israel,
3306 2719 3435 2760 vere

1857 2811 2002 2866 solus
2027 2811 2290 2864 habitavit
2319 2809 2372 2862 in
2413 2807 2678 2876 gentibus.
2725 2804 2782 2858 Si
2820 2805 2966 2858 enim
2997 2801 3325 2856 accessimus
3367 2797 3436 2852 ad

1859 2899 1989 2954 Sion
2021 2907 2254 2956 montem
2275 2938 2292 2961 ,
2317 2905 2373 2952 et
2399 2896 2674 2950 civitatem
2711 2893 2805 2948 Dei
2849 2893 3082 2947 viventis
3124 2889 3425 2946 Jerusalem

174 3004 299 3064 tiam
339 3001 588 3073 promit,
638 3007 826 3068 utpote
870 3011 1031 3065 quem
1078 3011 1184 3050 non
1220 2993 1371 3052 fallat
1410 3005 1511 3045 nec
1548 2986 1757 3058 peccati
1859 2991 2133 3046 cmlestem
2156 3032 2169 3054 ,
2201 2997 2254 3043 et
2285 2987 2532 3043 venimus
2560 2986 2628 3039 ad
2667 2984 2964 3054 Spiritalem
3005 2982 3278 3044 Indicam,
3317 2995 3438 3051 qua:

169 3095 416 3164 qualitas,
446 3105 634 3162 neque
661 3091 938 3161 peccantis
961 3088 1206 3149 elluatus.
1231 3086 1402 3141 Homo
1427 3091 1608 3138 autem
1629 3079 1755 3150 quia
1860 3090 1946 3137 est
1969 3081 2147 3151 portio
2177 3080 2308 3143 Dei,
2339 3087 2396 3134 et
2432 3077 2488 3131 in
2518 3077 2679 3131 terris
2707 3075 2870 3145 positi
2915 3075 2986 3130 ibi
3023 3074 3282 3128 habemus
3309 3087 3438 3128 eon-

169 3188 420 3250 haecnec
435 3190 627 3256 potest
651 3181 792 3238 ferre
819 3180 902 3243 vei
929 3179 1127 3243 facere,
1154 3177 1350 3249 (neque
1378 3175 1524 3232 enim
1561 3187 1757 3243 propo-
1783 3168 1829 3234 C
1857 3172 2239 3234 versationem,
2268 3184 2396 3225 vere
2421 3183 2530 3224 non
2559 3176 2878 3236 reputamur
2895 3166 3036 3222 inter
3055 3174 3284 3222 caeteras
3310 3173 3436 3236 gen-

171 3280 328 3336 situm
358 3287 715 3346 mentemque
743 3275 967 3332 alterius
993 3274 1178 3330 videre
1203 3272 1343 3328 alius
1363 3278 1454 3327 aut
1477 3271 1756 3339 ignoscere
1859 3274 1960 3330 tes,
1993 3279 2094 3319 nec
2121 3262 2452 3331 reliquarum
2477 3259 2756 3314 nationum
2785 3258 2922 3312 lines
2949 3273 3072 3318 cum
3100 3256 3305 3312 nostris
3323 3255 3436 3310 ﬁni-

174 3369 393 3440 potest),
419 3344 644 3428 idcirco
671 3367 835 3424 etiam
871 3366 917 3421 si
954 3364 1255 3433 iudicantis
1299 3361 1384 3422 vel
1429 3359 1754 3416 sententiam
1855 3354 1954 3410 bus
2007 3353 2408 3415 admiscentur,
2463 3349 2678 3406 etiamsi
2731 3348 3048 3404 restituatur
3097 3347 3336 3402 Sodoma
3373 3344 3440 3399 tiu

177 3435 477 3526 prementis
503 3456 706 3521 intuitu
734 3454 976 3524 proferat
1017 3453 1390 3515 maledictum,
1427 3466 1532 3508 non
1578 3456 1755 3518 potest
1856 3449 2154 3514 antiquum,
2182 3452 2236 3498 et
2263 3442 2532 3513 JEgyptus
2565 3442 2619 3495 in
2647 3449 2850 3496 statum
2877 3454 3037 3493 suum
3065 3439 3290 3502 .rodcat;
3318 3445 3374 3490 et
3393 3435 3440 3491 si

176 3566 292 3612 esse
303 3551 457 3619 iusta
488 3548 847 3612 maledicendi
877 3561 1063 3610 causa.
1093 3545 1184 3604 ubi
1219 3545 1500 3614 ignoratur
1526 3555 1756 3610 peccan-

170 3642 242 3702 tis
285 3642 562 3702 enectus:
594 3639 832 3702 maxime
875 3651 998 3692 cum
1049 3636 1345 3695 humanum
1393 3632 1583 3690 vitium
1629 3638 1758 3690 tunc

173 3732 308 3788 sciat
331 3731 632 3794 maledicta
669 3727 917 3799 proferre
939 3741 1060 3788 cum
1102 3724 1240 3792 forte
1269 3723 1530 3786 conviciis
1559 3728 1654 3776 aut
1677 3721 1760 3774 in-

162 3818 328 3888 juriis
364 3830 716 3890 ptovocatur.
759 3819 916 3886 Quod
960 3818 1150 3874 vitium
1181 3828 1434 3878 resecare
1474 3811 1761 3882 Apostolus

167 3913 386 3974 velans,
426 3926 500 3964 ne
527 3910 828 3974 maledictis
855 3909 1143 3972 niatedicta
1159 3947 1174 3972 ,
1200 3915 1257 3968 et
1287 3905 1549 3968 conviciis
1583 3902 1762 3964 convi-

168 4003 252 4060 cia
282 4013 656 4071 pmvooemus
676 4038 692 4066 ,
734 3999 1048 4060 mandatum
1096 3994 1465 4058 necessarium
1494 3992 1679 4072 ponit,
1707 3999 1762 4044 ut

171 4091 552 4153 benedictum“
597 4098 644 4146 et
687 4104 793 4144 non
837 4086 1212 4150 maledicentes
1258 4083 1436 4156 (Rom.
1475 4079 1574 4152 xu)
1609 4097 1622 4137 :
1655 4096 1764 4151 quo

173 4179 527 4240 conviciandi
554 4179 744 4244 vitium
773 4186 1073 4245 resecetur,
1101 4192 1209 4231 non
1233 4190 1341 4244 quo
1371 4173 1645 4244 iudicandi
1675 4187 1766 4229 ve—

175 4275 329 4340 ritas,
357 4287 490 4344 quac
514 4271 763 4332 homines
788 4271 941 4335 latet,
972 4277 1028 4332 et
1050 4267 1434 4338 pronuntiandi
1465 4266 1765 4332 auctoritas

177 4367 498 4436 perimatur.
529 4363 600 4425 Et
628 4370 809 4420 tamen
847 4362 976 4431 quid
999 4375 1178 4424 causan
1201 4359 1294 4424 sit,
1329 4358 1472 4427 quod
1502 4373 1612 4422 non
1639 4372 1761 4416 ma-

1851 3537 1987 3606 quid
2013 3535 2124 3590 tale
2149 3536 2203 3590 in
2229 3533 2508 3602 prephetis
2533 3531 2822 3599 scriptum,
2848 3536 3222 3588 verumtamen
3244 3526 3324 3580 illi
3353 3524 3442 3580 Ja-

1851 3626 1962 3684 cob
1987 3636 2042 3680 et
2067 3622 2295 3692 spiritali
2319 3621 2516 3684 lanci,
2545 3636 2671 3675 cum
2705 3619 2773 3672 ad
2813 3617 3111 3673 Ecclesium
3143 3615 3443 3685 primitiua-

1858 3733 1985 3776 rum
2008 3715 2349 3772 ascenderint
2370 3753 2388 3776 ,
2417 3711 2596 3766 nullus
2619 3707 3014 3776 “multabitur,
3043 3706 3232 3766 nullus
3269 3704 3439 3762 duti-

1847 3807 2123 3872 sccbitur,
2143 3805 2314 3861 etiam
2342 3803 2389 3858 si
2418 3802 2537 3856 ista
2573 3802 2765 3869 gemes
2799 3798 3100 3859 secuan
3139 3797 3443 3866 dicta-peo-

1859 3899 2076 3972 pbetica
2123 3896 2326 3952 fuerint
2355 3893 2641 3950 restitutus.
2673 3889 2791 3945 ﬁlsi
2827 3889 2975 3943 enim
2999 3887 3245 3944 insertus
3275 3888 3446 3943 fuerit

1863 4005 2049 4047 ramus
2073 3987 2335 4050 oleastri,
2365 3992 2424 4040 et
2467 3983 2646 4038 socius
2677 3981 2842 4036 fuerit
2869 3978 3058 4035 lactus
3095 3979 3294 4034 radicis
3315 3978 3445 4047 iplu-

1861 4083 2113 4156 guedinis
2139 4082 2316 4145 olivae,
2348 4077 2619 4148 quomodo
2644 4081 2823 4145 potest
2854 4072 3049 4130 sociari
3095 4079 3151 4126 et
3193 4067 3444 4143 coitiungi

1864 4177 1934 4232 ad
1961 4174 2132 4230 Iacob
2156 4171 2243 4225 vel
2271 4168 2456 4233 Israel,
2489 4181 2612 4222 cum
2635 4165 2756 4220 sine
2777 4165 2883 4228 ista
2918 4162 3100 4218 radios
3137 4173 3242 4215 nec
3275 4159 3443 4216 Jnoob

1859 4265 2149 4335 quisquam
2193 4263 2364 4332 possit
2405 4260 2683 4332 appellari,
2717 4274 2816 4315 nec
2861 4257 3047 4315 lsrael.
3093 4255 3279 4326 Neque
3311 4269 3443 4326 ergo

1853 4372 1929 4414 ex
1975 4354 2140 4410 Jaeob
2184 4354 2265 4408 vel
2303 4351 2472 4408 Israel
2521 4353 2565 4406 si
2609 4352 2730 4420 quis
2761 4358 2984 4420 peccat,
3019 4347 3184 4401 Iacob
3211 4347 3316 4399 diei
3349 4347 3437 4400 vel

137 4456 372 4516 dedicat
397 4455 671 4524 Dominus
701 4453 867 4512 Iacob
901 4467 1075 4522 neque
1099 4450 1299 4515 Israel,
1331 4451 1399 4512 ab
1423 4451 1540 4520 ipso
1569 4448 1834 4524 nihilo.“
1861 4448 2028 4507 Israel
2070 4454 2276 4517 potest;
2305 4460 2480 4513 neque
2520 4459 2585 4499 ex
2633 4441 2884 4511 gentibus
2921 4440 2969 4492 si
3012 4438 3134 4505 quis
3169 4436 3444 4506 ingressus

180 4549 352 4612 minus
371 4522 630 4610 Balaam,
655 4544 764 4603 imo
785 4559 816 4600 a
840 4511 1006 4604 verbi;
1033 4541 1174 4610 quod
1209 4511 1390 4611 potuit
1411 4511 1555 4598 Deus
1584 4541 1641 4596 in.
1665 4552 1761 4598 ore
1785 4511 1839 4570 D
1865 4543 2032 4597 fuerit
2071 4511 2633 4596 Ecclesium—Domini
2653 4575 2668 4600 ,
2715 4533 2858 4588 inter
2901 4537 3086 4598 gentes
3115 4527 3254 4582 ultra
3287 4541 3443 4599 repu-

177 4641 306 4710 ejns,
337 4637 666 4709 diligentius
701 4635 1002 4695 audiamus.

240 4732 315 4788 De
334 4733 562 4790 summis
600 4727 832 4786 silicibus
861 4727 1040 4785 uidebo
1062 4744 1202 4791 eum,
1233 4726 1365 4785 etde
1389 4725 1608 4785 collibus
1637 4742 1763 4784 con-

175 4827 416 4884 siderabo
436 4825 618 4883 illum.
645 4824 789 4889 Sive,
812 4822 964 4893 juxta
987 4821 1148 4876 aliam
1169 4819 1480 4882 editionem,
1508 4816 1768 4882 Quoniam

187 4920 244 4976 tle
271 4921 574 4985 verticibus,
605 4915 804 4985 inquit,
826 4913 1078 4972 montium
1101 4911 1339 4966 intuebar
1359 4926 1496 4976 eum,
1531 4918 1580 4962 et
1604 4925 1636 4962 a
1657 4907 1764 4962 col-

187 5010 313 5068 libus
335 5011 644 5082 intelligam
670 5022 809 5062 eum.
837 5004 991 5070 Quia,
1018 5003 1211 5072 inquit,
1241 5003 1294 5056 in
1316 5000 1545 5060 excelsis
1568 4999 1766 5056 monti-

189 5102 281 5170 tuo
305 5111 374 5162 et
401 5102 532 5163 altis
569 5096 804 5160 collibus
830 5093 1037 5163 positus
1079 5099 1164 5146 est
1200 5091 1393 5157 lsrael,
1440 5092 1543 5146 hoc
1587 5099 1670 5146 est
1710 5089 1765 5143 in

179 5194 325 5254 edita
343 5195 464 5250 vita
490 5200 553 5248 et
575 5188 749 5250 ardua
771 5225 787 5252 .
815 5185 888 5246 ad
913 5197 1075 5252 quam
1105 5182 1462 5236 contuendum
1487 5188 1542 5234 et
1573 5179 1772 5236 intelli-

153 5285 415 5353 iuendam
456 5298 568 5348 non
602 5277 767 5340 facile
807 5276 929 5348 quis
965 5274 1188 5334 idoneus
1230 5271 1357 5338 ﬁat,
1385 5271 1488 5325 nisi
1520 5271 1780 5328 ascendat

193 5376 258 5433 ad
283 5377 624 5435 eminentem
668 5376 724 5424 et
771 5366 1044 5426 excelsam
1087 5362 1404 5426 scientiam,
1434 5361 1666 5426 idcirco,
1696 5361 1779 5416 in-

1868 4635 2093 4690 tabitur.

1945 4722 2076 4787 Qui:
2099 4717 2432 4787 inoestigabit
2463 4731 2636 4770 tamen
2673 4712 2838 4768 Iacob
2873 4719 2918 4766 et
2947 4711 3065 4781 quis
3093 4711 3444 4767 dinumerabit

1873 4813 2042 4886 plebes
2068 4809 2276 4866 Israel?
2301 4807 2491 4862 Simile
2517 4815 2601 4860 est
2629 4804 2704 4865 illi
2735 4804 2836 4857 hoc
2863 4803 3006 4872 quod
3042 4803 3298 4871 scriptum
3326 4811 3439 4871 est,

1870 4909 1997 4978 quia
2019 4905 2206 4960 eduxit
2232 4902 2374 4956 Deus
2401 4899 2677 4954 Abraham
2713 4895 2859 4952 foras
2888 4903 2943 4951 et
2971 4895 3046 4949 ait
3077 4894 3152 4950 illi
3181 4913 3194 4948 :
3229 4893 3443 4965 Respice

1869 4999 1939 5055 ad
1964 4995 2169 5060 coelum,
2197 5002 2245 5048 et
2270 4992 2545 5046 dinumera
2573 4987 2750 5048 stellas
2774 4987 2819 5040 si
2839 4996 2980 5057 potes
3003 4986 3355 5040 dinumerare.
3377 4985 3419 5038 E

1861 5090 1985 5145 luit:
2019 5088 2108 5142 Ita
2137 5087 2233 5140 erit
2259 5097 2434 5138 semen
2461 5089 2627 5136 tuum.
2653 5077 2722 5132 Et
2766 5077 2983 5132 credidit
3027 5076 3289 5130 Abraham
3309 5075 3440 5139 Deo,

1869 5191 1917 5236 et
1968 5186 2263 5249 reputatum
2303 5183 2378 5228 est
2426 5171 2506 5225 illi
2547 5171 2615 5224 ad
2656 5171 2919 5240 justitiam
2967 5167 3120 5240 (Gen.
3161 5167 3301 5235 xm).
3335 5164 3441 5219 Sed

1867 5268 2145 5327 Abraham
2168 5265 2386 5334 quidem
2405 5271 2460 5317 et
2479 5262 2572 5317 alii
2597 5262 2822 5332 quilibet
2843 5259 3139 5320 hominum,
3163 5263 3257 5310 aut
3273 5256 3442 5308 etiam

1872 5359 2207 5430 angelorum,
2237 5354 2486 5410 fortassis
2507 5362 2686 5416 autem
2715 5361 2770 5408 et
2799 5348 3136 5419 superiorum
3158 5346 3437 5411 virtutum,

193 5463 327 5534 quit,
347 5479 461 5526 non
495 5462 550 5526 ei
575 5458 855 5526 maledicit
885 5457 1042 5512 Deus.
1078 5455 1175 5512 Est
1201 5455 1346 5508 enim
1375 5453 1483 5508 vita
1516 5452 1631 5521 ejus
1663 5450 1770 5506 alta
1877 5466 1986 5508 non
2015 5455 2229 5518 poterat
2253 5459 2540 5502 numerare
2565 5443 2784 5506 stellas,
2811 5454 2914 5495 nec
2937 5453 3126 5500 amen
3144 5435 3440 5502 Abraham,

149 5609 166 5614 ..
560 5593 577 5621 ,
625 5567 734 5610 non
776 5549 994 5610 humilis
1037 5555 1090 5602 et
1135 5547 1362 5617 dejecta.
1393 5545 1546 5612 Quod
1588 5551 1772 5600 tamen
1876 5540 1942 5596 de
1972 5554 2078 5608 quo
2105 5537 2362 5606 scriptum
2391 5544 2474 5594 est
2502 5551 2516 5589 :
2549 5533 2637 5590 Sic
2662 5532 2950 5590 eritsemen
2979 5538 3149 5583 tuum.
3180 5526 3325 5589 Deus
3347 5541 3442 5584 au—

195 5618 320 5711 mibi
343 5665 454 5710 non
478 5618 724 5709 videtur,
756 5643 881 5712 quia
907 5643 975 5700 de
1009 5641 1099 5698 illo
1134 5641 1326 5705 lsrael,
1356 5641 1446 5710 qui
1476 5639 1769 5696 secundum
1877 5643 1983 5696 tem
2009 5636 2076 5691 de
2099 5647 2204 5701 quo
2228 5632 2487 5700 scriptum
2513 5635 2600 5685 est
2623 5644 2636 5680 :
2663 5623 2765 5688 Qui
2789 5628 3029 5680 numerat
3044 5618 3444 5712 multitudinem

437 5708 620 5805 durae]
811 5733 1039 5806 dixerit;
1081 5730 1178 5790 sed
1212 5732 1276 5788 de
1305 5708 1398 5792 illo
1431 5731 1584 5802 cujus
1613 5747 1772 5802 super
1871 5726 2166 5794 stellarum,
2195 5734 2243 5788 et
2267 5722 2508 5786 ornatibus
2527 5719 2600 5778 eis
2627 5715 3006 5774 nominauocat
3031 5708 3206 5788 (Ptol.
3234 5709 3454 5796 cum).
