3890 6340
514 331 615 389 745

1159 325 1222 382 Β.
1263 323 1518 383 ΒΑΒΑΝΙ
1557 323 1775 381 MAURI
1807 322 2128 380 ARCHIEP.
2172 321 2482 380 MOGUNT.
2523 323 2808 381 OPERUM
2844 324 3026 382 PARS
3059 326 3100 382 l.
3664 335 3746 392 7“

510 462 650 511 rem,
704 457 880 514 neque
915 440 1061 496 aliud
1088 441 1445 510 quodcunque
1474 441 1666 494 horum
1699 439 1958 509 recipere,
1983 455 2082 494 nec
2109 441 2162 501 Α
2186 437 2405 504 bantur,
2448 438 2801 493 scandalizati
2859 448 2983 492 sunt
3021 448 3077 493 et
3114 438 3369 495 dixerunt
3401 457 3413 494 :
3450 441 3587 507 Quis
3614 457 3746 512 potest

509 539 612 594 iste
654 537 769 607 ipse
808 534 1024 606 quidem
1070 533 1289 586 Balaam
1337 532 1678 602 recipiendus
1723 548 1753 584 a
1790 531 1944 584 nobis
1979 538 2080 586 est.

508 631 660 687 Unus
706 636 792 682 est
832 627 978 681 enim
1025 640 1091 679 ex
1116 626 1202 679 his
1238 639 1373 694 quos
1405 624 1572 695 recipi
1621 623 1869 693 prohibet
1903 623 2083 677 divina

507 721 795 777 sententia.
822 717 932 773 Sed
958 719 1179 771 adverte
1201 715 1531 785 diligentius,
1557 723 1612 768 et
1632 722 1904 769 memento
1939 712 2085 784 quod

506 814 562 868 in
592 807 962 880 superioribus
984 804 1230 876 legimus,
1261 803 1351 857 ubi
1374 803 1571 858 dicitur
1597 802 1663 856 de
1685 817 1751 857 eo
1786 803 1912 871 quia
1953 802 2086 872 inje-

505 906 574 960 cit
611 903 866 957 Dominus
907 898 1115 954 verbum
1135 911 1291 951 suum
1323 896 1378 949 in
1413 911 1470 948 os
1504 895 1638 964 ejus.
1665 893 1780 947 Non
1809 909 1937 966 ergo
1966 893 2082 949 haec

507 1013 649 1053 nunc
681 996 750 1050 ad
771 994 1014 1057 Balaam,
1045 991 1136 1046 sed
1166 1004 1197 1044 a
1231 989 1396 1043 verbo
1424 987 1542 1052 Dei,
1596 986 1742 1056 quod
1768 987 1822 1042 in
1846 1002 1942 1041 ore
1963 987 2082 1057 ejus

505 1089 741 1160 positum
767 1094 870 1154 est,
927 1083 1173 1140 dicimus.
1223 1079 1336 1134 Nisi
1367 1079 1512 1133 enim
1553 1077 1722 1133 verba
1764 1077 1974 1132 Domini
1998 1093 2082 1132 es-

504 1189 646 1245 sent,
698 1193 807 1233 non
856 1191 920 1232 ea
964 1174 1149 1243 utique
1184 1170 1480 1226 revelasset
1525 1167 1723 1223 famulo
1764 1183 1860 1223 suo
1889 1167 2076 1238 Moysi,

504 1272 594 1344 qui
615 1268 802 1341 procul
827 1266 1054 1340 positus,
1085 1279 1210 1320 cum
1239 1263 1306 1317 ab
1332 1278 1397 1323 eo
1426 1262 1538 1333 regi
1559 1261 1723 1315 Balac
1745 1261 2076 1326 dicerentur,

504 1372 710 1420 certum
753 1368 837 1415 est
881 1357 1026 1429 quod
1071 1356 1177 1410 nisi
1207 1371 1236 1410 a
1266 1355 1376 1409 Deo
1426 1354 1529 1409 sibi
1586 1352 1819 1407 revelata
1871 1351 2081 1422 Moyses

503 1455 642 1511 scire
670 1468 778 1508 non
799 1449 1008 1523 tpotuit.
1056 1449 1186 1504 Post
1236 1448 1374 1514 haec,
1417 1445 1573 1512 Ecce,
1628 1446 1821 1516 inquit,
1856 1446 2080 1517 populus

501 1546 634 1600 sicut
677 1543 847 1599 lemne
891 1540 969 1597 vel
999 1539 1204 1594 catulus
1253 1539 1416 1594 leonis
1455 1547 1717 1610 exsurget,
1747 1548 1793 1592 et
1825 1538 1958 1592 sicut
2001 1537 2080 1592 leo

499 1635 801 1690 exsultabit.
852 1633 911 1688 1n
937 1632 1023 1689 his
1054 1633 1187 1688 mihi
1240 1633 1451 1690 videtur
1477 1631 1860 1688 conﬁdentiam
1898 1629 2080 1702 populi

500 1725 808 1781 describere
830 1723 1102 1780 credentis
1127 1723 1179 1777 in
1208 1721 1445 1788 Christo,
1481 1732 1537 1778 et
1579 1723 1886 1778 libertatem
1915 1738 2079 1792 quam

2191 529 2510 583 manducare
2529 545 2730 595 carnes,
2748 539 2798 584 et
2811 530 3116 600 sanguinem
3133 530 3302 584 bibere
3323 529 3380 603 (1
3387 549 3514 586 oan.
3534 535 3646 604 vi)?
3664 537 3745 594 Sed

2186 619 2417 690 populus
2448 620 2810 686 Christianus,
2867 621 3099 691 populus
3127 621 3300 676 ﬁdelis
3344 624 3499 678 audit
3529 626 3658 692 htec,
3704 641 3747 686 et

2187 711 2531 780 amplectitur
2557 719 2612 765 et
2638 712 2882 780 sequitur
2906 725 3030 766 eum
3059 712 3152 782 qui
3192 713 3323 768 dicit
3350 727 3366 766 :
3394 713 3518 768 Nisi
3557 720 3745 774 mandu-

2187 806 2428 860 caveritis
2449 823 2661 860 carnem
2680 823 2868 873 meam,
2915 816 2964 862 et
2987 807 3219 862 biberitis
3243 814 3559 883 sanguinem
3583 831 3741 885 meum,

2186 913 2290 950 non
2326 896 2578 951 habebitis
2626 899 2786 952 vitam
2843 899 2900 952 in
2947 898 3086 953 vobis
3118 901 3266 971 ipsis.
3300 901 3440 968 Quia
3489 921 3615 960 caro
3655 926 3742 964 mea

2185 1003 2300 1041 vere
2355 997 2429 1041 est
2489 988 2674 1055 cibus,
2731 998 2778 1042 et
2839 991 3054 1058 sanguis
3121 1008 3265 1046 meus
3320 1011 3437 1048 vere
3493 1005 3572 1050 est
3624 1009 3742 1068 potus

2186 1076 2395 1148 (lbid.).
2422 1080 2489 1134 Et
2515 1081 2699 1152 utique
2725 1081 2816 1151 qui
2843 1081 2958 1137 hate
2969 1083 3206 1150 dicebat,
3231 1085 3549 1144 vulneratus
3572 1099 3647 1145 est
3662 1107 3734 1161 pro

2185 1169 2526 1235 hominibus;
2552 1170 2672 1242 Ipse
2702 1173 2840 1226 enim
2863 1174 3165 1228 vulneratus
3189 1187 3263 1230 est
3287 1194 3384 1247 pro
3416 1182 3641 1248 peccatis
3659 1199 3730 1236 no-

2181 1261 2301 1313 stris
2317 1258 2452 1331 (Isa.
2468 1261 2583 1331 Llll)
2594 1303 2608 1328 ,
2624 1263 2766 1318 sicut
2785 1263 2954 1319 Isaias
2969 1265 3118 1320 dicit.
3133 1265 3328 1323 Bibere
3342 1277 3531 1325 autem
3545 1272 3738 1328 dicimur

2185 1350 2510 1420 sanguinem
2536 1350 2760 1419 Christi,
2794 1369 2904 1409 non
2932 1355 3108 1410 solum
3139 1369 3610 1415 sacramentorum
3633 1363 3729 1429 ritu,

2188 1440 2284 1496 sed
2313 1458 2438 1496 cum
2486 1459 2765 1500 sermones
2794 1447 2912 1518 ejus
2941 1449 3257 1520 recipimus,
3313 1452 3370 1506 in
3422 1455 3618 1524 quibus
3654 1457 3736 1510 vita

2185 1535 2452 1601 consistit,
2487 1537 2625 1590 sicut
2647 1547 2703 1592 et
2733 1539 2849 1609 ipse
2871 1541 3003 1596 dicit
3037 1559 3050 1594 :
3082 1541 3275 1610 Verba,
3305 1561 3424 1614 quae
3450 1563 3550 1616 ego
3576 1547 3734 1601 locum

2183 1643 2320 1693 sum,
2335 1627 2546 1698 spiritus
2560 1639 2606 1682 et
2626 1629 2729 1682 vita
2747 1639 2865 1683 sunt
2885 1631 3068 1700 (Joan.
3085 1634 3182 1704 vr).
3206 1633 3303 1688 Est
3314 1650 3448 1706 ergo
3471 1637 3734 1706 ipsevulne-

2183 1726 2356 1784 ratus,
2387 1717 2540 1788 cujus
2567 1734 2667 1775 nos
2689 1721 3007 1790 sanguinem
3041 1722 3295 1789 bibimus,
3329 1725 3385 1779 id
3436 1735 3547 1790 est,
3574 1725 3732 1781 doctri-

500 1816 662 1871 babet
691 1815 746 1870 in
786 1815 910 1880 ﬁde,
963 1821 1019 1869 et
1053 1811 1469 1869 exsultationem
1504 1827 1665 1883 quam
1693 1814 1834 1884 gerit
1860 1814 1915 1866 in
1960 1829 2075 1883 spe.
2106 1821 2155 1882 Β
2181 1826 2264 1864 nte
2291 1809 2410 1878 ejus
2439 1811 2605 1865 verba
2649 1811 2996 1880 suscipimus.
3056 1812 3162 1867 Sed
3193 1822 3246 1868 et
3289 1814 3369 1869 illi
3417 1817 3729 1872 nihilominus

500 1906 860 1976 Comparatur
911 1905 1090 1960 catulo
1131 1903 1302 1960 leonis
1323 1905 1451 1959 dum
1483 1905 1652 1960 tendit
1674 1906 1741 1960 ad
1787 1904 2079 1975 perfectio-

503 2013 626 2053 nem
651 1998 806 2053 lzntus
833 2007 889 2052 et
916 1997 1093 2052 velox.
1128 1996 1296 2052 Leoni
1339 2012 1469 2053 vero
1498 1997 1791 2063 confertur,
1820 2013 1944 2052 cum
1967 1998 2079 2068 jam

501 2090 708 2146 obtinet
751 2104 871 2160 qua:
913 2088 1153 2160 perfecta
1180 2096 1324 2144 sunt.
1372 2088 1525 2145 Sicut
1548 2089 1693 2144 enim
1720 2089 1805 2144 leo
1834 2098 1883 2144 et
1912 2089 2080 2144 leaena

500 2181 586 2237 vel
623 2180 834 2238 catulus
882 2181 1054 2238 leonis
1091 2180 1299 2236 nullum
1347 2180 1568 2247 animal,
1606 2180 1808 2235 nullam
1852 2181 2080 2235 bestiam

500 2271 718 2337 timent,
753 2272 849 2327 sed
871 2280 998 2327 sunt
1027 2272 1107 2325 eis
1141 2280 1335 2327 cuncta
1367 2271 1628 2341 subjecta,
1661 2272 1736 2326 ita
1762 2281 1816 2327 et
1838 2271 2080 2342 perfecto
2106 2299 2113 2310 ι

499 2362 826 2430 Christiano,
857 2364 951 2434 qui
973 2363 1114 2419 tollit
1137 2379 1356 2419 crucem
1382 2379 1556 2428 suam,
1583 2372 1636 2418 et
1657 2363 1902 2432 sequitur
1925 2362 2082 2418 Chri-

499 2461 643 2506 sturu
681 2466 696 2505 ε
727 2453 818 2521 qui
857 2460 1037 2522 potest
1090 2452 1272 2508 dicere
1309 2471 1322 2507 :
1356 2451 1491 2506 Milli
1535 2452 1763 2506 mundus
1796 2451 2080 2520 cruciﬁxus

499 2552 576 2596 est
616 2549 665 2594 et
693 2558 786 2612 ego
818 2542 1013 2596 mundo
1062 2541 1204 2614 (Gal.
1259 2542 1356 2615 vr),
1409 2550 1604 2598 cuncta
1657 2541 1898 2611 subjecta
1932 2552 2078 2610 sunt,

499 2641 697 2688 cuncta
721 2633 1016 2688 calcantur.
1058 2634 1298 2704 Despicit
1325 2635 1469 2689 enim
1491 2642 1546 2688 et
1569 2634 1872 2689 contemnit
1899 2635 2080 2688 omnia

498 2736 619 2791 quae
648 2723 702 2775 in
731 2723 835 2778 hoc
864 2725 1064 2778 mundo
1093 2733 1239 2789 sunt,
1283 2733 1338 2779 et
1375 2725 1619 2780 imitatur
1646 2741 1770 2780 eum
1797 2726 1889 2796 qui
1916 2725 1996 2780 leo
2017 2726 2082 2780 de

497 2809 636 2866 tribu
665 2811 813 2866 Juda
855 2822 905 2867 et
929 2814 1134 2868 catulus
1181 2814 1346 2869 leonis
1365 2815 1579 2869 dicitur.
1637 2816 1776 2882 Quia
1799 2817 1940 2872 sicut
1967 2818 2082 2888 ipse

498 2899 592 2956 lux
623 2909 708 2958 est
728 2903 933 2969 mundi,
987 2913 1042 2960 et
1067 2906 1346 2976 discipulis
1375 2908 1489 2963 suis
1520 2908 1667 2966 dedit
1692 2921 1752 2964 ut
1781 2920 1836 2964 et
1864 2911 1965 2982 ipsi
1995 2927 2082 2967 es-

500 3001 622 3048 sent
653 2993 745 3049 lux
791 2996 998 3062 mundi,
1052 2998 1125 3051 ita
1149 3006 1203 3053 et
1231 3015 1354 3054 cum
1408 2999 1524 3070 ipse
1563 3001 1634 3056 sit
1676 3001 1759 3058 leo
1789 3011 1844 3056 et
1870 3003 2081 3058 catulus

499 3082 695 3150 leonis,
728 3086 896 3140 etiam
931 3087 1276 3144 credentibus
1297 3090 1351 3144 in
1378 3105 1456 3156 se,
1483 3106 1682 3146 nomen
1711 3092 1884 3146 leonis
1910 3103 1966 3146 et
1991 3109 2081 3148 ca-

2184 1899 2449 1954 vulnerati
2489 1910 2633 1968 sunt,
2680 1903 2772 1972 qui
2802 1903 2958 1958 nobis
2985 1905 3210 1959 verbum
3237 1904 3352 1974 ejus
3375 1909 3726 1976 praedicarunt.

2185 1989 2255 2043 Et
2280 1991 2519 2059 ipsorum
2544 1991 2709 2057 enim,
2741 1992 3106 2060 apostolorum
3132 1994 3248 2065 ejus
3267 1997 3434 2052 verba
3487 2013 3606 2053 cum
3636 1999 3730 2071 legi-

2186 2095 2328 2146 mus,
2365 2089 2421 2136 et
2469 2081 2636 2136 vitam
2674 2097 2742 2136 ex
2783 2083 2864 2139 eis
2915 2086 3323 2156 consequimur,
3370 2089 3729 2148 vulneratorum

2185 2173 2502 2244 sanguinem
2530 2174 2783 2230 bibimus.
2837 2175 2962 2230 Non
2993 2195 3140 2248 ergo,
3170 2179 3368 2249 inquit,
3401 2182 3635 2250 dormiet,
3660 2184 3731 2238 do-

2186 2281 2277 2318 nec
2315 2263 2550 2319 comedat
2581 2259 2837 2335 praedam.
2871 2266 2978 2323 Iste
3005 2269 3154 2323 enim
3182 2271 3438 2341 populus,
3479 2276 3564 2343 qui
3585 2275 3732 2330 catulo

2184 2354 2354 2410 leonis
2405 2355 2492 2411 vel
2517 2355 2657 2410 leoni
2681 2369 3051 2427 comparatur,
3087 2375 3197 2415 non
3231 2363 3478 2432 quiescet
3517 2381 3605 2421 nec
3636 2367 3734 2421 dor-

2188 2448 2338 2513 miet,
2380 2449 2552 2503 donec
2583 2449 2758 2518 rapiat
2797 2451 3059 2520 praedam,
3094 2452 3148 2506 id
3195 2461 3300 2519 est,
3343 2456 3516 2512 donec
3555 2458 3732 2528 diripiat

2186 2555 2412 2611 regnum
2450 2540 2711 2595 caalorum
2747 2559 2760 2594 :
2795 2543 2923 2612 quia
2975 2561 3008 2597 a
3062 2543 3243 2599 diebus
3279 2544 3509 2602 Joannis
3554 2565 3731 2616 regnant

2186 2629 2429 2683 caelorum
2455 2631 2555 2684 vim
2580 2631 2796 2700 patitur,
2833 2641 2881 2686 et
2912 2634 3011 2687 vim
3041 2634 3291 2702 facientes
3343 2639 3590 2706 diripiunt
3625 2637 3730 2690 illud

2186 2717 2402 2790 (Matth.
2436 2719 2534 2791 xi).
2575 2720 2646 2776 Ut
2677 2729 2860 2776 autem
2883 2723 3190 2779 evidentius
3213 2740 3536 2796 cognoscas,
3563 2729 3660 2782 haec
3683 2729 3734 2782 de

2185 2819 2373 2865 nostro
2387 2811 2583 2881 populo
2601 2813 2766 2888 quiin
2785 2814 3146 2869 sacramentis
3160 2813 3363 2872 Christi
3381 2818 3734 2874 conftnderatus

2184 2911 2272 2956 est
2299 2902 2485 2968 scribi,
2521 2904 2644 2958 audi
2699 2905 2970 2974 quomodo
2999 2913 3055 2960 et
3092 2905 3146 2959 in
3175 2906 3301 2962 aliis
3327 2907 3539 2980 Moyses
3573 2908 3735 2965 similia

2183 2993 2500 3062 pronuntiat
2527 2995 2711 3050 dicens
2741 3014 2753 3047 τ
2778 2996 3039 3074 Butgrum
3065 2998 3220 3053 boum
3252 3017 3316 3055 ac
3339 3001 3426 3055 lac
3448 3004 3623 3069 ovium,
3641 3019 3734 3056 cum

2186 3083 2340 3154 adipe
2369 3101 2626 3155 agnorunt
2665 3096 2711 3140 et
2741 3089 2998 3156 arietum,
3025 3089 3261 3158 ﬁliorum
3288 3103 3559 3152 taurorum
3585 3105 3625 3150 et
3647 3095 3735 3148 ltit-

498 3175 597 3230 tuli
643 3177 817 3232 leonis
882 3180 1122 3234 ascribit.
1196 3182 1330 3236 Vide
1378 3190 1560 3236 autem
1623 3184 1751 3252 quia
1805 3185 2079 3241 evidenter

2190 3192 2393 3242 corum,
2426 3193 2543 3230 cum
2581 3178 2735 3248 adipe
2765 3196 2946 3234 renum
2962 3180 3237 3251 frumenti,
3257 3197 3306 3239 et
3323 3189 3624 3258 ‘sa'itguinem
3647 3202 3739 3241 utre

499 3278 606 3317 non
637 3264 702 3319 de
731 3265 820 3319 illo
841 3267 932 3334 qui
955 3275 1083 3322 tunc
1103 3279 1337 3337 praeerat
1365 3271 1580 3340 populo,
1617 3272 1711 3326 sed
1747 3273 1812 3326 de
1842 3274 1946 3326 hoc
1985 3276 2080 3343 qui

500 3353 715 3410 futurus
745 3365 866 3410 erat
892 3357 997 3411 ista
1039 3358 1310 3412 dicuntur.
1344 3359 1434 3414 Ait
1472 3361 1618 3415 enim
1653 3379 1665 3413 :
1700 3360 1837 3416 Ecce
1859 3364 2082 3433 populus

498 3447 632 3500 sicut
677 3447 882 3502 catulus
906 3448 1068 3505 leonis
1103 3462 1364 3522 exsurget,
1395 3463 1443 3506 et
1477 3454 1610 3508 sicut
1657 3455 1737 3510 leo
1775 3457 2078 3513 exsultabit.

497 3537 952 3594 Exsurrecturum
1001 3541 1132 3596 dicit
1177 3543 1452 3613 populum,
1503 3545 1693 3616 utique
1723 3546 1816 3616 qui
1867 3547 2082 3605 futurus

497 3637 639 3685 erat.
673 3629 811 3686 Nam
839 3634 886 3687 si
913 3633 980 3689 de
1006 3648 1072 3690 eo
1105 3634 1313 3692 diceret
1363 3653 1523 3707 quem
1576 3639 1812 3709 videbat,
1851 3644 2079 3700 dixisset

496 3720 612 3776 sine
660 3722 864 3777 dubio:
897 3724 1039 3781 Ecce
1086 3727 1315 3798 populus
1348 3730 1488 3784 sicut
1512 3732 1726 3787 catulus
1775 3733 1948 3790 leonis
1983 3751 2078 3791 ex-

495 3817 750 3870 surrexit.
785 3816 892 3872 Sed
923 3826 1133 3873 certum
1159 3828 1262 3886 est,
1321 3822 1445 3889 quia
1472 3822 1537 3876 de
1559 3822 1651 3878 illo
1674 3826 1874 3894 populo
1902 3827 2066 3891 dicat,

495 3897 562 3954 de
590 3914 696 3969 quo
709 3907 765 3954 et
787 3900 843 3955 in
870 3900 989 3956 aliis
1014 3901 1275 3972 scriptum
1303 3911 1384 3958 est
1412 3919 1427 3956 :
1460 3904 1529 3958 Et
1563 3908 1949 3962 annuntiabunt
1977 3926 2081 3964 cae-

493 3985 533 4041 li
553 3987 823 4058 justitiam
845 3989 960 4060 ejus
980 3989 1172 4060 populo
1190 3991 1281 4060 qui
1303 4001 1568 4058 nascetur,
1595 4010 1746 4066 quem
1763 3995 1887 4065 fecit
1901 3997 2082 4052 Domi-

493 4093 593 4134 nus
607 4079 780 4150 (Psal.
798 4082 934 4153 ut).
952 4082 1050 4137 Est
1063 4097 1192 4154 ergo
1207 4084 1435 4155 populus
1449 4085 1537 4141 hic
1551 4087 1761 4143 catulus
1775 4089 2081 4145 lemniscum

497 4167 693 4232 adhuc,
755 4177 1005 4239 tanquam
1067 4188 1231 4241 nuper
1273 4176 1431 4242 geniti
1476 4176 1727 4246 infantes,
1771 4179 2083 4235 rationabile

496 4264 546 4310 et
587 4258 700 4310 sine
745 4257 866 4310 dolo
920 4257 1002 4312 lac
1048 4263 1382 4331 concupiunt.
1415 4264 1526 4319 Leo
1557 4274 1739 4322 autem
1782 4269 2080 4336 exsultans,

496 4359 618 4399 cum
644 4343 730 4399 vir
751 4343 996 4413 eﬁ’ectus,
1054 4361 1174 4416 quae
1196 4349 1407 4419 parvuli
1444 4362 1599 4408 erant
1643 4355 1910 4425 deposuit.
1954 4357 2072 4414 Non

494 4434 727 4492 dormiet
749 4437 920 4493 donec
951 4438 1196 4495 comedat
1218 4442 1479 4512 praedam,
1517 4455 1572 4498 et
1613 4449 1934 4516 sanguinem
1962 4451 2082 4505 vul-

2191 3268 2362 3322 bibent
2395 3270 2568 3323 vinum
2617 3270 2796 3341 (Deut.
2825 3273 3021 3344 xxx").
3050 3273 3119 3329 Et
3148 3277 3239 3331 hic
3265 3292 3396 3350 ergo
3423 3280 3632 3352 sanguis
3667 3277 3744 3348 qui

2187 3363 2498 3418 nominatur
2525 3380 2642 3418 uvae
2691 3364 2855 3431 illius,
2883 3381 2986 3420 uva
3024 3376 3132 3435 est,
3161 3385 3283 3438 qua:
3311 3373 3555 3427 nascitur
3586 3387 3646 3426 ex
3667 3369 3743 3424 illa

2187 3453 2294 3507 vite
2321 3455 2387 3509 de
2423 3471 2530 3524 qua
2567 3454 2818 3512 Salvator
2849 3459 2982 3513 dicit
3012 3477 3025 3512 :
3059 3459 3173 3529 Ego
3205 3479 3323 3516 sum
3348 3463 3461 3517 vitis
3499 3480 3634 3529 vera,
3654 3462 3748 3517 dis-

2185 3545 2344 3616 cipuli
2381 3562 2498 3601 vero
2540 3547 2802 3618 palmites.
2823 3546 2988 3603 Pater
3017 3559 3192 3605 autem
3223 3554 3453 3624 agricola
3481 3565 3557 3609 est
3581 3555 3746 3626 (lous.

2184 3637 2298 3708 xv),
2325 3638 2417 3706 qui
2445 3646 2643 3709 purgat
2672 3654 2787 3704 eos,
2835 3648 2895 3693 ut
2942 3639 3179 3696 fructum
3206 3643 3482 3712 plurimum
3499 3642 3752 3698 aﬁ'erant.

2185 3729 2266 3783 Tu
2294 3745 2422 3802 ergo
2451 3747 2510 3786 es
2531 3747 2691 3787 verus
2716 3732 2948 3803 populus
2977 3733 3158 3802 lsrael,
3187 3736 3275 3805 qui
3303 3735 3406 3790 scis
3435 3735 3752 3805 sanguinem

2183 3820 2390 3886 bibere,
2439 3830 2495 3875 et
2548 3823 2693 3878 nosti
2750 3839 2973 3880 carnem
3016 3826 3163 3881 verbi
3201 3825 3298 3880 Dei
3351 3825 3660 3892 comedere,
3706 3836 3753 3884 et

2183 3916 2500 3985 sanguinem
2531 3917 2684 3973 verbi
2713 3919 2941 3985 bibere;
2989 3928 3045 3975 et
3084 3935 3200 3975 uvae
3249 3920 3564 3992 sanguinem
3599 3921 3747 3988 illius,

2184 4020 2304 4075 qua:
2350 4015 2434 4061 est
2478 4022 2547 4062 ex
2595 4024 2723 4063 vera
2775 4010 2908 4078 vite,
2951 4021 3006 4067 et
3047 4028 3114 4068 ex
3143 4013 3252 4068 illis
3280 4013 3602 4084 palmitibus,
3628 4029 3752 4085 quos

2181 4097 2344 4154 Pater
2366 4109 2584 4172 purgat,
2640 4101 2879 4160 haurire.
2935 4103 3178 4171 Quorum
3208 4106 3494 4176 palmitum
3543 4107 3747 4173 fructus,

2184 4189 2588 4247 vulneratorum
2616 4195 2839 4267 sanguis
2865 4197 3062 4251 merito
3091 4198 3305 4254 dicetur
3337 4214 3352 4252 :
3379 4214 3539 4268 quem
3561 4214 3626 4254 ex
3648 4214 3752 4256 ver-

2183 4279 2269 4334 bis
2293 4296 2480 4336 eorum
2519 4290 2576 4337 et
2614 4282 2867 4340 doctrina
2893 4285 3151 4354 bibimus,
3197 4287 3244 4343 si
3274 4297 3461 4344 tamen
3495 4291 3657 4346 simus
3703 4299 3751 4344 ut

2185 4371 2346 4425 catuli
2387 4382 2759 4442 exsurgentes.

2254 4460 2403 4515 Dixit
2441 4463 2614 4535 itaque
2634 4464 2800 4520 Bulac
2830 4467 2899 4519 ad
2931 4467 3157 4523 Balaam
3178 4489 3198 4525 .'
3224 4469 3339 4526 Nec
3369 4474 3670 4529 maledicas.
3696 4473 3751 4527 Et

491 4535 804 4626 neratorum
840 4528 1010 4631 bibat.
1041 4528 1102 4584 ln
1141 4529 1227 4585 his
1253 4532 1452 4633 verbis,
1496 4535 1619 4604 quis
1667 4536 1742 4592 ita
1777 4539 1882 4594 erit
1910 4540 2081 4596 histo-
2105 4537 2158 4598 D
2183 4549 2270 4604 ille
2301 4567 2320 4605 :
2347 4528 2559 4620 Nonne,
2592 4555 2690 4621 ait,
2714 4554 2827 4610 dixi
2849 4557 2962 4623 tibi,
3005 4560 3144 4629 quod
3180 4561 3446 4633 quidquid
3471 4528 3599 4620 mihi

493 4615 623 4668 rica:
655 4617 986 4674 narrationis
1024 4623 1399 4679 contentiosus
1435 4636 1696 4695 assertor,
1725 4630 1834 4686 imo
1862 4635 1984 4704 quis
2009 4635 2081 4691 ita

493 4703 688 4758 brutus
713 4706 1041 4777 invenietur,
1097 4713 1189 4782 qui
1219 4729 1329 4770 non
1356 4716 1680 4775 horrescens
1709 4703 1902 4778 sonum
1937 4725 2079 4781 litte-

494 4805 595 4857 rae,
627 4795 696 4847 ad
722 4796 990 4869 allegoriae
1020 4803 1357 4861 dulcedinem
1389 4809 1502 4877 ipsa
1533 4814 1860 4869 necessitate
1886 4817 2078 4872 confu-

493 4880 648 4952 giat?
699 4881 980 4976 Quomodo
1040 4894 1185 4948 enim
1214 4896 1316 4951 iste
1343 4900 1571 4970 populus
1603 4911 1714 4957 tam
1763 4905 2071 4976 laudabilis,

494 4980 606 5027 tam
636 4974 975 5046 magniﬁcus,
1001 4981 1068 5034 de
1092 4998 1199 5051 quo
1223 4993 1375 5040 tanta
1403 4993 1672 5058 prmconia
1703 5009 1884 5050 sermo
1917 4974 2075 5054 dinus

493 5074 687 5131 merat,
723 5066 779 5120 in
823 5067 927 5123 hoc
953 5071 1155 5139 veniet,
1192 5085 1253 5130 ut
1297 5082 1613 5151 sanguinem
1663 5085 2072 5146 vulneratorum

493 5154 662 5251 bibat,
716 5173 841 5214 cum
867 5167 978 5215 tam
1020 5163 1209 5242 validis
1235 5175 1540 5243 praeceptis,
1592 5175 1744 5232 cibus
1793 5183 2074 5251 sanguinis

493 5246 872 5317 interdicatur,
898 5251 1034 5307 adeo
1064 5262 1122 5308 ut
1151 5258 1313 5314 etiam
1344 5277 1443 5318 nos
1477 5266 1569 5335 qui
1601 5281 1668 5322 ex
1696 5246 1944 5340 gentibus
1979 5287 2074 5329 vo-

495 5339 601 5393 cati
629 5355 836 5408 sumus,
869 5345 1181 5401 necessario
1200 5349 1482 5408 videamur
1510 5339 1803 5426 abstinere,
1841 5363 1982 5419 sicut
2005 5365 2073 5419 ab

496 5430 581 5485 his
617 5447 737 5502 qua:
764 5434 922 5489 idolis
945 5437 1315 5508 immolantur,
1370 5445 1444 5499 ita
1470 5456 1524 5502 et
1570 5437 1934 5523 aisanguine?
1984 5457 2075 5512 Di-

497 5529 651 5575 scant
679 5537 806 5594 ergo
840 5542 870 5578 a
897 5527 1071 5594 nobis,
1100 5531 1224 5600 quis
1253 5541 1337 5587 est
1362 5533 1462 5590 iste
1492 5539 1735 5606 populus,
1770 5545 1862 5611 qui
1895 5545 1950 5598 in
1975 5561 2072 5600 usu

495 5608 698 5669 habent
729 5619 1046 5690 sanguinem
1073 5621 1278 5680 bibere.
1334 5625 1460 5681 Hmc
1483 5640 1639 5684 erant
1668 5608 1866 5702 qum—in
1893 5639 2072 5693 Evan-

499 5701 634 5776 gelia
688 5711 968 5770 audientes
994 5715 1050 5771 hi
1078 5718 1173 5788 qui
1197 5730 1263 5773 ex
1287 5718 1489 5776 Judaeis
1530 5701 1816 5782 Dominum
1867 5744 2062 5801 seque-

2183 4645 2482 4712 imperaret,
2530 4646 2626 4699 hoc
2652 4646 2925 4716 facerem?
2955 4649 3025 4703 Et
3047 4651 3120 4703 ait
3153 4651 3322 4706 Balac
3352 4657 3428 4708 ad
3457 4650 3617 4714 eunti
3650 4657 3754 4711 Vetti

2182 4743 2232 4787 et
2271 4735 2461 4789 ducam
2493 4747 2542 4790 te
2584 4737 2655 4790 ad
2694 4738 2860 4793 alium
2906 4740 3100 4808 locum,
3132 4744 3178 4798 si
3223 4745 3361 4814 forte
3390 4749 3603 4817 placeat
3647 4749 3753 4815 Deo,

2181 4833 2237 4878 ut
2272 4825 2393 4878 inde
2427 4825 2710 4882 maledicas
2738 4829 2830 4884 eis.
2866 4830 3000 4885 Cum
3028 4834 3292 4889 eduxisset
3327 4854 3458 4893 eum
3485 4857 3639 4912 super
3664 4856 3756 4894 ver-

2178 4918 2330 4971 ticem
2359 4921 2549 4974 montis
2582 4919 2814 4992 Pltogor,
2854 4926 2945 4994 qui
2979 4927 3184 4997 respicit
3231 4929 3606 5000 solitudinem,
3651 4933 3759 4987 dixit

2180 5009 2229 5062 ei
2242 5008 2502 5065 Balaam:
2522 5012 2761 5082 xEdi/ica
2783 5017 2910 5070 mihi
2939 5029 3134 5089 septem
3155 5037 3299 5088 aras,
3329 5034 3376 5076 et
3405 5043 3551 5095 para
3575 5028 3762 5082 totidem

2181 5097 2389 5164 vitulos,
2428 5101 2762 5174 ejusdemque
2809 5109 3013 5160 numeri
3057 5109 3269 5164 arietes.
3312 5109 3484 5168 Fecit
3546 5115 3697 5170 Balac
3722 5123 3765 5169 ut

2180 5185 2406 5242 Balaam
2439 5191 2665 5259 dixerat,
2717 5195 3065 5269 imposuitque
3125 5201 3314 5256 vitulos
3367 5216 3429 5258 et
3473 5209 3664 5263 arietes
3694 5223 3771 5278 per

2179 5277 2415 5347 singulas
2462 5298 2605 5335 aras.
2636 5283 2826 5340 Infelix
2875 5287 2978 5342 iste
3023 5288 3208 5358 Balac,
3250 5304 3468 5364 putans
3508 5299 3654 5369 quod
3686 5277 3770 5352 Ba-

2180 5367 2324 5424 laam
2354 5371 2639 5439 divino,ad
2667 5376 3100 5436 maledicendum
3123 5383 3228 5438 loci
3257 5367 3663 5457 opportunitas
3680 5404 3773 5443 ms-

2181 5460 2262 5530 gis
2298 5463 2529 5518 defuerit
2583 5481 2744 5536 quam
2790 5471 3062 5540 voluntas,
3122 5476 3314 5533 utilius
3358 5496 3495 5537 esse
3543 5494 3697 5538 ratus
3737 5482 3774 5536 si

2179 5560 2413 5608 mutaret
2437 5553 2635 5610 locum.
2677 5557 2826 5626 Veni,
2876 5563 3068 5633 inquit,
3097 5576 3146 5619 et
3186 5567 3416 5624 educam
3463 5577 3602 5629 tein
3632 5576 3773 5629 alitus

2179 5644 2367 5708 locum,
2415 5649 2460 5699 si
2486 5649 2651 5718 placet
2695 5651 2824 5719 Deo,
2862 5664 2908 5708 et
2946 5657 3223 5713 maledices
3245 5677 3370 5716 eum
3427 5665 3588 5721 inde.
3620 5668 3780 5722 Ειιῡ-

2126 5814 2151 5822 ,ι
2179 5737 2406 5806 sumpsit
2426 5739 2640 5800 Balaam
2668 5746 2725 5805 in
2753 5750 3010 5808 verticem
3031 5752 3232 5810 montis
3258 5752 3521 5830 Phogor,
3556 5761 3653 5833 qui
3675 5769 3782 5840 pten-
