3890 6340
165 339 252 397 745

161 459 228 516 dit
261 456 314 513 in
340 456 645 513 desertum.
677 457 786 517 Eos
813 464 1034 534 quidem
1068 485 1202 540 quos
1229 473 1372 531 Deus
1409 484 1590 542 vocat,
1621 476 1724 531 im-
1748 479 1803 540 Α

157 551 290 625 ponit
332 566 430 607 eos
457 551 516 606 in
562 555 821 611 verticem
852 562 1055 617 montis
1083 562 1232 620 Sina.
1263 568 1364 624 llic
1402 576 1585 625 autem
1618 568 1721 624 Ba-

156 646 244 711 lac,
294 645 391 715 qui
439 645 552 701 Deo
603 651 911 708 contrarius
963 664 1067 723 est,
1123 659 1350 730 imponit
1395 662 1620 718 Balaam
1663 665 1719 720 in

154 736 392 794 verticem
417 739 618 794 montis
645 739 880 814 Phogor.
910 744 1127 820 Phogor
1167 761 1349 809 autem
1394 754 1719 827 interpreta-

152 839 227 887 tur
262 831 559 889 delectatio.
606 834 667 891 In
708 838 970 896 verticem
1015 852 1199 900 autem
1247 846 1627 905 delectationis
1648 859 1719 911 .et

149 921 365 979 libidinis
404 923 637 996 imponit
672 927 920 986 homines
962 931 1065 987 iste
1093 934 1278 992 Balac.
1332 939 1561 996 Amator
1587 956 1716 1011 ergo

145 1025 219 1072 est
256 1014 549 1086 voluptatis
584 1019 756 1091 magis
798 1037 963 1093 quam
990 1024 1108 1081 Dei.
1139 1027 1207 1083 Et
1249 1029 1456 1087 idcirco
1485 1033 1713 1104 imponit

145 1105 291 1161 eosiu
317 1107 692 1164 summitatem
722 1120 778 1166 et
801 1114 1063 1171 verticem
1100 1116 1413 1190 voluptatis,
1442 1132 1502 1178 ut
1532 1124 1713 1180 exclu-

142 1197 219 1253 dat
243 1212 331 1253 eos
366 1199 528 1256 Deus.
568 1201 870 1260 Excludens
895 1207 1043 1263 enim
1068 1217 1123 1264 et
1151 1210 1417 1268 devoratio
1441 1215 1711 1287 interpre-

143 1295 269 1343 tatur
293 1288 481 1345 Balac.
521 1289 647 1348 Ideo
673 1293 904 1365 denique
954 1297 1023 1352 ad
1071 1312 1318 1356 eremum
1368 1304 1543 1360 tendit
1569 1305 1710 1363 Pho-

138 1398 223 1452 εον
243 1422 258 1448 ,
286 1382 338 1437 id
366 1390 450 1440 est
470 1423 486 1451 ,
521 1384 591 1440 ad
626 1401 692 1443 ea
739 1403 861 1445 auat
886 1405 1071 1445 erema
1093 1402 1241 1459 sunt,
1272 1401 1329 1448 et
1354 1394 1570 1451 deserta
1599 1398 1710 1455 Deo

138 1475 357 1544 negotia.

194 1562 261 1616 Et
288 1564 423 1620 dixit
472 1562 703 1623 Balaam
742 1569 812 1624 ad
835 1570 1004 1627 Balac
1031 1586 1051 1626 :
1076 1574 1336 1631 Construe
1372 1579 1503 1634 mihi
1517 1590 1707 1652 septem

130 1668 257 1717 aras,
299 1664 349 1709 et
379 1655 464 1725 fac
494 1658 626 1712 mihi
648 1670 840 1731 septem
871 1654 1081 1732 vitulos,
1104 1675 1153 1720 et
1177 1676 1372 1736 septem
1399 1670 1607 1726 arietes.
1636 1672 1706 1727 Et

124 1742 237 1812 fecit
263 1745 431 1801 Βαίας
468 1748 605 1805 sicut
631 1750 767 1806 dixit
793 1750 1042 1809 Balaam.
1094 1756 1163 1810 Et
1192 1758 1381 1814 obtulit
1412 1762 1634 1817 vitulum
1656 1772 1704 1817 et

3301 390 3407 452 Ὴϐ

1898 482 2048 555 (CAP.
2088 490 2260 564 xxrv.)
2289 489 2523 565 Cumque
2542 495 2753 550 vidisset
2782 493 3001 554 Balaam
3020 505 3160 573 quod
3183 506 3408 578 placeret

1822 569 2050 631 Domino
2079 587 2136 633 ut
2193 582 2511 638 benediceret
2557 584 2771 654 Israeli,
2826 569 3157 664 nequaquam
3192 600 3322 657 abiit
3350 615 3410 662 ut

1822 676 1943 722 ante
1968 684 2290 742 perrexerat,
2333 688 2389 731 ut
2419 680 2703 750 augurium
2746 696 3023 754 quwreret,
3054 691 3146 745 sed
3172 693 3407 767 dirigens

1821 769 2001 815 contra
2032 762 2296 821 desertum
2324 768 2524 824 vultum
2566 788 2744 840 suum,
2765 785 2814 829 et
2845 774 3019 834 levans
3058 785 3237 842 oculos
3258 805 3407 860 suos,

1818 851 1947 906 vidit
1968 852 2141 911 Israel
2164 857 2221 913 in
2249 861 2484 916 tentoriis
2508 877 2913 924 commorantem
2932 889 3026 943 per
3064 876 3233 933 tribus
3254 897 3405 951 suas,

1814 938 1886 994 Et
1929 943 2158 1002 irruente
2184 949 2242 1003 in
2273 967 2329 1005 se
2377 953 2619 1024 spiritum
2660 956 2781 1027 Dei,
2820 938 3090 1038 assumpta
3137 974 3401 1042 parabola

1813 1050 1931 1103 sua,
1960 1039 2057 1093 ait.
2082 1039 2420 1113 Requiratur
2440 1047 2672 1107 fortasse
2701 1055 2845 1112 unde
2873 1058 3011 1115 vidit
3034 1039 3255 1122 Balaam
3277 1071 3405 1139 quia

1811 1123 2012 1183 bonum
2057 1139 2143 1186 est
2169 1132 2225 1187 in
2257 1148 2553 1209 conspectu
2594 1142 2808 1199 Domini
2844 1147 3166 1209 benedicere
3210 1156 3400 1225 Israel,

1810 1224 1865 1273 et
1892 1222 2175 1290 putabitur
2203 1242 2271 1283 ex
2299 1231 2587 1290 sacriﬁciis
2632 1236 2966 1298 intellexisse
2993 1261 3113 1316 quae
3154 1249 3403 1309 immola-

1808 1323 1982 1368 verat.
2037 1315 2141 1373 Ubi
2193 1321 2339 1377 enim
2377 1325 2515 1382 vidit
2566 1331 2778 1387 nullum
2825 1337 3017 1393 adesse
3054 1342 3402 1416 daemonium,

1808 1404 2009 1462 nullam
2039 1416 2369 1472 contrariam
2392 1428 2724 1489 potestatem
2749 1426 2986 1484 victimis
3008 1431 3122 1488 suis
3148 1438 3407 1498 assistere

1809 1497 2119 1570 audentem,
2151 1507 2404 1565 exclusos
2443 1528 2565 1569 esse
2612 1531 2803 1573 omnes
2844 1521 3067 1579 malitiae
3098 1528 3401 1602 ministros,

1808 1590 2007 1658 quibus
2030 1596 2110 1652 uti
2146 1599 2213 1653 ad
2256 1602 2688 1665 maledicendum
2734 1612 2962 1683 solebat,
3000 1621 3176 1689 potuit
3218 1639 3288 1679 ex
3321 1590 3407 1684 his

1806 1682 2136 1746 intellexisse
2171 1694 2298 1763 quia
2327 1698 2532 1755 bonum
2574 1712 2721 1759 esset
2768 1706 2824 1762 in
2850 1682 3145 1782 conspectu
3186 1716 3281 1772 Dei
3310 1718 3405 1777 be-

1805 1775 2061 1835 nedicere
2111 1781 2298 1841 Israel.
2350 1788 2463 1861 Ego
2505 1799 2692 1849 tamen
2746 1799 2922 1871 magis
2970 1775 3102 1860 illud
3136 1775 3400 1880 intelligo,

2039 1833 2055 1835 '
2112 1833 2298 1841 “"""
2350 1833 2461 1861 ⁸·ον
2508 1833 2692 1849 ’“⁸υνιι
2746 1833 2922 1871 ululata
2970 1833 3102 1860 uluu
3136 1833 3400 1880 utwmgu,

119 1833 326 1890 arietem
354 1855 512 1909 super
535 1858 707 1896 aram.
738 1842 944 1914 Aperta
971 1847 1187 1916 quidem
1213 1850 1459 1921 Apostoli
1483 1865 1702 1912 senten-
1729 1845 1778 1906 Β
1806 1870 1951 1938 quod
1992 1875 2221 1944 populus
2264 1878 2355 1935 ille
2394 1883 2486 1952 qui
2535 1893 2698 1942 natus
2744 1897 2846 1956 est,
2900 1900 2956 1947 et
3000 1894 3080 1948 illi
3120 1896 3401 1970 doctores,

119 1923 185 1970 tia
218 1935 305 1970 est
333 1929 568 1970 (libantia
594 1950 608 1963 ο
644 1932 777 1970 num
804 1936 938 1970 ...ἕης
966 1940 1294 1970 "unus".-.
1347 1955 1512 1970 ..-ηιμ
1593 1948 1668 1970 Α--
1884 1960 1895 1970 .
1940 1960 1991 1970 η.
2049 1964 2061 1970 -

117 1923 187 1978 tia
218 1935 305 1982 est
333 1929 569 1987 dicentis
594 1950 608 1986 :
644 1932 777 1998 Qua:
803 1936 940 1989 enim
961 1940 1294 2010 sanctiﬁcant
1340 1955 1533 2015 gentes,
1574 1948 1701 2003 da:-

108 2018 301 2073 moniis
320 2028 373 2073 et
401 2037 507 2075 non
527 2020 639 2077 Deo
686 2026 990 2095 sacriﬁcant
1013 2029 1066 2102 (Ι
1091 2029 1213 2088 Cor.
1241 2034 1321 2106 x).
1354 2035 1460 2093 Sed
1493 2047 1546 2094 et
1570 2038 1703 2096 Pro-

102 2106 271 2175 pheta
302 2110 555 2167 similiter
602 2114 778 2171 dicit:
815 2116 1261 2191 Sacriﬁcaverunt
1306 2130 1598 2200 diemoniis,
1648 2145 1698 2190 et

102 2212 208 2250 non
258 2199 396 2254 Deo.
432 2202 633 2259 Tamen
690 2210 944 2276 quoniam
992 2222 1047 2268 et
1074 2215 1161 2270 lex
1190 2219 1284 2274 Dei
1316 2221 1382 2276 de
1408 2224 1697 2283 sacriﬁciis

102 2288 348 2358 praecipit
373 2298 430 2345 et
476 2293 641 2347 ritum
673 2298 1014 2356 sacriﬁcandi
1043 2304 1210 2361 tradit
1233 2309 1359 2366 ﬁliis
1384 2312 1571 2382 Israel,
1604 2333 1695 2372 re-

105 2377 350 2445 quiratur
368 2381 619 2440 fortassis
646 2401 746 2441 cur
775 2388 892 2445 haec
922 2407 1049 2447 cum
1084 2396 1369 2457 daemoniis
1400 2405 1579 2461 dicata
1606 2409 1690 2463 vi-

106 2467 346 2539 dcantur,
380 2473 546 2530 etiam
574 2476 997 2547 Deojubeantur
1015 2486 1223 2544 oﬁ‘erri.
1252 2492 1320 2547 Et
1341 2496 1446 2550 erit
1470 2499 1691 2568 quidem

104 2558 319 2630 simplex
347 2575 405 2618 et
431 2566 538 2621 cita
566 2571 849 2641 responsio
881 2594 895 2628 :
925 2584 987 2631 ut
1015 2583 1469 2647 quemadmodum
1490 2590 1546 2643 in
1569 2590 1690 2648 aliis

103 2657 448 2724 ostendimus,
481 2662 627 2731 quod
654 2663 894 2721 libellum
920 2673 1142 2740 «repudii
1165 2675 1285 2731 dari
1321 2696 1431 2736 non
1465 2681 1563 2737 Dei
1591 2701 1691 2741 vo-

100 2741 309 2803 luntatis
360 2747 490 2818 fuit,
514 2755 608 2824 qui
639 2758 783 2824 quod
810 2759 1170 2830 conjunxerat
1204 2770 1379 2827 noluit
1420 2779 1685 2847 separari,

101 2837 182 2890 sed
207 2838 425 2910 Moyses
467 2844 585 2900 haec
608 2850 829 2918 proprie
860 2852 926 2907 ad
958 2853 1220 2915 duritiam
1264 2837 1446 2920 cordis
1471 2837 1688 2924 judaeo;

97 2939 207 2980 rum
233 2935 461 3000 scripsit
490 2937 671 3007 (Deut.
723 2944 899 3017 XXIV),
941 2949 1015 3003 ita
1045 2953 1209 3007 etiam
1258 2957 1325 3011 de
1352 2959 1457 3014 hoc
1511 2962 1685 3018 videri

96 3034 255 3090 posse,
309 3026 442 3094 quia
476 3026 622 3084 Deus
666 3037 807 3087 sicut
849 3057 948 3106 per
976 3044 1141 3102 alium
1164 3051 1487 3121 prophetam
1524 3057 1682 3129 dicit,

96 3127 186 3167 non
211 3116 509 3171 manducat
544 3134 729 3178 carnes
769 3134 1069 3199 taurorum,
1114 3150 1206 3189 nec
1240 3138 1509 3197 hircorum
1551 3168 1681 3202 sau-

92 3206 285 3272 guinem
309 3220 466 3281 potat
500 3212 673 3284 (Psal.
697 3224 881 3293 xux);
910 3232 969 3279 et
988 3225 1133 3282 idem
1162 3239 1223 3286 ut
1262 3232 1389 3289 alibi
1413 3238 1678 3310 scriptum
1707 3222 1753 3287 (ἶ

91 3305 192 3362 est,
220 3304 348 3370 quia
390 3321 505 3359 non
532 3310 780 3366 mandavi
807 3314 900 3369 tibi
927 3317 992 3371 de
1028 3322 1307 3391 sacriﬁciis
1337 3336 1385 3381 et
1418 3330 1638 3388 victimis
1657 3376 1672 3403 ,

91 3383 137 3439 in
161 3388 240 3443 die
262 3409 369 3463 qua
399 3396 567 3452 eduxi
592 3409 640 3454 te
659 3400 722 3455 de
754 3412 895 3460 terra
918 3383 1179 3483 /Egypti;.
1203 3417 1298 3471 sed
1321 3383 1675 3491 Moyses-ibim;

88 3479 144 3533 ad
164 3481 426 3543 duritiam
461 3492 644 3548 cordis
667 3510 856 3552 eorum
882 3516 981 3571 pro
1012 3511 1405 3569 consuetudine
1435 3520 1673 3585 pessima

88 3581 178 3638 (tua
218 3577 415 3636 imbuti
460 3581 759 3643 luerantin
802 3590 1061 3667 IEgypto,
1093 3577 1456 3660 mandaverit-
1474 3610 1573 3675 eis,
1615 3619 1676 3665 ut

87 3662 164 3730 qui
192 3665 481 3724 abstinere
534 3690 592 3727 se
617 3692 725 3732 non
756 3662 985 3750 possunt
1038 3688 1107 3742 ab
1154 3690 1508 3763 immolando,
1561 3699 1673 3755 Deo

86 3754 258 3813 saltem
290 3769 350 3816 et
372 3777 492 3818 non
522 3764 802 3825 daemoniis
832 3772 1201 3837 immolarent.
1248 3785 1556 3846 Videndum
1583 3800 1670 3848 ta-

83 3860 182 3904 men
208 3860 321 3919 est,
354 3869 432 3908 ne
486 3853 625 3911 forte
666 3860 739 3914 sit
770 3863 948 3933 aliqua
979 3872 1322 3931 sacriﬁcandi
1345 3878 1458 3937 Deo
1487 3887 1667 3941 occul-

85 3938 165 3994 tior
190 3958 262 3997 ac
310 3946 589 4001 secretior
617 3952 777 4019 ratio,
810 3971 880 4011 ne
924 3956 1083 4028 forte,
1117 3964 1360 4038 inquam,
1399 3978 1669 4035 sacriﬁcia

82 4044 177 4099 quas
203 4031 327 4088 Deo
356 4034 624 4107 offerunt,
653 4044 722 4099 ad
762 4044 1167 4111 distinctionem
1191 4031 1324 4116 ﬁant
1345 4031 1545 4125 eorum
1582 4088 1668 4128 sa-

82 4122 399 4182 criﬁciorum
460 4142 585 4197 quae
630 4133 964 4195 daemonibus
1016 4143 1384 4222 immolantur,
1432 4166 1495 4212 ut
1537 4162 1665 4232 quia

80 4224 158 4278 per
180 4215 270 4273 illa
288 4216 663 4277 vulnerantur
691 4227 909 4296 animae,
940 4247 1041 4301 per
1080 4236 1184 4293 ista
1210 4255 1491 4316 sanentur,
1522 4215 1663 4311 sicut

81 4298 478 4365 hiconﬁrmant
515 4312 611 4382 qui
643 4298 1225 4393 medicinae—peritiam
1271 4298 1491 4406 gerunt:
1533 4342 1660 4401 Ser-

80 4401 273 4464 pentum
320 4415 570 4471 namque
621 4420 832 4463 venena
861 4412 1055 4483 depelli
1101 4401 1454 4485 nihilominus
1492 4436 1657 4493 sectis

80 4497 135 4537 ex
166 4492 514 4559 serpentibus
537 4497 845 4565 perhibent.
890 4504 969 4561 Ita
997 4525 1127 4582 ergo
1158 4523 1213 4569 et
1258 4492 1653 4585 sacriﬁciorum

80 4574 481 4639 daemonicorum
508 4585 664 4641 virus
693 4603 793 4658 per
823 4574 1091 4653 sacriﬁcia
1115 4604 1228 4659 Deo
1250 4574 1438 4667 oblaia

1388 4664 1432 4667 ﬁ
1476 4664 1649 4687 “rw-

77 4664 199 4737 litur,
233 4676 375 4732 sicut
401 4686 461 4735 et
484 4694 639 4735 mors
661 4680 790 4738 Jesu
816 4696 1047 4744 mortem
1070 4701 1653 4769 peccaticredentibus

76 4771 163 4816 non
193 4766 319 4822 sinit
349 4770 654 4825 dominari.
690 4773 758 4828 Et
786 4778 1007 4845 quidem
1031 4783 1203 4842 donec
1237 4799 1451 4864 tempus
1479 4803 1651 4868 patie-

76 4845 159 4868 i-.-
402 4860 456 4868 η
502 4861 514 4868 .
712 4864 761 4868 --
808 4867 835 4868 η

74 4940 194 4996 venit
211 4948 452 5015 perfecta
471 4952 662 5007 hostia
688 4961 743 5007 et
764 4940 945 5027 agnus,
962 4940 1339 5028 i'mmaculatus
1360 4977 1451 5046 qui
1483 4982 1646 5039 totius

71 5036 228 5090 mundi
262 5039 481 5097 tolleret
509 5053 824 5114 peccatum,
861 5052 1127 5111 sacriﬁcia
1152 5060 1261 5126 illa,
1292 5036 1413 5134 quae
1443 5036 1645 5143 sigilla:

70 5120 148 5178 tim
174 5127 550 5190 oll‘erebantur
582 5135 715 5203 Deo,
740 5135 856 5206 jam
893 5146 1165 5214 superﬂua
1184 5152 1298 5207 visa
1339 5120 1641 5225 suntfcum

69 5225 155 5269 una
200 5221 373 5281 hostia
423 5228 618 5284 omnis
665 5231 969 5290 daemonum
1027 5240 1239 5298 cultura
1288 5245 1510 5320 depulsa
1545 5258 1636 5312 sit.

66 5301 241 5370 Verum
262 5316 485 5377 Balaam
510 5325 623 5379 is-te
645 5324 761 5380 sive
781 5331 1078 5387 secundum
1100 5334 1247 5390 illam
1274 5301 1503 5411 ﬁguram
1530 5361 1638 5417 qua

69 5394 156 5417 λεί.

1313 5394 1343 5411 υ
1392 5394 1503 5399 η---
1534 5394 1638 5417 τ...

65 5394 271 5464 diximus
297 5427 426 5468 eum
468 5429 769 5485 personam
809 5426 995 5477 tenere
1024 5425 1309 5487 doctorum
1354 5449 1418 5491 ac
1448 5436 1639 5496 Phari-

65 5500 269 5554 saaorum
297 5502 477 5574 plebis
510 5507 828 5576 incredulae,
860 5512 1130 5576 instaurat
1149 5522 1324 5582 adhuc
1354 5528 1562 5589 hostias
1581 5543 1637 5590 et

64 5592 328 5695 praeparari
369 5596 652 5653 sacriﬁcia
674 5597 848 5668 jubet.
874 5604 931 5660 In
967 5607 1055 5664 his
1088 5613 1231 5669 enim
1256 5632 1408 5688 spem
1440 5635 1635 5695 gerunt

674 5662 693 5668 -
1035 5662 1047 5664 ~
1095 5662 1231 5669 ν---κ
1256 5662 1408 5688 "rw"
1475 5662 1525 5679 νι
1540 5662 1631 5682 *⁵³³*

63 5662 108 5720 hi
134 5688 351 5741 quorum
383 5702 485 5743 cor
513 5702 629 5743 non
658 5693 866 5762 respuit
894 5696 1052 5753 ﬁdem
1082 5701 1307 5764 Christi.
1360 5662 1471 5769 Sed5
1500 5716 1631 5787 quid

63 5767 318 5831 sequitur?

315 5889 607 5956 Parnm.
654 5896 866 5963 CVIII.

1806 1960 1899 2029 qui
1934 1960 2151 2021 Christo
2179 1983 2287 2024 non
2334 1972 2621 2031 credentes
2649 1975 2705 2032 in
2732 1980 2973 2038 vanitate
3008 1986 3267 2056 populum
3308 1960 3404 2045 de;

1804 2049 2002 2121 tinent,
2034 2055 2326 2128 aliquando
2368 2064 2538 2120 visuri
2583 2056 2817 2135 sunt,‘id
2846 2080 2950 2140 est,
3001 2074 3057 2130 in
3087 2080 3404 2140 novissimis

1803 2143 2012 2211 diebus,
2065 2164 2188 2206 cum
2231 2152 2509 2224 plenitudo
2544 2161 2786 2230 gentium
2814 2164 3111 2237 introierit,
3141 2180 3197 2227 et
3217 2176 3401 2232 omnis

1798 2232 1968 2293 Israel
1997 2242 2185 2299 venire
2213 2248 2443 2317 cmperit
2470 2250 2538 2306 ad
2565 2251 2730 2311 ﬁdem
2758 2253 2981 2327 Christi,
3013 2232 3112 2330 illi,
3147 2264 3397 2339 inquam,

1798 2330 1891 2399 qui
1923 2348 2067 2389 nunc
2092 2337 2279 2394 oculos
2305 2340 2567 2401 habentes
2592 2363 2703 2403 non
2725 2350 2932 2419 vident,
2961 2362 3089 2412 tunc
3112 2330 3395 2420 vide;th

1796 2422 2101 2485 Elevahunt
2146 2433 2290 2488 enim
2355 2438 2541 2495 oculos
2585 2458 2715 2498 suos
2766 2445 2835 2501 de
2864 2447 3049 2506 altiori
3069 2459 3125 2507 et
3162 2457 3394 2526 spiritali

1796 2530 1980 2586 sensu,
2011 2530 2067 2576 et
2094 2524 2357 2582 videbunt
2383 2537 2439 2584 et
2461 2531 2786 2606 intelligent,
2835 2541 2965 2610 quia
2999 2524 3207 2600 bonum
3228 2550 3394 2606 estin
3468 2540 3479 2550 ’

1794 2625 2087 2703 conspectu
2112 2620 2347 2690 Domini,
2376 2626 2699 2688 benedicere
2740 2636 3039 2706 spiritalem
3068 2642 3255 2701 Israel.
3306 2648 3395 2703 Vi-
3478 2638 3495 2651 ’

1793 2704 1945 2761 debit
1972 2696 2116 2766 enim
2144 2730 2269 2770 eum
2290 2717 2609 2789 dispositum
2630 2739 2731 2793 per
2753 2696 2949 2796 tribus,
2976 2741 3032 2787 et
3056 2749 3155 2803 per
3175 2738 3386 2808 domos,

1791 2804 1847 2850 et
1872 2814 1970 2869 per
1996 2801 2252 2873 familias,
2278 2819 2331 2864 et
2358 2828 2798 2888 unumquemque
2827 2822 3013 2887 in.suo
3050 2829 3265 2897 ordine,
3292 2848 3382 2890 re—

1791 2898 2149 2956 surrectionis
2180 2903 2380 2973 glorias
2408 2910 2753 2980 adepturum.
2786 2917 2856 2972 Et
2888 2934 3168 2996 assumpta
3218 2944 3386 2998 para-

1788 2981 1909 3041 bola
1942 3004 2040 3046 sua
2080 2992 2344 3070 intelliget
2371 3017 2491 3072 qua:
2543 3005 2601 3060 in
2639 3010 2914 3078 parabolis
2954 2981 3162 3088 scripta
3211 2981 3383 3078 sunt:

1787 3094 1908 3149 qua:
1934 3098 2080 3142 nunc
2128 3101 2355 3160 propter
2383 3096 2633 3157 velamen
2665 3106 2809 3166 quod
2842 3108 3078 3172 positum
3106 3119 3191 3166 est
3222 3128 3387 3184 super

1786 3184 1884 3225 cor
1910 3187 2101 3230 eorum
2127 3193 2307 3250 neque
2333 3184 2539 3255 vident,
2574 3205 2754 3262 neque
2776 3194 3107 3270 intelligunt.
3135 3205 3383 3280 Denique

1784 3278 1895 3319 non
1944 3268 2097 3335 abiit,
2142 3272 2340 3345 inquit,
2398 3294 2467 3335 ex
2500 3298 2654 3342 more
2682 3287 2738 3343 in
2784 3305 3071 3352 occursum
3102 3303 3379 3373 auspiciis.

1784 3351 1885 3373 nn,
2001 3360 2013 3371 .

3064 3351 3069 3352 ,
3109 3351 3379 3373 -,_-,-----.

1779 3351 1899 3410 Non
1927 3360 2074 3417 enim
2100 3377 2250 3421 more
2277 3369 2382 3426 sibi
2410 3374 2591 3445 solito,
2632 3380 2812 3439 stultis
2846 3393 2904 3441 et
2926 3386 3178 3449 inanibus
3204 3399 3380 3454 sensi-

1775 3446 1879 3504 bus
1906 3454 2166 3524 rapietur,
2201 3459 2257 3515 in
2288 3464 2616 3525 animalibus
2644 3476 2813 3531 mutis
2852 3487 2908 3533 et
2952 3485 3251 3551 pecudibus
3279 3489 3376 3545 Dei

1777 3542 2152 3616 considerans,
2206 3552 2348 3609 sicut
2398 3557 2454 3612 hi
2498 3562 2592 3629 qui
2626 3576 2694 3618 ex
2722 3566 2842 3622 istis
2882 3570 3084 3628 talibus
3132 3579 3375 3647 auspicia

1776 3629 2056 3701 colligunt,
2101 3640 2197 3694 sed
2222 3657 2482 3710 agnoscet
2525 3652 2693 3707 etiam
2732 3657 2870 3726 ipse,
2913 3664 3041 3728 quia
3076 3629 3251 3735 neque
3304 3672 3373 3726 de

1773 3719 1951 3779 bubus
1988 3741 2120 3782 cura
2153 3740 2237 3786 est
2264 3733 2397 3801 Deo,
2434 3738 2687 3797 similiter
2720 3762 2901 3816 neque
2939 3750 3006 3806 de
3027 3756 3239 3825 ovibus,
3270 3776 3369 3835 ne-

1774 3829 1882 3885 que
1914 3817 1981 3875 de
2006 3823 2216 3892 avibus,
2250 3828 2480 3901 aliisque
2504 3837 2856 3911 animalibus,
2897 3848 2992 3901 sed
3021 3851 3148 3919 quia
3178 3817 3243 3908 de
3282 3830 3368 3913 his

1772 3906 1976 3978 scripta
2013 3922 2157 3980 sunt,
2190 3928 2413 3990 propter
2439 3924 2689 3986 homines
2731 3906 2996 4007 intelliget
3023 3906 3247 4013 scripta.
3306 3945 3366 4001 Si

1771 4011 1933 4066 quem
1965 4011 2145 4058 autem
2175 4021 2358 4066 movet
2416 4014 2540 4084 hoc,
2597 4024 2742 4090 quod
2776 4030 3073 4086 secundum
3132 4011 3366 4106 Septua-

1771 4088 1924 4159 ginta
1940 4092 2301 4167 interpretum
2322 4088 2631 4165 editionem
2641 4112 2839 4185 legitur
2866 4137 2879 4172 :
2898 4118 3099 4176 Factus
3114 4136 3190 4179 est
3202 4088 3364 4199 imper

1771 4178 1895 4199 ,ηπ
2029 4186 2109 4199 ..ν
2221 4191 2308 4199 --
2374 4195 2424 4199 --

2695 4178 2722 4185 _
3150 4178 3180 4179 η
3206 4178 3349 4199 --τυ

1766 4178 1920 4235 illum
1959 4186 2175 4255 spiritus
2208 4191 2330 4260 Dei,
2370 4195 2425 4251 id
2452 4208 2554 4264 est,
2608 4216 2769 4274 super
2788 4206 3030 4279 Balaam,
3075 4216 3361 4277 sciendum

1767 4275 1913 4343 quod
1933 4277 2039 4334 hoc
2067 4296 2176 4337 non
2203 4283 2280 4341 ita
2308 4289 2682 4361 accipiendum
2704 4307 2811 4367 est,
2856 4275 3114 4375 tanquam
3146 4310 3358 4371 factura

1764 4365 1836 4420 sit
1875 4369 2097 4438 spiritus
2124 4374 2221 4431 Dei
2248 4393 2370 4435 cum
2403 4382 2618 4455 legitur,
2644 4390 2819 4459 factus
2841 4406 2916 4450 est
2957 4401 3175 4468 spiritus
3209 4404 3354 4473 Dei;

1760 4460 1858 4515 sed
1902 4462 2076 4532 factus
2095 4478 2173 4524 est
2202 4489 2360 4544 super
2382 4493 2522 4544 eum,
2548 4480 2601 4536 id
2631 4492 2738 4550 est,
2774 4460 3089 4546 factum-est
3113 4503 3170 4548 et
3191 4510 3356 4567 super

1760 4549 1913 4607 illum
1956 4566 2143 4614 esset:
2174 4568 2445 4632 quomodo
2474 4588 2487 4623 :
2526 4570 2633 4635 Qui
2674 4586 2791 4645 post
2816 4594 2897 4631 me
2932 4582 3088 4649 venit,
3124 4596 3246 4641 ante
3271 4606 3354 4647 me

1759 4641 1930 4710 factus
1968 4658 2045 4703 est
2083 4650 2265 4722 (Joan.
2319 4656 2381 4729 ι),
2416 4659 2470 4714 id
2509 4671 2613 4728 est,
2646 4641 2851 4722 factum
2887 4680 2971 4727 est
3003 4682 3061 4729 ut
3106 4686 3236 4736 ante
3263 4698 3353 4738 me
3428 4683 3436 4691 '

1756 4745 1917 4801 esset,
1967 4746 2030 4794 ut
2078 4758 2488 4815 prmponeretur
2524 4757 2682 4825 mihi,
2720 4762 2845 4831 quia
2881 4767 3030 4835 prior
3058 4788 3147 4829 me
3208 4786 3345 4846 erat,

1754 4825 1949 4897 inquit.
1981 4832 2157 4903 Sicut,
2180 4837 2439 4899 Dominus
2468 4847 2642 4917 [actus
2662 4825 2978 4927 est-adju-tor
2996 4880 3141 4923 meus
3167 4825 3344 4942 (Psal:

1752 4921 1943 4993 cxvn).
1990 4924 2109 4982 Non
2142 4931 2287 4988 enim
2319 4936 2581 4998 Dominus
2622 4944 2830 5004 factura
2861 4962 2964 5020 est,
3022 4960 3117 5016 sed
3139 4921 3345 5021 factum

1752 5020 1838 5066 est
1862 5023 1921 5069 ut
1950 5034 2039 5074 me
2064 5021 2364 5091 adjuvaret.
2399 5031 2467 5085 Et
2499 5052 2513 5085 :
2544 5033 2744 5094 Factus
2787 5053 2863 5098 est
2902 5047 3160 5108 Dominus
3198 5058 3342 5127 refu-

1750 5104 1895 5172 gium
1932 5126 2219 5182 pauperum
2246 5117 2417 5190 (Psal.
2457 5124 2555 5195 Ix),
2615 5128 2667 5183 id
2699 5141 2800 5199 est,
2834 5134 3037 5194 factum
3079 5153 3163 5197 cst
3186 5104 3335 5203 ut'ad

1750 5208 1871 5247 eum
1928 5199 2237 5272 refugerent
2291 5225 2581 5281 pauperes.
2619 5218 2705 5284 Et,
2740 5222 2911 5282 Facta
2953 5241 3027 5284 est
3065 5249 3221 5302 super
3256 5252 3338 5292 me

1748 5300 1937 5340 manus
1951 5288 2168 5347 Domini
2199 5295 2548 5379 (Eme/1.111),
2581 5310 2633 5364 id
2656 5324 2761 5383 est,
2804 5316 3007 5373 factum
3048 5288 3139 5375 est.
3162 5332 3220 5378 ut
3244 5342 3335 5384 su-

1745 5389 1844 5444 per
1868 5393 1956 5434 me
1985 5392 2149 5451 esset,
2173 5394 2230 5442 et
2267 5393 2435 5450 multa
2480 5399 2604 5455 talia
2636 5403 2691 5458 in
2732 5406 3028 5477 Scripturis
3050 5416 3332 5482 reperiun-

1743 5473 1850 5520 tur.
1891 5467 1997 5527 Sed
2038 5476 2314 5538 videamus
2342 5485 2458 5556 jam
2498 5508 2619 5563 quae
2648 5496 2758 5551 sint
2794 5467 2915 5568 qlia:
2940 5500 2996 5557 in
3029 5467 3329 5579 terliapro-

1736 5558 1919 5627 phetia
1950 5562 2169 5626 Balaam
2204 5573 2476 5647 loquatur.

2790 5961 2870 6053 2".
