3890 6340
443 449 547 515 781

1089 437 1156 495 B.
1199 432 1456 495 assam
1491 429 1715 489 usum
1746 424 2068 497 meumr,
2109 420 2417 483 uocum.
2458 415 2746 477 orsnun
2781 368 2971 472 rans
3001 410 3045 466 ι.

3609 408 3714 475 752

438 579 551 640 que
596 567 852 619 nostrum
898 553 1159 626 emollire
1206 561 1263 609 et
1308 551 1574 607 fabricare
1616 542 2025 601 tabernaculum
2049 543 2104 603 Α
2148 618 2152 627 ⁸
2198 538 2355 593 Fluet
2393 553 2530 609 aqua
2566 536 2632 591 de
2660 532 2823 590 situla
2850 531 2991 601 ejus,
3032 532 3085 581 et
3128 541 3304 582 semen
3344 523 3489 581 illius
3516 527 3619 581 erit
3661 527 3713 584 in

424 635 629 715 suum:
653 653 813 715 Unde
830 649 1048 707 videtur
1064 663 1174 703 non
1198 645 1483 701 fortuitum
1507 640 1821 712 contigisse,
1847 643 1909 692 ut
1930 635 2029 689 Pe-

442 757 565 806 trus
590 745 811 818 quidem
844 751 900 797 et
930 738 1175 797 Andreas
1208 744 1269 793 et
1285 734 1383 791 filii
1411 729 1673 794 Zebedai,
1704 736 1828 784 ante
1854 726 2032 797 pisca-

430 853 593 899 rtores
617 837 1014 901 invenirentur,
1048 830 1247 890 Paulus
1278 842 1409 885 vero
1442 833 1570 881 ante
1600 822 1755 878 faber
1782 820 2033 877 taberna-

444 935 715 992 culorum.
770 929 839 986 Et
873 912 1003 998 quia
1049 924 1126 980 illi
1158 920 1335 979 vocati
1377 920 1448 974 ab
1492 924 1611 971 arte
1648 911 2034 984 capiendorum

436 1029 677 1102 piscium
701 1030 983 1096 putantur,
1020 1027 1077 1076 et
1116 1018 1254 1073 ﬁunt
1282 1015 1587 1087 piscatores
1614 1009 1915 1072 hominum,
1956 1005 2037 1061 di-

446 1099 606 1177 cente
636 1115 867 1173 Domino
892 1130 907 1169 :
945 1110 1128 1167 Venite
1150 1115 1266 1180 post
1289 1122 1389 1170 me,
1417 1104 1611 1174 faciam
1635 1116 1723 1154 vos
1750 1099 2036 1169 piscatores

436 1304 578 1375 quia
619 1310 675 1358 et
707 1300 822 1370 ipse
849 1311 947 1367 per
982 1292 1270 1349 Dominum
1316 1301 1497 1345 meum
1535 1282 1720 1339 Iesum
1764 1280 2039 1375 Christum

432 1368 678 1452 «iocatus
705 1368 982 1461 apostolus
1010 1392 1114 1449 est,
1146 1378 1306 1437 simili
1335 1385 1455 1433 arte
1478 1390 1575 1431 sua
1604 1383 1658 1429 et
1685 1368 2041 1427 transforma-

396 1473 409 1484 ’
438 1486 602 1543 ριὶοιιε
620 1488 862 1540 mutatus
883 1478 979 1545 sit,
998 1485 1061 1532 ut
1079 1475 1224 1531 sicut
1237 1471 1409 1527 illi'ex
1428 1466 1790 1542 piscatoribus
1813 1462 2044 1534 piscium

434 1578 755 1649 ipiseatores
778 1571 1061 1628 hominum
1087 1566 1218 1623 facti
1240 1571 1386 1631 sunt,
1414 1562 1491 1618 ita
1512 1569 1569 1616 et
1594 1560 1699 1615 iste
1725 1573 1756 1613 a
1780 1553 2045 1611 faciendis

453 1646 825 1726 tabernaculis
860 1660 1097 1719 terrenis
1140 1658 1211 1713 ad
1245 1652 1491 1710 coelestia
1521 1646 1873 1706 tabernacula
1913 1659 2046 1701 con-

453 1757 716 1821 struenda
745 1752 1041 1817 translatus
1069 1750 1159 1805 sit.
1202 1743 1483 1803 Construit
1515 1741 1663 1797 enim
1690 1735 1933 1793 coelestia
1969 1742 2051 1788 ta-

440 1846 768 1911 :bernacula,
815 1843 1013 1902 docens
1051 1849 1492 1907 unumquemque
1537 1832 1682 1887 viam
1731 1828 1943 1893 salutis,
1993 1833 2050 1882 et

2130 621 2297 705 equas
2336 631 2567 685 multas.
2590 626 2839 686 Ostendit
2887 622 3185 681 secundum
3219 621 3546 690 historiam,
3578 624 3714 693 quod

2133 730 2207 786 de
2220 736 2378 799 gente
2406 722 2572 780 Israel
2597 721 2744 793 larga
2763 724 3042 775 excrescat
3066 714 3355 773 multitudo
3370 713 3712 785 populorum.

2133 821 2301 891 Aquae
2326 817 2492 885 enim,
2526 815 2722 887 inquit,
2752 808 3042 869 multitudo
3067 806 3252 879 populi
3276 814 3383 863 est.
3416 804 3716 865 Secundum

2135 910 2449 982 allegoriam
2520 922 2649 963 vero
2711 903 2981 977 signiﬁcat
3043 899 3412 958 abundantem
3490 900 3712 971 gratiam

2137 1002 2459 1074 evangelica:
2500 999 2760 1058 doctrinae
2785 1012 2801 1052 :
2823 1011 2947 1067 qua:
2990 994 3060 1051 de
3097 992 3377 1065 primitiva
3414 992 3474 1048 in
3508 989 3717 1049 Jerusa-

2139 1098 2245 1159 lem
2271 1096 2513 1152 Ecclesia
2552 1109 2650 1165 per
2690 1090 3055 1163 apostolorum
3081 1086 3449 1155 ministerium
3476 1085 3533 1139 in
3562 1091 3716 1139 totum

2019 1224 2035 1251 ε
2142 1192 2329 1248 orbem
2351 1197 2618 1245 terrarum
2644 1183 2868 1255 largiter
2894 1181 3072 1237 infusa
3122 1187 3226 1237 est.
3273 1177 3384 1249 Ipsi
3435 1176 3584 1232 enim
3610 1190 3719 1249 apo-

2143 1281 2268 1339 stoli
2317 1281 2383 1336 de
2420 1291 2617 1351 genere
2665 1275 2940 1331 Abraham
2986 1270 3203 1336 exorti,
3260 1279 3317 1325 et
3365 1268 3720 1325 benedictione

2143 1371 2345 1430 Christi
2384 1370 2479 1441 qui
2520 1376 2605 1425 est
2646 1382 2836 1424 verum
2863 1379 3051 1421 semen
3079 1362 3356 1421 Abraham
3384 1360 3598 1431 repleti,
3624 1359 3719 1415 suis

2144 1463 2615 1537 praedicationibus
2656 1470 2828 1518 totum
2874 1458 3136 1515 mundum
3173 1455 3545 1526 repleverunt.
3590 1454 3720 1512 Unde

2146 1559 2411 1629 scriptum
2440 1564 2524 1613 est
2551 1571 2566 1612 :
2592 1555 2659 1611 In
2685 1570 2891 1610 omnem
2917 1563 3117 1608 terram
3147 1551 3307 1608 exivit
3342 1567 3503 1606 sonus
3539 1564 3718 1611 eorum,

2148 1652 2277 1708 etin
2305 1650 2435 1720 ﬁnes
2462 1649 2601 1704 orbis
2627 1657 2781 1702 terra
2805 1645 2957 1700 verba
2982 1660 3165 1700 eorum
3183 1642 3358 1716 (Psal.
3387 1639 3569 1713 xvut).
3606 1639 3721 1695 Hinc

2149 1752 2206 1802 et
2228 1760 2326 1815 per
2356 1742 2554 1799 Isaiam
2586 1740 2786 1798 dicitur
2818 1755 2832 1792 :
2866 1736 3080 1802 Omnes,
3111 1736 3202 1806 qui
3238 1735 3481 1791 oidemnt
3512 1749 3615 1797 eos,
3652 1747 3722 1784 co-

2151 1844 2395 1908 gnoscent
2432 1833 2573 1901 illos,
2608 1833 2731 1905 quia
2760 1830 2848 1887 isti
2883 1838 3004 1885 sunt
3029 1845 3205 1883 semen
3242 1828 3329 1883 cui
3364 1825 3613 1883 benedicit
3637 1822 3723 1877 Do-

440 1937 744 1999 .beatarum
780 1934 845 1988 in
875 1930 1185 1988 coelestibus
1218 1926 1561 1983 mansionum
1601 1923 1706 1978 iter
1739 1919 2054 1977 ostendens.
2085 1917 2136 1978 B
2160 1930 2356 1984 minus,
2786 1966 2793 1971 _

457 2028 616 2087 Facit
639 2024 993 2085 tabernacula
1029 2020 1248 2085 Paulus,
1296 2027 1352 2075 et
1390 2032 1516 2074 cum
1559 2017 1629 2071 ad
1658 2012 1961 2070 Jerusalem
1994 2010 2052 2066 in

442 2120 715 2187 ,circuitu,
748 2109 922 2188 usque
959 2115 1029 2173 ad
1052 2114 1325 2185 Illyricum
1366 2110 1537 2182 replet
1573 2106 1926 2179 Evangelium
1956 2104 2053 2161 Dei

438 2218 722 2285 necolesias
770 2214 1153 2273 construendo.
1211 2212 1280 2268 Et
1318 2211 1421 2267 hoc
1464 2208 1626 2266 modo
1665 2207 1796 2264 facit
1835 2215 1891 2262 et
1940 2206 2055 2275 ipse

444 2309 818 2376 .tabernacula
848 2308 918 2363 ad
944 2304 1365 2362 similitudinem
1386 2300 1865 2358 tabernaculorum
1901 2296 2057 2353 cccle-

440 2400 666 2467 Jstium,
720 2414 843 2470 qua
887 2396 1131 2455 ostendit
1177 2393 1324 2449 Deus
1360 2393 1419 2448 in
1466 2399 1654 2448 monte
1702 2389 1893 2461 Moysi.
1950 2387 2060 2444 Sed

446 2490 840 2560 .nnusquisque
897 2496 1145 2543 nostrum
1172 2526 1189 2553 ,
1245 2486 1293 2542 si
1346 2484 1469 2555 quis
1530 2492 1713 2540 tamen
1770 2481 1939 2538 exivit
1993 2481 2060 2537 de

465 2581 723 2653 Egypto,
755 2588 811 2636 et
842 2579 1054 2635 habitat
1082 2578 1139 2634 in
1167 2578 1402 2644 deserto,
1435 2576 1490 2633 in
1525 2573 1875 2632 tabernaculo
1903 2573 2064 2630 debet

438 2673 740 2739 habitare,
766 2679 825 2727 et
842 2670 986 2727 diem
1005 2668 1204 2725 festum
1227 2669 1284 2724 in
1306 2666 1670 2724 tabernaculis
1689 2667 1852 2723 debet
1877 2679 2059 2737 agere.

468 2764 627 2823 Sicut
654 2761 801 2820 enim
827 2761 1274 2819 commemoratio
1302 2759 1364 2815 ﬁt
1387 2759 1714 2831 egressionis
1735 2772 1804 2814 ex
1827 2757 2065 2829 Egypto

450 2853 791 2933 penpascha
816 2860 873 2908 et
901 2866 1117 2923 azyma,
1146 2850 1221 2906 ita
1249 2858 1306 2907 et
1328 2849 1862 2906 commemorationis
1892 2848 1947 2902 in
1974 2847 2068 2903 de-

469 2956 619 3007 serto
649 2947 712 3002 tit
743 2945 1005 3003 memoria
1044 2959 1145 3016 per
1188 2943 1556 2999 tabernacula.
1607 2942 1669 2998 In
1701 2939 2069 2998 tabernaculis

442 3037 620 3103 ,enim
658 3036 1043 3095 habitaverunt
1079 3042 1265 3104 patres
1309 3033 1482 3090 nostri
1526 3033 1585 3088 in
1631 3032 1865 3088 deserto.
1916 3029 2072 3085 Unde

446 3135 660 3185 autem
689 3123 810 3181 ﬁeri
833 3132 1051 3196 oportet
1078 3125 1183 3179 ista
1217 3124 1586 3188 tabernacula,
1633 3123 1743 3179 nisi
1780 3138 1850 3179 ex
1888 3120 2072 3177 verbis

474 3217 611 3289 legis
638 3225 695 3271 et
718 3215 1128 3286 prophetarum,
1158 3229 1229 3271 ex
1253 3214 1600 3271 sermonibus
1638 3213 1976 3283 psalmorum
2017 3218 2101 3267 ειι

2231 2016 2466 2074 Tolletur
2506 2024 2716 2087 propter
2749 2014 2891 2084 Agag
2944 2028 3037 2067 rex
3073 2011 3209 2082 ejus,
3262 2019 3314 2064 et
3355 2008 3621 2078 auferetur
3658 2022 3723 2059 re-

2155 2128 2315 2185 gnum
2344 2109 2509 2164 illius.
2570 2106 2698 2164 Haec
2732 2105 3005 2162 sententia
3032 2102 3376 2160 demonstrat
3402 2100 3631 2172 primum
3656 2112 3727 2152 re-

2134 2221 2283 2277 gem
2311 2201 2642 2267 Iudaeorum,
2676 2200 2781 2255 hoc
2813 2205 2918 2265 est,
2954 2195 3086 2253 Saul
3133 2203 3358 2267 prapter
3394 2191 3535 2264 Agag
3565 2205 3728 2261 regem

2158 2294 2585 2351 Amalecitarum
2621 2290 2923 2363 perdidisse
2963 2302 3213 2359 regnum,
3257 2299 3324 2341 eo
3347 2283 3475 2355 quod
3500 2286 3733 2351 parceret

2161 2386 2239 2443 illi
2255 2394 2445 2441 contra
2464 2391 2792 2454 praceptum
2806 2379 3041 2435 Domini.
3092 2376 3212 2432 Alia
3233 2383 3417 2431 autem
3428 2372 3583 2429 editio
3599 2371 3734 2425 hunc

2160 2478 2340 2534 locum
2367 2477 2524 2546 longe
2550 2474 2706 2530 aliter
2728 2472 2911 2528 habet.
2956 2468 3306 2539 Prophetiam
3332 2466 3478 2522 enim
3503 2470 3642 2518 tenet
3678 2461 3735 2516 de

2162 2567 2380 2625 Christo
2399 2572 2455 2623 et
2479 2565 2546 2620 de
2567 2577 2734 2634 regno
2755 2562 2892 2632 ejus.
2918 2558 3026 2615 Sed
3039 2557 3321 2619 videamus
3341 2551 3601 2625 quomodo
3620 2548 3736 2605 scri-

2163 2672 2315 2734 ptum
2344 2660 2434 2717 sit.
2480 2657 2676 2725 Exibit,
2706 2654 2910 2725 inquit,
2930 2652 3086 2707 homo
3108 2650 3173 2705 de
3198 2649 3399 2704 sentina
3419 2646 3529 2716 ejus
3546 2685 3561 2711 ,
3590 2652 3634 2698 et
3658 2641 3736 2695 do-

2166 2753 2456 2808 minabitur
2482 2748 2718 2822 gentibus
2742 2745 2944 2801 muitis.
2980 2742 3051 2798 Et
3090 2739 3417 2797 excitabitur
3449 2737 3556 2807 Gog
3593 2744 3639 2791 ct
3670 2748 3741 2822 ref

2168 2860 2329 2918 gnum
2350 2820 2555 2915 ejus,vet
2575 2848 2766 2896 crescet
2782 2853 2997 2910 regnum
3008 2835 3145 2907 ejus.
3158 2833 3409 2889 Christus
3418 2836 3647 2902 ergoest,
3661 2820 3741 2893 qui

2140 2936 2307 2993 .exiit
2331 2936 2398 2991 de
2437 2934 2643 2992 semine
2682 2929 2849 2987 Israel
2889 2927 3185 2987 secundum
3212 2939 3460 2982 carnem.
3510 2919 3605 2983 Qui
3627 2928 3741 2985 quo-

2173 3028 2335 3084 modo
2370 3026 2623 3097 gentibus
2671 3022 2977 3080 dominetur
3025 3016 3366 3085 expositione
3413 3024 3521 3063 non
3548 3005 3741 3077 indiget.

2174 3096 2412 3175 maxime
2436 3115 2529 3183 qui
2555 3115 2698 3183 legat
2725 3112 2931 3165 dictum
2970 3105 3022 3161 ei
3059 3119 3090 3159 a
3138 3102 3339 3158 Patre:
3373 3096 3591 3155 Postulo
3610 3115 3638 3150 α
3657 3111 3743 3158 me,

2177 3218 2227 3264 et
2256 3208 2392 3263 dabo
2419 3205 2513 3260 tibi
2533 3198 2708 3276 gentes
2734 3199 3093 3255 Itwreditatem
3120 3205 3290 3261 luant,
3323 3202 3373 3247 et
3404 3186 3747 3263 possessionem

446 3306 722 3365 ..omnium
755 3319 877 3375 quae
901 3305 1249 3363 continentur
1272 3304 1329 3359 in
1351 3304 1511 3375 lege?
1554 3274 1691 3361 Cum
1719 3305 1865 3359 enim
1891 3319 1958 3359 ex
1988 3303 2076 3359 his
2103 3287 2148 3350 C
2180 3310 2327 3356 tuam
2368 3274 2618 3351 terminos
2655 3303 2811 3347 terra:
2837 3286 3012 3362 (Psal.
3035 3286 3118 3358 ιι).
3158 3284 3302 3353 Quid
3325 3292 3412 3338 est
3434 3293 3607 3337 autem
3628 3274 3752 3348 quod

440 3412 604 3470 ,qua
624 3396 833 3466 scripta
869 3402 997 3453 sunt
1036 3394 1255 3465 proiicit
1284 3394 1489 3461 anima,
1524 3401 1581 3451 et
1617 3410 1833 3465 semper
1860 3409 1925 3449 ea
1951 3394 2075 3464 qui-

444 3488 606 3565 ,,dem
628 3502 755 3558 qua:
770 3494 919 3545 retro
944 3494 1075 3542 sunt
1103 3485 1455 3551 Oblivisceris,
1479 3485 1537 3540 in
1561 3500 1627 3541 ea
1654 3500 1777 3556 quae
1804 3493 1931 3541 ante
1949 3491 2078 3541 sunt

444 3594 544 3657 “se
562 3578 829 3645 extendit,
860 3584 918 3633 et
942 3578 1011 3635 de
1036 3576 1158 3632 loco
1181 3575 1439 3635 inferiore
1469 3576 1845 3648 progrediens,
1881 3575 2080 3632 crescit

481 3680 539 3731 et
568 3668 785 3744 proﬁcit
822 3670 894 3727 ad
934 3668 1235 3740 superiora,
1281 3674 1339 3723 et
1376 3677 1667 3740 augmento
1705 3668 1993 3732 virtutum,
2026 3672 2082 3720 et

444 3776 552 3833 ,κει
575 3761 691 3834 ipsa
718 3760 1099 3833 imanutatione
1122 3758 1464 3831 profectuum
1491 3759 1547 3814 in
1575 3758 1945 3815 tabernaculis
1968 3770 2082 3815 me-

462 3852 596 3917 ,rito
639 3852 850 3915 dicetur
882 3851 1157 3917 habitare.
1218 3851 1354 3906 Vide
1398 3859 1581 3909 autem
1609 3851 1657 3906 si
1690 3865 1801 3907 non
1830 3857 1957 3905 sunt
2002 3856 2084 3903 ta-

2178 3391 2256 3446 ait
2286 3408 2299 3444 :
2335 3386 2656 3443 exaltabitur
2685 3382 2796 3453 Cog
2832 3395 3047 3451 regnum
3091 3378 3206 3448 ejus
3229 3379 3255 3430 ἵ
3288 3375 3408 3447 Cog
3444 3390 3599 3446 super
3640 3378 3754 3423 tecta

2178 3483 2598 3550 interpretatur.
2654 3473 2724 3530 Et
2747 3473 2801 3528 in
2824 3473 2929 3527 isto
2952 3470 3073 3526 loco
3094 3483 3204 3523 non
3228 3482 3329 3538 pro
3349 3466 3533 3537 gentis
3560 3460 3757 3530 alicujus

2179 3574 2420 3640 nomine,
2448 3578 2509 3627 ut
2533 3576 2779 3642 putatur,
2815 3566 3055 3637 positum
3074 3571 3177 3630 est,
3203 3563 3297 3616 sed
3326 3560 3466 3614 utin
3492 3557 3616 3611 aliis
3646 3568 3761 3607 non-

2180 3671 2341 3729 nullis
2368 3670 2483 3739 ipsc
2508 3680 2687 3724 sermo
2710 3663 2971 3719 Hebraeus
2996 3677 3105 3719 non
3142 3659 3521 3729 interpretatus
3550 3651 3766 3705 relictus

2180 3772 2265 3818 est
2284 3803 2300 3829 ,
2333 3769 2389 3817 et
2413 3759 2484 3815 ob
2505 3758 2612 3815 hoc
2634 3755 2793 3826 quasi
2820 3753 2887 3809 dc
2916 3760 3076 3822 gente
3098 3749 3266 3816 aliqua
3290 3744 3503 3800 dictum
3537 3741 3760 3795 videtur.

2183 3856 2284 3911 Est
2320 3867 2451 3924 ergo
2488 3847 2756 3906 sermonis
2803 3841 3189 3916 consequentia
3218 3837 3365 3893 talis.
3409 3835 3483 3892 Et
3515 3833 3761 3890 exaltabi-

484 3943 778 4013 belfnamla
798 3959 933 4016 ηςιιιω
968 3941 1393 4009 ﬁxitDominus.
1431 3941 1595 3999 etiam
1616 3941 1713 3997 illa
1739 3955 1863 4013 quae
1895 3937 2086 3996 sall'a'
2187 3954 2274 4001 tur
2310 3958 2467 4015 super
2499 3949 2635 3996 tecta
2667 3954 2884 4009 regnum
2920 3936 3060 4006 ejus,
3091 3943 3140 3988 et
3166 3939 3353 3986 crescet
3397 3943 3617 3999 regnum
3640 3924 3762 3993 ejus.

486 4045 576 4093 tor
620 4014 1027 4101 commemorat,
1056 4036 1114 4093 in
1149 4036 1440 4109 Evangelio
1467 4037 1692 4099 dicens:
1719 4033 1908 4091 Facite
1945 4033 2088 4090 vobis
2188 4014 2429 4092 Exaltari
2470 4040 2655 4089 autem
2704 4044 2868 4103 super
2899 4035 3059 4092 tecta,
3090 4025 3159 4079 de
3184 4020 3522 4094 perfectione
3561 4014 3764 4070 creden-

488 4129 688 4191 αηιίιοδ
716 4130 780 4185 dc
809 4127 1109 4187 mammona
1136 4108 1430 4199 iniquitatis
1462 4144 1479 4184 :
1513 4138 1570 4185 ut
1617 4144 1738 4183 cum
1771 4126 2086 4197 defecerit“.
2128 4164 2133 4169 -
2191 4131 2327 4187 tium
2350 4129 2578 4194 dicitur;
2611 4138 2860 4181 crescere
2888 4130 3091 4186 autem,
3128 4118 3197 4173 ad
3220 4114 3592 4172 multitudines
3615 4108 3766 4164 refer-

446 4270 451 4277 ι
493 4221 750 4290 recipiam
775 4234 863 4281 vos
891 4220 1167 4285 intwterna
1207 4220 1548 4275 tabernacula
1585 4219 1739 4291 (Luc.
1777 4224 1913 4292 xvr).
1953 4219 2091 4274 Fita
2164 4231 2303 4279 -tur.
2358 4222 2419 4278 In
2444 4223 2534 4277 his
2570 4234 2701 4291 ergo
2744 4218 2837 4291 qui
2865 4215 3097 4288 perfecti
3126 4220 3256 4271 sunt
3273 4225 3439 4281 super
3472 4216 3611 4264 tecta
3631 4202 3763 4260 eral-

444 4360 451 4377 .
495 4309 961 4410 δαίθωβξαυηιιιτ
1051 4307 1185 4410 υθίξν
1229 4309 1383 4410 (Ιυὸηδί
1408 4325 1529 4381 (illa:
1555 4325 1665 4366 non
1692 4309 2093 4366 -Cil‘cumfel‘un-
2192 4322 2344 4370 tatur
2372 4326 2599 4384 regnum
2628 4309 2853 4376 Christi,
2880 4308 2937 4364 id
2958 4315 3064 4374 est,
3092 4320 3262 4377 super
3300 4318 3397 4359 eos
3432 4301 3596 4357 etiam
3614 4297 3695 4368 qui
3715 4295 3763 4349 in

468 4409 585 4477 ςιιιι·
619 4398 773 4467 Omni
801 4406 962 4461 vento
982 4399 1289 4463 doctrinae.
1319 4398 1458 4457 Sunt
1491 4409 1672 4458 autem
1700 4403 1876 4463 adhuc
1907 4403 2093 4459 taber-
2194 4407 2446 4479 supernis
2492 4413 2620 4463 sunt
2642 4445 2659 4473 ,
2702 4412 2759 4460 et
2796 4403 2853 4458 in
2900 4400 3273 4473 superioribus
3307 4396 3577 4454 habitant.
3632 4390 3763 4447 Sicut

440 4564 449 4573 ν
495 4492 933 4594 naculaistaiet
963 4492 1108 4594 sicut
1146 4491 1295 4594 cedri
1322 4489 1703 4594 jura-aquas.
1764 4492 1969 4553 Cedros
2006 4493 2096 4548 hic
2160 4556 2163 4563 Γ
2197 4502 2347 4558 enim
2384 4499 2637 4561 fortassis
2683 4496 2847 4567 aliqui
2893 4496 3056 4552 etiam
3084 4494 3141 4549 in
3167 4489 3508 4553 coelestibus,
3535 4501 3562 4539 a
3592 4482 3762 4554 quibus

438 4600 611 4663 Anon
643 4582 779 4639 alias
811 4584 965 4650 dicit,
1001 4584 1057 4639 in
1093 4583 1291 4655 quibus
1328 4584 1616 4656 culpabilis
1654 4592 1877 4642 notatur
1912 4580 2093 4650 elatio;
2122 4640 2173 4668 π
2198 4597 2320 4668 plus
2343 4594 2634 4666 proficiant
2664 4601 2723 4647 et
2751 4590 2912 4645 altius
2939 4586 3248 4643 exaltentur
3290 4581 3348 4639 bi
3379 4581 3473 4652 qui
3524 4579 3576 4634 in
3614 4588 3763 4645 regno

436 4716 448 4753 ι
503 4678 600 4747 εβά
634 4677 826 4747 cedri“
864 4677 964 4734 Dei
997 4678 1466 4750 (ιιιωιειιερίφίιιηι
1504 4678 1635 4735 Vilis
1675 4679 1820 4739 illius
1859 4694 1981 4750 illm
2025 4694 2092 4734 ex
2120 4640 2173 4700 Β
2198 4640 2402 4745 δὴιὶἆί
2431 4640 2665 4750 et
2688 4640 3189 4739 idewolcrcdoetiam
3212 4674 3331 4745 ipse
3365 4640 3614 4727 Salvator
3642 4640 3765 4721 dicc-

438 4796 447 4843 ι
477 4822 480 4827 ,
504 4767 740 4839 Δῐεῃιιο
779 4769 1038 4827 translata
1066 4778 1154 4829 est
1180 4769 1457 4842 palmites,
1486 4778 1545 4827 et
1569 4770 1627 4825 in
1656 4771 1852 4842 quibus
1879 4770 2095 4841 requie-
2200 4779 2330 4835 bat:
2360 4774 2464 4842 Qui
2486 4775 2543 4830 in
2566 4781 2699 4828 tecto
2723 4780 2823 4837 est,
2847 4786 2952 4825 non
2976 4765 3255 4822 descendat
3294 4762 3479 4816 tollere
3505 4756 3691 4829 aliquid
3713 4753 3766 4805 de

444 4908 455 4941 τ
484 4859 610 4933 ,ῥαίι
628 4855 845 4931 fractus,
873 4859 962 4915 ille
978 4859 1137 4931 cujus
1161 4862 1358 4919 umbra
1390 4861 1603 4931 operuit
1630 4868 1865 4917 montes.
1915 4857 1977 4915 Si
2011 4860 2095 4915 iu-

440 5008 455 5021 ,
506 4954 766 5015 tellexisti
807 4961 1068 5024 quantam
1110 4953 1357 5024 requiem
1404 4952 1605 5011 habeat
1645 4953 1750 5009 iter
1770 4952 2091 5022 sapientiae,

436 5092 471 5133 ’τ
509 5054 777 5117 quantum
804 5044 1012 5116 gratiae,
1039 5052 1408 5119 quantumque
1428 5043 1762 5111 dulcedinis,
1798 5042 1911 5099 noli
1946 5043 2104 5101 dissi-

477 5135 1205 5211 ,.mnlare,.nolinegligere;
1230 5137 1330 5207 sed
1351 5137 1665 5210 aggredere,
1691 5150 1794 5192 nec
1816 5136 1987 5193 eremi
2012 5151 2102 5191 so-

446 5284 451 5305 ,
508 5229 798 5287 litudinem
832 5228 1240 5300 perhorrescas.
1284 5228 1569 5287 Habitanti
1596 5229 1742 5289 enim
1781 5229 1879 5285 tibi
1908 5229 1965 5285 in
1995 5228 2098 5285 bu-

509 5319 749 5399 jusmodi
777 5317 1142 5379 tabernaculis
1168 5329 1418 5377 occurret
1443 5329 1500 5378 et
1534 5336 1732 5377 manna
1767 5319 2013 5385 caeleste,
2047 5326 2105 5374 et

496 5412 833 5489 angelorum
859 5426 1055 5484 panem
1085 5411 1459 5471 manducabis.
1507 5413 1691 5485 Incipe
1726 5420 1935 5471 tantum
1953 5453 1968 5481 ,
2001 5425 2105 5468 nec

516 5514 574 5564 te
610 5513 900 5579 praetereat
947 5504 1182 5563 solitudo
1222 5503 1443 5560 deserti.
1500 5502 1620 5561 Cito
1658 5505 1722 5559 in
1769 5504 2105 5561 consortium

517 5604 675 5655 tuum
691 5600 855 5656 etiam
882 5599 1059 5672 angeli
1077 5598 1319 5665 venient,
1342 5596 1470 5668 quia
1495 5604 1779 5655 crescente
1793 5598 1969 5671 gratia
1988 5609 2107 5652 me—

2198 4868 2356 4924 domo
2387 4865 2603 4939 (Matth.
2636 4862 2807 4936 xxiv),
2838 4874 3064 4917 monens
3103 4865 3164 4913 ut
3195 4856 3252 4913 hi
3295 4853 3393 4925 qui
3429 4851 3497 4907 ad
3522 4847 3769 4939 excelsam

2203 4937 2591 5031 perfectionem
2618 4962 2903 5019 venerunt,
2940 4968 3050 5009 non
3074 4953 3271 5019 iterum
3311 4945 3381 5000 ad
3411 4942 3593 5001 mundi
3626 4937 3773 5007 huius

2207 5027 2304 5123 qui
2331 5066 2476 5107 nunc
2500 5049 2693 5105 domus
2718 5046 3033 5119 appellatur,
3073 5040 3299 5098 humilia
3344 5045 3403 5093 et
3448 5034 3658 5105 abiecta

2208 5121 2488 5199 scendam.
2538 5140 2647 5196 Sed
2697 5148 2753 5195 ει
2795 5138 2961 5204 aliud,
3017 5134 3161 5206 quod
3207 5132 3307 5197 ait,
3353 5129 3498 5201 quod
3542 5121 3777 5185 ακάίοιίι,

2205 5236 2496 5306 praedicare
2527 5248 2682 5303 super
2716 5240 2848 5286 tecta
2874 5228 3092 5303 (Matth.
3123 5225 3185 5299 ι),
3213 5224 3282 5280 ad
3312 5223 3420 5287 hoc
3446 5216 3785 5279 nihilomimls

2207 5329 2449 5400 respicit.
2506 5326 2601 5383 Sic
2656 5340 2787 5398 ergo
2834 5321 3162 5381 exaltabitur
3205 5331 3372 5389 super
3418 5314 3529 5383 Gog
3565 5319 3785 5381 regnum

2204 5424 2364 5496 ejus,
2405 5430 2462 5478 et
2501 5421 2698 5476 crescit
2743 5432 2970 5489 regnum
3015 5415 3151 5485 ejus.
3216 5411 3431 5468 Crescit
3466 5404 3619 5462 enim
3674 5401 3789 5455 dum

2210 5514 2633 5585 multiplicantur
2659 5509 2937 5575 Ecclesiae,
2964 5514 3021 5562 et
3050 5504 3287 5562 ﬁdelium
3326 5502 3589 5559 numerus
3637 5505 3790 5561 auge-

2210 5617 2300 5662 tur
2322 5622 2337 5673 ;
2359 5605 2488 5661 etin
2521 5611 2729 5659 tantum
2751 5599 2950 5657 crescit
2977 5610 3205 5669 regnum
3241 5591 3448 5649 Christi
3470 5629 3488 5655 .
3518 5593 3795 5659 usquam

425 5760 447 5777 ι
486 5754 487 5757 η
520 5693 774 5761 ritorum,
819 5695 1068 5751 ascendis
1108 5693 1437 5750 manducare
1466 5705 1663 5761 panem
1692 5691 2024 5765 angelorum,
2055 5696 2112 5745 et
2208 5704 2376 5768 ponat
2415 5695 2575 5752 Pater
2613 5695 2862 5751 inimicos
2888 5692 3005 5764 ejus
3037 5690 3139 5745 sub
3165 5686 3396 5760 pedibus
3420 5681 3559 5751 eius.
3746 5679 3800 5724 et

526 5781 713 5838 videre
744 5783 916 5840 Deum
944 5786 1190 5855 deorum,
1212 5799 1349 5859 quos
1376 5782 1478 5847 sub
1505 5784 1684 5856 specie
1708 5784 1994 5845 cedrorum
2020 5800 2108 5841 ar-

525 5871 702 5931 bitror
732 5874 1011 5934 iudicatos.

2212 5787 2564 5844 novissimum
2607 5785 2889 5841 inimicum
2918 5761 3181 5853 destruat
3210 5783 3466 5847 mortem.
3515 5770 3651 5844 Post
3688 5761 3799 5817 haec

2214 5882 2474 5951 scriptum
2499 5886 2584 5935 est
2609 5878 2787 5935 adhuc
2806 5876 2877 5932 de
2903 5873 3137 5929 Christo.
3178 5866 3322 5923 Deus
3368 5862 3550 5920 eduatit
3588 5873 3714 5916 eunt
3737 5854 3803 5908 ds
