3980 6344
228 361 335 420 753

936 347 1472 408 ENARBATIONES
1509 347 1578 404 IN
1614 345 1876 407 LIBRUM
1913 346 2379 407 NUMERORUM.
2417 381 2489 393 —-
2524 351 2652 408 LIB.
2687 353 2772 410 Ill.

3389 347 3504 418 ἰα’

231 479 478 552 Εσνριο,
501 474 655 548 cujus
675 471 928 544 fortitudo
948 470 1136 526 similis
1154 479 1228 526 est
1246 469 1610 525 rhinocerotis.
1653 469 1808 537 Quod
1832 472 1886 530 Α
1909 467 2026 524 cuia
2048 468 2164 539 ejus
2183 468 2350 525 verba
2371 468 2488 540 ejus
2501 469 2647 540 sunt,
2672 481 2733 527 ut
2755 477 3004 546 superius
3023 478 3276 548 diximus,
3298 482 3494 554 quibus

231 573 283 629 in
315 585 380 627 eo
403 567 729 640 completum
756 565 988 632 videtur,
1020 565 1113 620 ubi
1147 573 1269 636 post
1295 572 1526 619 mortem
1552 561 1803 628 Herodis,

228 669 506 718 revocatur
552 659 620 713 ab
663 655 917 728 Egypto,
960 665 1017 711 et
1061 656 1308 728 designat
1340 655 1690 726 Evangelium
1725 655 1808 710 di-

225 765 350 810 cens
368 765 382 805 :
402 750 484 805 Ea:
505 748 738 820 .Egypto
753 748 929 802 vocavi
949 747 1120 817 filium
1143 763 1315 803 meum
1334 747 1552 820 (Matth.
1577 761 1614 803 ιι
1636 763 1652 814 ;
1677 746 1802 803 Ose.

221 845 319 916 xx).
345 840 445 911 Qui
471 857 650 897 sermo
674 839 995 910 quibusdam
1021 855 1090 895 ex
1118 841 1222 896 hoc
1246 841 1365 896 loco
1394 848 1703 910 assumptus
1731 839 1806 894 vi-

223 937 393 1000 detur,
413 943 467 989 et
492 931 799 1002 Evangeliis
819 932 1074 987 insertus.
1096 931 1232 987 Aliis
1255 939 1435 986 autem
1457 931 1668 986 videtur
1685 943 1805 986 esse

221 1027 517 1097 prophetia.
537 1015 721 1080 Potest
740 1032 918 1078 tamen
931 1032 986 1078 et
1005 1023 1300 1079 secundum
1321 1023 1630 1094 allegoriam
1647 1020 1804 1078 intel-

221 1119 328 1189 ligi,
349 1119 473 1187 quia
491 1125 844 1188 posteaquam
863 1117 1088 1172 venitad
1102 1115 1398 1188 ngyptum
1413 1117 1600 1171 mundi
1619 1117 1799 1186 hujus,

220 1213 434 1269 deduxit
476 1229 600 1268 eum
635 1211 799 1266 Pater
832 1220 887 1266 et
915 1211 1210 1281 assumpsit
1237 1211 1305 1265 ad
1331 1211 1699 1280 semetipsum,
1742 1217 1803 1265 ut

215 1305 353 1359 viam
383 1301 587 1359 faceret
617 1303 724 1369 his,
747 1304 840 1374 qui
871 1303 937 1358 de
958 1302 1190 1374 Egypto
1216 1303 1402 1357 mundi
1429 1302 1588 1374 hujus
1615 1318 1804 1358 ascen-

215 1396 327 1450 suri
355 1403 512 1450 erant
537 1396 606 1451 ad
634 1395 824 1450 Deum.
859 1395 932 1449 Et
951 1395 1122 1467 gloria
1148 1396 1414 1449 unicornis
1439 1395 1572 1464 ejus.
1605 1395 1801 1452 Omnia

211 1490 351 1544 enim
389 1487 779 1545 daemoniorum
809 1503 976 1558 regna
999 1486 1258 1558 dejiciens
1284 1486 1552 1554 Christus,
1581 1489 1802 1544 unicum

211 1593 361 1634 suum
403 1595 632 1651 regnum
681 1589 938 1650 tanquam
984 1580 1100 1635 veri
1141 1579 1419 1635 unicornis
1457 1579 1705 1635 fundavit
1745 1581 1800 1636 in

209 1675 392 1745 gloria.
431 1675 616 1731 Cornu
641 1677 785 1732 enim
807 1691 950 1746 saepe
977 1690 1078 1746 pro
1104 1689 1274 1745 regno
1305 1675 1583 1731 docuimus
1627 1676 1802 1731 nomi-

208 1769 337 1822 nari.
379 1769 714 1824 Derorabunt
741 1780 915 1841 gentes
947 1771 1118 1823 hostes
1155 1767 1324 1834 illius,
1366 1785 1583 1840 ossaque
1619 1785 1799 1823 eorum

1903 560 1990 616 vel
2015 561 2288 616 diabolum
2316 562 2463 628 vicit,
2499 565 2584 619 vel
2597 579 2793 622 omnes
2824 568 3076 628 inimicos
3093 573 3246 644 ejus;
3278 584 3334 632 et
3357 591 3491 634 con-

1906 655 2230 712 tradicentes
2263 657 2364 712 sibi
2390 659 2553 714 etiam
2580 673 2724 714 nunc
2758 671 2977 731 superat
3000 669 3058 718 et
3083 665 3324 738 conﬁgit.
3369 668 3496 724 0m.

1904 747 1991 802 nis
2016 748 2162 803 enim
2184 750 2275 818 qui
2301 757 2509 822 peccat,
2542 752 2794 810 inimicus
2839 753 2958 824 ejus
2997 765 3083 812 est
3125 759 3250 814 dum
3278 770 3489 830 peccat.

1904 839 1962 896 Si
1998 849 2176 897 autem
2215 843 2399 899 audiat
2445 848 2607 902 verba
2651 849 2769 915 Dei,
2815 855 2872 906 et
2917 864 3220 920 agnoscens
3263 865 3494 925 peccata

1902 945 2016 996 sua,
2043 935 2345 1004 conligatur
2369 951 2435 992 ex
2463 938 2541 994 eis
2567 946 2620 994 et
2639 951 3062 1012 compungatur,
3095 953 3260 1016 atque
3287 947 3356 1002 ad
3382 961 3493 1017 pm-

1901 1021 2187 1078 nitentiam
2209 1035 2580 1093 convertatur,
2608 1029 2852 1086 veritatis
2877 1047 3130 1089 sermone
3153 1035 3490 1104 tenebratus,

1902 1113 2066 1167 etiam
2095 1115 2210 1184 ipse
2237 1116 2447 1172 dicetur
2470 1118 2666 1189 jaculis
2685 1106 2814 1190 ejus.
2829 1138 2950 1178 esse
2977 1125 3240 1182 conﬁxus.

1974 1205 2248 1263 Accubans
2291 1210 2485 1265 dormit
2535 1223 2596 1266 ut
2646 1212 2756 1277 leo,
2792 1224 2842 1269 et
2889 1219 3040 1286 quasi
3065 1255 3067 1258 ‹
3089 1219 3288 1288 letena,
3329 1239 3491 1294 quam

1901 1299 2156 1355 suscitare
2197 1300 2375 1355 nullus
2418 1304 2648 1358 audebit.
2707 1304 2798 1360 Vel
2826 1315 2900 1362 ut-
2923 1308 3242 1368 alia-editio
3285 1314 3492 1374 habet:

1900 1389 2222 1446 Recumbens
2248 1395 2494 1465 requievit
2525 1405 2581 1450 ut
2617 1395 2716 1464 leo,
2749 1407 2796 1452 et
2824 1409 2886 1454 ut
2915 1402 3121 1458 catulus
3151 1405 3348 1474 leonis;
3373 1411 3494 1482 quis

1901 1483 2146 1538 excitavit
2194 1486 2352 1538 eum?
2381 1487 2666 1556 Requievit
2690 1498 2752 1545 ut
2794 1491 2898 1559 leo,
2931 1509 3054 1550 cum
3095 1497 3150 1551 in
3188 1514 3350 1558 cruce
3395 1517 3494 1573 po-

1903 1573 2060 1641 situs,
2093 1578 2428 1648 principatus
2456 1589 2511 1635 et
2535 1591 2829 1651 potestates
2855 1588 3024 1654 exuit,
3051 1597 3106 1643 et
3135 1591 3494 1664 triumphavit

1901 1683 1996 1724 eas
2040 1670 2095 1724 in
2125 1671 2269 1742 ligno
2297 1673 2494 1728 crucis.
2546 1674 2618 1729 Ut
2661 1677 2868 1734 catulus
2916 1692 3096 1737 autem
3141 1683 3336 1753 leonis,
3365 1697 3490 1744 cum

1902 1772 2208 1832 resurgeret
2234 1779 2265 1818 a
2297 1779 2486 1821 somno
2531 1767 2739 1823 monis.
2793 1769 2948 1838 Quod
2997 1783 3178 1830 autem
3225 1777 3366 1833 leoni
3399 1781 3490 1835 'si-

207 1860 564 1932 confringent,
619 1871 665 1916 et
708 1863 1048 1933 perforabant
1098 1863 1324 1932 sagittis.
1379 1862 1573 1917 Hostes
1616 1870 1796 1917 autem

1903 1857 2120 1925 malque
2145 1857 2328 1913 lezente
2359 1860 2473 1913 sive
2496 1862 2681 1923 catulo
2708 1863 2880 1920 leonis
2910 1879 3278 1938 comparatur,
3309 1871 3492 1942 potest

205 1950 412 2006 Domini
453 1952 676 2019 Christi,
706 1954 900 2025 impios
937 1953 1151 2009 Iudaeos
1203 1954 1454 2026 appellat,
1505 1956 1572 2010 de
1603 1943 1822 2025 quibus.

204 2042 309 2112 ipsa
355 2044 574 2101 Veritas
615 2047 668 2100 in
715 2047 970 2117 parabola
1006 2048 1312 2120 evangelica
1345 2051 1412 2104 de
1446 2049 1665 2104 homine
1695 2066 1796 2105 no-

204 2135 308 2203 bili,
335 2139 430 2208 qm'
452 2139 582 2193 abiit
605 2141 660 2194 in
684 2143 943 2211 regionem
966 2140 1301 2214 longinquam
1321 2144 1555 2213 accipere
1579 2159 1795 2214 regnum

203 2227 291 2282 sibi
318 2238 368 2282 et
413 2231 623 2295 reverti,
647 2234 878 2288 narrans
910 2242 1318 2298 commemorat,
1365 2249 1489 2289 cum
1530 2233 1796 2292 subinfert

204 2317 419 2373 dicens:
458 2318 604 2374 Cives
631 2332 804 2376 autem
835 2323 950 2393 ejus
983 2324 1200 2379 oderant
1241 2323 1436 2378 illum:
1458 2335 1508 2379 et
1541 2325 1796 2381 miserunt

203 2407 510 2479 legationem
537 2419 652 2482 post
669 2413 821 2468 illum
842 2415 1067 2469 dicentes
1093 2429 1111 2468 .°
1136 2415 1398 2471 Nolumus
1420 2417 1558 2471 hunc
1577 2434 1796 2488 regnare

201 2517 350 2572 super
381 2517 482 2556 nos
521 2501 671 2573 (Luc.
713 2505 851 2571 nx).
907 2503 1108 2570 Con_tra
1147 2506 1246 2561 has
1284 2508 1427 2562 enim
1455 2516 1643 2579 gentes
1666 2523 1796 2563 con-

201 2593 400 2662 gregati
431 2602 702 2649 suntcum
733 2594 992 2651 Romanis
1018 2597 1435 2666 imperatoribus
1462 2597 1795 2670 Vespasiano

197 2691 252 2737 et
271 2683 413 2750 Tito,
447 2694 505 2740 ut
525 2685 897 2741 interﬁcerent
922 2701 1038 2754 eos,
1066 2689 1338 2760 roburque
1368 2689 1578 2760 imperii
1603 2705 1790 2746 eorum

199 2776 600 2850 confringentcs
623 2821 637 2846 ,
696 2781 1154 2848 comminuerent,
1203 2791 1364 2852 atque
1416 2783 1794 2839 instrumentis

199 2867 397 2924 bellicis
417 2869 725 2926 Jerusalem
755 2873 1096 2944 metr0polim
1120 2887 1307 2928 eorum
1337 2883 1648 2944 superatam
1669 2873 1792 2929 fun-

202 2955 339 3012 ditus
371 2965 698 3018 everterent
744 2972 1069 3035 gentemque
1114 2964 1374 3032 delerent,
1425 2966 1480 3020 in
1527 2965 1790 3023 ultionem

203 3049 506 3108 innocentis
541 3050 695 3108 effusi
738 3057 1015 3125 Sanguinis
1055 3057 1290 3112 Domini.
1339 3057 1564 3128 Mystice
1607 3067 1789 3114 autem

1901 1948 2078 2002 adhuc
2115 1949 2358 2021 intelligi,
2385 1951 2524 2006 utin
2552 1952 2706 2009 leone
2747 1956 2822 2010 illi
2867 1958 2957 2027 qui
2999 1961 3224 2030 perfecti
3255 1975 3398 2032 sunt,
3431 1961 3488 2022 ib

1899 2039 2067 2096 leaena
2105 2056 2341 2112 quoque,
2378 2043 2481 2100 hoc
2508 2053 2593 2100 est
2629 2046 2686 2101 in
2725 2047 2981 2106 inferiore
3008 2067 3165 2120 sexu,
3195 2056 3248 2110 hi
3281 2051 3489 2127 qui'iri-

1899 2129 2172 2188 ﬁrmiores
2213 2141 2338 2188 sunt
2384 2136 2693 2206 intellectu,
2731 2148 2894 2212 atque
2937 2145 3012 2199 illi
3042 2148 3134 2216 qui
3167 2149 3488 2220 insipientes

1897 2232 2028 2282 sunt
2061 2235 2118 2282 et
2155 2227 2335 2292 rudes,
2375 2229 2431 2283 in
2467 2231 2646 2287 catulo
2673 2233 2843 2290 leonis
2885 2239 3280 2308 exprimantur.
3331 2241 3487 2311 Quod

1895 2333 2026 2374 vero
2067 2320 2165 2385 ait,
2193 2337 2351 2390 quam
2403 2324 2659 2378 suscitare
2714 2325 2890 2382 nullus
2939 2330 3186 2397 audebit,
3216 2332 3488 2405 signiﬁcat

1899 2410 2105 2465 nullum
2131 2451 2145 2477 ,
2176 2425 2355 2481 neque
2395 2414 2666 2486 angelum,
2711 2432 2888 2490 neque
2937 2421 3234 2490 hominem,
3262 2439 3486 2480 carnem
3589 2437 3596 2448 '

1898 2499 2099 2558 Cliristi
2126 2518 2158 2557 a
2178 2505 2406 2562 mortuis
2458 2509 2784 2566 resuscitare
2824 2513 3141 2582 praevalere,
3171 2529 3335 2586 quam
3368 2507 3484 2573 sola

1897 2593 2153 2664 maiestas
2181 2597 2363 2652 divina
2393 2615 2424 2654 a
2453 2602 2682 2656 mortuis
2713 2605 3008 2660 revocavit.
3045 2605 3199 2662 Unde
3225 2607 3281 2662 in
3307 2607 3484 2663 Evan-

1896 2688 2036 2760 gelio
2063 2688 2324 2744 Dominus
2353 2690 2468 2745 ait:
2497 2691 2668 2746 Nemo
2693 2693 2828 2748 tollit
2849 2713 2882 2748 α
2905 2709 2989 2750 me
3016 2699 3249 2751 animam
3275 2713 3484 2765 meam;

1895 2779 1988 2835 sed
2026 2797 2119 2852 ego
2159 2797 2295 2851 pono
2339 2799 2475 2846 eam,
2508 2793 2556 2838 et
2603 2784 2794 2839 iterum
2843 2801 2991 2840 sumo
3040 2803 3156 2841 eam
3186 2788 3371 2859 (Joan.
3400 2787 3480 2862 χ).

1897 2868 1996 2928 Sin
2023 2879 2207 2926 autem
2255 2875 2549 2928 secundum
2600 2875 2762 2930 aliam
2809 2877 3101 2932 editionem
3150 2879 3479 2950 legerimus,

1895 2962 2020 3030 quis
2043 2963 2325 3019 suscitavit
2352 2965 2514 3019 eum?
2537 2965 2744 3022 Idcirco
2772 2968 2897 3037 quia
2924 2983 3071 3024 nunc
3097 2983 3128 3024 a
3153 2969 3314 3026 Patre
3339 2970 3481 3026 dici-

1893 3061 1984 3107 tur
2028 3055 2348 3121 suscitatus,
2379 3065 2434 3111 et
2467 3058 2632 3112 etiam
2675 3060 2791 3130 ipse
2817 3061 3075 3130 templum
3107 3064 3352 3134 corporis
3400 3063 3485 3118 sui

203 3154 398 3216 gentes,
426 3146 650 3201 eosdem
672 3147 858 3202 hostes
878 3149 1232 3216 devorabunt,
1261 3166 1382 3206 cum
1405 3152 1791 3224 prmdicatores
1830 3221 1861 3226 _
1891 3153 2018 3215 Ροεῑ
2041 3147 2282 3202 triduum
2311 3150 2574 3205 suseital'e
2599 3165 2660 3206 se
2685 3151 2819 3207 dicit
2845 3193 2860 3218 ,
2885 3155 3086 3210 merito
3111 3155 3168 3210 in
3196 3155 3300 3212 hoc
3325 3157 3483 3226 quasi

203 3240 364 3295 sancti
394 3255 465 3295 ex
491 3242 742 3312 gentibus
785 3243 963 3308 electi,
1005 3244 1268 3314 plurimos
1308 3221 1497 3302 eorum
1530 3247 1791 3318 praedica-

1903 3240 2300 3308 percunctantis
2328 3241 2644 3312 designatur
2670 3242 2917 3300 aﬂectus.

203 3333 342 3390 tione
377 3350 477 3389 sua
522 3335 588 3388 ad
629 3334 788 3391 ﬁdem
841 3337 1164 3394 catholicam
1202 3347 1543 3405 convertunt,
1591 3355 1792 3412 eosque

202 3440 293 3496 per
323 3428 592 3498 baptisma
633 3436 689 3483 et
730 3429 1002 3486 salubrem
1051 3431 1445 3489 confessionem
1490 3433 1548 3487 in
1579 3433 1792 3505 corpus

201 3514 398 3574 Christi
429 3517 784 3575 transferunt.
831 3518 968 3576 Ossa
1014 3507 1201 3577 eorum
1251 3523 1619 3595 confringunt,
1668 3541 1791 3580 cum

202 3611 549 3679 pertinaciam
579 3627 767 3667 eorum
813 3621 870 3668 et
909 3615 1213 3683 superbiam
1258 3615 1364 3684 piis
1407 3616 1788 3670 admonitioni-

200 3703 296 3757 bus
320 3702 624 3758 emolliunt.
675 3703 742 3758 Et
761 3703 1115 3772 perforabunt
1136 3705 1372 3776 sagittis,
1396 3721 1518 3760 cum
1545 3707 1790 3760 testimo-

201 3792 304 3848 niis
333 3793 530 3847 divinte
559 3794 694 3866 legis
721 3795 884 3849 corda
930 3810 1119 3850 eorum
1161 3805 1472 3866 penetrant,
1515 3805 1678 3868 atque
1725 3798 1795 3854 ad

196 3887 673 3956 compunctionem
702 3888 1033 3956 poenitentia;
1071 3891 1137 3944 de
1165 3891 1400 3960 peccatis
1438 3893 1552 3947 suis
1597 3905 1796 3963 provo-

195 3982 343 4029 cant.
383 3971 524 4029 Hinc
550 3983 604 4029 et
629 3977 923 4031 secundum
965 3978 1124 4033 aliam
1165 3981 1455 4036 editionem
1505 3983 1608 4037 iste
1646 3983 1796 4039 locus

198 4067 271 4120 ita
298 4067 502 4136 legitur
531 4086 544 4120 :
575 4067 729 4134 Edet,
754 4069 948 4139 inquit,
978 4081 1152 4140 gentes
1186 4072 1519 4127 inimicorum
1555 4091 1792 4142 suorum,

201 4167 246 4211 et
283 4155 688 4210 crassitudinem
728 4173 908 4211 eorum
952 4160 1306 4216 emedullabit.
1371 4162 1573 4220 Gentes
1609 4165 1798 4235 utique

205 4247 319 4306 illas
344 4263 484 4319 quas
511 4249 716 4304 inimici
749 4250 831 4305 sui
865 4252 1249 4321 possidebant,
1283 4255 1398 4325 ipse
1426 4257 1548 4312 edet
1579 4259 1796 4312 destru-

208 4349 288 4396 cta
307 4343 512 4396 virtute
532 4341 755 4408 inimici,
790 4349 844 4397 et
870 4343 1259 4400 crassitudines
1279 4357 1467 4400 eorum
1502 4345 1797 4402 emedulla-

1968 3329 2073 3397 Qui
2125 3331 2443 3386 benedia'erit
2494 3334 2587 3387 tibi
2641 3337 2739 3390 erit
2775 3337 2887 3407 ipse
2937 3336 3255 3405 benedictus,
3291 3347 3344 3394 et
3392 3339 3520 3411 qui"

1890 3422 2244 3490 maledixerit,
2273 3426 2327 3478 in
2359 3425 2727 3482 maledictione
2756 3429 3104 3499 reputabitur.”
3145 3428 3366 3486 Certum
3400 3439 3487 3487 est

1893 3517 2039 3586 quod
2087 3518 2472 3575 benedicentes
2518 3518 2740 3576 Christo
2763 3563 2778 3587 ,
2810 3521 3084 3577 benedicti
3134 3529 3296 3578 sunt:
3321 3529 3377 3578 et
3427 3537 3485 3579 In

1893 3609 2328 3663 communionem
2353 3621 2594 3680 paterna:
2625 3612 3021 3668 benedictionis
3049 3613 3334 3682 assumpti.
3379 3611 3486 3681 Qui

1895 3706 2076 3753 autem
2107 3699 2451 3765 maledicunt,
2489 3701 2764 3757 maledicti
2788 3711 2932 3756 sunt.
2964 3703 3022 3758 Si
3045 3705 3192 3758 enim
3222 3704 3287 3758 ad
3314 3719 3486 3774 popu-

1895 3790 2009 3846 lum
2041 3789 2206 3846 istum
2235 3790 2530 3860 respicias,
2573 3792 2666 3861 qui
2715 3792 2990 3848 maledicit
3035 3791 3274 3862 Christo,
3317 3795 3487 3850 etiam

1895 3884 2319 3958 lacrymabiliter
2344 3884 2617 3940 invenitur
2641 3901 2763 3941 esse
2799 3885 3137 3943 maledictus.
3171 3887 3310 3955 Quid
3337 3889 3486 3944 enim

1897 3977 2114 4032 evenire
2151 3975 2322 4046 possit
2351 3975 2496 4030 aliud
2540 3976 2626 4030 his
2667 3977 2759 4046 qui
2807 3975 3136 4032 maledicunt
3182 3978 3484 4049 sapientiae,

1897 4069 1990 4139 qui
2012 4069 2343 4124 maledicunt
2372 4067 2609 4133 veritati,
2633 4067 2726 4138 qui
2753 4067 3084 4123 maledicunt
3111 4069 3256 4136 vitae,
3289 4067 3396 4124 nisi
3424 4061 3488 4126 ut

1897 4161 1966 4217 ab
1993 4161 2078 4216 his
2102 4162 2352 4216 omnibus
2375 4160 2532 4216 bonis
2557 4169 2806 4216 extorres
2835 4169 2891 4214 et
2917 4161 3132 4216 exsules
3155 4161 3486 4231 jaceantur?

1898 4253 2024 4309 Haec
2070 4253 2213 4307 enim
2263 4252 2443 4306 omnia
2495 4251 2746 4307 Christus
2795 4260 2899 4306 est.
2953 4251 3024 4306 Et
3071 4252 3163 4322 qui
3211 4252 3490 4310 maledicit

1897 4343 2134 4408 Christo,
2165 4353 2427 4413 tanquam
2453 4344 2539 4398 bis
2567 4343 2818 4399 omnibus
2841 4341 3192 4409 maledicens,
3225 4352 3487 4414 perpetua

210 4433 301 4498 bit,
339 4449 463 4488 cum
494 4447 708 4488 omnem
751 4434 833 4489 eis
868 4449 1086 4490 sensum
1127 4451 1373 4492 crassum
1420 4447 1474 4492 et
1520 4439 1796 4494 carnalem
1896 4435 2246 4491 damnatione
2284 4433 2372 4489 vel
2395 4435 2776 4490 maledictione
2805 4433 3095 4488 damnatus
3129 4441 3232 4488 est.
3267 4434 3379 4504 Ego
3407 4443 3518 4489 ιιι--

213 4533 482 4591 extenuat,
521 4532 575 4579 et
619 4529 885 4581 convertit
922 4530 988 4583 ad
1021 4529 1432 4601 intelligentiam
1473 4532 1792 4602 spiritalem.

1903 4541 2024 4581 men
2051 4536 2207 4597 puto,
2235 4527 2381 4596 quod
2412 4541 2520 4581 non
2555 4525 2729 4580 solum
2771 4523 2862 4578 ille
2911 4521 3204 4578 maledicat
3245 4521 3520 4616 Christo,3

212 4616 354 4684 Quod
381 4588 562 4671 autem
591 4619 894 4672 crassitudo
920 4588 1246 4688 culpabitur,
1284 4622 1339 4675 in
1373 4588 1670 4691 Scripturis
1697 4623 1797 4678 ha-
1820 4588 1874 4648 D
1900 4618 1992 4688 qui
2040 4631 2348 4672 sermonem
2375 4617 2662 4708 adversum
2706 4629 2831 4708 cum
2881 4613 3229 4708 maledictum
3256 4601 3521 4708 profert,:

213 4707 410 4776 bratur,
463 4708 666 4766 indicio
712 4709 816 4764 erit
865 4709 1015 4776 illud,
1062 4711 1207 4780 quod
1246 4715 1507 4783 scriptum
1552 4723 1637 4770 est
1663 4731 1675 4769 :
1701 4713 1798 4769 In.
1902 4708 1996 4762 sed
2023 4716 2078 4762 et
2117 4707 2206 4762 ille
2229 4707 2324 4776 qui
2369 4707 2470 4761 sub
2511 4706 2732 4760 nomine
2773 4703 3082 4760 Christiano
3123 4706 3268 4761 male
3295 4708 3408 4780 agit
3436 4703 3516 4764 et:

213 4810 499 4856 crassatum
543 4811 616 4855 est
667 4817 756 4855 cor
792 4801 970 4872 populi
1008 4802 1121 4872 ejus
1164 4802 1298 4875 (Isa.
1345 4803 1444 4876 vr).
1504 4803 1572 4860 Et
1620 4807 1795 4863 alibi:

218 4889 442 4948 Satiatus
475 4901 626 4948 estet
648 4895 972 4948 incrassatus
1000 4904 1092 4959 est,
1125 4905 1172 4949 et
1197 4897 1542 4951 recalcitravit
1578 4897 1800 4954 dilectus

218 4980 384 5052 (Deut.
408 4984 607 5055 xxx").
670 4983 806 5040 Edet
828 4997 956 5056 ergo
979 4993 1187 5056 gentes,
1227 4996 1281 5042 et
1305 4987 1486 5044 cibum
1515 4989 1680 5047 habet
1707 5005 1801 5048 eos

218 5075 300 5141 qui
329 5076 558 5130 credunt
590 5076 645 5130 in
675 5089 798 5130 cum
825 5093 842 5130 :
866 5077 1005 5130 sicut
1025 5078 1214 5147 ctipse
1237 5079 1367 5134 dicit
1387 5081 1440 5134 in
1465 5080 1794 5153 Evangelia:

224 5161 360 5220 Meus
383 5177 456 5221 est
483 5167 630 5221 cibus
662 5176 720 5220 ut
748 5166 942 5236 faciam
973 5166 1289 5222 voluntatem
1331 5169 1510 5224 Patris
1545 5175 1670 5240 mei,
1711 5176 1801 5245 qui

221 5257 350 5312 misit
370 5275 449 5314 me
475 5258 660 5330 (Joan.
689 5260 787 5332 tv).
828 5259 994 5329 Cujus
1025 5262 1212 5333 utique
1242 5262 1489 5318 voluntas
1509 5266 1626 5319 hac
1657 5276 1798 5334 erat,

222 5350 280 5397 ut
322 5357 506 5416 gentes
548 5357 996 5406 converterentur
1031 5353 1101 5407 ad
1131 5352 1311 5408 ﬁdem.
1367 5353 1522 5421 Quod
1549 5356 1593 5409 si
1621 5364 1683 5409 ut
1715 5371 1804 5412 su-

224 5439 394 5507 perius
437 5443 754 5510 docuimus,
800 5446 1104 5501 crassitudo
1142 5446 1422 5519 culpabilis
1466 5447 1727 5516 habetur,
1772 5466 1805 5507 e

227 5534 780 5591 contrariosubtilltas
809 5528 1216 5594 laudabilis‘eSt
1259 5539 1528 5606 habenda,
1576 5541 1700 5610 quia
1750 5551 1808 5598 et

229 5617 452 5692 Spiritus
477 5628 774 5698 sapientiae,
803 5629 893 5699 qui
915 5629 1265 5701 intelligibilis
1287 5639 1344 5687 et
1369 5639 1588 5688 sanctus
1611 5641 1669 5688 et
1685 5634 1806 5689 uni-

232 5720 433 5781 genitus
449 5717 508 5774 'et
534 5720 810 5792 multiplex
839 5721 1057 5788 dicitur,
1082 5723 1333 5780 similiter
1357 5733 1412 5780 et
1439 5726 1655 5783 subtilis
1681 5742 1805 5783 esse

234 5803 554 5865 perhibetur.
593 5808 661 5864 Et
697 5807 890 5880 jaculis
915 5815 1040 5868 suis
1075 5816 1342 5886 sagittabit
1375 5817 1667 5876 inimicum.
1715 5819 1808 5877 Ja-

1903 4798 2132 4868 turpiter
2174 4805 2550 4864 conversatur,
2579 4797 2665 4852 vel
2695 4796 3018 4863 inhonestis,
3050 4798 3138 4853 vel
3165 4799 3368 4868 verbis,
3403 4801 3490 4857 vel

1905 4891 2209 4946 actionibus
2235 4891 2368 4958 suis,
2411 4889 2542 4946 facit
2571 4907 2766 4948 nomen
2797 4893 2912 4963 ejus
2937 4896 3304 4968 blasphemari
3347 4899 3494 4954 inter

1905 4991 2112 5056 gentes.
2133 4984 2244 5052 Sic,
2267 5000 2298 5040 e
2320 4985 2614 5052 contrario,
2632 4997 2748 5041 non'
2766 4986 2854 5042 ille
2880 4988 2971 5058 qui
2994 4991 3336 5047 sermonibus
3359 4991 3492 5047 solis

1904 5077 2190 5132 Dominum
2238 5076 2538 5142 benedicit,
2573 5077 2688 5148 ipse
2715 5079 3037 5138 benedicere
3079 5079 3354 5154 putandus
3383 5081 3512 5150 c'st,’

1905 5167 2000 5223 sed
2027 5170 2119 5239 qui
2149 5170 2359 5224 actibus
2383 5177 2438 5223 et
2459 5169 2571 5223 vita
2591 5177 2646 5223 et
2665 5171 2905 5227 moribus
2927 5173 3042 5228 suis
3071 5173 3204 5228 facit
3227 5171 3493 5227 ab‘omni—

1904 5261 2008 5316 bus
2037 5275 2234 5314 nomen
2267 5261 2481 5316 Domini
2507 5261 2770 5319 benedici.
2805 5265 2874 5320 Et
2901 5266 2954 5321 in
2985 5266 3106 5321 istis
3133 5263 3494 5335 complebitur

1907 5353 2051 5424 quod
2081 5353 2241 5408 tertia
2268 5355 2550 5424 prophetia
2581 5355 2799 5412 Balaam
2831 5358 3097 5429 designat,
3123 5355 3249 5426 quia
3272 5355 3495 5414 benedi-

1909 5455 2093 5500 centes
2119 5444 2336 5501 Christo
2357 5446 2763 5516 benedicentur,
2785 5457 2844 5506 et
2866 5449 3252 5506 maledicentes
3275 5451 3349 5518 ei,
3377 5465 3496 5508 ma-

1907 5537 2091 5594 ledicti
2118 5547 2297 5595 erunt.
2327 5539 2559 5613 PrOpter
2583 5545 2727 5613 quod
2747 5541 3072 5598 omnimodis
3093 5557 3400 5614 caveamus,
3426 5563 3496 5605 ne

1908 5645 2008 5702 per
2031 5645 2197 5701 opera
2228 5639 2282 5688 et
2313 5641 2466 5690 actus
2494 5644 2710 5692 nostros
2751 5631 2956 5688 Christi
2997 5647 3196 5690 nomen
3246 5635 3495 5708 blasphe-

1910 5732 2110 5790 metur,
2137 5726 2230 5781 sed
2279 5727 2453 5798 magis
2503 5727 2558 5782 id
2609 5739 2854 5796 agamus,
2898 5722 2984 5781 vel
3023 5721 3494 5788 benedictionibus

1910 5819 2028 5889 eius
2050 5822 2339 5891 participes
2361 5835 2481 5878 esse
2509 5835 2839 5877 mereamur.
3297 5821 3302 5828 ’
3385 5815 3388 5820 ’
