3890 6340
436 327 547 387 ’1υῦ

1092 326 1154 383 Β.
1195 324 1451 385 MBAN]
1487 324 1712 385 MAI)!“
1746 322 2064 383 ARCHIEP.
2107 323 2418 385 IOGUN'I'.
2453 321 2739 383 OPERUI
2777 322 2961 381 PARS
2995 322 3038 380 l.

3594 326 3691 393 ἠδ

508 445 791 516 Iratusque
811 441 1041 498 Balaam
1065 453 1251 498 contra
1269 442 1460 510 Belus,
1485 441 1762 513 complosis
1783 440 2025 497 manibus
2052 440 2106 505 Α
2127 448 2214 498 est
2249 438 2535 497 consilium
2557 437 2656 496 Dei
2684 437 2907 495 enuntio
2948 434 3047 493 tibi
3084 442 3143 494 et
3166 436 3474 495 manifesto.
3507 439 3687 515 Καινί-

436 538 509 591 ait
534 552 554 591 :
579 535 661 590 Ad
690 533 1113 591 maledicendum
1157 535 1390 590 inimicis
1424 535 1555 590 meis
1580 534 1755 590 uocaui
1784 541 1876 589 te:
1901 532 2023 603 qui-

437 630 555 695 bus,
580 642 608 681 e
635 626 904 683 contrario
922 664 941 695 ,
969 626 1123 682 tertio
1167 626 1499 703 benedixisti.
1526 625 1798 682 Revertere
1834 623 1904 679 ad
1943 623 2027 680 lo-

435 739 559 777 cum
601 730 771 777 tuum.
810 719 1156 776 Decreveram
1194 718 1406 791 quidem
1450 718 1725 791 magniﬁce
1765 719 2027 774 honorare

435 823 507 883 ts,
529 816 620 872 sed
663 814 925 871 Dominus
952 813 1177 886 privavit
1209 821 1261 869 te
1296 813 1494 868 honore
1518 812 1792 883 disposito.
1824 808 2025 868 Osten-

438 909 585 965 ditur
632 908 689 965 in
740 908 859 974 his,
911 907 1040 979 quia
1089 915 1145 964 et
1185 905 1350 962 Baiae
1396 906 1714 976 intelligerit
1756 921 1869 962 non
1906 902 2026 974 jam

436 1002 744 1057 daemonum
774 1002 1081 1059 ministerio
1105 1000 1280 1071 decipi
1311 999 1555 1067 Balaam,
1579 1001 1673 1057 sed
1701 999 1797 1056 Dei
1824 999 2026 1056 virtute

436 1098 505 1153 ad
534 1098 757 1153 meliora
781 1098 1067 1155 transferri
1090 1113 1106 1153 :
1129 1106 1181 1154 et
1210 1100 1331 1155 ideo
1350 1099 1504 1165 dicit,
1521 1098 1781 1154 Dominus
1803 1099 2025 1169 privavit

439 1196 491 1242 te
522 1187 741 1243 honore.
792 1186 898 1243 Sed
944 1189 1060 1245 haec
1103 1203 1227 1259 quae
1264 1189 1422 1258 plana
1467 1197 1595 1246 sunt
1642 1196 2021 1245 transcurren-

440 1286 545 1344 tes,
570 1280 639 1334 ad
686 1280 968 1351 sequentia
1000 1282 1304 1337 veniamus.
1353 1280 1652 1351 Respondit
1694 1281 1917 1337 Balaam
1956 1282 2027 1337 ad

435 1369 600 1428 Balac
647 1391 663 1427 :
714 1372 931 1429 Nuntiis
971 1376 1079 1429 tuis
1119 1392 1249 1445 quos
1294 1376 1484 1430 misisti
1524 1376 1593 1430 ad
1633 1392 1714 1430 me
1762 1375 1875 1429 dixi
1908 1391 1927 1430 .°
1965 1373 2025 1429 Si

436 1466 637 1521 dederit
664 1466 792 1521 mihi
831 1466 997 1522 Balac
1042 1468 1250 1539 plenam
1299 1468 1513 1522 domum
1556 1484 1709 1522 suam
1735 1468 1938 1537 argenti
1978 1475 2027 1522 et

436 1557 577 1624 auri,
604 1574 710 1614 non
747 1568 927 1630 potero
957 1560 1227 1631 prseterire
1261 1577 1550 1615 sermonem
1578 1559 1677 1614 Dei
1700 1561 1823 1627 mei,
1855 1568 1911 1614 ut
1948 1558 2026 1615 vel

434 1650 555 1705 boni
612 1652 741 1724 quid
793 1651 874 1706 vel
926 1652 1053 1707 mali
1109 1653 1376 1723 proferam
1425 1670 1493 1709 ex
1548 1652 1704 1710 corde
1748 1669 1865 1707 meo
1890 1667 1909 1709 :
1933 1653 2025 1708 sed

433 1742 689 1814 quidquid
724 1742 982 1799 Dominus
1036 1744 1252 1810 dixerit,
1290 1746 1388 1801 hoe
1436 1744 1645 1815 loquar.
1691 1744 1881 1802 Sciens
1923 1745 2025 1800 Ba-

2130 533 2271 589 renti
2315 546 2448 589 sane
2488 531 2647 599 mihi,
2669 529 2845 586 sicubi
2870 529 3012 586 forte
3060 529 3118 586 in
3166 528 3467 603 Scripturis
3514 534 3689 597 div'mis

2127 625 2228 681 sub
2250 626 2353 683 hoc
2381 640 2634 683 sermone
2663 623 2839 682 simile
2859 623 3065 694 aliquid
3090 623 3295 680 dictum
3318 625 3495 694 possit
3518 640 3688 688 om.

2127 730 2269 785 rore,
2301 717 2476 774 visum
2518 724 2603 773 est
2630 716 2795 795 etiam
2841 715 2977 773 illud
3023 715 3273 775 similiter
3320 719 3687 782 advertendtua

2126 810 2271 878 quod
2310 809 2601 883 Apostolus
2635 810 2714 867 ait
2738 829 2753 865 ;
2779 809 2915 880 Quis
2938 810 3077 865 enim
3103 811 3338 883 cognovit
3365 829 3574 871 uncum
3598 815 3689 872 Do-

2125 902 2277 967 mini,
2298 912 2391 958 aut
2431 902 2547 973 quis
2593 900 2925 959 consiliarius
2958 902 3073 973 ejus
3118 903 3259 972 fuit?
3285 902 3468 977 (Rom.
3493 907 3573 978 ιι.)
3604 908 3687 967 llic

2126 992 2273 1048 enim
2315 993 2462 1065 quis,
2488 1010 2595 1051 non
2622 1011 2723 1066 pro
2749 995 2918 1063 nullo,
2950 997 3045 1053 sed
3089 1011 3190 1066 pro
3231 1013 3361 1059 raro
3402 998 3493 1055 vel
3517 1002 3687 1060 eximio

2125 1088 2376 1144 habetur.
2428 1089 2709 1158 Quomodo
2747 1089 2896 1149 enim
2932 1092 3187 1163 cognovit
3233 1108 3457 1151 sensum
3505 1094 3685 1155 Domini

2125 1181 2438 1252 unigenitus
2457 1198 2606 1247 suus,
2636 1183 2766 1253 quid
2795 1184 2927 1239 dicit
2953 1200 2969 1237 ι
3001 1184 3174 1239 Nemo
3202 1186 3341 1240 novit
3371 1185 3584 1242 Patrem
3605 1189 3685 1244 nisi

2125 1273 2323 1342 Filius,
2348 1284 2397 1331 et
2421 1276 2507 1331 cui
2536 1275 2756 1333 soluerit
2784 1275 2961 1332 Filius
2990 1278 3252 1335 revelari?
3290 1279 3446 1352 (Luc.
3479 1281 3554 1352 ι.)
3573 1282 3686 1350 Quid

2126 1373 2215 1423 est
2237 1382 2367 1439 ergo
2395 1367 2541 1423 aliud
2568 1368 2710 1423 scire
2728 1367 2968 1436 Patrem,
2990 1370 3094 1424 nisi
3119 1369 3264 1427 scire
3282 1371 3569 1427 eortsilium
3591 1372 3686 1441 ejus

2127 1469 2184 1518 et
2218 1464 2476 1519 sensum?
2522 1461 2631 1519 Sed
2659 1471 2716 1519 et
2748 1462 2990 1534 Spiritus
3032 1473 3278 1532 sanctus,
3302 1466 3398 1536 qui
3443 1474 3686 1522 semtatur

2127 1557 2289 1615 etiam
2333 1558 2441 1617 alta
2485 1558 2602 1625 Del,
2631 1559 2761 1628 quid
2814 1558 2919 1615 nisi
2967 1573 3191 1617 sensum
3243 1556 3367 1627 eius
3420 1563 3683 1632 agnoscat?
3722 1583 3727 1587 -

2124 1651 2385 1723 Agnoscit
2411 1666 2541 1721 ergo
2564 1659 2621 1707 et
2656 1651 2829 1709 Filius
2870 1658 2927 1707 et
2960 1650 3200 1722 Spiritus
3241 1659 3473 1709 sanctus
3499 1668 3680 1711 sensum

2126 1742 2362 1809 Domini,
2388 1752 2443 1801 et
2481 1743 2539 1799 hi
2573 1742 2770 1813 quibus
2802 1741 3042 1798 voluerit
3064 1741 3237 1798 Filius
3264 1741 3532 1799 revelare.
3558 1742 3682 1810 Quod

431 1832 578 1889 laam
615 1834 759 1904 quod
797 1850 907 1890 non
952 1835 1057 1891 sibi
1092 1852 1189 1907 per
1212 1837 1492 1893 ministros
1535 1837 1726 1894 solitos
1766 1852 2024 1908 responsa
2052 1848 2103 1909 Β
2131 1835 2177 1891 si
2203 1836 2448 1907 agnoscit
2484 1835 2656 1891 Filius
2698 1848 2917 1891 sensum
2950 1832 3069 1899 Dei,
3098 1842 3185 1889 est
3222 1850 3354 1905 ergo
3387 1842 3447 1890 et
3470 1834 3680 1890 consilia-

433 1924 800 1992 delerrentur,
831 1927 926 1983 sed
968 1926 1038 1981 ab
1074 1942 1142 1982 eo
1183 1928 1275 1999 qui
1327 1928 1552 1985 haberet
1596 1930 1837 1987 omnium
1865 1939 2020 2000 pote-

429 2024 666 2083 statem,
700 2026 851 2075 recte
901 2019 1117 2075 videtur
1162 2029 1519 2092 protestatus,
1547 2037 1657 2079 non
1696 2039 1856 2096 posse
1902 2036 2023 2078 ver-

426 2108 557 2163 bum
604 2108 821 2165 Domini
870 2112 1207 2183 transgredi,
1256 2120 1311 2168 et
1356 2112 1537 2171 facere
1578 2113 1715 2193 illud
1767 2114 2024 2185 pusillum

424 2207 481 2253 et
526 2216 784 2271 magnum
828 2203 971 2274 apud
1019 2204 1392 2275 semetipsum.
1439 2205 1560 2262 Non
1605 2206 1754 2262 enim
1799 2206 1890 2262 ille
1935 2207 2018 2263 lo-

426 2293 699 2361 quebatur
738 2294 827 2360 ei,
874 2295 967 2366 qui
1012 2306 1199 2366 posset
1255 2298 1541 2356 sacriﬁciis
1591 2306 1647 2355 et
1702 2299 2023 2355 muneriius

424 2384 765 2454 permutari;
793 2385 890 2442 sed
936 2386 1027 2443 ille
1067 2398 1206 2455 erat,
1230 2390 1374 2461 apud
1413 2405 1574 2461 quem
1616 2406 1728 2447 non
1766 2396 1853 2447 est
1879 2404 2023 2447 com-

424 2476 687 2543 mutatio,
735 2492 837 2534 nec
877 2483 1322 2539 eommutationis
1365 2484 1583 2541 umbra.
1636 2483 1709 2541 Et
1752 2483 1881 2541 inde
1910 2490 2020 2542 non

422 2566 604 2640 potest
656 2573 909 2629 sacerdos
952 2576 1157 2633 mutari
1209 2578 1463 2635 mercede
1484 2620 1499 2645 ,
1551 2579 1645 2636 ubi
1697 2579 1841 2636 Deus
1895 2595 2019 2636 mu-

422 2662 648 2720 neribus
692 2680 800 2720 non
827 2673 1098 2723 movetur.
1148 2668 1499 2727 Discessurus
1545 2677 1726 2728 tamen
1766 2670 2013 2739 Balaam,

422 2751 615 2826 incipit
638 2754 838 2812 iterum
867 2759 1199 2829 prophetare
1221 2768 1278 2817 et
1304 2760 1472 2817 dicit:
1504 2760 1877 2819 Verumtamen
1907 2778 2021 2831 per-

420 2861 547 2917 gens
591 2846 661 2901 ad
708 2846 962 2919 populum
1006 2865 1204 2917 meum,
1249 2850 1386 2907 dabo
1431 2852 1730 2920 consilium,
1762 2853 1889 2925 quid
1923 2871 2017 2925 po-

419 2938 581 3009 pulus
605 2948 730 2995 tuus
762 2940 926 3011 faciat
946 2942 1071 2997 huic
1090 2944 1286 3014 populo
1326 2953 1560 3001 extremo
1583 2955 1830 3017 tenipore.
1864 2945 2021 3013 Quod

412 3026 570 3099 juxta
616 3030 779 3089 aliam
830 3033 1126 3091 editionem
1162 3035 1239 3091 ita
1282 3035 1518 3108 legitur:
1554 3035 1709 3102 Veni,
1740 3037 2021 3095 consilium

419 3119 489 3176 do
502 3120 617 3187 tibi,
633 3122 760 3195 quid
785 3123 948 3193 faciat
962 3124 1186 3196 populus
1207 3126 1293 3183 hic
1310 3127 1505 3199 populo
1518 3129 1701 3194 tuo,in
1720 3130 2017 3185 novissimis

2130 1927 2244 1983 rius
2284 1925 2426 1997 eius,
2451 1942 2558 1983 non
2598 1926 2674 1983 ita
2713 1925 3087 1997 accipiendum
3112 1933 3230 1993 est,
3259 1925 3421 1997 quasi
3455 1925 3679 1998 ignoranti

2125 2018 2175 2074 ei
2205 2018 2335 2090 quid
2381 2027 2529 2089 agat,
2557 2018 2846 2077 consilium
2887 2019 2980 2075 det
3007 2018 3197 2084 Filius,
3224 2026 3280 2073 et
3326 2016 3561 2089 Spiritus
3581 2033 3682 2073 san-

2124 2119 2267 2168 ctus.
2323 2110 2498 2167 Simili
2546 2127 2678 2183 ergo
2723 2111 2884 2167 modo
2933 2118 2988 2169 et
3026 2110 3274 2177 Balaam,
3306 2110 3441 2181 quia
3486 2110 3678 2175 camilli,

2124 2202 2269 2275 quod
2315 2202 2365 2258 ei
2410 2202 2749 2259 revelaverat
2795 2202 2960 2268 Deus,
3005 2202 3334 2273 participem
3384 2201 3599 2259 faciebat
3633 2208 3680 2255 et

2124 2310 2353 2368 gnarum
2386 2294 2570 2361 Balac,
2599 2294 2713 2350 ait:
2748 2292 2904 2361 Veni,
2925 2294 3205 2349 consilium
3231 2294 3328 2349 tibi
3354 2293 3443 2349 do.

2193 2385 2343 2443 Dixit
2368 2384 2599 2441 Balaam
2624 2384 2769 2456 ﬁlius
2796 2383 2975 2441 Beor:
2999 2382 3146 2441 Dixit
3186 2382 3347 2441 homo
3376 2383 3517 2454 cuius
3546 2380 3678 2435 obtu-

2122 2486 2272 2534 ratus
2310 2487 2387 2539 est
2415 2475 2635 2545 oculus;
2666 2476 2803 2535 dixit
2848 2475 3066 2531 auditor
3112 2491 3421 2531 sermonum
3450 2471 3680 2541 Πάξρό

2121 2572 2262 2626 novit
2308 2571 2605 2626 doctrinam
2658 2568 2938 2637 Altissimi,
2983 2577 3033 2623 et
3078 2567 3333 2624 uisionem
3385 2564 3679 2636 Omnipoten-

2124 2666 2193 2719 εὐ
2240 2662 2379 2718 uidet
2400 2680 2419 2728 ;
2450 2664 2541 2732 qui
2574 2662 2769 2717 cadens
2810 2671 3021 2733 apertos
3060 2660 3214 2717 habet
3257 2660 3463 2717 oculos.
3520 2654 3681 2712 Videbo

2122 2772 2262 2823 eum,
2293 2755 2385 2812 sed
2432 2772 2536 2813 non
2568 2755 2758 2823 modo;
2786 2755 3030 2811 intuebor
3064 2754 3219 2811 illum
3240 2794 3257 2821 ,
3284 2754 3378 2810 sed
3411 2771 3511 2810 non
3529 2766 3679 2824 prope.

2122 2847 2406 2916 Qui)me
2430 2847 2653 2920 dignum
2695 2848 2802 2905 erit
2845 2854 3057 2907 tantum
3088 2847 3235 2907 istud
3258 2846 3487 2918 intelligi
3515 2845 3573 2901 de
3593 2841 3682 2899 Ba-

2121 2939 2265 2997 laam
2300 2946 2362 2997 ut
2409 2940 2548 2997 sciat
2594 2940 2883 2999 scientiam
2918 2939 3154 3006 Emeisi,
3201 2939 3296 3010 qui
3343 2940 3507 2996 etiam
3546 2935 3681 2992 Baiae

2122 3048 2305 3104 regem
2356 3033 2639 3099 detulerit,
2670 3033 2943 3104 quoniodo
2984 3032 3306 3090 scandalum
3343 3030 3574 3087 mitteret
3607 3042 3683 3084 co-

2121 3139 2242 3181 ram
2271 3124 2395 3182 liliis
2442 3124 2642 3191 lsrael,
2667 3133 2729 3180 ut
2761 3124 3153 3183 manducarent
3189 3121 3472 3181 immolata
3509 3128 3559 3178 et
3587 3119 3683 3176 lor-

420 3212 640 3267 diebus?
674 3213 902 3285 Sumpta
950 3216 1119 3288 igitur
1158 3220 1445 3289 parabola,
1486 3235 1703 3277 rursum
1756 3221 1853 3278 ait.
1911 3221 2019 3279 Sed
2047 3212 2095 3280 C
2123 3216 2464 3273 nicarentur.
2505 3212 2611 3271 Vix
2652 3213 2799 3273 enim
2834 3213 2902 3270 de
2929 3221 3137 3271 sanctis
3161 3212 3445 3284 prophetis
3469 3220 3683 3281 amaro-

416 3305 739 3375 priusquam
765 3309 835 3363 ad
859 3310 1301 3378 explanationem
1340 3328 1531 3369 eorum
1574 3328 1697 3383 quae
1739 3317 2020 3386 prophetae

419 3404 551 3452 sunt
572 3396 880 3465 veniamus,
905 3400 1072 3456 velim
1106 3403 1385 3472 requirere
1416 3406 1539 3473 quis
1565 3406 1668 3462 iste
1690 3421 1888 3464 sensus
1911 3416 2019 3477 est,

419 3486 507 3541 vel
534 3487 658 3558 quis
686 3488 822 3545 ordo
846 3491 1160 3559 verborum,
1194 3494 1338 3563 quod
1364 3494 1478 3552 sit:
1507 3493 1635 3551 Veni
1663 3505 1713 3554 et
1742 3498 2021 3556 comitium

417 3579 488 3637 do
512 3580 625 3635 tibi.
653 3581 723 3637 Et
741 3584 953 3641 consilii
976 3586 1195 3656 quidem
1220 3587 1357 3647 nihil
1380 3590 1511 3647 dare
1532 3591 1767 3658 videtur,
1789 3594 1885 3649 sed
1908 3594 2016 3650 ait:

420 3668 579 3737 Quod
603 3671 845 3740 facturus
860 3674 933 3731 sit
957 3676 1184 3748 populus
1208 3678 1293 3734 hic
1312 3680 1505 3751 popqu
1532 3689 1625 3739 tuo
1649 3683 1705 3739 in
1725 3685 2021 3742 novissimis

423 3762 642 3830 diebus;
669 3771 728 3820 et
759 3774 909 3823 esset
951 3768 1141 3839 utique
1177 3773 1599 3842 consequentia,
1632 3782 1693 3831 ut
1738 3775 2022 3833 videretur

423 3854 645 3915 Balaam
669 3860 998 3930 prophetare
1014 3862 1083 3919 de
1106 3862 1195 3919 bis
1208 3879 1328 3934 quae
1346 3865 1576 3935 populus
1595 3866 1764 3923 Israel
1779 3866 2023 3925 facturus

423 3959 569 4004 esset
590 3949 788 4020 populo
814 3951 999 4019 Baiae,
1032 3953 1119 4008 vel
1139 3955 1354 4015 eiciaris
1383 3956 1671 4026 gentibus;
1698 3965 1756 4014 et
1785 3959 1929 4027 quod
1964 3959 2021 4017 in

419 4038 625 4096 virtute
649 4040 831 4106 faciet,
852 4043 929 4098 ita
949 4052 1011 4100 ut
1034 4059 1145 4100 non
1165 4045 1512 4117 derelinquat
1531 4063 1599 4105 ex
1621 4049 1849 4108 urbibus
1863 4048 2025 4109 Moab

417 4129 590 4186 ullum
618 4133 711 4201 qui
750 4133 935 4189 salvus
975 4134 1090 4190 ﬂat.
1125 4134 1233 4192 Sed
1263 4146 1319 4194 et
1341 4139 1628 4208 prophetia
1672 4141 2024 4203 nihilominus

420 4235 585 4291 quam
610 4220 678 4277 de
709 4222 928 4277 Christo
955 4222 1238 4296 coniungit
1274 4228 1331 4283 in
1360 4233 1822 4301 consequentibus
1851 4243 1908 4290 et
1946 4235 2026 4293 di-

421 4312 525 4368 cit:
544 4311 761 4369 Orietur
779 4313 935 4385 stella
954 4330 1020 4370 ea
1035 4313 1073 4369 J
1076 4317 1224 4383 acab,
1238 4328 1287 4373 et
1308 4330 1550 4391 exsurget
1570 4322 1727 4381 homo
1746 4325 1811 4380 de
1828 4325 2022 4393 Israel,

420 4412 473 4461 et
512 4404 735 4461 vastabit
777 4421 956 4463 omnes
991 4408 1255 4480 principes
1298 4409 1487 4478 Moab,
1516 4416 1904 4491 convenienter
1926 4434 2027 4490 ρο·-

418 4494 527 4553 sita
552 4496 791 4565 videtur,
813 4497 861 4554 si
893 4499 1159 4571 scriptum
1180 4507 1331 4559 esset
1354 4520 1367 4558 :
1400 4501 1530 4559 Veni
1553 4514 1602 4566 et
1631 4508 1881 4577 propheto
1905 4510 2019 4567 tibi.

2124 3306 2280 3365 stolis
2303 3306 2550 3365 inveniet
2573 3305 2772 3379 aliquis
2811 3305 3041 3372 dictum,
3069 3305 3198 3377 quia
3229 3306 3511 3362 scientiam
3537 3304 3690 3362 sciant

2121 3397 2652 3473 Excelsizquamvis
2698 3398 2898 3457 Paulus
2922 3398 3159 3470 dixerit,
3207 3398 3420 3457 audisse
3462 3416 3518 3455 se
3556 3396 3689 3455 seris

2122 3489 2524 3558 inenarrabilia,
2565 3508 2684 3564 qua:
2722 3508 2827 3548 non
2868 3492 2988 3547 licet
3027 3491 3232 3547 honuni
3276 3491 3417 3561 loqui
3454 3488 3538 3563 (II
3580 3485 3690 3546 Cor.

2123 3583 2256 3655 xu);
2286 3592 2466 3639 tamen
2496 3599 2603 3641 non
2628 3591 2713 3641 est
2746 3582 3027 3656 professus
3060 3583 3263 3641 habere
3289 3581 3565 3640 scientiam
3595 3579 3695 3635 Ει-

2126 3676 2278 3734 celsi.
2316 3676 2543 3749 Propter
2569 3679 2714 3749 quod
2753 3677 3065 3750 diligentius
3100 3676 3445 3737 intendamus,
3472 3673 3523 3729 si
3551 3671 3699 3729 forte

2124 3768 2347 3839 dignum
2369 3769 2572 3839 aliquid
2602 3770 2745 3825 Deus
2774 3768 2937 3825 nobis
2957 3783 3119 3838 super
3140 3767 3237 3821 hoc
3263 3776 3515 3819 sermone
3536 3776 3697 3819 reve-

2124 3860 2241 3919 lare
2280 3862 2546 3933 dignetur.
2585 3861 2645 3917 ln
2686 3860 2826 3917 libro
2869 3860 2962 3930 qui
3006 3858 3148 3933 apud
3181 3871 3279 3912 nos
3303 3852 3524 3927 quidem
3562 3853 3699 3910 inter

2126 3953 2433 4011 Salomonis
2470 3954 2746 4011 volumina
2794 3955 2982 4010 haberi
3027 3953 3194 4020 solet,
3224 3959 3281 4007 et
3299 3948 3696 4007 Eeclesiasticus

2126 4046 2256 4112 dici,
2283 4048 2424 4118 apud
2465 4045 2685 4105 Graecos
2727 4060 2859 4102 vero
2905 4043 3187 4114 Sapientia
3221 4040 3351 4098 Iesu
3387 4040 3485 4096 ﬁlii
3515 4035 3689 4095 Sindi

2126 4138 2425 4209 appellatur
2441 4174 2457 4204 ,
2485 4139 2751 4208 scriptum
2783 4144 2866 4193 est
2890 4151 2907 4191 :
2933 4135 3123 4191 Omnis
3149 4133 3411 4205 sapietuia
3440 4150 3474 4186 α
3499 4130 3602 4187 Deo
3624 4137 3694 4185 est

2128 4227 2354 4301 (Eccles.
2381 4227 2442 4300 ι).
2476 4227 2631 4297 Quod
2672 4226 2907 4284 fortasse
2943 4240 3234 4298 possumus
3276 4224 3357 4279 ita
3399 4221 3699 4294 intelligere,

2126 4319 2283 4391 quasi
2315 4334 2349 4374 a
2377 4317 2489 4375 Deo
2517 4319 2589 4374 sit
2625 4327 2681 4375 et
2719 4317 2811 4374 illa
2858 4318 3124 4389 sapientia
3166 4315 3358 4372 mundi
3390 4313 3571 4384 huius,
3597 4325 3700 4382 qua

2127 4412 2450 4475 destruenda
2480 4412 2698 4479 dicitur,
2730 4423 2784 4468 et
2809 4411 3121 4483 principum
3150 4409 3342 4466 mundi
3371 4407 3565 4478 huius;
3589 4413 3639 4463 et
3658 4402 3698 4459 ﬁ

2127 4520 2234 4576 qua
2266 4504 2370 4560 alia
2400 4514 2503 4572 est,
2530 4521 2630 4576 per
2657 4520 2822 4577 quam
2849 4503 2985 4559 falsa
3013 4503 3241 4559 scientia
3263 4499 3697 4557 continendam:

418 4586 580 4644 Nunc
603 4596 786 4647 autem
807 4591 938 4661 quid
963 4592 1209 4651 dicemus
1229 4596 1296 4650 ad
1319 4594 1425 4652 hoc
1445 4597 1588 4667 quod
1609 4600 1872 4669 scriptum
1900 4609 2018 4657 est:
2051 4592 2103 4653 D
2128 4598 2232 4654 nisi
2260 4599 2314 4653 in
2346 4598 2463 4667 ipso
2485 4598 2668 4655 libello
2694 4599 2748 4653 in
2775 4593 3233 4666 consequentibus
3271 4593 3588 4657 diceretur;
3613 4602 3703 4645 nou

427 4678 584 4746 Veni,
600 4680 879 4739 consilium
900 4685 969 4745 do
998 4686 1113 4752 tibi,
1132 4686 1261 4758 quid
1286 4687 1446 4757 faciet
1470 4689 1693 4761 populus
1722 4691 1806 4748 hic
1829 4693 2022 4765 popqu

421 4773 555 4827 tuo?
605 4772 969 4843 Bequiramus
1015 4795 1167 4851 ergo,
1211 4782 1484 4852 quomodo
1531 4783 1759 4855 intelligi
1804 4785 2018 4855 debeat,

421 4864 569 4934 quod
608 4864 877 4936 scriptum
913 4878 1018 4934 est,
1050 4870 1332 4927 consilium
1366 4873 1459 4928 tibi
1499 4874 1587 4929 do.
1621 4874 1699 4930 De
1740 4891 1849 4947 quo
1878 4892 2022 4947 saepe

422 4957 569 5029 apud
594 4957 863 5029 meipsum
888 4962 1194 5030 requirens,
1223 4964 1430 5021 nullum
1459 4973 1592 5036 puto
1620 4966 1826 5023 exitum
1863 4967 2018 5027 inve-

420 5046 544 5102 nire
572 5048 875 5105 sententias.
911 5048 1017 5109 Sed
1046 5053 1152 5109 hoc
1189 5057 1331 5123 quod
1365 5056 1465 5122 ait,
1495 5056 1771 5113 consilium
1803 5058 1895 5113 tibi
1923 5060 2015 5125 do,

422 5137 697 5193 communi
728 5144 785 5194 et
810 5138 1016 5197 usitato
1039 5157 1192 5199 more
1217 5145 1421 5203 dictum
1449 5155 1722 5217 putemus.
1751 5147 1858 5205 Sed
1885 5149 2018 5206 illud

421 5226 600 5301 magis
638 5228 750 5284 vidi
785 5239 907 5287 esse
933 5233 1284 5296 conveniens,
1313 5237 1456 5306 quod
1487 5238 1588 5305 ait,
1618 5239 1895 5295 consilium
1923 5242 2016 5297 tibi

328 5394 343 5405 Ἡ
422 5315 515 5383 do,
540 5325 601 5373 ut
637 5317 716 5375 ita
761 5319 962 5379 dixisse
1002 5321 1379 5394 intelligatur:
1406 5327 1702 5386 Consilium
1747 5331 2013 5400 divinum,

345 5464 355 5501 ᾖ
422 5411 650 5482 quodin
675 5408 985 5472 novissimis
1005 5415 1201 5471 diebus
1220 5416 1552 5488 implendum
1577 5428 1683 5489 est,
1712 5438 1860 5481 nunc
1882 5426 2015 5482 mihi

421 5503 744 5571 revelatum,
773 5506 960 5577 aperio
1004 5507 1102 5564 tibi
1145 5515 1201 5564 et
1246 5509 1569 5578 manifesto,
1599 5520 1660 5565 ut
1698 5514 1841 5570 scias
1885 5517 2019 5586 quid

422 5593 656 5663 populus
685 5596 775 5651 hic
803 5595 968 5655 faciet
1008 5599 1208 5673 populo
1249 5608 1362 5658 tuo.
1408 5601 1474 5661 Et
1520 5602 1624 5660 hoc
1665 5605 1827 5661 modo
1869 5614 2018 5667 stare

342 5705 361 5769 ,ε
424 5684 560 5739 mihi
604 5687 783 5743 visum
819 5699 906 5747 est
948 5707 1106 5767 posse
1151 5694 1298 5767 quod
1336 5694 1451 5752 ait:
1484 5693 1774 5755 Consilium
1802 5701 1896 5763 tibi
1921 5702 2031 5769 do,‘

425 5777 556 5857 quid
617 5779 852 5847 facturus
908 5794 985 5839 est
1040 5788 1266 5861 populus
1328 5790 1414 5849 hic
1470 5792 1664 5866 populo
1727 5803 1848 5861 tuo,
1912 5796 2018 5859 hoc

2125 4695 2209 4744 est
2236 4688 2383 4746 enim
2414 4687 2679 4759 sapientia
2706 4686 2927 4742 malitia:
2963 4685 3270 4756 disciplina.
3302 4681 3422 4743 Per
3450 4683 3592 4756 quod
3619 4680 3704 4735 uti-

2126 4796 2233 4855 que
2280 4781 2460 4845 docet,
2495 4780 2621 4851 quia
2661 4780 2839 4837 omnis
2876 4779 3158 4850 disciplina
3199 4791 3327 4847 qua:
3369 4777 3500 4837 falsi
3516 4771 3705 4847 aliquid

2124 4872 2343 4939 asserit,
2375 4871 2543 4927 etiam
2567 4870 2614 4929 si
2644 4871 2940 4926 vehemens
2968 4870 3240 4935 videatur,
3269 4877 3335 4924 et
3360 4869 3489 4926 veri
3519 4866 3708 4930 similis,

2121 4974 2179 5021 et
2222 4980 2343 5035 qum
2388 4964 2633 5023 subverti
2670 4963 2885 5021 dilIicile
2929 4964 3119 5035 possit,
3159 4972 3350 5019 tamen
3385 4974 3710 5036 nequaquam

2121 5058 2427 5129 huiusmodi
2468 5058 2695 5118 scientia
2724 5057 2792 5112 ad
2817 5056 3099 5126 sapientim
3129 5054 3361 5111 titulttm
3400 5058 3599 5114 debeat
3628 5070 3715 5124 ar

2116 5150 2329 5222 plicari.
2351 5150 2491 5219 Quid
2508 5166 2637 5222 ergo
2656 5157 2741 5211 ost
2760 5148 2905 5219 quod
2928 5148 3006 5202 ait
3027 5165 3043 5202 :
3066 5145 3250 5205 Omnis
3271 5148 3601 5220 sapientiae
3622 5144 3714 5199 Des

2116 5242 2235 5295 est?
2256 5240 2426 5314 (Eccl.
2457 5240 2521 5313 ι.)
2551 5240 2685 5299 illud
2708 5239 2841 5297 mihi
2867 5239 3105 5299 sensisse
3131 5238 3387 5306 videtur,
3404 5241 3540 5311 quia
3560 5236 3721 5293 omnis

2116 5336 2347 5408 peritia,
2375 5351 2499 5406 quae
2527 5335 2613 5391 vel
2643 5350 2773 5407 erga
2821 5343 2997 5397 artem
3031 5334 3272 5406 aliquam
3316 5337 3460 5392 usui
3496 5338 3722 5393 humano

2119 5428 2427 5487 necessaria
2475 5427 2728 5495 habetur,
2757 5426 2844 5483 vel
2888 5427 3178 5499 cujuslibet
3210 5426 3293 5487 rei
3347 5430 3619 5496 scientia,
3646 5441 3726 5482 ss-

2118 5520 2323 5590 pientia
2372 5520 2586 5581 dicatur
2618 5535 2651 5579 a
2683 5520 2911 5577 Domino
2955 5519 3105 5576 data.
3147 5520 3408 5591 Denique
3451 5523 3601 5596 apud
3636 5518 3728 5576 iob

2119 5615 2380 5684 scriptum
2425 5622 2509 5670 est
2534 5630 2548 5670 :
2577 5613 2713 5681 Quis
2751 5613 2895 5669 dedit
2934 5612 3244 5671 mulieribus
3286 5619 3529 5677 tuendi
3569 5617 3730 5672 scien-

2117 5708 2270 5773 tiam,
2291 5716 2339 5762 et
2370 5709 2649 5769 varietates
2693 5706 3137 5779 disciplinarum?
3172 5705 3279 5763 Sed
3319 5716 3390 5769 et
3416 5709 3481 5766 in
3510 5706 3728 5769 Exodo:

2118 5799 2352 5863 Locutio
2400 5811 2517 5870 est,
2557 5802 2753 5875 inquit,
2802 5801 3061 5861 Dominus
3105 5799 3179 5859 ad
3225 5798 3474 5873 Hom
3516 5802 3732 5863 Iussu
