3890 6340
845 344 1379 409 MBA‘HONES
1413 344 1485 405 ιιι
1519 343 1730 402 ιιιιιιυ

1830 338 2281 407 manu.
2311 366 2384 385 -—
2414 338 2546 399 LIB.
2583 336 2665 397 Ἦ.

163 474 287 532 Em
323 467 509 529 scari
543 466 853 527 nominatim
886 462 1119 525 Beseleel
1155 465 1325 535 ﬁliuni
1351 463 1492 523 Buri
1517 462 1619 532 ﬁlii
1648 461 1727 518 Or
1750 466 1804 528 Α
1825 458 2510 533 posteaqaaltdictumest
2530 453 3069 527 inEvaugelio,qnia
3090 459 3417 526 prgam

163 562 372 625 ostri“
397 560 567 626 ludo,
590 566 642 615 st
661 557 857 630 nptm'
878 574 996 617 ειη-ι
1022 557 1227 629 Spiritu
1245 557 1440 623 dum,
1460 557 1730 628 sapientia

164 665 207 714 et
222 652 515 711 intellectus
540 660 588 706 et
612 649 923 722 disciplinis,
950 658 1011 704 ut
1036 650 1092 705 iu
1123 650 1267 707 omni
1290 664 1442 719 opere
1469 646 1732 719 intelligat

166 755 207 803 ct
228 745 288 800 sit
315 742 656 809 architectus,
686 739 757 795 ad
784 738 1106 811 operandutn
1150 747 1426 810 argentum
1461 746 1509 793 et
1540 752 1735 795 aurum

162 847 202 895 et
225 854 311 907 trs,
342 845 392 890 et
415 834 616 901 lapides
657 831 981 904 repletionis,
1008 840 1055 885 et
1085 830 1263 887 omnia
1291 845 1451 901 opera
1493 826 1735 898 fabrilia,

164 937 206 984 et
233 927 281 989 in
316 925 495 999 ligno,
521 935 577 983 ut
612 933 852 996 operetur
878 921 1167 977 secundum
1196 920 1428 976 omnium
1460 934 1639 988 opera,
1663 917 1735 974 ad

163 1034 263 1091 qua
286 1033 385 1090 ego
411 1015 533 1071 dedi
571 1031 711 1071 eum.
752 1012 852 1069 Sed
893 1023 944 1068 et
974 1010 1130 1067 Eliab
1176 1011 1347 1083 ﬁlium
1387 1006 1735 1065 Acbisamach

164 1130 220 1171 es
252 1113 392 1169 tribu
429 1112 573 1171 Dan.
612 1112 681 1168 Et
710 1110 832 1171 dedi
857 1110 914 1167 in
949 1125 1041 1165 cor
1078 1108 1223 1163 omni
1257 1106 1501 1178 prudenti
1526 1103 1734 1161 inulla.

162 1217 305 1270 ctum,
323 1215 383 1261 ut
407 1205 607 1277 faciant
626 1204 805 1261 omnia
825 1218 943 1275 qua
962 1201 1208 1257 constitui
1233 1199 1326 1256 tibi
1338 1197 1536 1271 (Exod.
1556 1195 1733 1270 xxxx).

162 1299 557 1369 Relcgamusea
599 1312 721 1368 qum
746 1298 805 1354 in
831 1295 1054 1352 Daniele
1090 1294 1291 1364 scripta
1325 1300 1486 1358 sunt,
1513 1292 1581 1347 de
1616 1292 1736 1362 ipso

161 1392 369 1447 Dauiele
393 1399 449 1447 et
480 1392 653 1448 tribus
676 1391 871 1446 amicis
898 1388 1041 1459 eius,
1064 1403 1202 1459 quos
1238 1385 1738 1443 Nabuchodonosor

160 1498 242 1537 res
280 1484 451 1540 tribus
486 1485 645 1539 annis
686 1481 1015 1538 erudiendos
1043 1479 1287 1543 tradidit,
1327 1478 1517 1533 volens
1544 1492 1639 1532 eos
1680 1476 1739 1535 in

159 1588 264 1637 sua,
292 1574 345 1630 id
382 1584 466 1632 est
496 1575 669 1645 patria
696 1572 1115 1645 Babyloniorum
1140 1570 1407 1640 sapientia
1438 1567 1740 1624 scientissi-

157 1679 266 1719 mos
288 1665 426 1720 ﬁeri.
456 1665 533 1720 lbi
562 1680 696 1735 ergo
723 1663 985 1734 scriptum
1014 1671 1099 1717 est
1122 1678 1139 1715 :
1164 1660 1345 1725 Dedit,
1377 1658 1576 1729 inquit,
1596 1657 1739 1713 Deus

150 1755 221 1808 eis
260 1755 585 1813 intellectum
620 1764 669 1811 et
698 1754 1034 1825 prudentiam
1064 1753 1118 1806 in
1154 1752 1298 1807 omni
1335 1760 1446 1807 arte
1471 1768 1739 1822 gramma-

1829 569 2009 624 magos
2047 566 2211 621 usque
2250 548 2321 607 ad
2351 547 2749 613 Baldonem,“
2796 545 3421 623 reuieustetsritsupra

1827 644 1918 703 ubi
1956 651 2068 698 erat
2095 656 2230 711 puer
2260 639 2487 714 (lauit.
2507 638 2597 712 ll),
2625 637 2771 695 ultra
2799 651 2913 703 non
2938 637 3017 697 sit
3042 638 3277 709 dictum,
3293 642 3422 717 quia

1828 735 1918 792 vel
1944 733 2258 792 discesserit
2294 734 2423 789 inde
2445 731 2532 788 vel
2563 730 2883 798 evanuerit,
2910 738 3007 789 aut
3030 744 3309 807 assumpta
3329 736 3420 808 sit,

1831 834 1926 883 aut
1962 825 2168 897 aliquid
2192 824 2415 880 omnino
2438 822 2506 879 de
2530 823 2636 879 hoc
2663 820 2908 881 narratio
2933 822 3249 895 evangelica
3279 824 3425 883 desi.

1833 920 2105 994 paverit,
2123 919 2220 975 sed
2240 920 2347 977 hoc
2370 924 2583 979 tantum
2617 914 2835 983 dixerit,
2858 915 2987 988 quia
3012 917 3168 977 venit
3190 924 3248 975 et
3270 918 3425 976 stetit

1832 1031 1997 1086 supra
2046 1014 2139 1071 ubi
2168 1021 2291 1068 erat
2324 1027 2483 1082 puer.
2525 1008 2605 1069 Ne
2647 1008 2787 1067 forte
2816 1022 2945 1083 ergo
2988 1011 3130 1068 sicut
3178 1019 3424 1085 tempore

1830 1105 2113 1177 baptismi,
2132 1120 2259 1163 cum
2278 1103 2587 1173 baptizatus
2610 1100 2767 1159 lesus
2797 1103 3041 1159 ascendit
3069 1103 3141 1161 de
3161 1101 3422 1173 lordane,

1832 1200 2007 1273 aperti
2057 1207 2184 1257 sunt
2212 1197 2265 1253 ei
2310 1196 2453 1263 caeli,
2486 1203 2543 1253 et
2568 1194 2707 1250 vidit
2750 1193 2989 1257 Joannes
3018 1193 3285 1267 Spiritum
3325 1193 3426 1255 Dei

1835 1292 2275 1357 descendentem,
2300 1288 2458 1361 quasi
2487 1287 2815 1353 columbam,
2841 1294 2897 1343 et
2924 1295 3235 1343 manentem
3263 1300 3427 1361 super

1836 1395 1994 1447 eum;
2020 1388 2076 1435 et
2100 1377 2307 1437 audivit
2326 1390 2517 1433 vocem
2535 1375 2603 1432 de
2621 1373 2761 1433 coelo
2784 1373 3055 1433 dicentem
3079 1391 3093 1427 :
3116 1371 3219 1428 llic
3237 1383 3313 1433 est
3335 1371 3428 1431 Fi-

1837 1470 1941 1527 lius
1961 1487 2108 1527 meus
2135 1469 2377 1537 dilectus,
2397 1469 2455 1523 in
2478 1485 2585 1541 quo
2604 1468 2731 1523 bene
2752 1465 3047 1561 δοριμαευὶ
3069 1464 3286 1541 (Hattlt.
3308 1465 3425 1543 tu):
3456 1530 3474 1561 ’

1839 1564 1917 1620 ita
1937 1572 1993 1619 et
2012 1563 2165 1619 stella
2187 1563 2462 1634 itme
2480 1561 2631 1619 venit
2652 1575 2815 1633 supra
2835 1558 2930 1617 ubi
2954 1566 3075 1617 erat
3090 1574 3231 1633 puer
3250 1567 3307 1617 et
3320 1566 3430 1621 διας
3456 1558 3486 1629 ί,

1838 1660 1937 1725 tit,
1962 1659 2017 1714 in
2058 1657 2274 1714 Christo
2319 1656 2570 1717 similiter
2613 1654 2920 1715 remansit:
2948 1654 3165 1711 sicutet
3195 1651 3431 1725 Spiritus

1837 1758 2059 1807 sanctus
2077 1750 2135 1809 in
2153 1749 2335 1821 specie
2351 1748 2615 1807 columbas
2632 1748 2850 1805 venisse
2870 1746 3069 1805 dicitur
3086 1754 3151 1807 et.
3163 1746 3430 1811 mansisse

142 1846 276 1912 lica;
303 1858 360 1902 et
378 1887 398 1912 .
412 1845 599 1903 Daniel
632 1844 886 1900 intellexit
931 1844 987 1898 in
1033 1843 1177 1897 omni
1220 1842 1414 1897 visione
1444 1850 1493 1897 et
1539 1840 1739 1895 somnis
1763 1870 1815 1936 Β
1840 1839 1892 1894 in
1914 1855 2011 1906 eo;
2039 1846 2094 1899 et
2115 1840 2257 1895 sint
2274 1839 2489 1897 venisse
2515 1837 2783 1910 Spiritum
2800 1836 2898 1895 Dei
2918 1844 2973 1895 et
2993 1837 3261 1897 mansisse
3286 1837 3343 1896 in
3363 1851 3430 1897 eo

137 1940 294 2013 (Dan.
330 1940 409 2011 ι).
456 1940 524 1994 Ει
564 1947 689 2010 post
729 1953 902 2010 pauca
931 1955 945 1992 :
974 1934 1038 1991 Et
1079 1944 1329 1991 steterunt
1360 1935 1416 1989 in
1459 1944 1737 2005 conspectu
1764 1931 1803 1936 —
1839 1934 1916 1991 ita
1938 1933 2261 2004 accipimus,
2280 1933 2425 2003 quod
2452 1947 2733 2004 nunquam
2754 1932 2823 1988 ab
2850 1946 2918 1989 eo
2944 1932 3235 1995 recesserit
3256 1931 3431 2006 Spiri-

141 2034 305 2101 regis,
331 2040 386 2085 et
407 2031 464 2085 in
491 2030 631 2091 omni
672 2033 823 2086 uerbo
866 2027 1134 2100 sapientia
1162 2036 1211 2081 et
1256 2026 1508 2091 sciemiw,
1538 2025 1597 2080 in
1632 2041 1737 2097 quo
1839 2031 1929 2080 tus
1946 2022 2045 2083 Dei
2070 2042 2083 2077 :
2107 2023 2182 2085 ita
2206 2022 2511 2089 ctstellam,
2526 2038 2649 2095 quae
2665 2023 2817 2080 venit
2843 2030 2902 2079 et
2924 2024 3076 2083 stetit
3093 2039 3259 2099 super
3278 2038 3429 2093 eum,

148 2121 390 2190 qutrsirit
416 2118 483 2175 ab
513 2121 591 2183 eis
618 2137 730 2187 rex,
757 2120 947 2177 inuenit
988 2135 1075 2174 eos
1117 2116 1340 2188 decuplo
1376 2133 1532 2187 super
1558 2132 1738 2173 omnes
1839 2115 2217 2187 accipiendum
2252 2122 2407 2186 puto,
2440 2116 2587 2189 quOd
2630 2114 2712 2175 sic
2748 2116 2962 2175 steterit
2991 2131 3154 2190 super
3188 2132 3342 2185 enim,
3368 2122 3430 2175 ut

146 2211 502 2267 incantatores
549 2223 596 2266 et
635 2227 839 2282 magos,
866 2228 987 2283 quo:
1029 2219 1179 2265 erant
1212 2210 1275 2265 in
1320 2210 1465 2267 omni
1504 2208 1739 2280 regione.
1838 2222 2121 2279 nunquam
2150 2208 2277 2269 inde
2321 2216 2467 2269 mota
2498 2207 2591 2275 sit,
2621 2216 2677 2265 et
2710 2208 2835 2265 ideo
2861 2208 3081 2271 deitatis
3124 2207 3247 2281 eius
3288 2208 3431 2268 indi-

147 2301 224 2356 Ex
274 2302 360 2356 his
403 2317 532 2374 ergo
578 2303 831 2357 omnibus
878 2309 1057 2371 potest
1105 2301 1357 2373 intelligi,
1380 2300 1653 2372 quomodo
1681 2308 1739 2359 et
1838 2303 1981 2359 cium
2007 2301 2158 2358 illam
2196 2300 2409 2361 stellam
2436 2299 2606 2359 iniisse
2633 2300 2847 2372 opinor.
2883 2299 3043 2359 Unde
3068 2310 3125 2359 et
3148 2301 3283 2359 ordo
3304 2316 3432 2373 pro—

147 2390 368 2449 Balaam
396 2394 594 2451 dixerit
617 2395 683 2449 de
714 2394 1007 2465 semetipso
1031 2393 1167 2462 :Qui
1194 2394 1298 2451 scit
1319 2393 1608 2451 scientiam
1627 2393 1735 2449 Ex-
1836 2395 2035 2467 pbetite
2080 2395 2199 2455 hac
2236 2395 2429 2451 eadem
2473 2401 2872 2463 consequenter
2902 2393 3166 2462 ostendit,
3195 2408 3321 2452 cum
3364 2393 3433 2451 do

152 2482 302 2549 celsi,
330 2483 538 2540 scilicet
564 2494 625 2540 ut
648 2484 999 2555 intelligatur,
1022 2485 1169 2555 quod
1196 2484 1351 2556 origo
1375 2484 1543 2541 totius
1564 2485 1740 2541 scier»
1840 2488 2044 2544 deitate
2089 2485 2308 2557 quidem
2338 2483 2458 2554 eius
2500 2484 2633 2545 dicit
2664 2501 2679 2541 :
2704 2482 2922 2545 Orietur
2952 2483 3111 2541 stella
3138 2499 3206 2541 es
3236 2480 3429 2551 Iacob,

155 2576 259 2641 tim,
285 2578 355 2633 ab
402 2576 518 2647 ipso
559 2579 831 2649 acceperit
874 2579 1190 2646 exordium;
1237 2578 1375 2635 vitio
1418 2587 1599 2635 autem
1629 2580 1737 2639 bu-
1840 2580 1908 2635 de
1929 2581 2169 2635 humans
2191 2594 2325 2645 vero
2370 2586 2585 2644 natum.
2610 2586 2657 2635 et
2687 2584 2930 2649 exsurget
2958 2577 3117 2635 homo
3143 2574 3215 2640 de
3233 2571 3429 2633 Israel.

152 2681 323 2725 mante
360 2670 585 2729 malitiae
623 2670 993 2743 aspirantihus
1020 2679 1075 2727 et
1100 2670 1739 2752 subripientihusctiam
1839 2680 1902 2729 ut
1939 2672 1998 2729 in
2022 2679 2275 2741 utroque,
2304 2678 2363 2731 et
2398 2670 2692 2729 modum
2736 2668 3021 2733 deitatem,
3045 2675 3102 2725 et
3129 2665 3430 2725 secundum

153 2761 507 2830 daemonibus,
532 2765 590 2823 in
618 2764 917 2837 perniciem
942 2780 1101 2823 versa
1147 2774 1275 2822 sunt
1301 2782 1427 2838 quas
1462 2782 1563 2840 pro
1592 2766 1742 2821 utili-
1841 2763 2269 2831 humanitatem,
2301 2761 2932 2833 Christus‘propbetsuis
2961 2758 3243 2817 evidenter
3268 2770 3434 2829 appa-

154 2860 258 2909 tale
302 2870 566 2911 concessa
601 2863 751 2917 sunt.
803 2855 931 2913 llaec
956 2857 1024 2913 de
1054 2872 1147 2924 eo,
1172 2858 1319 2928 quod
1366 2859 1522 2925 dixit,
1556 2858 1740 2921 Sciens
1840 2862 1983 2911 reet.
2009 2852 2080 2908 Et
2108 2851 2329 2909 vastabit
2365 2851 2627 2922 principes
2649 2848 2833 2907 Moab.
2864 2847 3023 2905 Moab
3049 2846 3271 2921 quidem
3299 2860 3433 2919 gens

150 2943 413 3003 scientiam
440 2944 679 3013 Eacelsi,
705 2960 738 3003 a
765 2946 925 3007 nobis
950 2962 1050 3018 pro
1087 2947 1297 3005 viribus
1334 2948 1580 3006 discussa
1609 2948 1740 3009 sint.
1841 2954 1949 3012 est,
1978 2944 2137 3016 cujus
2160 2944 2437 3016 principes
2462 2958 2571 3003 non
2614 2942 2753 3003 alios
2782 2957 2904 3001 esse
2954 2957 3120 3013 quam
3161 2940 3435 3013 spiritales

152 3031 438 3095 Videamus
467 3053 599 3111 ergo
625 3039 757 3113 quid
785 3048 897 3109 est,
920 3041 1143 3111 quodin
1170 3042 1629 3111 consequentibus
1655 3042 1741 3097 di-
1841 3036 2115 3107 ncquitias
2153 3045 2211 3093 et
2235 3036 2579 3108 principatus
2619 3034 2742 3095 illos
2783 3034 3075 3095 adversum
3101 3048 3241 3107 quos
3274 3033 3435 3093 nobis

148 3126 251 3185 cit:
282 3128 488 3189 Videbo
517 3130 693 3201 illum,
724 3133 817 3189 sed
846 3149 951 3191 non
972 3133 1163 3199 modo,
1188 3134 1428 3190 intuebar
1454 3134 1624 3202 illum,
1648 3134 1741 3191 sed
1840 3128 2117 3187 luctamen
2156 3133 2241 3185 est
2279 3127 2651 3199 intelligimus.
2700 3126 2813 3185 llos
2856 3141 2987 3200 ergo
3022 3128 3129 3186 iste
3165 3128 3331 3186 homo
3364 3143 3434 3185 ex

148 3235 243 3275 non
265 3240 451 3299 prone.
478 3224 593 3283 Hoc
611 3226 681 3281 ad
695 3225 1241 3295 Salvatoris,Domini
1262 3228 1517 3284 videlicet
1532 3228 1737 3289 Christi
1765 3243 1811 3308 ο
1842 3220 2008 3277 Ιεηθι
2046 3220 2302 3288 “Stabit.
2329 3235 2455 3281 cum
2482 3227 2645 3279 exuet
2665 3220 3007 3294 principatus
3032 3229 3088 3278 et
3108 3228 3432 3294 potestates,

144 3316 415 3386 pertinere
431 3319 727 3379 adventum
747 3320 1020 3379 creditur:
1041 3322 1109 3381 de
1129 3337 1234 3392 quo
1256 3330 1310 3379 et
1330 3322 1384 3379 in
1405 3337 1730 3394 conseque»

1841 3324 1902 3373 et
1925 3313 2105 3387 alliget
2129 3314 2251 3375 illos
2277 3314 2429 3375 cruci
2449 3330 2579 3373 suae.
2608 3313 2797 3386 Neque
2819 3315 2965 3371 erum
2985 3322 3202 3386 poterat
3217 3314 3433 3373 salvam

150 3404 282 3462 tibus
302 3408 483 3469 dicit:
508 3407 723 3473 Orietur
742 3411 895 3471 stella
917 3428 983 3470 ex
1008 3412 1196 3481 Iacob,
1211 3421 1261 3471 et
1282 3424 1557 3486 consurget
1577 3416 1735 3473 homo
1840 3408 2125 3476 Moabitas,
2146 3416 2205 3465 et
2229 3409 2298 3467 ad
2323 3409 2421 3466 Dei
2448 3410 2781 3478 agnitionem
2801 3409 3125 3481 perducere,
3148 3409 3257 3467 nisi
3278 3409 3432 3481 prin-

147 3502 205 3555 de
228 3499 431 3559 Israel.
465 3504 769 3569 Videndum
798 3521 923 3565 eum
952 3507 1085 3565 dicit
1111 3524 1236 3568 esse
1264 3511 1361 3566 sed
1386 3525 1497 3571 non
1526 3512 1689 3573 modo
1717 3528 1731 3567 :

145 3590 246 3648 hoc
268 3604 375 3662 est,
399 3613 513 3655 non
536 3612 603 3653 eo
627 3606 890 3669 tempore,
911 3615 1020 3670 quo
1042 3601 1143 3659 ista
1167 3601 1491 3671 loquebatur
1514 3621 1527 3657 :
1550 3602 1621 3658 In
1643 3612 1738 3659 no-

143 3683 367 3747 vissimis
408 3689 553 3751 enim
591 3689 776 3746 diebus
817 3690 908 3747 ubi
933 3692 1072 3747 venit
1115 3690 1387 3763 plenitudo
1423 3702 1735 3764 temporum,

139 3774 275 3833 misit
340 3777 493 3836 Deus
550 3778 750 3841 Filium
798 3799 973 3843 suarm.
1039 3784 1146 3841 Sed
1190 3785 1236 3843 si
1282 3785 1583 3847 secundum
1630 3787 1737 3845 alia

134 3868 477 3939 exemplaria
536 3869 719 3940 legem
776 3873 1113 3933 voluerimus
1159 3875 1235 3937 ita
1286 3893 1301 3933 :
1354 3875 1647 3941 Ostendam
1686 3878 1737 3935 ei

129 3964 171 4010 et
207 3973 319 4015 non
369 3958 575 4029 modo;
613 3960 854 4031 beatiﬁco
903 3974 955 4019 et
1007 3980 1111 4023 non
1163 3968 1548 4038 appropinquat
1576 3981 1601 4019 :
1627 3984 1736 4029 non

131 4050 194 4107 ad
250 4047 410 4104 hunc
477 4049 733 4118 Balaam,
781 4068 883 4124 per
914 4070 1077 4125 quem
1127 4057 1246 4113 haec
1288 4058 1584 4127 dicuntur,
1634 4059 1734 4121 sed

136 4136 197 4193 ad
224 4137 354 4197 illos
397 4153 638 4211 quorum
678 4156 969 4215 personam
1014 4146 1204 4205 haberi
1242 4148 1301 4205 in
1328 4148 1436 4205 hoc
1473 4148 1733 4221 diximus,

139 4227 429 4286 referetur.
481 4229 558 4289 Illi
596 4232 743 4291 enim
777 4234 1032 4293 doctores
1070 4236 1211 4309 legis
1233 4246 1290 4293 et
1311 4238 1524 4305 scribae,
1552 4248 1736 4297 osten-

1840 3506 1989 3576 cipes
2010 3505 2154 3571 illos,
2174 3505 2266 3573 qui
2290 3504 2347 3563 in
2368 3505 2450 3564 eis
2473 3505 2895 3565 dominationem
2923 3504 3221 3573 impietatis
3241 3510 3432 3561 tenue-

1839 3605 1987 3665 rant,
2015 3597 2374 3657 devastassct.
2423 3596 2495 3653 Et
2524 3597 2853 3667 praelabitur
2891 3611 3070 3653 omnes
3108 3596 3250 3666 ﬁlios
3277 3594 3430 3653 Setia.

1840 3684 1977 3743 Seth
2018 3686 2163 3743 illius
2206 3696 2291 3743 est
2334 3686 2541 3751 Adam,
2570 3686 2639 3743 de
2666 3701 2778 3756 quo
2800 3686 2914 3747 Eva
2953 3686 3240 3743 dixitcum
3266 3692 3432 3742 natus

1839 3786 2025 3837 esset:
2052 3776 2342 3833 Suscitacit
2381 3777 2521 3833 enim
2565 3776 2696 3835 mihi
2735 3776 2883 3835 Deus
2914 3792 3089 3832 semen
3127 3774 3302 3842 aliud,
3330 3792 3430 3847 pro

1836 3869 1968 3926 Abel
1989 3886 2145 3942 quem
2174 3869 2366 3928 occidit
2393 3866 2528 3927 Cain
2558 3865 2712 3942 (Gott.
2739 3869 2817 3941 v).
2858 3867 2968 3927 late
2995 3875 3081 3926 est
3105 3883 3239 3939 ergo
3269 3867 3428 3935 Seth,

1837 3979 1905 4020 ex
1932 3979 2043 4034 quo
2066 3977 2230 4020 omne
2253 3962 2549 4021 humanum
2569 3961 2625 4019 in
2646 3962 2752 4018 hoc
2772 3961 2976 4023 mundo
2997 3961 3213 4021 ducitur
3234 3976 3426 4032 genus.

1837 4052 1977 4110 Nam
2020 4053 2091 4111 de
2119 4051 2279 4118 Cain,
2307 4052 2405 4123 qui
2449 4052 2562 4109 nati
2609 4051 2845 4119 fuerant,
2873 4052 3081 4113 diluvio
3121 4052 3423 4122 petierunt.

1835 4143 1961 4203 Filii
2007 4159 2141 4216 ergo
2181 4151 2309 4202 sunt
2360 4142 2492 4205 Seth
2544 4159 2735 4204 omnes
2782 4144 3035 4207 homines
3076 4145 3169 4215 qui
3216 4144 3275 4203 in
3317 4145 3429 4205 hoc

1835 4236 2039 4294 mundo
2064 4243 2217 4296 sunt.
2240 4236 2311 4295 Et
2337 4252 2461 4293 cum
2489 4236 2718 4305 dicitur,
2741 4237 3065 4310 depradabit
3085 4254 3266 4299 omnes
3281 4238 3426 4311 ﬁlios,

140 4319 261 4380 dunt
282 4324 570 4383 Christum
596 4326 653 4383 in
675 4327 795 4400 lege
819 4336 875 4385 et
894 4330 1175 4401 prophetis
1194 4332 1578 4403 prophetatum
1596 4373 1612 4400 ,
1635 4334 1733 4393 sed
1834 4326 1981 4393 Sella,
1996 4328 2235 4399 praedam
2261 4328 2343 4385 sic
2376 4329 2583 4399 accipe,
2606 4329 2750 4391 sicut
2776 4329 2831 4387 in
2859 4330 3233 4403 superioribus
3255 4331 3428 4388 inter-

140 4427 235 4471 non
260 4419 452 4485 modo,
487 4419 593 4475 hoc
621 4429 725 4488 est,
772 4437 883 4481 non
928 4423 983 4479 in
1023 4438 1090 4481 eo
1134 4433 1379 4497 tempore
1423 4443 1533 4498 quo
1558 4429 1729 4496 venit,
1829 4418 2053 4488 pretati,
2076 4419 2305 4490 suscipit
2323 4434 2515 4479 omnes
2551 4418 2692 4477 ﬁlios
2725 4419 2881 4486 Seth,
2902 4420 3066 4477 victis
3097 4420 3426 4478 adversariis

142 4510 225 4564 sed
244 4526 367 4566 cum
386 4512 677 4582 plenitudo
696 4516 939 4585 gentium
961 4515 1252 4585 introierit,
1278 4527 1335 4574 et
1357 4520 1534 4577 omnis
1558 4518 1729 4576 israel
1831 4509 2186 4578 daemonibus,
2216 4525 2313 4570 eos
2347 4512 2440 4581 qui
2468 4510 2570 4567 sub
2598 4511 2858 4582 ipsorum?
2879 4508 3249 4571 dominatione
3272 4517 3427 4570 tene-

141 4602 326 4691 salvari
355 4605 607 4676 incipiet,
637 4613 764 4663 tunc
805 4620 931 4669 eum
958 4611 1269 4677 ostendent,
1300 4616 1357 4667 et
1386 4618 1518 4669 tunc
1551 4612 1723 4684 beati-

1830 4598 2050 4665 hantur,
2078 4598 2329 4657 Christus
2359 4600 2515 4668 quasi
2550 4599 2791 4669 praedam
2830 4598 3073 4657 victoria:
3106 4616 3218 4658 suas
3246 4603 3416 4671 ducit,

141 4688 393 4761 licebunt,
424 4710 595 4769 quem
622 4695 783 4753 modo
805 4695 1204 4767 blasphemant,
1240 4699 1348 4756 sed
1374 4702 1489 4759 hoc,
1509 4710 1725 4772 tempus
1751 4687 1792 4691 —
1831 4696 1888 4747 et
1906 4687 2075 4759 spolia
2103 4688 2295 4747 salutis
2318 4696 2561 4759 reportat
2582 4704 2598 4745 :
2621 4689 2764 4745 sicut
2786 4696 2842 4745 et
2865 4689 2922 4746 in
2947 4689 3072 4748 aliis
3092 4691 3161 4749 de
3182 4707 3250 4750 eo
3274 4695 3415 4753 scri-

140 4779 189 4837 in
215 4800 318 4856 quo
356 4788 479 4849 haec
526 4787 715 4844 futura
763 4797 911 4857 sunt,
938 4805 1045 4845 non
1096 4794 1494 4863 apprOpiuquat
1526 4811 1538 4847 ;
1566 4793 1729 4864 longe
1829 4793 1983 4852 ptum
2014 4786 2120 4846 est,
2149 4780 2275 4852 quia
2306 4780 2590 4836 ascendens
2632 4780 2689 4837 in
2734 4778 2922 4848 altum,
2962 4785 3224 4855 captivam
3264 4785 3420 4844 duxit

140 4873 268 4931 enim
295 4887 404 4945 est,
429 4887 487 4935 et
513 4880 578 4939 iu
608 4879 727 4949 ipso
771 4880 952 4935 saeculi
979 4880 1087 4936 line
1124 4883 1474 4953 sperandum.
1508 4884 1577 4943 Ει
1605 4884 1727 4943 ideo
1832 4876 2185 4945 captivitatem
2212 4872 2384 4947 (Psal.
2410 4875 2601 4948 mu).
2627 4875 3010 4948 Captivitatem
3030 4880 3240 4940 scilicet
3265 4882 3416 4941 illam

140 4961 238 5019 ait:
262 4964 561 5027 Ostendam
585 4967 691 5034 illi,
707 4971 797 5027 sed
819 4986 923 5025 non
945 4973 1119 5027 modo.
1149 4972 1250 5040 Illi,
1278 4972 1382 5030 hoc
1406 4983 1494 5030 est
1523 4976 1724 5047 populo

140 5054 221 5121 qui
243 5064 368 5115 tunc
393 5058 721 5116 salvahitur.
746 5060 874 5116 Post
898 5062 1013 5118 haec
1043 5080 1056 5116 :
1087 5061 1323 5132 Orietur,
1348 5065 1545 5137 inquit,
1570 5067 1724 5125 stella

139 5157 195 5196 es
223 5145 409 5217 Iacob,
436 5159 489 5207 et
529 5160 812 5223 consurget
855 5151 1001 5222 virga
1033 5152 1099 5207 de
1144 5151 1340 5220 Israel,
1381 5164 1432 5211 et
1469 5159 1724 5227 percutiet

139 5231 279 5291 duces
298 5238 477 5308 Moab,
495 5240 827 5313 castobitqne
848 5257 1023 5297 omnes
1044 5240 1184 5313 ﬁlios
1211 5243 1374 5309 Setlt;
1398 5257 1448 5301 et
1470 5249 1567 5302 erit
1594 5246 1725 5305 ldu-

139 5336 261 5381 mtea
274 5331 537 5400 possessio
560 5330 696 5400 ejus.
711 5330 1012 5389 Hereditas
1033 5331 1155 5388 Seir
1172 5330 1316 5392 cedet
1337 5336 1569 5393 inimicis
1586 5339 1715 5397 suis.

138 5412 208 5472 De
231 5420 312 5478 llis
354 5423 412 5481 in
460 5423 840 5496 superioribus
887 5426 1147 5493 diximus,
1173 5427 1301 5500 quia
1346 5428 1626 5489 evidenter
1653 5431 1720 5493 de

138 5512 281 5571 stella
322 5532 446 5590 quae
486 5518 667 5590 magis
714 5518 772 5575 iu
812 5515 1033 5577 Oriente
1078 5523 1349 5593 apparuit,
1382 5522 1710 5594 proﬁtetur:

140 5617 234 5675 qua
257 5609 391 5667 duce
411 5616 690 5669 venerunt
722 5611 792 5669 ad
818 5608 1067 5681 Judeam,
1095 5614 1439 5686 requirentes
1463 5630 1588 5675 eum
1616 5618 1713 5690 qui

138 5705 284 5754 natus
311 5709 394 5757 est
421 5715 614 5773 regem
641 5701 837 5769 Israel;
866 5711 925 5759 et
950 5714 1223 5776 repertum
1246 5707 1444 5765 oblatis
1472 5711 1709 5771 muneri-

1830 4968 2055 5024 humani
2095 4968 2312 5040 generis
2332 5006 2347 5035 ,
2374 4983 2536 5040 quam
2568 4964 2814 5025 diabolus
2841 4970 2909 5029 ad
2934 4972 3295 5041 perditionem
3324 4987 3418 5031 ce-

1829 5068 2004 5131 perat,
2030 5060 2134 5119 iste
2174 5074 2366 5117 rursus
2398 5058 2665 5129 captivam
2695 5059 2887 5129 duxit,
2913 5070 2968 5120 et
2991 5078 3024 5120 a
3048 5071 3222 5121 morte
3250 5078 3411 5123 revo-

1823 5151 1969 5207 cavit
1990 5153 2061 5209 ad
2088 5153 2277 5209 vitam.
2317 5151 2539 5209 Utinam
2565 5166 2697 5224 ergo
2722 5168 2754 5207 a
2776 5168 2866 5210 me
2904 5155 3181 5229 captivum
3209 5154 3416 5211 habeat

1820 5258 2034 5315 semper
2060 5244 2238 5309 Jesus,
2269 5250 2435 5301 etme
2459 5244 2621 5302 ducat
2640 5244 2698 5305 in
2722 5246 2964 5318 praedam
3002 5261 3181 5311 suam,
3204 5254 3260 5302 et
3305 5261 3408 5318 ego

1822 5341 2009 5391 tenear
2034 5333 2151 5403 ejus
2173 5333 2405 5393 vinculis
2433 5334 2717 5409 alligatus,
2745 5346 2808 5392 ut
2835 5344 2894 5394 et
2917 5350 3012 5407 ego
3049 5334 3155 5392 dici
3194 5350 3409 5394 merear

1818 5429 2021 5485 vinctas
2055 5426 2251 5484 Christi
2290 5428 2442 5496 Jestt,
2474 5430 2617 5489 sicut
2639 5429 2841 5489 Paulus
2863 5430 2932 5487 de
2971 5428 3265 5498 semetipso
3292 5428 3408 5501 glo-

1818 5522 1992 5583 riatur
2018 5539 2032 5576 :
2050 5520 2121 5579 Et
2141 5522 2238 5577 erit
2252 5520 2426 5581 Edam
2446 5522 2749 5587 hereditas,
2773 5528 2824 5579 et
2838 5521 2939 5583 erit
2959 5519 3240 5575 hmroditas
3256 5518 3407 5575 Esau

1811 5613 2039 5673 inimicis
2059 5616 2405 5689 ajus(Epttes.
2433 5617 2536 5689 ιιι).
2572 5614 2900 5672 Edomidcm
2931 5623 3014 5670 est
3037 5613 3131 5684 qui
3154 5620 3210 5669 et
3233 5612 3398 5668 Esau.

1811 5708 1915 5771 Hic
1938 5710 2233 5767 secundum
2270 5710 2555 5768 historiam
2574 5707 2793 5778 quidem
2820 5705 3073 5763 inimicus
3100 5714 3185 5764 est
3208 5704 3395 5771 Israel,

139 5782 231 5851 llus
270 5790 657 5864 amaverunt.
692 5791 819 5863 δοά-
837 5805 1023 5859 movet
1059 5812 1150 5857 me
1189 5798 1339 5891 quod
1381 5800 1503 5877 ipsa
1550 5800 1710 5867 stella
1808 5802 1973 5867 sedin
1987 5804 2240 5873 adventu,
2254 5802 2451 5893 inquit.
2464 5798 2663 5859 Christi
2675 5798 2842 5859 etiam
2855 5795 3403 5873 ipschaereditasejus
