3890 6340
465 355 574 413 759

1137 346 1198 404 ιι
1237 322 1498 404 MBAN!
1532 344 1757 404 usus:
1792 338 2111 402 ARCHIEP.
2155 338 2465 400 uocum.
2505 338 2790 399 omnii
2824 339 3012 397 rans
3045 335 3089 396 ι.

3614 345 3706 407 πυ

464 473 571 531 erit
595 489 609 527 :
631 471 733 526 hoc
761 474 844 522 est
870 463 1164 536 recipiatur
1188 464 1256 518 ad
1285 464 1467 529 ﬁdem,
1495 477 1595 518 nec
1622 460 1940 517 excludetur
1973 460 2042 515 ab
2069 467 2122 528 Α
2145 434 2236 530 qui
2262 458 2529 516 desideria
2558 458 2675 530 ejus
2718 458 2978 524 refrenat,
3009 455 3105 528 qui
3151 457 3477 529 cupiditates
3496 462 3613 533 eius
3633 483 3707 525 το,

459 562 779 622 luereditate
806 556 1031 617 Christi.
1065 556 1123 613 Si
1155 571 1286 614 vero
1327 555 1645 628 spiritaliter
1680 554 2043 616 advertamus,

458 658 633 717 Edom
678 670 805 711 caro
833 648 1183 725 intelligitur,
1215 665 1337 722 quae
1372 649 1689 705 adversatur
1732 646 1967 717 spiritui,
1993 652 2048 699 et

462 756 545 806 est
571 749 688 820 ejus
720 744 959 801 inimica.
991 743 1050 798 in
1079 742 1314 798 adventu
1355 756 1485 812 ergo
1509 738 1736 805 Christi,
1764 753 1888 794 cum
1914 736 2046 793 sub-

446 838 599 911 jecta
647 837 811 893 fuerit
858 851 987 892 caro
1031 833 1243 906 spiritui
1288 849 1386 903 per
1425 830 1836 888 resurrectionis
1872 845 2044 901 spem,

460 933 628 988 etiam
658 930 774 1000 ipsa
804 930 873 983 ad
910 926 1285 983 haereditatem
1323 925 1525 980 veniet.
1576 923 1696 980 Non
1739 924 1885 979 enim
1932 922 2048 978 sola

460 1024 663 1089 anima,
689 1020 784 1077 sed
810 1027 867 1076 et
909 1035 1057 1084 caro,
1084 1032 1204 1088 quae
1247 1016 1534 1086 aliquando
1578 1014 1757 1071 fuerat
1803 1014 2043 1079 inimica,

458 1131 559 1187 per
591 1113 954 1171 obedientiam
982 1111 1205 1182 spiritus
1235 1124 1460 1164 consors
1489 1108 1685 1163 futurae
1713 1107 2047 1163 haereditatis

457 1208 677 1266 existet.
705 1206 870 1263 Israel
899 1221 1028 1261 vero
1056 1204 1273 1259 fortiter
1302 1210 1458 1273 aget,
1495 1204 1600 1259 hoc
1627 1210 1711 1257 est
1736 1201 1880 1271 quod
1916 1201 2045 1257 dicit

458 1300 584 1373 quia
614 1307 743 1354 tunc
771 1299 940 1353 Edom
981 1297 1067 1353 vel
1098 1297 1261 1361 Esau,
1291 1296 1395 1351 hoc
1424 1302 1507 1351 est
1536 1295 1718 1351 carnis
1747 1303 1959 1358 natura,
1989 1294 2045 1347 in

457 1392 793 1449 haereditatis
826 1391 1140 1446 societatem
1171 1388 1473 1455 vocabitur,
1506 1403 1628 1443 cum
1672 1386 1839 1442 lsrael
1866 1386 2045 1441 anima

455 1484 707 1539 videlicet
752 1483 894 1537 facta
937 1480 1102 1537 fuerit
1129 1482 1186 1535 in
1232 1479 1464 1544 virtute,
1493 1486 1548 1533 et
1578 1478 1835 1532 decenter
1882 1475 2049 1531 fuerit

452 1576 659 1645 repleta
690 1573 1001 1630 virtutibus.
1030 1571 1088 1629 Si
1117 1572 1263 1629 enim
1294 1571 1475 1625 anima
1499 1585 1606 1624 non
1636 1570 1819 1624 veniat
1842 1569 1910 1624 ad
1938 1569 2049 1622 vir-

454 1674 619 1735 tutes,
653 1669 749 1723 sed
779 1668 834 1723 in
877 1666 1089 1737 ignavia
1120 1673 1455 1735 perseveret,
1486 1677 1587 1717 nec
1620 1674 1750 1717 caro
1782 1661 1849 1716 ad
1874 1661 2046 1716 haere-

453 1761 679 1817 ditatem
728 1759 927 1825 veniet,
974 1757 1068 1812 sed
1115 1757 1181 1811 ad
1220 1753 1484 1823 judicium
1531 1753 1698 1817 illius,
1747 1751 1835 1823 qui
1880 1757 2046 1820 potest

452 1857 689 1910 animum
714 1862 761 1908 et
783 1869 970 1922 corpus
995 1850 1211 1922 perdere
1232 1850 1288 1903 in
1314 1848 1601 1918 gehennam
1626 1843 1843 1918 (Matth.
1866 1842 1944 1914 v).

520 1947 601 2002 De
632 1945 798 2002 Iacob
826 1944 923 1999 erit
951 1944 1042 2015 qui
1069 1942 1366 1996 dominetur
1396 1950 1442 1993 et
1466 1938 1642 2006 perdet
1668 1937 1894 2008 reliquas
1919 1936 2043 1989 ciui-

450 2049 603 2096 tates.
650 2038 909 2094 Dominus
950 2035 1203 2091 videlicet
1250 2032 1536 2099 Christus,
1580 2030 1672 2101 qui
1720 2030 1787 2085 de
1836 2028 2042 2084 semine

447 2130 617 2187 Jacob
657 2128 953 2186 secundum
981 2142 1202 2183 carnem
1245 2133 1425 2191 natus,
1460 2124 1516 2178 in
1546 2121 1810 2177 mundum
1852 2119 2039 2175 venit:

449 2222 538 2278 cui
577 2221 875 2278 secundum
925 2218 1097 2275 sancti
1144 2216 1421 2287 Evangelii
1462 2213 1886 2276 attestationem,
1916 2211 2045 2264 data

449 2325 524 2369 est
574 2292 743 2368 omnis
787 2321 1017 2384 potestas
1044 2312 1102 2363 in
1131 2307 1257 2363 caelo
1284 2316 1333 2361 et
1360 2309 1419 2360 in
1462 2314 1603 2359 terra
1634 2302 1849 2375 (Matth.
1880 2298 2040 2370 ult.);

450 2416 508 2459 ut
530 2406 585 2459 in
615 2406 825 2459 nomine
848 2401 884 2456 J
888 2420 978 2457 esu
1004 2417 1155 2455 omne
1176 2416 1308 2470 genu
1327 2400 1593 2469 ﬂectatur,
1609 2394 1915 2458 ctelestium,
1940 2402 2046 2447 ter-

455 2497 703 2549 restrium
731 2502 888 2564 atque
921 2490 1273 2559 infernorum,
1304 2495 1353 2541 et
1384 2485 1552 2540 omnis
1582 2484 1764 2554 lingua
1792 2481 2046 2551 conﬁteap

449 2596 556 2652 tur,
587 2586 712 2658 quia
754 2583 1013 2638 Dominus
1055 2579 1213 2635 Iesus
1257 2578 1502 2633 Christus
1541 2578 1597 2631 in
1638 2575 1808 2647 gloria
1837 2582 1915 2628 est
1946 2572 2045 2627 Dei

451 2678 635 2733 Patris
673 2675 896 2750 (Philip.
922 2674 986 2747 ιι)
1014 2693 1026 2729 :
1052 2676 1169 2747 ipse
1212 2672 1485 2728 associata
1521 2670 1626 2727 sibi
1672 2670 1892 2725 civitate
1925 2666 2042 2732 Dei,

448 2771 554 2827 hoc
586 2779 671 2825 est
695 2768 937 2825 Ecclesia
969 2766 1256 2832 catholica,
1281 2765 1474 2836 perdet
1494 2763 1738 2833 reliquas
1771 2761 2041 2826 civitates,

2104 554 2107 561 '
2152 560 2316 616 secat,
2341 553 2430 622 qui
2458 553 2728 607 luxuriam
2748 550 2866 620 ejus
2894 550 3390 624 resolutionemque
3407 557 3705 630 castigatur

2147 646 2204 701 in
2230 646 2376 701 nullo
2399 661 2623 716 prorsus
2642 645 2772 702 facit
2790 645 3128 702 voluntatem
3151 661 3332 716 suam,
3361 650 3458 705 sed
3483 651 3706 710 volunta-

2147 751 2257 799 tem
2276 744 2393 809 Dei,
2411 751 2465 798 et
2485 758 2584 813 per
2604 744 2723 798 haec
2743 742 2924 814 perire
2948 743 3147 799 dicitur
3173 744 3375 799 anima.
3407 744 3704 805 Peritum

2149 848 2252 904 que
2279 835 2391 890 vita
2412 834 2528 903 ejus
2556 834 2729 905 prior,
2760 843 2816 891 et
2840 836 3031 905 incipit
3068 850 3265 891 novam
3294 837 3488 902 vitam,
3514 855 3624 910 quae
3658 843 3702 897 in

2145 925 2364 982 Christo
2392 935 2496 992 est,
2529 927 2746 983 ducere.
2800 925 2988 982 Simile
3016 936 3198 984 autem
3227 930 3355 985 huic
3379 932 3526 988 dicto
3567 934 3701 989 etiam

2148 1020 2277 1075 illud
2304 1029 2413 1076 est:
2433 1018 2491 1077 Si
2520 1022 2928 1076 commoriamur
2948 1032 2997 1076 et
3018 1025 3346 1078 convivemus
3369 1024 3459 1095 (11
3487 1024 3611 1080 Tim.
3631 1028 3698 1099 tl).

2146 1110 2214 1167 Et
2250 1112 2376 1167 illud
2402 1131 2415 1166 :
2441 1111 2500 1167 Si
2528 1121 2702 1167 autem
2744 1114 2940 1167 mortui
2966 1114 3090 1168 estis
3118 1114 3184 1168 ab
3228 1115 3500 1171 elementis
3527 1121 3699 1186 mundi,

2146 1204 2403 1275 quomodo
2431 1203 2569 1259 velut
2595 1206 2817 1259 viventes
2836 1206 2891 1259 in
2911 1205 3008 1259 hoc
3030 1206 3229 1259 mundo
3256 1207 3539 1263 decernitis
3554 1209 3697 1279 .’(Col.

2146 1297 2231 1367 π.)
2269 1297 2584 1352 Necessaria
2615 1312 2745 1368 ergo
2772 1297 2828 1352 in
2870 1298 2955 1354 his
3000 1298 3368 1363 declarantur,
3404 1302 3531 1370 quia
3557 1303 3701 1371 perdit

2145 1388 2381 1442 animam
2412 1403 2567 1443 suam
2609 1388 2663 1443 in
2695 1389 2799 1444 hoc
2831 1390 3051 1455 mundo,
3087 1391 3180 1460 qui
3209 1406 3333 1446 cum
3361 1390 3575 1447 Christo
3612 1409 3699 1448 mo-

2146 1478 2316 1545 ritur;
2343 1487 2398 1534 et
2443 1479 2536 1549 qui
2588 1479 2667 1534 sic
2709 1495 2831 1535 eam
2862 1481 3181 1550 perdiderit,
3224 1482 3469 1540 inveniet
3495 1499 3620 1547 eam,
3644 1483 3698 1538 ibi

2147 1572 2263 1626 sine
2292 1571 2455 1626 dubio
2481 1570 2572 1625 ubi
2609 1571 2739 1626 dicit
2765 1571 3058 1641 Apostolus
3082 1590 3095 1626 :
3120 1574 3248 1643 quia
3292 1575 3403 1628 vita
3430 1584 3589 1630 uestra
3606 1574 3700 1629 abs-

2145 1662 2357 1716 condita
2381 1672 2456 1718 est
2481 1679 2600 1717 cum
2629 1661 2839 1717 Christo
2864 1663 2919 1717 in
2948 1663 3060 1718 Deo
3085 1663 3223 1734 (Col.
3256 1664 3366 1735 ιη).

2218 1756 2449 1827 Cumque
2507 1756 2719 1810 uidisset
2777 1755 2994 1811 Amalec
3021 1798 3037 1823 ,
3101 1774 3376 1814 assumens
3431 1759 3699 1829 parabolas

2062 1841 2113 1903 Β
2140 1850 2262 1905 ait:
2314 1847 2637 1936 Principium
2696 1848 2925 1919 gentium
2974 1848 3187 1903 Amalec
3214 1891 3228 1916 ,
3282 1851 3443 1920 cujus
3510 1861 3699 1905 extrema

2143 1941 2446 2013 perdentur.
2490 1939 2771 1994 Primitiva
2821 1941 3186 1996 necessarium
3242 1943 3381 1997 mihi
3422 1943 3612 1999 videtur
3637 1958 3701 1998 re-

2145 2034 2361 2104 quirere
2386 2033 2438 2088 in
2465 2032 2763 2103 Scripturis
2790 2033 2989 2090 divinis
3006 2075 3021 2101 ,
3052 2035 3249 2105 quibus
3279 2036 3335 2090 in
3362 2036 3497 2092 locis
3515 2036 3590 2091 vel
3618 2052 3699 2106 quo

2145 2123 2198 2179 in
2224 2133 2488 2195 tempore,
2520 2139 2718 2179 nomen
2743 2122 2966 2180 Amalec
3008 2126 3270 2197 scriptum
3299 2127 3400 2192 sit,
3435 2143 3533 2197 quo
3561 2126 3630 2183 vel
3647 2142 3699 2182 ex

2146 2234 2343 2291 genere
2399 2235 2530 2291 gens
2588 2218 2691 2273 ista
2739 2219 3052 2274 descendat.
3104 2219 3343 2276 Facilius
3403 2223 3534 2277 enim
3579 2222 3700 2291 quod

2147 2315 2407 2384 quaeritur
2437 2314 2778 2385 agnoscitur,
2816 2315 2859 2370 si
2889 2328 2954 2367 ex
3001 2314 3252 2385 pluribus
3297 2315 3448 2381 locis,
3493 2332 3598 2386 qua:
3641 2314 3701 2370 de

2145 2405 2335 2460 eadem
2374 2405 2574 2474 scripta
2606 2413 2752 2469 sunt,
2801 2403 3171 2474 proferantur.
3218 2404 3468 2477 lgiturin
3510 2403 3702 2459 Genesis

2145 2495 2411 2562 lectione,
2459 2496 2551 2550 ubi
2582 2496 2821 2566 quinque
2872 2510 3027 2564 reges
3076 2505 3453 2551 convenerunt
3484 2504 3539 2551 ut
3561 2511 3700 2567 expu-

2147 2595 2375 2657 gnarent
2422 2594 2657 2656 quatuor
2694 2601 2851 2657 reges
2899 2586 2992 2655 qui
3033 2586 3338 2658 regnabant
3386 2587 3444 2641 in
3472 2583 3699 2650 Sodomis,

2145 2689 2269 2751 post
2290 2673 2564 2751 aliquanta
2614 2682 2691 2737 ita
2720 2681 2959 2737 refertur
2987 2699 3001 2736 :
3057 2682 3130 2737 Et
3161 2692 3414 2739 venerunt
3454 2684 3517 2738 ad
3540 2682 3701 2751 {om

2147 2771 2413 2844 Masphat,
2443 2775 2559 2844 ipsa
2588 2784 2664 2829 est
2693 2773 2864 2830 Gades
2892 2793 2909 2841 ;
2939 2785 2988 2830 et
3012 2786 3383 2847 percusserunt
3426 2793 3602 2832 autem
3636 2791 3704 2828 re-

449 2862 825 2919 conventicula
853 2861 970 2916 sine
995 2858 1159 2915 dubio
1184 2857 1589 2921 haereticorum,
1613 2869 1679 2908 ac
1706 2852 2044 2908 munimenta

2148 2867 2349 2939 gionem
2364 2868 2798 2935 Amalecitarum,
2813 2878 2862 2925 et
2875 2870 3328 2937 Amorrhteorum,
3341 2874 3434 2943 qui
3445 2870 3704 2926 habitabant

448 2955 949 3025 philosophicorum
991 2951 1338 3023 dogmatum,
1368 2948 1462 3019 qui
1503 2946 1776 3003 contrarie
1805 2943 2044 2999 sentiunt

2148 2961 2202 3016 in
2228 2962 2648 3017 Asasonthamar
2674 2960 2825 3034 (Gen.
2856 2962 2990 3033 xxv).
3025 2962 3085 3018 In
3113 2964 3201 3020 his
3228 2965 3412 3035 primo
3438 2962 3704 3019 locisAma-

451 3057 613 3119 atque
662 3055 829 3119 agunt
877 3046 1001 3101 ﬁdei
1050 3043 1353 3101 catholicas.
1403 3040 1511 3097 Sed
1558 3053 1735 3110 neque
1770 3036 2044 3093 silendum

2148 3052 2229 3109 lec
2285 3054 2506 3109 memini
2557 3053 2917 3109 nominatum.
2977 3052 3086 3110 Sed
3132 3057 3443 3125 requiratur
3473 3052 3701 3119 fortassis,

450 3144 708 3210 arbitror,
731 3143 878 3213 quod
912 3142 966 3196 in
997 3140 1323 3210 quibusdam
1350 3134 1754 3206 exemplaribus
1775 3132 1865 3187 hic
1891 3130 2044 3185 locus

2148 3152 2328 3200 utrum
2359 3145 2478 3202 dum
2500 3154 2687 3218 gentes
2716 3147 2956 3216 ejusdem
2974 3149 3211 3204 nominis
3240 3149 3540 3206 habeantur
3561 3168 3571 3202 :
3595 3162 3706 3217 quo-

449 3238 524 3292 ita
551 3236 751 3305 legitur
776 3253 789 3287 :
818 3231 1110 3303 Exsurget,
1141 3230 1335 3301 inquit,
1367 3228 1553 3294 Iacob,
1585 3237 1632 3282 et
1658 3224 1835 3297 perdet
1858 3222 2044 3277 libera-

2148 3238 2294 3294 niam
2343 3215 2562 3309 quidem
2613 3248 2669 3295 et
2702 3215 2756 3293 in
2799 3238 3044 3309 catalogo
3092 3239 3328 3296 ﬁliorum
3358 3241 3517 3306 Esau,
3552 3215 3706 3295 etdu-

452 3335 564 3380 tum
587 3325 651 3378 de
681 3323 908 3377 civitate.
937 3322 1050 3376 Nec
1078 3322 1137 3376 in
1165 3321 1269 3375 hoc
1295 3320 1491 3386 solum,
1527 3319 1623 3373 sed
1649 3318 1705 3372 in
1732 3315 1879 3372 omni
1904 3328 2044 3385 pene
2147 3346 2271 3385 cum
2311 3331 2403 3400 qui
2434 3346 2502 3387 ex
2524 3330 2642 3399 eius
2666 3346 2864 3403 genere
2886 3331 3306 3400 descenderam,
3338 3332 3564 3389 refertur
3580 3333 3712 3387 Am.

447 3404 768 3490 prophetico
792 3416 797 3423 ⁴
820 3414 959 3486 style
1007 3426 1127 3483 quae
1176 3411 1433 3468 dicuntur
1453 3451 1469 3475 ,
1512 3408 1755 3464 involuto
1808 3405 1944 3462 satis
1990 3410 2047 3459 et

448 3509 681 3565 obscuro
710 3520 961 3563 sermone
991 3505 1261 3562 dicuntur.
1312 3502 1429 3558 Non
1458 3502 1605 3557 enim
1650 3507 1869 3555 sanctos
1897 3510 2049 3568 spre-

447 3605 548 3671 vit,
577 3605 671 3675 qui
716 3605 781 3659 de
811 3603 895 3658 his
938 3601 1104 3658 scribi
1142 3598 1345 3666 voluit,
1376 3608 1439 3654 ut
1461 3598 1643 3669 palam
1670 3596 1869 3652 haecet
1897 3596 2048 3666 pedi-

447 3698 572 3763 bus,
602 3703 660 3749 ut
705 3694 782 3748 ita
813 3682 1012 3759 dicam,
1045 3690 1423 3764 imperitorum
1465 3687 1834 3746 oonculcanda
1877 3701 2049 3758 pone-

448 3794 671 3851 rentur;
704 3782 800 3840 sed
852 3784 929 3838 ita
978 3782 1243 3855 providit,
1293 3789 1355 3837 ut
1404 3796 1528 3837 cum
1580 3778 1795 3850 publice
1843 3779 2048 3833 habere

448 3877 755 3943 videantur,
787 3890 1100 3933 sermonum
1148 3882 1336 3929 tamen
1381 3873 1716 3929 obscuritate
1747 3869 1964 3925 condita
1992 3868 2046 3923 in

448 3970 699 4035 arcanis,
730 3977 786 4024 et
830 3967 886 4023 in
926 3967 1152 4024 secretis
1193 3969 1407 4022 obtecta
1453 3972 1759 4021 serventur.
1793 3962 1863 4017 Et
1904 3975 2051 4016 nunc

449 4064 582 4132 ergo
610 4061 755 4130 quod
801 4060 895 4125 ait,
925 4058 1106 4130 perdet
1152 4057 1434 4112 liberatum
1477 4056 1543 4111 de
1581 4056 1813 4119 civitate,
1846 4052 1956 4108 nisi
1981 4050 2051 4105 ad

451 4154 900 4212 consuetudinem
923 4151 1295 4222 propheticum
1316 4150 1577 4221 respicias
1596 4150 1664 4204 de
1684 4164 1790 4218 qua
1814 4147 2015 4202 dicitur
2033 4159 2048 4199 :

454 4241 946 4314 Omnis'prophetia
977 4258 1081 4295 non
1108 4249 1271 4311 potest
1313 4242 1529 4312 propria
1577 4240 1903 4294 absolutione
1930 4253 2053 4291 con-

453 4342 597 4392 stare
624 4332 677 4408 (1
681 4331 712 4387 I
729 4324 879 4387 Petr.
904 4331 968 4403 ι),
990 4330 1145 4385 valde
1169 4329 1402 4385 diﬁicilis
1426 4329 1700 4384 videbitur
1720 4328 2050 4383 intellectus.

454 4425 746 4482 Videamus
791 4431 978 4481 tamen
996 4466 1011 4492 ,
1040 4422 1087 4479 si
1117 4421 1259 4480 forte
1293 4424 1401 4479 hoc
1428 4422 1592 4478 modo
1632 4422 1838 4493 poterit
1866 4421 2053 4491 expla-

2148 3421 2251 3476 lec.
2285 3420 2362 3475 Ita
2401 3422 2546 3476 enim
2591 3418 2855 3493 scriptum
2894 3431 2979 3479 est
3014 3441 3030 3477 :
3072 3422 3207 3479 Hcce
3236 3434 3357 3480 sunt
3392 3433 3561 3479 autem
3586 3437 3715 3494 gene-

2149 3515 2377 3570 rationes
2418 3514 2565 3570 Esau
2596 3518 2763 3587 patris
2807 3516 3000 3583 Edom,
3050 3518 3107 3572 in
3139 3528 3311 3573 monte
3340 3515 3472 3573 Seir.
3528 3515 3596 3570 Et
3622 3516 3717 3567 hac

2149 3607 2365 3661 nomina
2406 3605 2640 3675 ﬁliorum
2692 3607 2850 3675 eius:
2906 3607 3135 3679 Eliphaz
3194 3607 3336 3677 ﬁlius
3372 3607 3501 3660 Δότε
3553 3602 3720 3658 mris

2149 3696 2332 3763 Esau;
2373 3696 2579 3769 Raguel
2625 3715 2828 3770 quoque
2878 3698 3025 3768 ﬁlius
3061 3698 3329 3753 Basemath
3367 3695 3541 3748 ureris
3584 3692 3720 3763 ejus.

2150 3786 2496 3861 Fueruntque
2517 3788 2617 3858 ﬁlii
2647 3788 2875 3861 Eliphas
2898 3803 2917 3842 :
2966 3788 3211 3855 Theman,
3242 3786 3425 3853 Omar,
3460 3783 3639 3856 Zepho
3677 3792 3724 3838 et

2150 3876 2380 3944 Gathan,
2432 3887 2482 3932 et
2509 3875 2701 3933 Genez.
2758 3877 2893 3934 Erat
2940 3888 3118 3935 autem
3165 3877 3395 3933 Thamna
3449 3876 3722 3931 concubiae

2150 3970 2379 4039 Eliphaz
2412 3971 2513 4041 ﬁlii
2552 3971 2735 4039 Esau,
2778 3989 2896 4045 qua:
2930 3975 3131 4043 peperit
3168 3973 3215 4027 ei
3250 3970 3479 4026 Amalec.
3518 3970 3583 4024 Et
3614 3974 3722 4038 post

2148 4077 2323 4133 pauca
2348 4080 2361 4115 :
2397 4061 2472 4117 Hi
2517 4063 2674 4118 duces
2703 4062 2935 4133 ﬁliorum
2962 4064 3132 4131 Esau,
3173 4063 3274 4134 ﬁlii
3294 4062 3518 4133 Eliphas
3541 4060 3723 4131 primo-

2151 4158 2309 4228 geniti
2338 4156 2507 4211 Esau.
2564 4156 2691 4211 Dux
2718 4155 2970 4224 Theman,
3031 4158 3145 4212 dua:
3187 4155 3372 4222 Other,
3408 4154 3516 4209 duo:
3547 4152 3721 4224 Sephu,

2154 4249 2263 4303 dux
2291 4246 2481 4315 Cenes,
2535 4249 2645 4305 dux
2676 4246 2884 4317 Chore,
2929 4248 3040 4304 dua:
3080 4245 3316 4314 Gothan,
3375 4248 3489 4302 dua:
3539 4243 3725 4301 Amalec

2156 4338 2309 4413 (Gen.
2340 4340 2553 4415 xxxvi).
2611 4340 2709 4397 Hic
2749 4356 2878 4413 ergo
2923 4340 3165 4408 Amalec,
3209 4340 3354 4396 ﬁlius
3394 4340 3500 4395 fuit
3527 4338 3722 4407 Eiiphaz

2153 4434 2499 4505 primogeniti
2533 4434 2628 4489 ﬁlii
2665 4434 2831 4502 Esau,
2874 4443 3135 4521 natusex
3178 4434 3487 4490 concubina
3540 4430 3725 4487 nomine

451 4515 592 4574 nari.
621 4514 912 4574 Civitatem
945 4510 1092 4573 hunc
1120 4515 1384 4571 mundum
1419 4504 1805 4586 intelligamus,
1835 4514 1977 4569 sicut
1996 4521 2052 4568 et
2079 4578 2127 4596 ἢ
2158 4504 2421 4580 Τιιαηιηα,
2447 4522 2555 4580 sed
2577 4527 2865 4582 redeamus
2890 4525 2959 4581 ad
2980 4509 3215 4596 pri'mam
3238 4525 3306 4579 de
3327 4523 3588 4579 Amalech
3604 4535 3727 4577 eom-

452 4612 507 4666 in
553 4602 873 4681 Evangeliis'
901 4611 1102 4668 dicitur
1141 4611 1209 4666 de
1247 4608 1527 4665 luxurioso
1553 4578 1697 4674 ﬁlio,
1734 4578 1824 4681 qui
1854 4606 2049 4677 dilapi-
2074 4578 2129 4639 D
2154 4578 2631 4682 m'emomigném;
3136 4578 3363 4671 suntet
3388 4578 3728 4672 ﬂvenreruntail

454 4702 598 4756 davit
645 4703 996 4759 substantiam
1046 4705 1246 4776 patris,
1290 4703 1416 4775 quia
1463 4704 1713 4769 accessit,
1746 4700 1943 4772 inquit,
1974 4701 2045 4755 ad

453 4796 734 4868 quemdam
776 4799 1089 4868 primarium
1128 4798 1354 4854 civitatis
1394 4799 1450 4852 in
1480 4798 1689 4869 regione
1732 4796 1826 4851 illa
1848 4838 1861 4863 ,
1889 4814 1921 4850 a
1941 4811 2046 4867 quo

455 4897 693 4959 receptus
722 4888 779 4942 in
805 4906 989 4959 agrum
1024 4891 1254 4944 mittitur
1283 4907 1468 4961 porcos
1492 4905 1706 4960 pascere
1742 4888 1895 4961 (Luc.
1927 4888 2044 4960 xv).

455 4982 526 5038 Et
554 4984 669 5039 haec
695 4998 827 5055 ergo
872 4983 1063 5039 civitas
1091 4983 1248 5055 cujus
1274 4985 1361 5039 ille
1392 4983 1685 5055 primarius
1724 4991 1864 5048 erat,
1888 4998 2047 5037 mun-

457 5073 560 5130 dus
586 5073 677 5129 hic
703 5073 1041 5145 intelligitur.
1070 5074 1241 5145 igitur
1262 5076 1330 5131 de
1354 5076 1462 5130 hac
1482 5074 1702 5129 civitate
1729 5073 2044 5140 liberatum,

456 5167 563 5223 hoc
588 5174 674 5221 est
698 5183 861 5237 quem
888 5167 1087 5223 liberat
1116 5168 1388 5235 Christus,
1410 5168 1477 5225 de
1502 5168 1606 5224 hoc
1633 5168 1835 5223 mundo
1857 5167 2050 5238 perdet

458 5272 603 5313 eum.
631 5254 776 5313 Dicit
800 5258 947 5313 enim
985 5258 1076 5313 ei:
1103 5258 1242 5324 Quia
1269 5261 1358 5330 qui
1400 5260 1570 5331 perdit
1616 5260 1850 5314 animam
1893 5275 2044 5313 suam

456 5360 670 5423 propter
691 5368 792 5417 me,
816 5350 1017 5405 salvam
1046 5349 1203 5421 faciet
1246 5367 1360 5404 eam
1390 5350 1607 5422 (Matth.
1638 5352 1773 5423 xvr).
1808 5350 2047 5407 Salutari

458 5455 592 5512 ergo
616 5440 920 5513 perditione
965 5442 1155 5514 perdet
1200 5440 1389 5509 Iesus,
1416 5458 1541 5497 cum
1583 5459 1745 5513 quem
1783 5446 1849 5499 de
1886 5444 2047 5515 hujus

462 5532 648 5587 mundi
673 5533 893 5588 civitate
933 5532 1202 5590 liberavit.
1233 5532 1304 5588 Et
1332 5548 1432 5588 nos
1457 5534 1661 5604 itaque,
1693 5534 1785 5605 qui
1813 5536 1880 5591 ad
1911 5535 2051 5591 salu-

463 5630 572 5677 tem
601 5624 788 5680 venire
818 5626 1091 5695 volumus,
1118 5635 1174 5683 et
1215 5626 1283 5683 de
1313 5626 1416 5681 hoc
1443 5626 1645 5681 mundo
1686 5625 1927 5694 liberari,
1955 5628 2048 5683 de-

461 5710 653 5767 bemus
680 5718 887 5773 animas
925 5726 1141 5775 nostras
1180 5717 1486 5790 perditione
1510 5718 1631 5773 utili
1657 5728 1713 5775 et
1734 5720 2046 5777 necessaria

463 5800 710 5866 perdere.
736 5804 926 5863 Perdit
963 5812 1111 5867 enim
1154 5810 1391 5867 animam
1416 5806 1723 5867 secundum
1740 5809 2041 5880 Christum,

2153 4705 2359 4763 fontem
2400 4706 2609 4777 judicii,
2648 4707 2742 4779 qui
2768 4716 2990 4764 vocatur
3033 4708 3229 4775 Cades,
3276 4709 3611 4766 interﬁcient
3637 4722 3728 4760 omo

2154 4816 2253 4857 nes
2290 4801 2565 4873 principes
2608 4801 2849 4857 Amalec.
2914 4801 3091 4857 Gades
3143 4804 3555 4873 interpretatur
3598 4800 3734 4855 abiis-

2152 4909 2276 4965 gens
2294 4892 2565 4964 populum.
2606 4891 2772 4965 igitur
2800 4893 2856 4948 hi
2885 4894 2977 4963 qui
3027 4900 3392 4949 revertuntur
3415 4895 3487 4949 ad
3521 4902 3733 4949 sanctum

2152 4993 2209 5041 et
2230 4994 2552 5041 convertunt
2592 5002 2651 5043 se
2677 4986 2744 5041 ad
2772 4986 3277 5052 sanctiﬁcationem,
3324 4988 3661 5044 interﬁciunt
3697 4990 3741 5036 et

2146 5077 2424 5146 perimunt
2482 5077 2723 5145 Amalec,
2780 5077 2933 5133 illum
2970 5077 3179 5135 scilicet
3227 5077 3325 5147 qui
3382 5079 3617 5151 ablingit
3658 5090 3740 5146 po-

2147 5165 2354 5236 pulum,
2386 5164 2471 5220 vel
2493 5165 2727 5221 declinat
2764 5167 3042 5238 populum.
3099 5169 3232 5236 Quis
3261 5176 3468 5226 autem
3514 5169 3649 5224 alius
3678 5172 3747 5221 est

2149 5257 2242 5328 qui
2277 5258 2513 5313 declinat
2542 5258 2801 5329 populum
2831 5275 2862 5313 a
2883 5260 3017 5323 Deo,
3047 5260 3153 5315 nisi
3198 5261 3386 5315 virtus
3418 5259 3687 5317 contraria
3705 5264 3749 5309 et

2148 5348 2419 5418 spiritales
2437 5350 2732 5419 nequitias?
2762 5349 2967 5405 Horum
2989 5365 3121 5423 ergo
3142 5350 3463 5423 principes,
3494 5352 3590 5424 qui
3611 5349 3751 5407 sunt?

2145 5439 2227 5497 Illi
2263 5441 2382 5497 sine
2403 5440 2568 5497 dubio
2591 5442 2957 5512 principatus;
2989 5443 3249 5497 adversus
3274 5458 3429 5513 quos
3461 5442 3669 5500 sanctis
3686 5446 3754 5494 est

2148 5531 2478 5589 colluctatio.
2515 5532 2818 5589 Adversum
2848 5533 3186 5605 principatus
3212 5533 3369 5589 enim
3424 5543 3487 5590 ct
3532 5539 3753 5606 potesta-

2147 5632 2249 5690 tes,
2303 5631 2361 5679 et
2386 5625 2575 5679 mundi
2597 5624 2758 5695 hujus
2786 5633 3049 5691 rectores,
3086 5625 3197 5680 sint
3220 5625 3305 5679 eis
3348 5638 3613 5696 agones:
3641 5635 3758 5693 quos

2147 5724 2329 5772 tamen
2350 5732 2610 5787 superare
2658 5734 2768 5775 non
2796 5725 3077 5790 poterunt,
3128 5716 3235 5772 nisi
3260 5725 3680 5773 convertantur
3703 5709 3763 5767 ad

2146 5810 2579 5869 sancimoniam.
2637 5812 2758 5883 ipsa
2818 5809 3178 5868 sanctimonia
3216 5815 3417 5864 tamen
3438 5847 3458 5876 ,
3514 5821 3642 5880 quas
3686 5807 3764 5862 est
