3980 6344
257 287 368 346 761

973 283 1506 344 ENARRATIONES
1543 281 1612 341 IN
1647 280 1908 340 LIBRUM
1943 277 2408 340 NUMERORUM.
2433 263 2519 326 ’ἐς
2549 280 2680 338 LIB.
2718 281 2812 368 m.

3415 299 3432 308 °
3443 286 3547 344 762

257 408 465 474 Cades,
492 405 615 463 fons
640 413 722 463 est
751 402 959 475 judicii.
984 404 1172 461 Omnis
1193 405 1338 460 enim
1359 404 1452 475 qui
1479 419 1539 458 se
1559 403 1626 458 ad
1656 401 1856 459 sancti-
1883 377 1942 464 AI
1957 399 2176 470 pedum,
2222 407 2278 454 et
2307 399 2640 470 serpentium
2658 439 2674 465 ,
2727 399 3011 456 serviendo
3061 407 3325 457 creatura:
3367 404 3547 474 potius

256 503 509 559 maniam
537 499 838 564 convertit,
891 497 1057 553 habet
1087 513 1301 568 semper
1336 505 1464 552 ante
1499 495 1684 550 oculos
1731 509 1858 551 suos

257 595 474 652 fontem
497 593 706 663 judicii.
731 592 998 664 Prospicit
1023 593 1170 648 enim
1191 590 1382 661 judicii
1410 592 1574 657 diem,
1597 599 1650 646 et
1666 588 1858 661 purifi-

255 697 392 744 cato
418 686 582 742 corde
603 693 715 740 tam
739 683 1005 740 malorum
1033 697 1242 754 poenas,
1295 697 1459 753 quam
1481 681 1695 753 piorum
1724 679 1858 734 bea-

257 780 529 836 titudines
549 785 858 834 contuetur.
891 777 960 832 Et
998 777 1115 832 haec
1141 774 1347 830 faciens
1375 788 1563 830 omnes
1593 768 1859 826 Amaleci-

255 881 446 928 tarutu
491 871 763 942 principes
791 869 1086 940 prosternit
1129 876 1186 924 et
1214 867 1416 939 dejicit.
1461 865 1519 921 Si
1561 865 1650 936 qui
1679 872 1857 918 autem

253 981 370 1021 non
418 979 478 1019 se
502 962 872 1018 converterint
905 961 972 1015 ad
1003 959 1196 1026 Cades,
1250 960 1305 1014 id
1339 967 1446 1024 est,
1475 959 1541 1013 ad
1568 956 1858 1013 sanctimo-

251 1057 410 1113 niam
439 1055 751 1124 fontemque
794 1052 1004 1122 judicii,
1040 1065 1216 1120 neque
1263 1049 1502 1104 futurum
1528 1047 1718 1116 judicii
1768 1061 1859 1100 co-

253 1151 440 1222 gitant
464 1149 630 1214 diem,
671 1147 761 1203 isti
797 1146 1027 1219 subjecti
1074 1153 1200 1201 sunt
1235 1143 1570 1216 principibus
1613 1140 1851 1196 Amalec.

250 1241 422 1299 Nunc
447 1250 627 1296 autem
655 1240 934 1296 videamus
970 1247 1026 1295 et
1053 1240 1218 1294 istum
1265 1236 1506 1302 Amalec,
1550 1235 1718 1289 filium
1750 1234 1857 1288 Eli-

248 1333 404 1405 phaz
438 1331 780 1402 primogeniti
830 1330 996 1395 Esau,
1030 1344 1191 1399 quem
1237 1327 1450 1397 peperit
1480 1327 1532 1381 ei
1585 1327 1857 1380 Thaumas

252 1423 568 1478 concubina
590 1437 725 1476 sua:
766 1419 920 1490 cujus
948 1428 1103 1490 pater
1144 1427 1229 1474 est
1263 1416 1507 1488 Eliphaz,
1559 1416 1649 1484 qui
1691 1415 1858 1470 inter-

249 1525 509 1587 pretatur
545 1517 686 1570 Deus
713 1532 796 1569 me
840 1513 1106 1583 dispersit.
1143 1510 1312 1564 Mater
1343 1519 1520 1562 autem
1559 1507 1853 1571 Thamnas,

249 1627 374 1681 qua:
397 1619 454 1665 et
475 1610 592 1680 ipsa
621 1609 796 1680 primo
827 1606 1043 1677 quidem
1088 1611 1171 1658 cst
1198 1603 1441 1671 deneger,
1469 1599 1660 1655 deinde
1690 1599 1857 1652 inter-

247 1709 509 1772 pretatur
559 1697 778 1768 defectio
837 1704 1116 1750 commota.
1173 1693 1240 1748 Et
1278 1692 1587 1747 necessario
1631 1690 1851 1760 utique,

246 1769 343 1865 qui
376 1795 451 1848 ab
493 1793 579 1848 his
609 1792 805 1847 talibus
833 1789 1086 1860 gignitur,
1117 1786 1287 1841 hostis
1317 1794 1398 1840 est
1437 1783 1624 1848 Israel,
1650 1782 1736 1837 vel
1766 1783 1856 1837 de-
1881 1769 1931 1829 Β

245 1887 468 1942 clinans
483 1885 763 1956 populum.
780 1882 994 1936 Primus
1021 1881 1162 1936 enim
1187 1879 1300 1948 ipse
1322 1875 1592 1932 Haehmos
1607 1888 1855 1945 egressos

243 1994 312 2033 ex
349 1977 619 2047 IEgypto,
674 1974 813 2030 bello
840 1986 1125 2043 aggressus
1159 1977 1242 2024 est
1274 1969 1327 2022 in
1368 1966 1678 2037 Raphidim,
1728 1972 1855 2018 tunc

244 2084 374 2124 cum
407 2068 624 2139 Moyses
667 2067 745 2120 ait
789 2065 856 2120 ad
881 2063 1100 2119 Jesum:
1133 2060 1283 2132 Elige
1308 2061 1402 2114 tibi
1428 2061 1564 2112 viros
1591 2067 1638 2111 et
1675 2057 1779 2121 exi,
1804 2065 1854 2110 et

243 2162 479 2231 conﬂige
503 2176 620 2213 cum
647 2158 860 2213 Amalec
885 2157 1112 2210 crastino
1127 2172 1146 2220 ;
1165 2164 1212 2208 et
1233 2170 1348 2208 ecce
1369 2169 1460 2223 ego
1485 2161 1565 2206 sto
1587 2153 1644 2205 in
1669 2151 1855 2205 vertice

248 2253 432 2318 collis,
472 2259 524 2304 et
553 2251 697 2320 virga
732 2249 830 2303 Dei
875 2249 931 2301 in
957 2263 1117 2300 manu
1148 2261 1265 2298 mea
1290 2245 1409 2296 erit.
1447 2242 1513 2296 Et
1550 2242 1672 2312 fecit
1697 2242 1854 2296 Jesus

244 2349 382 2402 sicut
414 2346 552 2400 dixit
584 2345 630 2398 ei
661 2343 870 2412 Moyses
893 2383 907 2406 ,
939 2350 987 2394 et
1017 2338 1252 2408 conﬂixit
1297 2354 1414 2391 cum
1439 2334 1674 2390 Amalec.
1707 2334 1856 2404 Moy-

243 2458 326 2496 ses
355 2447 538 2493 autem
572 2445 618 2491 et
645 2435 847 2499 Aaron,
878 2443 927 2489 et
954 2431 1098 2498 Har,
1125 2430 1470 2486 ascenderunt
1507 2430 1562 2482 in
1613 2428 1853 2483 verticem

245 2531 421 2586 collis.
473 2529 544 2582 Et
570 2528 766 2599 factum
801 2534 877 2580 est
924 2535 980 2580 ut
1030 2540 1149 2578 cum
1182 2521 1373 2577 levaret
1404 2536 1592 2575 manus
1622 2519 1850 2588 Moyses,

245 2620 600 2677 invalesceret
660 2616 852 2673 Israel.
927 2613 1061 2670 Cum
1109 2623 1283 2669 autem
1333 2611 1608 2682 deponeret
1664 2625 1853 2662 manus

243 2733 395 2782 suas,
451 2713 797 2769 invalescebat
850 2709 1100 2764 Amalech
1151 2707 1350 2780 (Exod.
1410 2705 1566 2776 xvn).
1621 2705 1690 2758 Et
1732 2711 1855 2774 post

244 2823 422 2878 pauca
447 2807 649 2862 iterum
673 2804 934 2874 scriptum
959 2810 1061 2867 est,
1087 2801 1211 2872 quia
1237 2800 1494 2870 fugaverit
1513 2796 1670 2850 Jesus
1691 2796 1856 2850 Ama-

248 2898 342 2962 lec,
391 2908 446 2953 et
499 2896 749 2968 papulum
775 2896 890 2966 ejus
923 2892 1098 2964 gladio
1125 2891 1390 2962 dejecerit,
1424 2898 1547 2943 tunc
1597 2905 1715 2942 cum
1748 2887 1854 2940 Do-

247 2992 421 3054 minus
450 2988 646 3044 dixerit
684 2987 754 3041 ad
791 2985 1048 3057 Moysen:
1080 2983 1359 3038 Conscribe
1408 2983 1520 3037 lucc
1561 2982 1629 3036 ad
1653 2998 1853 3036 memo-

248 3086 385 3139 riam
405 3086 467 3138 in
495 3083 669 3148 libro;
705 3091 756 3136 et
783 3082 852 3134 da
899 3082 955 3135 in
979 3081 1195 3134 auribus
1221 3078 1375 3144 Iesu,
1403 3079 1528 3149 quia
1559 3076 1736 3131 delens
1763 3077 1855 3130 de-

249 3176 361 3230 lebo
406 3176 719 3229 memoriam
765 3171 978 3226 Amalec
1028 3172 1092 3226 de
1131 3170 1227 3225 sub
1273 3169 1421 3224 caelo.
1476 3166 1547 3223 Et
1575 3168 1856 3237 a’diﬁcavit

249 3266 465 3338 Moyses
495 3265 663 3320 altare
689 3285 709 3323 :
759 3274 807 3318 et
849 3263 1138 3319 nominavit
1183 3278 1371 3316 nomen
1405 3261 1552 3332 ejus,
1599 3259 1854 3315 Dominus

251 3357 523 3428 refugium
557 3372 750 3422 meum,
791 3363 840 3409 et
871 3356 991 3408 ait:
1033 3353 1173 3421 Quia
1212 3354 1268 3408 in
1305 3369 1465 3407 manu
1494 3351 1728 3417 occulta,
1758 3351 1856 3404 hoc

249 3457 346 3513 est,
378 3445 666 3512 invisibili,
695 3446 954 3500 Dominus
998 3445 1329 3516 expugnabat
1358 3443 1601 3510 Amalec,
1645 3463 1677 3499 a
1703 3459 1859 3514 gene-

250 3539 460 3594 ratione
506 3541 564 3593 in
625 3538 1040 3610 generationem.»
1091 3535 1198 3590 Sed
1229 3537 1283 3590 in
1318 3536 1740 3592 Deuteronomio
1778 3535 1857 3590 ita

249 3633 524 3703 scriptum
545 3639 670 3691 est:
705 3629 967 3684 Memento
1000 3637 1200 3700 quanta
1243 3626 1423 3695 fecerit
1453 3627 1525 3680 ibi
1563 3624 1777 3680 Amalec
1799 3627 1859 3682 in

244 3724 350 3786 via,
380 3731 432 3776 et
469 3721 661 3776 excidit
683 3720 910 3775 caudam
940 3729 1113 3786 tuam,
1153 3734 1332 3773 omnes
1356 3719 1446 3789 qui
1471 3716 1711 3772 laborant
1741 3725 1858 3788 post

244 3825 316 3868 te.
340 3811 422 3864 Tu
437 3820 610 3865 autem
627 3811 890 3864 esuriebas
912 3819 960 3865 et
986 3809 1286 3875 laborabas,
1301 3818 1351 3864 et
1376 3826 1480 3864 non
1502 3808 1674 3863 timuit
1687 3807 1857 3863 Deum

245 3901 438 3972 (Deut.
468 3900 622 3971 xxv).
670 3899 910 3956 Observa
936 3915 1068 3970 ergo
1114 3909 1170 3955 et
1214 3901 1304 3954 hic
1331 3901 1602 3970 quomodo
1637 3900 1856 3956 Amalec

245 3992 470 4050 obstitit
507 3992 694 4047 Israeli
723 3993 778 4046 in
805 3992 911 4058 via,
961 3991 1056 4046 sed
1101 3999 1286 4056 tamen
1329 4007 1435 4046 non
1472 3992 1646 4062 potuit
1697 3999 1860 4062 caput

251 4091 374 4154 ejus
403 4082 750 4148 abscindere,
791 4082 897 4137 nisi
920 4084 1150 4138 caudam
1179 4083 1505 4152 tantumhid
1533 4091 1634 4146 est,
1677 4084 1731 4138 in
1762 4098 1857 4139 eos

251 4178 432 4248 potuit
456 4175 725 4242 obtinere,
756 4176 849 4244 qui
872 4182 1016 4231 retro
1035 4175 1198 4245 positi
1226 4184 1404 4242 erant,
1432 4175 1525 4246 qui
1555 4175 1729 4230 ultimi
1761 4190 1854 4230 se-

257 4269 597 4337 quebantur;
648 4281 749 4322 nec
778 4281 843 4322 ea
887 4281 1008 4336 qua:
1033 4275 1181 4322 retro
1234 4275 1392 4322 erant
1436 4266 1852 4333 obliviscuntur,

259 4361 622 4416 extendebant
645 4374 707 4416 se
735 4359 805 4414 ad
831 4375 895 4414 ea
921 4374 1042 4429 qua:
1071 4359 1256 4415 inante
1283 4366 1428 4414 sunt.
1461 4358 1530 4414 Et
1559 4359 1680 4415 ideo
1702 4367 1850 4430 puto,

261 4455 383 4525 quia
435 4453 696 4508 Dominus
753 4453 1100 4522 praecipiebat
1146 4452 1204 4507 in
1247 4451 1558 4523 Evangeliis
1611 4452 1799 4507 dicens
1835 4470 1847 4506 :

268 4547 432 4602 Nemo
460 4547 671 4601 mittens
706 4561 923 4600 manum
953 4562 1104 4600 suam
1124 4546 1194 4600 ad
1225 4558 1464 4600 aratrum
1487 4587 1501 4610 ,
1534 4554 1583 4600 et
1610 4554 1746 4600 retro
1772 4563 1852 4600 re-

265 4641 500 4709 spiciens,
549 4647 702 4708 aptus
743 4646 819 4692 est
858 4653 1016 4708 regno
1045 4637 1144 4692 Dei
1181 4637 1333 4708 (Luc.
1376 4638 1476 4709 ιχ).
1531 4638 1595 4692 Et
1632 4639 1847 4694 merito.

265 4726 321 4782 Si
342 4730 491 4784 enim
539 4735 687 4784 retro
716 4727 838 4798 quis
867 4727 1082 4783 intuens
1118 4726 1301 4792 fuerit,
1339 4727 1395 4782 in
1429 4729 1596 4782 cauda
1634 4728 1850 4782 abscin-

267 4821 353 4876 det
393 4839 521 4879 eum
563 4821 804 4877 Amalec.
853 4820 1005 4889 Quod
1037 4823 1135 4890 ait,
1165 4822 1373 4877 initium
1416 4821 1646 4892 gentium
1691 4821 1854 4874 Ama-

269 4911 359 4980 lec,
390 4923 605 4972 certum
636 4922 743 4978 est,
777 4914 905 4983 quia
955 4914 1104 4968 nullo
1126 4923 1290 4984 pacto
1318 4914 1385 4967 ad
1415 4913 1564 4968 illum
1598 4911 1690 4982 qui
1725 4919 1852 4966 tunc

271 5009 464 5064 eratin
512 5022 676 5063 carne
716 5005 972 5073 Amalec,
1020 5006 1214 5061 referri
1258 5007 1448 5076 possit.
1499 5005 1684 5075 Neque
1708 5005 1853 5060 enim

272 5100 474 5166 primus
505 5109 624 5155 erat
645 5098 986 5169 antiquitatis
1013 5098 1254 5168 origine,
1289 5097 1386 5152 sed
1427 5097 1494 5151 ad
1524 5097 1854 5152 invisibilem

277 5185 526 5247 Amalech
564 5192 758 5247 melius
795 5190 1078 5257 referetur,
1106 5191 1198 5260 qui
1233 5189 1550 5244 declinando
1577 5189 1801 5259 populos
1823 5204 1854 5243 a

277 5275 402 5345 Deo,
431 5291 490 5338 et
513 5281 761 5339 faciendo
786 5281 1033 5354 gentiles,
1063 5297 1132 5337 ex
1164 5281 1260 5336 Dei
1304 5279 1600 5336 cultoribus
1635 5281 1857 5336 Amalec

281 5372 599 5428 nominatur.
655 5373 723 5428 Et
750 5373 872 5427 inde
922 5381 1072 5428 recte
1101 5372 1313 5427 initium
1343 5371 1584 5442 gentium
1632 5372 1853 5440 dicitur,

281 5461 425 5526 quasi
456 5462 581 5516 talis
628 5463 872 5532 quaedam
903 5463 1078 5519 virtus
1105 5463 1374 5518 contraria
1403 5477 1523 5532 quae
1544 5463 1718 5534 prima
1747 5465 1853 5519 ini-

286 5545 409 5602 tium
433 5552 660 5620 dederit,
707 5563 766 5608 ut
792 5554 1040 5610 homines
1075 5555 1302 5627 gentiles
1329 5555 1552 5623 fierent,
1594 5559 1855 5616 mutando

287 5636 502 5704 gloriam
531 5646 950 5716 incorruptibilis
981 5647 1076 5703 Dei
1123 5648 1180 5702 in
1207 5647 1617 5706 similitudinem
1667 5651 1858 5722 imagi-

290 5725 372 5782 nis
389 5736 753 5806 corruptibilis
789 5738 1026 5796 hominis
1073 5747 1129 5796 et
1175 5739 1480 5812 volucrum,
1529 5750 1588 5800 et
1611 5744 1854 5816 quadru-

1959 507 2122 563 quam
2167 491 2422 547 creatori.
2460 489 2614 546 Sicut
2658 490 2806 546 enim
2835 490 2889 546 in
2917 492 3112 562 populo
3143 493 3237 549 Dei
3283 495 3548 566 scriptum

1958 591 2061 650 est,
2098 584 2310 638 initium
2341 583 2610 651 Christus,
2641 584 2740 650 sic,
2773 599 2804 640 e
2830 587 3126 651 contrario,
3151 587 3204 642 in
3233 589 3431 660 p0pulo
3452 590 3546 660 qui

1959 676 2192 732 declinat
2235 692 2266 730 a
2293 677 2405 732 Deo
2430 684 2486 732 et
2513 677 2728 748 gentilis
2750 677 3000 746 edicitur,
3031 679 3244 735 initium
3269 692 3355 738 est
3381 682 3546 740 Ama-

1958 767 2084 825 lec:
2136 769 2289 840 cujus
2338 778 2580 826 extrema
2628 771 2954 842 perdentur,
3005 773 3111 828 hoc
3159 782 3244 829 est
3284 775 3406 830 linis
3429 777 3547 847 ejus

1955 867 2061 922 erit
2088 881 2258 932 mors,
2295 880 2401 919 non
2428 865 2532 920 ista
2560 865 2776 935 quidem
2807 881 3103 936 corporea,
3135 868 3230 923 sed
3261 867 3350 922 illa
3382 869 3546 940 spiri-

1957 957 2079 1012 talis
2103 972 2222 1026 quze
2251 963 2510 1026 perpetua
2536 965 2637 1010 est.
2669 955 2816 1020 Sive,
2841 964 2900 1010 ut
2927 956 3031 1012 alia
3057 957 3225 1014 editio
3253 959 3436 1025 habet,
3468 978 3550 1016 sc-

1957 1065 2075 1102 men
2099 1064 2281 1102 eorum
2311 1046 2514 1118 peribit.
2571 1045 2768 1102 Semen
2799 1063 2990 1103 eorum
3039 1058 3128 1105 est
3173 1051 3455 1121 persuasio
3490 1060 3548 1107 et

1957 1141 2224 1204 doctrina,
2275 1154 2381 1210 qua
2429 1139 2732 1194 docuerunt
2777 1140 3025 1195 homines
3051 1140 3324 1196 declinare
3357 1158 3388 1196 a
3417 1143 3548 1197 Deo.

1955 1231 2103 1288 Istud
2149 1247 2278 1302 ergo
2309 1246 2493 1286 semen
2518 1231 2740 1297 malum,
2774 1240 2828 1286 et
2856 1231 3100 1286 doctrina
3130 1235 3389 1303 pessima,
3440 1251 3549 1290 non

1957 1323 2061 1394 ipsi
2099 1324 2152 1377 in
2191 1324 2387 1393 quibus
2435 1324 2759 1379 seminatum
2793 1333 2894 1390 est,
2934 1325 3208 1394 peribunt.
3262 1327 3366 1396 ipsi
3406 1327 3551 1381 enim

1957 1435 2080 1476 cum
2109 1421 2356 1475 conversi
2397 1419 2780 1491 ingemuerint,
2834 1419 2968 1474 salvi
2997 1429 3175 1475 erunt.
3223 1420 3293 1474 Et
3319 1421 3464 1485 vide,
3505 1419 3552 1476 si

1955 1529 2064 1568 non
2096 1512 2220 1567 talis
2241 1511 2530 1581 expositio,
2559 1512 2724 1567 etiam
2755 1511 2861 1568 illis
2886 1512 3271 1568 convenienter
3299 1512 3550 1576 obsistat,

1957 1605 2050 1674 qui
2084 1603 2256 1658 Deum
2305 1603 2440 1674 legis
2469 1603 2616 1658 velut
2663 1604 2875 1660 duritia:
2920 1612 2976 1658 et
3009 1604 3345 1660 crudelitatis
3390 1620 3553 1660 accu-

1959 1705 2114 1761 sant;
2149 1697 2240 1766 qui
2281 1713 2387 1751 non
2427 1697 2600 1752 solum
2641 1706 2854 1768 gentem
2911 1699 3160 1764 Amalec,
3213 1701 3307 1755 sed
3350 1708 3405 1754 et
3456 1714 3548 1754 se-

1959 1804 2081 1844 men
2105 1788 2224 1858 ejus
2242 1789 2556 1857 pronuntiet
2580 1789 2905 1865 periturum,
2935 1805 3057 1844 cum
3082 1805 3213 1859 gens
3240 1791 3457 1860 quidem
3484 1789 3552 1845 ad

1957 1882 2230 1952 spiritales
2274 1883 2544 1952 nequitias
2591 1882 2879 1948 referatur,
2909 1899 3092 1939 semen
3133 1901 3264 1939 vero
3287 1886 3426 1955 ejus,
3458 1887 3555 1941 do-

1958 1974 2132 2029 ctrina
2166 1974 2587 2044 supersitionum
2616 1975 2928 2044 gentilium,
2971 1983 3027 2029 et
3053 1975 3228 2030 cultus
3261 1977 3549 2042 idolorum,

1957 2073 2118 2134 atque
2143 2067 2321 2120 omnis
2355 2075 2526 2132 secta,
2578 2082 2698 2136 quae
2743 2082 2773 2120 a
2815 2067 2926 2122 Deo
2975 2067 3228 2138 populum
3281 2068 3556 2124 declinare

1957 2156 2205 2221 suadeat,
2235 2166 2559 2226 exponatur.
2607 2156 3009 2212 Commemorat
3045 2168 3226 2212 autem
3271 2159 3556 2228 prophetia

1956 2257 2080 2320 post
2129 2248 2350 2304 Amalec
2379 2291 2393 2316 ,
2441 2251 2682 2305 Cinzeum
2735 2251 2922 2307 dicens
2963 2271 2975 2306 :
3025 2250 3165 2306 Vidit
3216 2269 3420 2323 quoque
3465 2252 3556 2307 Ci-

1957 2359 2152 2408 nteum,
2180 2351 2228 2396 et
2267 2351 2536 2412 assumpta
2572 2343 2827 2413 parabole
2853 2345 2926 2398 ait
2954 2357 2972 2396 :
3023 2343 3313 2398 Robustum
3339 2345 3554 2414 quidem

1955 2441 2030 2486 est
2060 2432 2457 2487 tabernaculum
2485 2443 2654 2499 tuum,
2699 2435 2790 2489 sed
2838 2435 2884 2489 si
2933 2436 2988 2490 in
3016 2444 3165 2507 petra
3211 2437 3447 2503 posueris
3475 2437 3556 2490 ni-

1956 2523 2083 2578 dum
2105 2533 2274 2591 tuum,
2321 2534 2368 2580 et
2399 2525 2563 2594 fueris
2587 2526 2779 2582 electus
2826 2529 2892 2582 de
2919 2530 3078 2600 stirpe
3128 2528 3277 2595 Ceni,
3314 2529 3555 2600 quandiu

1955 2619 2148 2687 poteris
2185 2621 2532 2688 permanere?
2585 2619 2798 2677 Cinteus
2835 2638 3120 2692 possessor
3145 2625 3558 2694 interpretatur.

1958 2708 2027 2762 Et
2056 2709 2148 2778 qui
2179 2719 2305 2765 sunt
2335 2710 2426 2779 qui
2469 2713 2758 2780 praesentia
2800 2713 3096 2783 possident,
3131 2714 3236 2768 nisi
3263 2715 3320 2768 hi
3350 2715 3443 2785 qui
3471 2715 3554 2770 in-

1959 2800 2118 2870 genio
2149 2801 2428 2870 sapientia:
2468 2803 2742 2858 saecularis
2770 2805 3007 2860 callent?
3035 2804 3138 2872 Qui
3169 2806 3224 2860 in
3266 2807 3370 2860 hoc
3398 2819 3556 2861 vera-

1959 2894 2096 2949 citer
2127 2894 2408 2948 robustum
2449 2894 2552 2950 sibi
2592 2896 2960 2950 habitaculum
2990 2904 3330 2961 construunt,
3368 2897 3416 2956 si
3456 2911 3554 2967 per

1958 2985 2320 3040 humilitatem
2359 2984 2571 3055 parvuli
2601 2986 2742 3056 apud
2768 2987 3090 3056 semetipsos
3118 2986 3247 3042 facti
3295 2995 3439 3052 sunt,
3497 2987 3554 3044 in

1959 3077 2161 3134 Christi
2188 3079 2519 3134 sublimitate
2567 3081 2916 3146 nutriantur;
2962 3081 3008 3135 si
3047 3081 3369 3160 semetipsos
3399 3080 3554 3135 infir-

1959 3189 2076 3228 mos
2104 3172 2362 3238 sentiant,
2389 3181 2444 3228 et
2471 3173 2684 3229 excelsa
2713 3174 3016 3229 humilitate
3042 3175 3270 3246 cogniti,
3323 3175 3557 3229 Redem-

1955 3264 2100 3334 ptori
2146 3263 2433 3324 fovendam
2491 3264 2689 3320 mentis
2734 3264 2988 3320 fiduciam
3047 3272 3269 3335 ponant.
3331 3263 3556 3318 Summa

1955 3373 2066 3412 non
2097 3363 2370 3427 appetant,
2419 3359 2513 3412 sed
2547 3370 2709 3413 omne
2755 3358 2898 3427 quod
2941 3357 3204 3427 praeterit,
3246 3356 3427 3412 cordis
3456 3371 3556 3411 vo-

1956 3450 2068 3504 latu
2097 3450 2501 3506 transcendant.
2542 3450 2835 3506 Videamus
2864 3459 3110 3505 sanctum
3142 3450 3340 3515 virum,
3375 3448 3552 3520 quali-

1959 3551 2042 3596 ter
2075 3541 2130 3594 in
2156 3549 2310 3610 petra
2351 3548 2515 3611 ponat
2543 3541 2730 3595 nidum
2765 3555 2944 3595 suum.
2997 3541 3090 3595 Ait
3115 3541 3262 3596 enim
3293 3557 3306 3593 :
3356 3539 3553 3595 Nostra

1958 3633 2278 3686 conversatio
2308 3634 2363 3686 in
2390 3632 2530 3686 cadis
2555 3642 2649 3686 est.
2681 3633 2748 3686 Et
2765 3649 2980 3688 rursum
3006 3652 3019 3686 :
3061 3633 3166 3698 Qui
3193 3649 3312 3687 cum
3334 3633 3561 3687 resusci-

1958 3721 2086 3774 tavit
2129 3738 2245 3786 nos,
2299 3730 2346 3775 et
2385 3722 2654 3776 considere
2700 3722 2822 3791 fecit
2854 3723 2911 3776 in
2953 3722 3273 3790 caelestibus,
3321 3725 3378 3778 in
3405 3733 3556 3794 petra

1957 3813 2104 3883 ponit
2144 3812 2325 3866 nidum
2353 3811 2478 3883 quia
2523 3812 2755 3882 profecta
2779 3813 2836 3867 in
2856 3814 3096 3884 supernis
3129 3813 3244 3885 ﬁgit
3274 3814 3552 3868 consilium

1959 3902 2127 3976 (Phil.
2175 3903 2280 3970 ιιι).
2321 3901 2438 3957 Non
2462 3903 2575 3958 vult
2603 3911 2840 3958 mentem
2869 3905 2923 3959 in
2953 3903 3096 3960 ﬂuxa
3119 3904 3351 3974 dejicere
3381 3925 3393 3960 :
3445 3921 3556 3961 non

1957 3996 2072 4049 vult
2103 4010 2202 4064 per
2229 3993 2589 4063 abjectionem
2636 3997 3063 4053 conversation-is
3103 3999 3352 4052 humana:
3378 3997 3433 4052 in
3474 3995 3562 4053 ius

1957 4085 2103 4141 limis
2131 4085 2397 4141 habitare.
2441 4086 2593 4143 Tunc
2644 4087 2844 4144 Paulus
2870 4088 3104 4144 fortasse
3134 4089 3187 4144 in
3219 4103 3440 4144 carcere
3471 4098 3554 4143 te-

1958 4179 2210 4242 nebatur,
2261 4193 2384 4233 cum
2431 4193 2489 4234 se
2516 4179 2705 4235 sedere
2736 4195 2858 4234 cum
2909 4179 3128 4236 Christo
3159 4181 3213 4235 in
3241 4181 3554 4237 cmlestibus

1958 4277 2207 4324 testatur.
2271 4267 2376 4324 Sed
2407 4269 2482 4324 ibi
2521 4279 2672 4336 erat,
2719 4271 2811 4326 ubi
2843 4271 3124 4326 ardentem
3169 4269 3284 4340 jam
3313 4256 3551 4328 mentem

1956 4358 2194 4426 fixerat;
2229 4375 2337 4415 non
2366 4359 2475 4417 illic
2500 4362 2593 4416 ubi
2640 4361 2792 4417 illum
2819 4363 3130 4417 necessario
3183 4363 3338 4431 pigra
3377 4365 3554 4420 adhuc

1957 4467 2087 4508 caro
2109 4453 2394 4510 retinebat.
2427 4453 2498 4508 Et
2537 4456 2584 4507 si
2615 4455 2802 4522 fueris,
2830 4454 3034 4522 inquit,
3062 4452 3256 4507 electus
3285 4453 3350 4506 de
3391 4454 3552 4526 stirpe

1957 4543 2103 4608 Ceni,
2153 4544 2386 4614 quandiu
2409 4544 2602 4614 poteris
2627 4559 2930 4613 permanere
2948 4544 2973 4596 ?
3021 4542 3151 4598 Ceni
3189 4542 3348 4598 nidus
3372 4560 3547 4611 meus,

1955 4635 2067 4689 sive
2111 4634 2383 4703 possessio
2430 4634 2837 4702 interpretatur.
2906 4633 2974 4689 At
3029 4634 3084 4688 hi
3124 4634 3217 4704 qui
3253 4635 3455 4691 fuerint
3483 4638 3551 4691 de

1954 4727 2127 4794 stirpe
2165 4724 2294 4779 Ccui
2328 4724 2508 4790 electi,
2563 4727 2665 4781 hoc
2695 4734 2778 4780 est
2825 4727 2892 4780 de
2943 4726 3269 4795 sapientium
3299 4742 3546 4795 numero,

1953 4814 2201 4870 veritatis
2226 4797 2427 4869 fuerint
2452 4816 2566 4870 veri
2598 4815 3012 4887 investigatores
3047 4819 3275 4886 inventi,
3308 4821 3397 4874 diu
3430 4835 3546 4890 pos-

1956 4915 2084 4962 sunt
2107 4921 2446 4977 permanere,
2484 4909 2611 4978 quia
2643 4909 2751 4962 vita
2781 4908 3007 4981 longaevi
3035 4911 3220 4967 vivent
3261 4919 3543 4982 perpetua.

1955 4997 2111 5056 Unde
2153 5015 2253 5070 per
2285 5000 2604 5070 prophetam
2650 4999 2887 5056 dicitur:
2951 5000 3185 5068 Quwrite
3229 5001 3542 5068 Dominum,

1953 5100 2001 5144 et
2035 5091 2161 5145 vivet
2225 5091 2401 5144 anima
2444 5097 2609 5144 vestra
2658 5088 2830 5163 (Psal.
2882 5093 3094 5163 wan).
3148 5092 3215 5146 Et
3265 5091 3392 5146 alibi
3445 5105 3544 5159 per

1953 5183 2128 5253 ipsam
2171 5183 2489 5252 sapientiam
2518 5183 2714 5238 dicitur
2744 5203 2758 5239 :
2815 5184 2919 5251 Qui
2961 5185 3225 5239 elucidant
3256 5199 3356 5248 me,
3384 5183 3545 5237 vitam

1956 5286 2206 5333 wternam
2251 5277 2509 5332 habebunt
2534 5277 2703 5350 (Eccl.
2737 5279 2908 5350 xxiv).
2966 5278 3085 5332 Alia
3145 5285 3325 5330 autem
3375 5276 3543 5331 editio

1957 5370 2038 5425 sic
2066 5369 2265 5424 habet:
2321 5369 2382 5424 Si
2409 5372 2642 5442 posueris
2671 5372 2726 5426 in
2749 5382 2896 5443 petra
2923 5370 3102 5424 nidum
3134 5379 3304 5435 tuum,
3348 5377 3397 5423 et
3427 5367 3543 5438 fue-

1958 5461 2025 5514 rit
2051 5458 2291 5514 tibiBeor
2307 5461 2463 5516 nidus
2487 5463 2716 5529 astutiae,
2745 5463 2947 5533 Assyrii
2973 5461 3233 5531 captivum
3259 5470 3307 5514 te
3327 5459 3540 5516 ducent.

1959 5560 2184 5618 Videtur
2239 5560 2369 5616 mihi
2417 5562 2559 5632 quod
2585 5561 2822 5618 Cinaeum
2869 5574 2976 5614 non
3022 5557 3176 5612 valde
3204 5557 3544 5628 eulpabiliter

1957 5654 2220 5710 nominet.
2265 5654 2384 5723 lpse
2413 5665 2496 5712 est
2543 5655 2684 5710 enim
2726 5654 2812 5709 cui
2849 5653 2905 5709 in
2938 5651 3304 5722 superioribus
3331 5651 3545 5708 dicebat

1961 5744 2130 5804 Saul:
2175 5745 2398 5804 Discede
2433 5748 2498 5804 de
2533 5747 2701 5804 medio
2741 5744 2976 5815 Amalec,
3017 5755 3065 5801 et
3110 5761 3214 5800 non
3251 5744 3544 5818 percutiant
