3890 6340
415 307 522 365 703

1090 298 1154 355 Β.
1193 294 1455 355 MBAN!
1493 292 1715 361 MAURI
1748 287 2070 349 ARCHIEP.
2111 283 2427 347 IOGUNT.
2464 278 2750 343 OPERUM
2782 280 2967 343 PARS
3002 281 3047 339 1.

3575 286 3676 347 Ἰϐι

416 439 491 495 ιε,
509 425 635 499 φά.
661 431 720 479 ιιι
740 418 911 493 ίκὶαὸ
927 414 1342 473 misericordiam
1367 414 1426 467 in
1451 409 1645 477 Israel,
1680 425 1798 465 cum
1824 423 2003 499 ascen—
2028 400 2664 499 AperabuntAssy-rios,
2683 401 2974 499 vastabunt
2993 397 3371 499 Hebraeos,_ad
3385 410 3675 467 extremum

416 497 560 577 deret
598 516 665 572 de
682 512 939 584 Δὶςῃιυ.
978 509 1056 565 De
1079 509 1185 564 hoc
1213 520 1342 578 ergo
1364 512 1422 560 et
1442 519 1587 561 nunc
1609 500 1809 559 dicitur
1826 540 1843 567 ,
1871 497 1999 568 quia

415 612 593 669 valida
624 608 698 665 sit
718 604 983 663 habitatio
1016 602 1155 674 ejus,
1178 600 1224 655 si
1244 606 1412 671 ponat
1431 596 1615 654 nidum
1649 609 1807 651 suum
1828 592 1885 647 in
1907 606 2000 662 pe-

415 715 521 763 tra.
542 705 705 761 Petra
733 701 984 759 Christus
1007 705 1111 754 est.
1140 695 1199 752 Si
1222 710 1352 766 ergo
1370 699 1539 764 ponat
1564 689 1748 746 nidum
1770 702 1929 743 suum
1942 685 1999 741 in

414 807 592 873 petra,
623 796 804 853 valida
830 802 914 851 est
940 790 1204 849 habitatio
1240 788 1378 857 ejus,
1411 786 1457 842 si
1483 794 1663 841 tamen
1694 797 1801 838 non
1826 780 1920 835 ﬁat
1946 778 1999 873 ei

415 870 594 959 Deor,
635 890 796 948 nidus
844 887 1076 945 astutiae.
1129 884 1269 939 Beor
1315 889 1467 952 pater
1501 885 1587 934 est
1617 875 1853 938 Balaam,
1905 870 1998 941 qui

414 990 596 1055 potest
623 980 793 1050 accipi
842 977 898 1034 in
927 989 1158 1047 persona
1188 972 1567 1028 luereticorum
1594 982 1610 1022 :
1660 976 1720 1021 ut
1762 965 1866 1020 hoc
1892 962 1997 1055 dici

414 1053 689 1137 videatur,
715 1069 857 1141 quod
879 1068 1062 1125 salvus
1079 1065 1249 1136 possit
1268 1078 1388 1118 esse
1414 1061 1647 1124 Cimeus,
1678 1057 1724 1112 si
1747 1062 1913 1128 ponat
1942 1053 1997 1111 in

412 1174 569 1237 petra
595 1161 781 1222 nidum
813 1175 993 1225 suum,
1022 1158 1127 1214 hoc
1153 1162 1235 1211 est
1260 1155 1315 1209 in
1339 1151 1556 1209 Christo
1583 1148 1809 1204 collocet
1844 1160 1997 1216 spem

415 1246 605 1322 suam,“
642 1264 698 1312 et
742 1270 851 1313 non
874 1265 999 1309 cum
1048 1247 1425 1304 haereticorum
1455 1239 1754 1298 circumdet
1795 1246 1851 1293 et
1893 1237 1997 1293 cir-

414 1348 744 1404 cumscribat
770 1343 987 1401 astutia.
1010 1340 1147 1397 Nam
1177 1341 1222 1394 si
1248 1340 1351 1394 hoc
1372 1336 1563 1401 fuerit,
1587 1332 1719 1388 nihil
1748 1332 1797 1391 ei
1841 1330 1998 1403 prod-

412 1440 538 1506 erit,
559 1438 699 1509 quod
729 1439 783 1491 in
806 1444 985 1507 petra,
1009 1432 1101 1504 qui
1130 1439 1211 1486 est
1237 1430 1505 1493 Christus,
1530 1425 1823 1481 collocatus
1849 1424 1996 1478 vide-

412 1538 518 1585 tur.
574 1530 659 1584 Ab
690 1528 931 1600 Assyriis
962 1527 1107 1583 enim
1138 1523 1520 1595 captivabitur,
1556 1519 1812 1589 malignis
1850 1516 1994 1571 scili-

410 1629 498 1676 cet
524 1620 817 1675 virtutibus
850 1636 971 1689 quat
994 1634 1088 1673 eos
1118 1617 1358 1688 captivos
1391 1615 1620 1678 ducunt,
1674 1617 1729 1666 et
1758 1611 1812 1665 in
1837 1618 1994 1682 pote-

409 1720 604 1768 statem
630 1712 917 1783 accipiunt,
943 1726 1078 1782 quos
1094 1710 1383 1766 haereticus
1399 1704 1673 1763 erroribus
1688 1702 1989 1758 Involverit.

409 1802 637 1857 Videtur
678 1780 831 1868 sane,
870 1780 1165 1857 secundum
1210 1801 1351 1855 hanc
1396 1796 1788 1868 expositionem
1824 1809 1989 1864 quam
2017 1780 2066 1842 B

408 1893 475 1949 de
503 1894 684 1949 Cinaeo
714 1893 1000 1959 edidimus,
1029 1902 1076 1946 et
1122 1889 1429 1959 coniunctio
1455 1890 1821 1944 interturbare
1869 1902 1993 1942 sen-

406 2000 549 2041 sum.
580 1984 685 2040 Sed
711 1985 989 2040 sciendum
1010 1992 1094 2039 est
1116 1984 1259 2055 quod
1274 1983 1623 2038 vernaculum
1649 1990 1734 2037 est
1752 1981 1991 2036 Hebrtea:

406 2074 607 2145 linguae
634 2085 682 2129 et
711 2074 1087 2144 conjunctione
1123 2073 1432 2145 frequenter
1463 2072 1565 2139 uti,
1612 2072 1688 2128 ita
1733 2078 1793 2127 ut
1817 2072 1990 2127 inter-

410 2166 538 2223 dum
570 2168 805 2222 abundet
821 2178 875 2223 et
905 2168 959 2223 in
989 2167 1408 2234 necessariis,ut
1437 2166 1492 2221 in
1520 2174 1993 2236 nostra'apparere

406 2256 587 2329 lingua
616 2260 861 2314 videatur
899 2259 1124 2315 inserta.
1165 2258 1320 2327 Quod
1361 2259 1545 2329 utique
1571 2274 1695 2315 cum
1718 2257 1875 2314 venia
1901 2273 1993 2312 ac-

402 2351 709 2422 cipiendum
731 2360 833 2408 est.
866 2351 1041 2407 Habet
1064 2353 1208 2408 enim
1231 2368 1566 2423 unaquaeque
1588 2351 1769 2423 lingua
1790 2351 1993 2423 aliquid

400 2444 771 2513 proprietatis,
818 2446 964 2514 quod
1015 2444 1154 2514 apud
1195 2443 1329 2499 alias
1381 2443 1590 2514 linguas
1628 2426 1992 2501 vitiosumvi-

401 2533 614 2589 deatur.
650 2534 720 2588 Et
743 2534 832 2590 hic
851 2549 981 2606 ergo
1005 2543 1053 2589 et
1077 2532 1383 2603 conjunctio
1412 2534 1568 2605 quasi
1597 2533 1875 2589 abundans
1899 2532 1993 2589 ba-

399 2622 574 2679 benda
600 2631 686 2679 est
712 2632 769 2680 et
796 2624 1088 2695 superﬂua.
1121 2625 1325 2681 Caveat
1351 2641 1481 2697 ergo
1509 2625 1739 2690 Cinatus,
1783 2625 1874 2695 qui
1902 2625 1987 2680 in-

398 2723 730 2787 terpretatur
755 2717 1046 2788 possidens,
1076 2726 1284 2784 caveat,
1316 2718 1560 2788 inquam,
1587 2719 1754 2773 etiam
1783 2718 1827 2772 si
1859 2732 1990 2789 pos-u-

398 2809 575 2864 sideat
615 2816 670 2863 et
708 2820 1082 2878 promereatur
1121 2810 1281 2866 istam
1315 2809 1565 2882 gratiam,
1600 2809 1742 2865 utin
1798 2809 1986 2864 Eccle-

398 2900 478 2956 sia
528 2899 731 2955 Christi
772 2900 878 2965 sit,
906 2916 975 2955 ue
1003 2900 1143 2956 forte
1170 2902 1371 2957 astutia
1417 2901 1555 2956 Beor
1600 2900 1989 2957 circumveniat

396 3005 545 3057 eum,
576 2998 634 3046 et
670 2991 904 3047 declinet
931 2992 1001 3046 ad
1025 2993 1278 3064 dogmata
1329 3008 1497 3064 prava
1529 3002 1583 3048 et
1609 3008 1886 3064 perversa,
1934 3002 1991 3050 et

397 3084 468 3139 ab
498 3084 601 3139 hoc
629 3086 874 3141 tradatur
896 3085 1161 3157 Assyriis.
1208 3087 1311 3155 Qui
1339 3087 1485 3143 enim
1525 3087 1907 3157 blasphemant
1932 3087 1989 3143 in

395 3174 640 3233 Ecclesia
679 3177 864 3246 positi,
892 3177 1179 3232 traduntur
1200 3177 1418 3233 Satanae
1443 3196 1457 3233 :
1490 3180 1630 3234 sicut
1652 3178 1906 3250 Phigelus
1932 3188 1985 3235 et
2013 3164 2058 3233 C

397 3266 787 3339 Hermogenes,
840 3270 905 3324 de
936 3269 1131 3340 quibus
1157 3269 1354 3327 Paulus
1382 3270 1551 3327 dicit:
1587 3272 1731 3338 Quos
1763 3273 1985 3339 tradidi,

396 3357 593 3428 inquit,
636 3357 874 3426 Satanae,
910 3369 967 3415 ut
1011 3360 1215 3421 discant
1244 3379 1348 3417 non
1394 3348 1749 3435 blasphemare
1770 3363 1821 3436 (1
1849 3363 1980 3419 Tim.

395 3455 484 3528 ιι).
530 3456 825 3528 Propterea
856 3474 985 3531 ergo
1025 3459 1262 3535 Assyriis
1299 3462 1550 3528 traditur,
1594 3462 1721 3532 quia
1752 3461 1986 3521 declina-

394 3547 538 3604 verit
567 3548 621 3605 in
653 3548 962 3609 hmreticam
987 3551 1400 3622 blasphemiam,
1431 3553 1556 3623 quia
1583 3551 1790 3625 Assyrii
1818 3554 1986 3609 inter-

393 3648 683 3712 pretantur
709 3640 1010 3713 dirigentes.
1065 3642 1132 3697 Et
1157 3644 1227 3698 ob
1269 3644 1374 3698 hoc
1425 3643 1713 3699 traduntur
1760 3643 1860 3708 eis,
1891 3645 1985 3717 qui

394 3733 684 3789 traduntur
718 3748 827 3789 non
870 3743 931 3789 ut
953 3744 1213 3806 pereant,
1260 3752 1435 3808 neque
1480 3744 1539 3791 ut
1572 3738 1788 3806 penitus
1817 3738 1984 3794 inter-

394 3835 553 3892 eant,
585 3826 679 3880 sed
709 3834 770 3883 ut
798 3826 1103 3898 dirigantur
1122 3836 1178 3883 et
1201 3829 1564 3900 corrigantur,
1595 3837 1650 3884 et
1682 3829 1825 3885 sicut
1852 3829 1986 3883 Pau-

393 3915 479 3970 lus
498 3916 615 3986 ipse
650 3916 805 3984 dicit,
834 3928 889 3972 ut
914 3918 1119 3973 discant
1149 3936 1253 3974 non
1285 3917 1661 3991 blasphemare.
1700 3918 1830 3973 Post
1865 3920 1983 3974 haec

391 4020 522 4063 vero
551 4006 770 4062 Balaam
816 4010 1117 4083 prophetiae
1145 4026 1257 4067 sua:
1296 4026 1607 4068 sermonem
1638 4010 1692 4067 in
1736 4011 1821 4069 bis
1850 4026 1982 4067 con-

394 4098 562 4154 cludit
584 4100 771 4155 dicens
796 4118 811 4154 :

463 4190 845 4262 Assumptaque
892 4194 1145 4263 parabole
1190 4214 1327 4263 sua,
1378 4199 1567 4253 iterum
1611 4199 1818 4254 locutus
1860 4209 1997 4258 est:.

393 4279 551 4334 Heu!
577 4280 694 4351 quis
721 4281 949 4338 victurus
980 4294 1078 4349 est,
1106 4288 1315 4356 quando
1346 4290 1446 4343 ista
1470 4289 1626 4358 faciet
1650 4290 1836 4345 Deus?
1889 4290 1980 4346 Ve-

392 4372 532 4427 niant
565 4374 619 4428 in
659 4374 904 4429 trieribus
932 4374 999 4434 de
1027 4374 1211 4442 Italia,
1253 4381 1570 4450 superabunt
1598 4383 1862 4453 Assyrios,
1889 4401 1980 4438 ua-

390 4463 597 4519 stabant
647 4465 926 4535 Ilebrtros,
978 4468 1047 4523 ad
1074 4478 1361 4525 extremum
1388 4481 1561 4527 autem
1585 4474 1682 4545 ipsi
1709 4476 1969 4546 peribunt.

391 4555 542 4622 Quod
572 4573 669 4626 per
710 4560 916 4630 singula
954 4577 1053 4631 per
1098 4564 1412 4633 parabolam
1460 4564 1605 4637 loqui
1641 4568 1837 4624 dicitur
1859 4568 1967 4626 Ba-

389 4649 552 4713 laam,
602 4649 799 4719 legenti
837 4654 1032 4710 incutit
1070 4657 1356 4726 pudorem,
1389 4673 1459 4715 ne
1479 4660 1610 4729 quid
1637 4660 1691 4716 in
1736 4662 1819 4718 his
1848 4678 1968 4733 quae

390 4742 662 4805 dicuntur,
691 4759 796 4797 non
822 4746 976 4813 quasi
1002 4747 1055 4801 in
1078 4749 1354 4818 parabola,
1392 4751 1485 4805 sed
1510 4754 1803 4809 secundum
1825 4754 1971 4811 litte-

389 4848 507 4886 ram
534 4833 735 4887 dictum
760 4844 927 4904 putet.
957 4831 1047 4895 Ait
1074 4854 1202 4910 ergo
1227 4858 1241 4896 :
1273 4841 1317 4896 0
1343 4842 1466 4910 quis
1496 4843 1641 4899 vivet
1677 4859 1800 4900 cum
1826 4842 1970 4901 lece-

389 4924 460 4977 rit
487 4924 599 4978 haac
627 4924 809 4978 Deus?
859 4925 958 4983 Hic
984 4929 1147 4984 vitam
1178 4947 1284 4987 non
1309 4933 1450 4987 hanc
1477 4949 1840 5003 communem,
1873 4937 1966 4991 sed

387 5013 536 5068 illam
559 5014 801 5069 nominat
828 5030 948 5084 quae
986 5022 1219 5076 secunda
1245 5032 1347 5077 est.
1377 5023 1445 5077 Et
1480 5023 1584 5078 hoc
1611 5033 1693 5079 est
1722 5025 1868 5093 quod
1889 5026 1969 5081 di—

388 5106 483 5170 cit,
519 5106 645 5175 quia
673 5106 796 5161 dum
826 5107 940 5162 haec
976 5110 1154 5164 omnia
1196 5112 1348 5180 ﬁent,
1380 5130 1505 5171 cum
1534 5116 1740 5172 orietur
1762 5124 1969 5171 astrum

387 5213 452 5251 ex
478 5194 663 5263 Jacob,
712 5205 767 5253 et
816 5199 1054 5254 surrexit
1106 5200 1265 5257 homo
1290 5206 1354 5260 de
1379 5207 1576 5274 Israel,
1625 5216 1681 5263 et
1710 5209 1969 5265 deleverit

386 5289 643 5355 Amalec,
685 5299 744 5346 et
774 5306 958 5348 semen
1008 5291 1126 5361 ejus
1168 5296 1494 5365 perdiderit,
1539 5300 1644 5355 hoc
1688 5307 1788 5371 est,
1840 5317 1963 5358 cum

359 5384 667 5468 advenerit
695 5384 966 5451 Christus,
1005 5395 1058 5440 et
1092 5385 1358 5442 idolorum
1388 5391 1590 5447 cultum
1613 5394 1963 5461 destruxerit,

386 5484 549 5546 atque
610 5480 848 5534 omnium
910 5480 1214 5535 daemonum
1269 5479 1557 5547 subjecerit
1616 5494 1961 5555 potestatem,

387 5569 508 5636 quis
535 5569 641 5623 erit
670 5569 757 5624 ille
787 5578 896 5624 tam
926 5571 1132 5634 beatus,
1164 5579 1274 5626 tam
1318 5569 1465 5636 felix,
1497 5574 1588 5643 qui
1626 5574 1740 5630 lucc
1764 5577 1965 5645 videat,

387 5659 492 5714 hoc
515 5670 620 5726 est,
658 5662 748 5731 qui
778 5664 975 5717 sentiat
1002 5673 1057 5719 ct
1084 5664 1349 5735 intelligat
1378 5672 1430 5718 et
1455 5664 1657 5731 credat,
1703 5669 1826 5737 quia
1850 5669 1965 5726 haec

391 5757 467 5817 tta
510 5750 695 5811 fecerit
725 5753 911 5819 Deus?
962 5755 1192 5821 Venicnt
1216 5757 1272 5821 in
1303 5755 1559 5821 trieribus
1583 5757 1651 5815 de
1676 5757 1847 5833 italia,
1875 5777 1966 5821 su-

1997 4528 2053 4589 D

2101 497 2264 552 etiam
2294 495 2395 565 ipsi
2418 494 2694 569 peribunt.
2733 493 2847 548 Hoc
2874 501 3136 565 quantum
3164 496 3235 551 ad
3258 495 3495 553 litteram
3514 504 3674 572 peni.

2098 596 2214 655 net,
2246 587 2539 659 praedicere
2568 587 2782 643 videtur
2801 602 2952 641 more
2980 587 3319 658 prophetico,
3367 592 3512 661 quod
3532 592 3673 663 juxta

2098 689 2308 752 tempus
2358 681 2747 736 incarnationis
2798 679 3045 746 Domini,
3104 680 3473 740 Romanorum
3501 687 3668 757 duces,

2098 772 2166 828 de
2197 771 2351 829 [talia
2383 789 2506 828 cum
2557 773 2800 828 exercitu
2848 773 3261 845 progredientes
3289 816 3304 842 ,
3338 776 3671 851 Assyriorum

2097 880 2319 936 regnum
2347 874 2509 935 atque
2537 863 2908 930 Hebraeorum,
2954 880 3055 920 nec
3083 880 3188 920 non
3219 867 3464 922 omnium
3499 870 3673 927 Orien-

2097 957 2283 1013 talium
2303 957 2624 1030 populorum
2638 966 2976 1028 superantes,
2996 957 3051 1011 in
3074 972 3232 1013 suum
3251 958 3550 1016 dominium
3564 978 3670 1017 con-

2096 1051 2306 1109 versuri
2334 1058 2496 1117 sunt;
2526 1050 2617 1120 qui
2646 1060 2700 1105 et
2725 1050 2826 1119 ipsi
2866 1058 3057 1121 postea
3082 1050 3260 1122 ipsum
3288 1066 3517 1121 regnum
3534 1052 3668 1125 juxta

2095 1144 2435 1217 prophetiam
2487 1143 2727 1198 Daniclis
2764 1144 3038 1213 perdent:
3095 1143 3221 1215 quia
3271 1145 3569 1200 secundum
3598 1146 3668 1201 vi-

2097 1237 2303 1293 sionem
2357 1244 2587 1302 statum,
2640 1250 2769 1307 pars
2813 1235 3059 1305 qumdam
3094 1234 3291 1305 pedum
3339 1235 3520 1291 ferrea
3566 1234 3667 1303 fuit,

2093 1346 2223 1402 pars
2270 1345 2400 1385 vero
2453 1328 2699 1401 quiedam
2758 1328 2957 1383 ﬁctilis.
3020 1326 3329 1383 Secundum
3375 1329 3668 1401 allegoriam

2097 1433 2300 1491 autem,
2349 1423 2619 1495 signiﬁcat
2647 1423 2986 1477 Dominicum
3018 1420 3308 1477 adventum
3337 1422 3393 1476 in
3424 1422 3530 1479 ﬁne
3558 1433 3669 1478 tem-

2095 1534 2318 1591 porum,
2360 1518 2501 1589 quod
2529 1517 2877 1574 occidentalis
2905 1532 3034 1588 pars
3069 1516 3222 1571 urbis
3258 1515 3479 1587 ﬁgurat,
3511 1517 3666 1570 omnia

2096 1629 2261 1685 regna
2286 1613 2503 1680 mundi,
2531 1613 2707 1683 gladio
2735 1612 2975 1683 spiritus,
3009 1612 3112 1667 hoc
3144 1618 3246 1675 est,
3304 1611 3478 1666 verbo
3519 1611 3666 1665 Evan-

2097 1704 2222 1776 gelii
2250 1705 2526 1771 edomare,
2553 1712 2609 1759 et
2654 1721 2685 1759 a
2711 1703 2917 1761 carnali
2943 1718 3105 1758 sensu
3134 1703 3460 1768 avertendo,
3482 1702 3546 1757 ad
3578 1702 3665 1774 spi-

2090 1799 2305 1855 ritalem
2342 1800 2751 1871 intelligentiam
2792 1806 3131 1853 convertere.
3164 1796 3284 1851 Alia
3313 1804 3499 1855 autem
3524 1795 3664 1851 editio

2092 1892 2236 1947 hunc
2262 1891 2438 1947 locum
2486 1892 2565 1947 sic
2595 1892 2801 1949 habet:
2852 1889 3089 1944 Exibunt
3128 1888 3193 1943 de
3236 1888 3484 1943 manibus
3525 1887 3664 1941 Citio-

2093 2001 2231 2050 rum,
2272 1992 2319 2037 et
2348 1984 2569 2055 aﬂligent
2597 1982 2860 2055 Assyrios.
2910 1980 3035 2036 Citii
3081 1980 3511 2053 interpretantur
3528 1979 3663 2050 plaga

2091 2078 2234 2146 ﬁnis.
2261 2077 2326 2133 Hi
2356 2092 2484 2148 ergo
2512 2079 2602 2148 qui
2630 2076 2878 2133 conversi
2906 2078 2974 2131 ad
3005 2075 3296 2131 Dominum
3327 2082 3385 2129 et
3414 2090 3445 2128 a
3474 2074 3661 2130 Christo

2092 2170 2313 2235 eruditi,
2353 2169 2568 2241 plagam
2596 2185 2714 2240 qua}
2744 2170 2799 2225 iu
2826 2168 2931 2225 ﬁne
2958 2167 3141 2225 saeculi
3182 2168 3370 2239 impiis
3400 2167 3566 2223 veniet
3593 2164 3660 2222 ef-

2091 2262 2327 2335 fugiunt,
2380 2263 2483 2334 ipsi
2535 2264 2774 2335 allligent
2814 2263 3072 2335 Assyrios
3115 2282 3130 2317 :
3182 2264 3289 2319 hoc
3338 2272 3439 2331 est,
3485 2262 3536 2317 hi
3573 2259 3655 2333 qui

2090 2357 2147 2412 in
2195 2371 2365 2430 agone
2394 2356 2607 2427 pietatis
2633 2356 2796 2425 positi
2832 2363 3118 2413 conterent
3158 2353 3419 2411 Satanam
3458 2354 3546 2410 sub
3571 2368 3654 2424 pc-

2091 2448 2271 2515 dibus,
2303 2448 2403 2521 ipsi
2426 2446 2662 2521 allligent
2683 2448 2952 2521 Assyrios,
2989 2448 3296 2504 daemonum
3324 2447 3524 2504 scilicet
3545 2462 3657 2519 gen-

2089 2549 2221 2597 tem.
2276 2540 2574 2596 Calcabunt
2602 2556 2835 2612 namque
2871 2557 3034 2613 super
3060 2552 3343 2613 serpentes
3367 2550 3427 2598 et
3449 2540 3657 2612 scorpio-

2088 2648 2205 2700 nes,
2239 2641 2295 2691 et
2317 2649 2480 2706 super
2514 2650 2731 2690 omnem
2769 2635 3027 2691 virtutem
3056 2634 3309 2699 inimici;
3367 2642 3425 2691 et
3459 2633 3659 2704 aﬁligent

2088 2726 2367 2793 Hebrzeos,
2404 2734 2461 2782 et
2488 2727 2588 2797 ipsi
2620 2728 2826 2799 pariter
2852 2726 3128 2799 peribunt.
3163 2726 3387 2782 Hebraei
3418 2738 3658 2783 transeun-

2087 2828 2162 2873 tes
2192 2819 2636 2889 interpretantur.
2687 2818 2794 2874 Iste
2820 2833 2951 2888 ergo
2979 2818 3093 2890 ipse
3120 2818 3355 2890 populus
3406 2815 3658 2873 etiamne-

2087 2907 2266 2964 brzeus
2290 2908 2508 2975 dicitur,
2532 2908 2660 2979 quia
2689 2908 2884 2963 transit
2918 2908 2985 2963 de
3012 2905 3249 2980 Egypto
3279 2909 3350 2964 ad
3374 2917 3562 2964 terram
3588 2921 3659 2960 re-

2090 3001 2482 3072 promissionis,
2519 2999 2585 3054 de
2617 2999 2855 3055 tenebris
2882 3000 2948 3054 ad
2971 2998 3171 3066 lucem,
3200 2998 3269 3055 de
3297 3008 3475 3056 morte
3513 2997 3574 3052 ad
3592 2995 3659 3051 vi«

2090 3101 2222 3149 tam.
2259 3091 2364 3147 Sed
2392 3090 2651 3161 quoniam
2677 3091 2811 3156 haec,
2842 3099 2902 3145 ut
2924 3088 3183 3157 diximus,
3213 3106 3325 3147 non
3354 3090 3471 3147 sine
3490 3103 3655 3161 agwe,

2088 3201 2197 3241 non
2223 3185 2339 3240 sine
2368 3200 2561 3255 magno
2587 3183 2887 3239 certamine
2916 3183 3115 3253 poterit
3148 3183 3424 3250 obtinere,
3450 3180 3584 3253 quasi
3607 3179 3654 3232 in

2087 3296 2258 3352 agone
2297 3280 2501 3353 potius,
2544 3295 2687 3335 nunc
2713 3278 2918 3351 allligit,
2951 3294 3093 3334 nunc
3122 3277 3418 3351 aﬁligitur;
3461 3288 3514 3333 et
3536 3287 3660 3330 nunc

2086 3374 2245 3429 caedit
2291 3374 2701 3440 adversarium,
2745 3390 2892 3430 nunc
2940 3373 3057 3444 ipse
3085 3374 3153 3427 ab
3210 3373 3521 3429 adversario
3546 3383 3655 3424 ver-

2084 3468 2324 3523 beratur.
2368 3465 2615 3539 Allligent
2646 3482 2776 3538 ergo
2812 3465 2914 3538 ipsi
2951 3468 3116 3522 etiam
3162 3466 3367 3539 Assyrii
3397 3466 3661 3527 ﬂebrzeos,

2084 3557 2191 3621 hoc
2227 3565 2331 3622 est,
2362 3557 2616 3629 pepulum
2647 3557 2765 3624 Dei,
2799 3559 2938 3614 sicut
2970 3556 3276 3629 aliliguntur
3323 3559 3388 3613 ab
3427 3558 3524 3614 eis.
3558 3552 3659 3611 Sed

2084 3650 2209 3726 ipsi,
2251 3650 2304 3706 id
2330 3661 2436 3716 est,
2468 3651 2699 3723 Assyrii,
2740 3667 2867 3707 cum
2893 3651 3009 3707 haec
3040 3650 3281 3716 fecerint,
3308 3660 3493 3705 etcum
3520 3650 3658 3705 vires

2085 3756 2212 3801 suas
2237 3755 2428 3801 omnes
2458 3757 2587 3815 erga
2609 3741 2864 3797 Hebraeus
2886 3739 3188 3813 aﬁligcndos
3213 3739 3511 3801 effuderint,
3539 3747 3655 3793 sta-

2084 3835 2182 3893 tim
2212 3834 2376 3889 etiam
2400 3833 2656 3907 peribunt
2685 3834 2806 3906 ipsi.
2839 3832 2991 3903 Quod
3030 3848 3156 3906 ergo
3193 3832 3303 3887 ait:
3334 3829 3399 3885 Et
3434 3831 3661 3903 aﬂligent

2081 3922 2357 3990 Hebrwos,
2407 3932 2464 3979 et
2508 3925 2609 4001 ipsi
2646 3926 2845 3995 pariter
2878 3924 3147 3995 peribunt,
3174 3940 3281 3979 non
3300 3924 3375 3979 ita
3403 3923 3664 3992 accipien-

2081 4017 2211 4072 dum
2256 4025 2340 4072 est
2364 4058 2380 4084 ,
2432 4018 2589 4089 quasi
2642 4019 2847 4089 pariter
2887 4034 3011 4074 cum
3046 4019 3292 4076 Hehrzeis
3322 4017 3571 4088 peribunt
3606 4023 3657 4070 et

2077 4109 2286 4181 Assyrii
2312 4125 2327 4173 ;
2359 4108 2451 4163 sed
2481 4109 2707 4180 pariter,
2742 4108 2796 4164 id
2829 4104 2935 4176 est,
2966 4109 3154 4164 statim
3182 4116 3245 4162 ut
3276 4108 3393 4163 haec
3422 4105 3655 4169 fecerint,

2076 4212 2138 4259 ut
2171 4203 2426 4258 Hehrmos
2462 4201 2773 4267 aﬁlixerint,
2805 4203 2970 4259 etiam
3012 4202 3115 4272 ipsi
3157 4201 3440 4274 peribunt.
3469 4197 3662 4255 Pariter

2078 4294 2222 4351 enim
2246 4294 2469 4351 Grmcus
2504 4310 2682 4351 sermo
2709 4308 2808 4365 pro
2838 4294 3017 4349 statim
3058 4293 3235 4365 ponit.
3286 4292 3392 4357 Hic
3426 4308 3553 4364 ergo
3575 4290 3667 4349 erit

2077 4387 2203 4443 ﬁnis
2226 4386 2465 4447 omnium
2498 4394 2557 4441 ut
2577 4395 2632 4445 et
2655 4387 2849 4463 Assur,
2875 4388 2963 4444 cui
2992 4386 3366 4443 credebantur
3392 4386 3451 4447 bi
3479 4384 3569 4461 qui
3591 4382 3665 4438 de-

2075 4480 2389 4553 linquebant
2418 4498 2485 4538 ex
2510 4481 2708 4553 populo
2733 4482 2851 4547 Dei,
2882 4482 2969 4537 vel
2999 4482 3052 4543 in
3077 4482 3365 4540 interitum
3398 4481 3600 4546 carnis,
3621 4484 3669 4533 et

2076 4572 2304 4643 Spiritus
2354 4572 2537 4628 salvus
2584 4572 2699 4639 ﬁat,
2750 4572 2835 4627 vel
2869 4580 2929 4627 ut
2964 4573 3241 4631 discerent
3277 4587 3399 4631 non
3440 4571 3669 4644 blasphe-

2074 4678 2245 4719 mare.
2276 4663 2481 4719 Peribit
2507 4664 2655 4719 enim
2686 4663 2803 4733 ipse
2825 4663 2894 4717 ab
2913 4677 2997 4726 eo,
3039 4664 3129 4734 qui
3156 4671 3500 4735 potestatem
3527 4665 3672 4720 habet

2073 4755 2302 4826 perdere
2341 4755 2395 4809 in
2424 4756 2745 4827 gehennam.
2796 4754 3009 4811 Dicitur
3041 4755 3188 4811 enim
3232 4753 3321 4813 eis
3354 4772 3389 4813 a
3419 4754 3570 4827 justo
3600 4751 3668 4824 ju-

2074 4847 2192 4902 dice
2220 4866 2233 4902 :
2278 4846 2359 4903 Ite
2378 4848 2436 4903 in
2475 4848 2648 4918 ignem
2677 4858 2953 4915 (uernum,
2999 4866 3150 4920 quem
3175 4851 3519 4921 prmparavit
3552 4850 3675 4905 Deus

2073 4940 2281 4994 diabolo
2303 4949 2351 4994 et
2383 4938 2581 5012 angelis
2620 4941 2735 5011 ejus
2761 4941 2978 5013 (Matth.
3008 4942 3161 5016 xxv).
3219 4941 3303 4998 lbi
3334 4960 3477 5017 ergo
3498 4944 3677 5019 peribit

2069 5029 2257 5085 Assur.
2310 5030 2378 5086 Et
2406 5032 2622 5101 quidem
2675 5041 2837 5102 prout
2869 5033 3161 5103 aliquando
3210 5040 3264 5087 et
3296 5049 3421 5093 una
3458 5036 3578 5091 ovis
3618 5050 3677 5088 ex

2068 5131 2285 5180 centum
2310 5125 2523 5191 ovibus,
2557 5125 2650 5180 sed
2677 5125 2816 5181 hanc
2845 5141 3006 5185 ovem
3034 5135 3222 5199 pastor
3261 5128 3465 5189 bonus
3489 5128 3679 5187 relictis

2069 5214 2361 5285 nonaginta
2401 5230 2594 5271 novem
2642 5216 2835 5273 ovibus
2882 5217 2939 5274 in
2971 5219 3289 5285 montibus.
3337 5221 3685 5283 descendens

2070 5306 2137 5359 ad
2163 5305 2361 5363 vallem
2379 5347 2395 5372 ,
2424 5307 2567 5365 hanc
2595 5316 2837 5367 nostram
2857 5309 3053 5369 vallem
3084 5309 3503 5383 lacrymarum,
3531 5322 3585 5368 et
3614 5326 3687 5367 re

2069 5396 2290 5467 quirens
2335 5398 2561 5463 invenit,
2612 5407 2775 5471 atque
2809 5400 3121 5477 impositam
3166 5402 3433 5465 humeris
3460 5406 3580 5463 suis
3608 5420 3688 5461 re-

2067 5489 2326 5557 portavit,
2356 5496 2413 5543 et
2458 5488 2536 5545 illi
2570 5505 2818 5558 numero,
2848 5493 2941 5562 qui
2984 5493 3037 5549 in
3063 5493 3462 5564 superioribus
3510 5496 3691 5555 salvus

2068 5581 2355 5647 manebat,
2395 5582 2657 5652 adjunxit.
2712 5584 2819 5639 Iste
2868 5590 3050 5639 autem
3080 5585 3293 5651 Assur,
3343 5589 3449 5659 qui
3498 5589 3557 5645 in
3589 5587 3693 5646 ﬁne

2067 5670 2309 5727 omnium
2362 5671 2559 5728 dicitur
2616 5674 2930 5743 periturus,
2982 5676 3168 5734 nescio
3224 5677 3553 5749 aliquando
3600 5687 3693 5735 aut

2066 5763 2237 5843 quaeri
2260 5764 2454 5845 possit,
2505 5773 2601 5831 aut
2632 5767 2887 5837 inveniri.
2934 5769 3087 5835 Perit
3114 5786 3247 5855 ergo
3293 5787 3430 5839 non
3475 5785 3697 5855 errore,
