3890 6340
180 306 266 365 705
864 288 1399 355 ENABBATIONES
1436 289 1505 347 IN
1541 288 1804 347 LIBRUM
1838 288 2304 350 NUHEBORUI.
2339 319 2411 333 —-
2442 289 2573 349 LIB.
2613 289 2696 348 III.

3298 294 3411 358 76¢

178 424 257 485 sed
290 416 535 491 judicio;
592 427 693 475 nec
737 410 895 484 lapsu
933 416 1113 467 motus
1131 447 1150 481 ,
1195 407 1293 466 sed
1333 404 1741 481 perseverantia
1764 404 1819 469 Α
1840 414 2087 461 curentur
2113 405 2296 480 (Apoc.
2323 404 2407 475 ιι).
2434 404 2578 479 Ergo
2601 402 2933 476 temporibus
2954 404 3177 464 Joannis
3195 410 3424 482 apostoIt

177 518 501 597 perduratus.

235 692 568 764 δευτερείων
615 684 845 743 Balaam
867 723 883 750 ,
938 691 987 739 et
1055 698 1289 739 reversus
1346 688 1423 738 est
1463 681 1523 737 in
1565 681 1739 739 locum

175 802 324 844 suum.
380 783 448 839 Et
486 779 652 836 Balac
696 779 781 834 via
819 794 926 850 qua
969 785 1174 833 venerat
1218 774 1394 829 rediit.
1443 773 1739 846 Postquam

176 857 375 936 Balaam
411 873 749 947 prophetiam
775 885 927 926 suam
968 869 1206 933 ﬁnierat,
1234 865 1432 922 reverti
1459 865 1657 923 dicitur
1683 865 1738 920 in

175 973 325 1027 locant
362 962 543 1032 suum,
587 974 642 1020 et
665 963 829 1018 Balac
862 962 949 1017 via
978 976 1083 1031 qua
1108 967 1334 1015 venerat
1381 958 1594 1023 redire;
1640 970 1739 1011 nec

174 1060 353 1132 aliquid
387 1058 559 1115 hocin
584 1056 705 1111 loco
731 1054 799 1113 de
826 1052 943 1124 ejus
971 1051 1198 1108 consilio
1226 1051 1353 1105 dato
1376 1050 1444 1104 ad
1464 1047 1737 1119 decipien-

173 1156 280 1210 dum
307 1150 475 1208 Israel
501 1157 708 1214 narrat,
749 1146 843 1203 sed
874 1142 1249 1200 tantummodo
1273 1142 1427 1208 dicit,
1462 1142 1605 1213 quod
1636 1157 1735 1212 ap-

171 1245 433 1318 plicuisset
483 1240 647 1298 Israel
697 1239 752 1294 in
781 1236 1008 1302 Sethim,
1045 1243 1099 1291 et
1145 1233 1379 1309 pollutus
1408 1233 1479 1288 sit
1509 1231 1736 1303 populus

170 1337 429 1392 fornicatus
454 1335 523 1389 in"
536 1334 673 1388 ﬁlias
701 1330 858 1386 Moab
882 1369 899 1395 ,
943 1342 1062 1399 quae
1080 1332 1413 1381 vocaverunt
1439 1339 1533 1379 eos
1560 1324 1625 1378 ad
1652 1338 1738 1378 sa-

86 1482 91 1487 .
171 1426 352 1482 criﬁcia
384 1426 651 1481 idolorum
674 1436 934 1486 suorum;
968 1426 1022 1473 et
1048 1416 1395 1473 manducavit
1419 1414 1651 1485 populus
1670 1414 1739 1469 de

171 1518 436 1574 sacriﬁciis
465 1532 650 1573 eorum
679 1555 695 1581 ,
727 1521 785 1568 et
825 1512 1193 1567 adoraverunt
1226 1507 1369 1563 idola
1409 1521 1619 1562 eorum.
1674 1504 1741 1557 Et

170 1617 503 1663 consecratus
550 1614 634 1662 est
660 1604 1013 1675 Beelphegor,
1058 1609 1113 1656 et
1158 1600 1331 1654 iratus
1372 1605 1456 1652 est
1480 1595 1740 1651 Dominus

164 1699 337 1756 furore
379 1708 569 1755 contra
603 1696 792 1753 Israel.
838 1694 896 1750 In
940 1695 1026 1749 his
1077 1691 1382 1748 ostenditur
1431 1688 1559 1745 illud
1594 1687 1738 1758 quod

1842 506 1998 552 erant
2021 499 2239 569 quidam
2262 499 2316 553 in
2338 499 2581 554 Ecclesia
2608 498 2697 556 illa
2722 499 2791 554 ad
2818 514 2986 570 quam
3015 501 3306 571 scribebat,
3331 504 3425 563 do-

1840 599 2028 645 centes
2054 591 2353 645 doctrinam
2380 591 2619 644 Balaam.
2656 590 2921 647 Putas-ne
2947 593 3023 647 ita
3047 595 3422 664 accipiendum

1842 687 1943 745 est,
1973 680 2116 753 quod
2141 680 2342 734 fuerint
2368 680 2422 735 in
2450 680 2553 734 illis
2591 679 2783 735 diebus
2802 722 2816 746 ,
2854 682 2945 752 qui
2975 682 3220 739 dicerent
3245 700 3304 741 se
3330 686 3426 742 do—

1843 789 1966 829 cere
1992 788 2056 829 ea
2086 790 2207 845 qua:
2234 773 2456 829 Balaam
2485 774 2699 839 docuit,
2743 781 2797 830 et
2836 776 2927 846 qui
2955 778 3341 848 proﬁterentur
3365 795 3425 838 se

1844 868 2149 939 dogmatum
2190 877 2245 923 et
2273 868 2623 924 traditionum
2666 868 2808 926 illius
2850 886 2972 927 esse
3009 873 3304 931 doctores?
3337 873 3421 930 An

1843 958 1971 1015 illud
1996 960 2176 1031 potius
2203 960 2462 1015 debemus
2499 961 2810 1028 advertere,
2841 964 2985 1037 quod
3030 963 3076 1019 si
3125 966 3217 1036 qui
3254 965 3425 1021 faciat

1840 1067 1974 1125 opus
2002 1055 2145 1125 quod
2175 1051 2302 1108 fecit
2328 1051 2567 1116 Balaam,
2590 1053 2637 1109 is
2663 1054 2965 1112 doctrinam
2990 1056 3206 1113 Balaam
3226 1058 3421 1117 docere

1840 1145 2128 1200 videatur?
2168 1144 2321 1200 Sicut
2345 1153 2400 1201 et
2425 1146 2665 1201 doctrina
2702 1146 2919 1203 Jezabcl
2948 1150 3002 1204 in
3026 1152 3212 1207 eadem
3242 1151 3423 1208 Reve-

1839 1237 2041 1293 latione
2073 1245 2426 1303 memoratur,
2472 1254 2582 1294 non
2628 1254 2737 1310 quo
2768 1240 2965 1311 aliquis
3010 1257 3078 1297 e1
3126 1244 3425 1315 disciplinis

1840 1328 2054 1386 chabel
2086 1332 2276 1386 doceat
2302 1346 2422 1402 qua:
2449 1331 2538 1385 illa
2584 1331 2902 1399 tradiderit,
2938 1333 3033 1388 sed
3058 1336 3201 1404 quod
3228 1337 3272 1391 si
3302 1337 3426 1406 quis

1842 1422 1995 1477 verbi
2038 1437 2200 1476 causa
2242 1432 2333 1477 aut
2366 1423 2655 1494 prophetas
2695 1423 2790 1478 Dei
2835 1434 3195 1494 persequatur
3235 1435 3296 1481 ut
3334 1426 3424 1481 illa

1845 1512 1997 1580 facit,
2013 1524 2108 1568 aut
2128 1512 2283 1568 idolis
2309 1514 2518 1584 aliquos
2538 1515 2793 1585 decipiat,
2808 1516 2890 1569 vel
2913 1515 3066 1571 falsis
3090 1517 3429 1572 circumscri-

1842 1605 2118 1675 ptionibus
2160 1605 2392 1674 perimat
2431 1608 2779 1673 innocentes,
2819 1606 2922 1662 iste
2968 1608 3171 1663 dicitur
3210 1606 3429 1664 Iezabel

1843 1703 2029 1750 tenere
2052 1694 2377 1749 doctrinam.
2416 1694 2509 1750 Sic
2535 1711 2665 1766 ergo
2696 1705 2752 1751 et
2781 1697 2825 1751 si
2853 1697 2975 1767 quis
3000 1698 3158 1754 malis
3186 1698 3430 1755 consiliis

161 1808 294 1864 sepe
320 1792 739 1848 memoravimus
767 1808 782 1844 :
819 1788 946 1861 quia
993 1786 1211 1841 Balaam
1246 1793 1593 1856 posteaquam
1640 1782 1737 1836 Dei
1766 1776 1815 1836 li
1841 1785 2091 1841 scandala
2122 1794 2341 1856 generet
2372 1787 2566 1858 populo
2589 1787 2707 1853 Dei,
2733 1797 2787 1842 et
2811 1788 3164 1845 offensionem
3189 1791 3429 1846 divinam

158 1888 351 1944 virtute
383 1884 751 1950 constrictus,
800 1898 911 1938 non
955 1889 1042 1937 est
1067 1879 1366 1952 permissus
1411 1876 1737 1933 maledicere

153 1976 341 2042 Israel,
379 1977 567 2030 volens
596 1985 773 2029 tamen
799 1973 1012 2044 placere
1034 1970 1146 2041 regi
1183 1969 1366 2035 Baiae,
1398 1967 1475 2021 ait
1503 1965 1569 2021 ad
1614 1980 1736 2020 eum

155 2069 298 2123 sicut
319 2068 581 2138 scriptum
618 2074 735 2120 est:
785 2062 933 2137 lieni,
955 2061 1232 2117 consilium
1253 2060 1322 2115 do
1350 2060 1483 2123 tibi;
1520 2067 1574 2113 et
1607 2056 1738 2128 quid

102 2158 360 2211 iconsilii
437 2156 685 2216 dederit,
759 2154 833 2208 ibi
896 2169 1001 2208 non
1065 2151 1294 2223 aperuit.
1360 2149 1420 2204 In
1472 2148 1739 2219 posterio-

151 2247 299 2302 ribus
350 2254 531 2301 tamen
585 2247 741 2300 istius
776 2244 901 2300 libri
938 2243 1298 2298 Numerorum
1337 2241 1596 2311 scriptum
1652 2254 1739 2295 re-

152 2338 355 2404 fertur,
410 2336 506 2393 sed
551 2336 765 2408 plenius
805 2336 861 2390 in
904 2334 1236 2390 revelatione
1280 2330 1505 2388 Joannis
1555 2349 1568 2385 :
1621 2329 1738 2385 Ha-

156 2430 265 2494 bcs,
324 2429 541 2500 inquit,
594 2428 663 2483 ibi
712 2437 942 2483 tenentes
994 2427 1293 2482 doctrinam
1330 2423 1597 2492 Balaam,
1647 2423 1739 2496 qui

155 2519 319 2573 docuit
383 2517 584 2585 Balac,
646 2528 703 2573 ut
750 2520 975 2574 mitteret
1030 2516 1343 2573 scandalum
1404 2516 1461 2573 in
1522 2532 1742 2587 conspe-

155 2619 233 2663 ctu
279 2609 513 2681 ﬁliorth
565 2608 768 2676 Israel,
805 2619 862 2665 ut
921 2610 1305 2665 manducarent
1345 2608 1503 2665 idolis
1545 2610 1738 2665 immo-

159 2701 280 2767 lata,
306 2713 353 2758 et
378 2703 773 2773 fornicarentur
796 2702 980 2777 (Apoc.
1006 2701 1090 2774 ιι).
1117 2702 1196 2757 Ex
1216 2701 1317 2757 hoc
1338 2716 1468 2773 ergo
1494 2710 1738 2774 apparet,

156 2793 288 2863 quod
317 2794 564 2864 nequitia
595 2809 725 2849 usus
755 2794 828 2851 sit
858 2794 1107 2859 Balaam,
1130 2803 1192 2850 et
1217 2793 1505 2849 consilium
1531 2793 1742 2849 dederit

156 2884 257 2953 regi
288 2883 414 2941 talia
445 2883 698 2955 quaedam
724 2884 913 2939 dicens
949 2884 1019 2939 ad
1053 2899 1217 2939 eum:
1248 2882 1486 2955 Populus
1513 2882 1603 2938 hic
1631 2897 1740 2939 non

153 2976 376 3048 propriis
398 2977 635 3043 viribus,
663 2976 759 3032 sed
788 2978 958 3033 Deum
985 2976 1212 3033 colendo
1231 2976 1422 3042 vincit,
1453 2983 1510 3031 et
1523 2975 1739 3047 pudici<

154 3069 270 3125 tiam
303 3070 706 3127 conservando.
739 3068 798 3126 Si
824 3070 906 3125 vis
938 3086 1065 3127 eum
1091 3070 1327 3136 vincere,
1352 3068 1530 3139 primo
1547 3083 1738 3124 eorum

1840 1886 2005 1949 atque
2031 1878 2362 1935 iracundiam
2393 1879 2671 1937 caelestem
2695 1892 2954 1954 provocet
2976 1884 3119 1954 plebi
3144 1885 3229 1940 vel
3259 1885 3431 1941 idolo—

1841 1985 1965 2024 rum
1995 1970 2279 2026 sacriﬁciis
2306 1973 2781 2039 communicando,
2804 1973 2888 2029 vel
2911 1976 3114 2044 stupris
3135 1991 3199 2032 ac
3219 1975 3429 2035 libidini

1840 2063 2157 2130 serviendo,
2194 2064 2284 2118 hic
2325 2064 2630 2119 doctrinam
2678 2064 2897 2119 Balaam
2946 2076 3131 2122 tenere
3169 2066 3429 2125 dicendus

1839 2165 1944 2212 est.
1973 2156 2069 2213 Est
2097 2173 2227 2228 ergo
2250 2157 2600 2213 exsecrabilis
2629 2158 2797 2213 etiam
2834 2159 3078 2230 corporis
3111 2157 3424 2216 fornicatio.

1840 2249 1980 2318 Quid
2021 2252 2167 2306 enim
2210 2251 2283 2305 ita
2318 2250 2655 2306 exsecrabile
2691 2266 2855 2321 quam
2895 2252 3152 2323 templum
3183 2252 3278 2308 Dei
3312 2253 3429 2307 vio—

1838 2338 1978 2403 lare,
2003 2355 2065 2396 ac
2096 2340 2283 2396 tollere
2316 2341 2560 2396 membra
2588 2341 2826 2409 Christi,
2868 2353 2925 2398 et
2968 2342 3149 2398 facere
3186 2344 3430 2401 membra

1839 2431 2184 2489 meretricis?
2217 2432 2384 2488 Multo
2424 2442 2608 2489 tamen
2636 2433 2810 2505 magis
2836 2433 3191 2490 exsecrabilis
3225 2443 3310 2491 est
3339 2450 3432 2508 ge-

1839 2523 2042 2581 neralis
2068 2524 2158 2580 illa
2196 2523 2517 2593 fornicatio,
2563 2526 2620 2582 in
2657 2542 2765 2598 qua
2804 2542 2966 2583 omne
3007 2542 3176 2601 genus
3218 2529 3430 2601 peccati

1837 2614 2047 2683 pariter
2064 2615 2389 2673 continetur.
2403 2616 2680 2673 Generalis
2697 2626 2876 2673 autem
2900 2616 3185 2674 fornicatio
3205 2619 3429 2685 dicitur,

1841 2721 1964 2761 cum
1987 2707 2188 2774 anima,
2217 2724 2339 2778 qua:
2365 2709 2420 2763 in
2440 2710 2775 2767 consortium
2798 2711 2950 2766 verbi
2974 2711 3067 2767 Dei
3094 2710 3301 2766 adscita
3323 2720 3428 2778 est,

1840 2804 1895 2851 et
1926 2800 2274 2854 matrimonio
2321 2800 2438 2872 ejus
2475 2801 2712 2870 quodam
2755 2803 2916 2856 modo
2949 2803 3175 2867 sociata,
3214 2802 3283 2857 ab
3321 2801 3437 2859 ullo

1842 2888 1949 2943 alio
1972 2888 2168 2953 alieno,
2197 2890 2409 2946 scilicet
2434 2890 2750 2946 adversario
2771 2892 2916 2946 illius
2941 2892 3041 2946 viri
3068 2892 3161 2967 qui
3185 2907 3306 2949 eam
3329 2891 3433 2949 sibi

1843 2979 2147 3050 despondit,
2177 2981 2233 3037 in
2272 2980 2378 3037 ﬁde
2405 2982 2773 3053 corrumpitur
2800 2992 2856 3038 et
2880 2983 3133 3041 violatur.
3174 2984 3271 3043 Est
3303 3000 3433 3057 ergo

1843 3087 2077 3145 sponsus
2101 3080 2155 3129 et
2175 3074 2259 3129 vir
2281 3074 2474 3129 anima:
2497 3075 2711 3130 mundae
2732 3083 2788 3130 et
2808 3075 3041 3146 pudicae,
3063 3076 3288 3133 verbum
3311 3076 3431 3144 Dei,

151 3166 459 3237 pudicitiam
510 3164 715 3235 dejice,
753 3175 810 3221 et
849 3173 1043 3238 sponte
1077 3165 1382 3221 vincentur.
1414 3162 1521 3220 Sed
1543 3162 1736 3219 adver—
1764 3145 1810 3211 C
1840 3164 1934 3236 qui
1977 3173 2063 3219 est
2105 3164 2356 3221 Christus
2383 3166 2664 3221 Dominus.
2708 3145 2861 3223 Sicut
2892 3175 2947 3223 et
2981 3166 3272 3238 Apostolus
3300 3168 3436 3224 dicit

128 3259 263 3312 ’sum
291 3258 409 3314 haec
445 3274 558 3316 non
586 3259 787 3314 virtute
817 3256 1073 3322 militum,
1096 3257 1191 3312 sed
1221 3256 1510 3312 mulierum
1539 3257 1736 3313 decore

150 3350 489 3419 pugnandum
518 3358 646 3417 est;
687 3365 788 3406 nec
814 3365 1089 3409 armorum
1129 3349 1342 3418 rigore,
1375 3348 1471 3404 sed
1505 3346 1735 3405 mollitie

150 3437 486 3497 feminarum.
518 3441 717 3501 Procul
741 3457 871 3515 ergo
904 3443 1059 3507 hinc,
1105 3439 1291 3513 procul
1333 3455 1525 3497 amove
1555 3454 1736 3495 arma-

149 3540 318 3590 torum
347 3552 601 3602 manum,
628 3543 683 3592 et
711 3536 935 3591 electam
964 3550 1233 3606 congrega
1270 3534 1509 3609 speciem
1535 3532 1737 3603 puella-

148 3640 280 3682 rum.
310 3627 591 3685 Ludentes
618 3627 844 3703 pedibus
874 3635 1050 3694 erant,
1085 3626 1443 3697 manibusque
1469 3626 1734 3699 plauden-

148 3726 241 3775 tes.
271 3719 477 3779 Forma
516 3720 687 3777 vincit
720 3728 983 3786 armatos,
1012 3719 1214 3775 ferrum
1249 3718 1599 3790 pulchritudo
1640 3731 1734 3773 ca-

143 3810 334 3883 ptivat.
380 3811 684 3867 Vincentur
730 3829 763 3867 a
811 3813 1021 3885 specie,
1069 3812 1163 3884 qui
1204 3826 1313 3867 non
1340 3811 1632 3866 vincuntur
1666 3809 1739 3866 ad

142 3904 412 3975 praelium.
443 3902 646 3959 Verum
668 3904 761 3961 ubi
788 3905 1057 3961 senserint
1078 3919 1173 3963 eos
1200 3904 1455 3961 mulieres
1489 3903 1737 3962 Moabitae

142 3995 222 4051 vel
243 3994 564 4052 Madianitae
586 4012 779 4053 manus
807 3998 1023 4057 dedisse
1049 3997 1280 4062 libidini,
1309 4006 1365 4051 et
1396 4004 1621 4066 peccato
1649 3996 1735 4052 in-

146 4089 379 4146 clinasse
403 4089 672 4155 cervices,
701 4107 810 4149 non
846 4091 998 4162 prius
1039 4091 1361 4161 semetipsos
1397 4090 1736 4161 cupientibus

145 4184 445 4252 praebeant,
476 4198 643 4253 quam
665 4184 733 4239 de
760 4184 1047 4245 sacriﬁciis
1070 4183 1338 4240 idolorum
1364 4183 1737 4253 acquieverint

150 4270 452 4343 degustare,
478 4281 543 4329 ut
567 4282 795 4345 cogente
822 4274 1067 4342 libidine,
1095 4274 1337 4332 consiliis
1360 4275 1735 4346 obtemperent

153 4360 489 4432 feminarum,
519 4373 578 4421 et
601 4374 989 4422 eonsecrentnr
1015 4367 1170 4437 prius
1194 4366 1551 4438 Beelpbegor,
1587 4365 1732 4442 quod

153 4464 226 4509 est
243 4455 441 4512 idolum
465 4457 841 4529 turpitudinis.
856 4455 981 4512 Itee
1002 4455 1220 4513 fuerunt
1239 4457 1465 4515 consilia
1488 4457 1727 4515 Balaam.

1838 3256 1923 3313 vel
1952 3256 2179 3313 scribit:
2236 3255 2360 3313 Volo
2386 3269 2560 3314 autem
2591 3276 2679 3314 vos
2708 3276 2884 3315 omnes
2915 3261 3007 3319 uni
3043 3262 3151 3317 viro
3177 3262 3431 3335 virginem

1837 3361 2036 3407 castam
2067 3351 2307 3407 exhibere
2334 3351 2565 3409 Christo.
2600 3351 2781 3408 Timeo
2808 3362 3006 3420 autem,
3040 3371 3105 3411 ne
3129 3354 3266 3426 forte
3293 3356 3431 3409 sicut

1837 3460 2045 3519 serpens
2069 3443 2277 3500 seduxit
2301 3443 2470 3501 Evam
2511 3447 2706 3500 astutia
2734 3462 2865 3511 sua,
2901 3445 2979 3499 ita
3022 3454 3432 3517 corrumpantur

1838 3554 2020 3595 sensus
2047 3538 2201 3592 vestri
2227 3555 2261 3589 a
2284 3537 2619 3608 simplicitate
2640 3576 2655 3602 ,
2690 3553 2808 3609 qua
2847 3546 2923 3591 est
2962 3537 3020 3591 in
3065 3534 3275 3590 Christo
3300 3535 3431 3589 Iesu

1840 3624 1924 3696 (II
1951 3624 2073 3679 Cor.
2094 3623 2194 3695 χι).
2217 3622 2402 3679 Donec
2426 3624 2591 3697 igitur
2613 3625 2796 3679 anima
2823 3625 3064 3680 adhmret
3083 3638 3286 3694 sponso
3307 3636 3433 3689 suo,

1838 3723 1896 3771 et
1923 3715 2074 3769 audit
2103 3714 2330 3769 verbum
2361 3716 2513 3784 ejus,
2549 3723 2604 3769 et
2651 3715 2826 3786 ipsum
2856 3714 3270 3785 complectitur,
3314 3713 3436 3769 sine

1839 3809 2003 3867 dubio
2044 3808 2114 3865 ab
2156 3808 2273 3880 ipso
2311 3807 2540 3883 suscipit
2567 3823 2751 3864 semen
2774 3809 3001 3865 verbum
3034 3808 3150 3863 Dei.
3183 3808 3249 3863 Et
3290 3808 3437 3867 sicut

1839 3902 1929 3958 ille
1951 3903 2119 3958 dixit:
2140 3901 2220 3957 De
2246 3902 2440 3958 timore
2468 3910 2581 3970 tuo,
2609 3901 2860 3969 Domine,
2886 3902 2941 3961 in
2965 3909 3156 3957 ventre
3181 3901 3433 3971 concepi«

1838 4009 1962 4050 mus
1987 4004 2044 4050 et
2070 3994 2486 4066 parturivimus,
2519 4003 2576 4051 et
2611 4011 2710 4067 per
2735 3995 2987 4068 spiritum
3013 3994 3202 4051 salutis
3227 4004 3332 4051 tuae
3353 3994 3432 4050 fe-

1839 4090 2016 4147 cimus
2037 4102 2199 4160 super
2227 4096 2421 4144 terras.
2455 4087 2513 4144 Si
2552 4103 2682 4159 ergo
2708 4089 2788 4144 sic
2818 4089 2884 4145 de
2921 4088 3141 4144 Christo
3180 4087 3431 4160 concepit

1837 4185 2055 4251 anima,
2088 4184 2216 4239 facit
2245 4184 2386 4241 ﬁlios
2422 4198 2521 4255 pro
2561 4184 2758 4255 quibus
2788 4184 3000 4241 dicatur
3041 4184 3108 4239 de
3158 4199 3257 4249 ea,
3301 4182 3426 4253 quia

1838 4278 1984 4333 salva
2014 4278 2121 4334 erit
2144 4294 2242 4349 per
2266 4278 2501 4333 ﬁliorum
2532 4278 2960 4350 generationem,
2992 4276 3039 4332 si
3064 4275 3429 4347 permanserit

1837 4369 1893 4424 in
1939 4369 2047 4425 ﬁde
2087 4376 2144 4425 et
2183 4370 2452 4429 ebaritate
2493 4385 2618 4427 cum
2661 4369 2979 4425 sobrietate.
3010 4367 3141 4421 Inde
3171 4374 3428 4421 nascetur

1836 4478 2099 4534 generosa
2142 4465 2463 4537 progenies;
2514 4464 2640 4519 inde
2687 4462 2947 4535 pudicitia
3002 4459 3247 4523 orietur;
3302 4456 3426 4513 inde

154 4540 343 4609 Quibus
370 4548 637 4621 acceptis,
652 4546 814 4605 Baiae
838 4563 932 4603 rex
953 4558 1109 4621 parat
1127 4550 1385 4605 continuo
1405 4550 1733 4619 exercitum,
1756 4540 1813 4581 ν
1826 4551 2073 4623 justitia;
2102 4555 2226 4613 inde
2249 4556 2608 4611 mansuetudo
2632 4562 2687 4609 et
2709 4552 2968 4616 ebaritas,
2996 4559 3158 4621 atque
3183 4548 3425 4605 omnium

156 4650 249 4691 non
278 4640 471 4707 armis,
503 4655 614 4699 non
642 4640 881 4709 viribus,
920 4642 1013 4698 sed
1052 4641 1285 4697 femineo
1311 4644 1487 4697 nitore
1513 4658 1733 4713 compo—

155 4726 319 4786 situm.
351 4731 470 4789 Non
500 4730 691 4788 furore
718 4732 936 4798 bellico,
967 4732 1061 4788 sed
1088 4732 1328 4788 libidinis
1366 4731 1580 4788 flamma
1610 4750 1735 4789 suc-

155 4833 377 4880 censum.
404 4825 536 4882 Huec
556 4840 697 4899 ergo
720 4833 847 4880 sunt
868 4840 987 4899 qua:
1005 4840 1105 4881 nos
1127 4824 1370 4880 historiae
1398 4832 1578 4880 textus
1603 4827 1735 4880 edo-

154 4911 268 4968 cuit.
304 4916 505 4977 Verum
554 4915 820 4987 quoniam
862 4913 1097 4971 Joannes
1134 4916 1191 4973 in
1226 4915 1557 4971 revelationc
1596 4930 1729 4983 sua,

156 5018 209 5061 ea
249 5023 362 5079 quae
400 5012 457 5067 in
499 5012 627 5084 lege
677 5009 971 5066 secundum
1019 5011 1306 5067 historiam
1334 5012 1534 5082 scripta
1566 5018 1729 5079 sunt,

156 5098 352 5159 adducit
378 5104 446 5159 ad
470 5101 744 5175 mysteria
772 5100 952 5156 divina
971 5139 987 5167 ,
1025 5108 1080 5155 et
1104 5110 1444 5159 sacramenta
1480 5103 1730 5172 quaedam

157 5183 205 5240 in
232 5190 311 5246 bis
338 5193 534 5249 edocet
561 5191 857 5257 contineri,
888 5192 1257 5247 necessarium
1293 5194 1455 5247 etiam
1494 5194 1728 5260 videtur,

159 5285 433 5340 secundum
461 5286 609 5359 quod
639 5284 731 5339 ille
754 5285 946 5350 sensit,
973 5300 1073 5341 nos
1094 5299 1309 5356 quoque
1334 5286 1403 5340 ab
1429 5284 1519 5339 illo
1547 5286 1729 5341 datam

159 5379 492 5444 expositionis
522 5378 770 5449 regulam
801 5380 984 5448 sequi,
1035 5388 1090 5435 et
1115 5379 1293 5450 primo
1332 5393 1637 5434 memorare
1664 5395 1728 5436 ea

158 5479 265 5535 qua:
287 5471 355 5526 ad
394 5470 628 5543 gloriam
672 5470 932 5527 Ecclesim
965 5470 1240 5542 cujusdam
1284 5472 1527 5529 scribens
1556 5470 1726 5526 dicit:

160 5553 319 5615 Habes
362 5562 433 5616 ibi
477 5560 757 5637 quosdam,
789 5564 879 5633 qui
907 5573 1079 5619 tenent
1123 5564 1417 5620 doctrinam
1455 5562 1682 5619 Balaam
1709 5578 1728 5617 :

158 5650 238 5719 qui
261 5652 432 5709 docuit
453 5652 622 5709 Bolae
648 5653 851 5710 mittere
876 5655 1187 5713 scandalum
1213 5657 1270 5711 in
1291 5666 1565 5729 conspectu
1588 5654 1729 5726 {ilio-

159 5760 268 5814 Περι
292 5750 482 5827 Israel.
504 5758 571 5815 ut
587 5750 971 5819 mandaverant
990 5752 1149 5819 idolis
1172 5753 1471 5827 immolata,
1491 5764 1541 5811 et
1561 5752 1733 5833 [orni-

1833 4644 2096 4701 virtutum
2123 4645 2305 4714 proles
2326 4644 2637 4699 veneranda
2662 4643 2936 4698 succedet.
2966 4639 3118 4711 Quod
3153 4640 3199 4695 si
3236 4638 3423 4696 infelix

1836 4735 2018 4791 anima
2043 4735 2213 4789 divini
2242 4734 2391 4789 verbi
2432 4734 2784 4805 dereliquerit
2815 4741 3000 4789 sancta
3027 4733 3327 4797 connubia,
3368 4740 3427 4790 et

1835 4824 1890 4881 in
1918 4825 2250 4881 adulterinos
2279 4840 2337 4880 se
2365 4825 2680 4895 complexus
2707 4823 2928 4889 diaboli,
2961 4822 3295 4894 aliorumque
3315 4824 3424 4879 dae-

1834 4932 2055 4973 monum
2088 4917 2359 4977 illecebris
2401 4917 2626 4988 decepta
2664 4916 2970 4982 tradiderit,
3001 4916 3277 4988 generabit
3305 4916 3421 4968 sine

1832 5011 1994 5067 dubio
2020 5012 2183 5067 etiam
2212 5010 2337 5067 inde
2366 5008 2526 5075 ﬁlios,
2558 5009 2652 5065 sed
2676 5009 2795 5065 illos
2824 5011 2890 5066 de
2918 5010 3115 5081 quibus
3158 5008 3419 5078 scriptum

1830 5112 1950 5158 est:
1992 5102 2122 5158 Filii
2149 5113 2324 5157 autem
2351 5085 2712 5155 adulterorum
2734 5100 3025 5173 imperfecti
3049 5108 3222 5163 erunt,
3244 5106 3291 5150 et
3320 5096 3418 5159 ini-

1829 5211 1932 5266 quo
1963 5194 2239 5248 concubitu
2264 5208 2438 5248 semen
2456 5192 2885 5248 exterminabitur
2912 5190 3062 5263 (Sap.
3092 5186 3197 5256 ιιι).
3224 5185 3414 5241 Omnia

1831 5301 1961 5357 ergo
1988 5293 2236 5356 peccata,
2260 5283 2353 5339 ﬁlii
2374 5290 2500 5341 sunt
2522 5283 2796 5349 adulterii,
2820 5289 2875 5337 et
2898 5281 2991 5335 ﬁlii
3016 5276 3411 5335 fornicationis.

1834 5379 1988 5437 Unde
2015 5377 2318 5435 ostenditur
2342 5376 2485 5449 quod
2509 5392 2607 5448 per
2632 5376 2841 5446 singula
2871 5386 3097 5442 qumque
3126 5383 3248 5441 quae
3269 5369 3413 5439 geri-

1778 5482 1781 5487 ‘
1832 5487 1974 5537 mus,
2006 5471 2147 5541 parit
2178 5472 2357 5529 anima
2378 5480 2563 5527 nostra
2586 5478 2641 5525 et
2661 5473 2883 5537 generat
2908 5463 3069 5529 ﬁlios,
3101 5478 3289 5518 sensus
3310 5461 3414 5517 sci-

1829 5562 1960 5618 licet
1979 5570 2033 5619 et
2055 5578 2221 5634 opera
2248 5579 2368 5633 qua:
2396 5563 2556 5635 gerit.
2605 5560 2672 5614 Et
2717 5554 2983 5627 siquidem
3014 5554 3311 5610 secundum
3339 5553 3418 5610 le-

1831 5671 1954 5729 gem
1984 5664 2067 5712 cst
2098 5656 2239 5726 quod
2264 5657 2431 5728 geris,
2459 5663 2515 5710 et
2540 5650 2834 5708 secundum
2870 5647 3095 5705 verbum
3128 5646 3223 5703 Dei
3253 5646 3417 5719 spiri-

1830 5757 1948 5813 tum
1966 5750 2112 5836 parit
2129 5750 2337 5819 salutis,
2357 5757 2414 5808 et
2435 5752 2721 5833 propterea
2744 5737 3042 5800 salvabitur
3058 5753 3157 5829 per
3180 5738 3416 5807 ﬁliorum
