3980 6344
417 333 540 392 767'
1102 321 1161 378 Β.
1197 319 1454 378 RABANI
1489 319 1711 378 MAURI
1745 317 2021 376 ARCHIEI

2124 313 2420 372 liOGUNT.
2461 311 2745 369 OPERUM
2785 310 2963 368 PARS
2995 308 3039 367 1.
3583 310 3706 370 768

419 442 842 523 generationem.
885 437 1272 496 Verumtamen
1300 435 1556 507 applicuit
1596 434 1763 491 Israel
1803 435 1857 490 in
1891 433 1990 490 Se.
2017 435 2078 498 Α·
2097 433 2190 486 tio.
2229 429 2335 486 Sed
2373 425 3076 523 istiadoraveruntidola,
3120 433 3178 482 et
3215 425 3528 523 consecrati
3571 440 3718 523 sunt

418 539 576 603 thim,
606 534 746 590 sicut
770 529 1052 602 Scriptura
1078 536 1284 585 narrat.

1002 647 1230 704 CAPUT
1271 645 1401 702 VIII.

418 746 498 804 De
520 761 580 803 eo
606 744 744 817 quod
777 741 1066 813 fornicatus
1083 748 1169 864 ﬁt
1199 737 1421 810 papulas
1459 751 1577 793 cum
1605 735 1817 806 ﬁliabus
1848 733 2003 790 Moa-

1115 828 1134 864 ι
1158 826 1332 864 arum.
1509 827 1514 834 ·

1115 826 1332 866 uarum.
1509 827 1514 834 '

497 907 647 980 (Cn.
672 905 826 978 xxv.)
855 903 1166 970 Morabatur
1203 910 1399 965 autem,
1431 900 1640 969 inquit,
1676 915 1738 954 eo
1777 907 2004 969 tempore

421 999 594 1056 Israel
621 1001 676 1053 in
707 997 908 1054 Set/tim
929 1035 944 1062 ,
979 1005 1027 1050 et
1053 994 1344 1063 fornicatus
1371 1001 1442 1047 est
1473 990 1693 1061 populus
1720 1006 1836 1044 cum
1859 989 2003 1058 ﬁlia-

423 1092 516 1146 bus
546 1089 725 1151 Moab.
753 1104 870 1158 qua:
905 1094 1210 1142 vocaverunt
1237 1101 1322 1138 eos
1363 1083 1432 1136 ad
1475 1082 1740 1150 sacriﬁcia
1780 1097 1897 1134 sua.
1938 1078 2006 1131 At

422 1181 502 1236 illi
529 1180 862 1235 comederunt
891 1186 940 1232 et
967 1176 1318 1230 adoraverunt
1344 1175 1466 1227 deos
1492 1189 1692 1226 earum.
1730 1171 2008 1225 Initiatuso

423 1291 521 1344 que
542 1284 617 1328 est
650 1270 821 1326 Israel
853 1267 1191 1338 Beelpltegor.
1225 1265 1284 1320 In
1311 1265 1757 1334 interpretatione
1783 1262 2002 1318 Hebrai-

424 1381 611 1420 corum
638 1363 936 1425 nominum,
971 1359 1180 1416 Sethim
1206 1357 1509 1412 invenimus
1537 1355 1592 1408 in
1622 1354 1801 1424 lingua
1823 1359 2010 1408 nostra

426 1458 812 1528 responsionem
856 1453 939 1508 vel
979 1451 1347 1520 refutationem
1393 1447 1519 1502 dici.
1563 1445 1836 1515 Applicuit
1878 1458 2010 1515 ergo

429 1547 592 1604 Israel
619 1548 688 1602 ad
716 1543 1122 1615 responsionem
1153 1540 1240 1595 vel
1266 1537 1680 1605 refutationem.
1720 1535 1834 1590 Non
1871 1537 2011 1590 bene

426 1637 700 1709 applicuit.
731 1635 865 1692 Vide
890 1635 1124 1702 denique
1149 1631 1279 1702 quid
1306 1630 1614 1686 incurrerit.
1649 1627 1706 1682 lu
1729 1627 1831 1682 hac
1862 1641 2013 1680 man-

425 1731 576 1786 sione
603 1729 811 1799 positus
829 1767 843 1790 ,
876 1725 1174 1786 fornicatus
1195 1731 1278 1778 est
1303 1737 1424 1778 cum
1461 1718 1777 1774 mulieribus
1805 1717 2012 1770 Madia-

2100 525 2450 596 Beelpbegor.
2478 522 2812 594 Beelphegor
2837 520 2966 576 idoli
2996 535 3196 576 nomen
3223 529 3336 584 est,
3363 521 3516 590 quod
3555 519 3717 592 apud

2104 616 2425 672 Madianitas
2444 615 2711 685 praecipue
2733 629 2762 667 a
2783 612 3102 670 mulieribus
3123 612 3425 670 mlebatur.
3452 613 3514 670 ln
3537 614 3722 686 huius

2103 725 2232 781 ergo
2257 709 2383 764 idoli
2409 708 2686 778 mysteriis
2713 713 3064 762 consecratus
3090 713 3175 762 est
3201 705 3390 762 Israel.
3423 705 3720 777 Interpre-

2108 801 2361 856 tationem
2390 800 2624 854 nominis
2645 799 2814 868 ipsius
2832 813 2955 854 cum
2979 799 3384 868 requireremus
3408 801 3720 869 attentius,

2106 893 2247 949 inter
2275 893 2498 949 Hebraea
2547 893 2766 947 nomina
2812 893 2916 947 hoc
2963 900 3174 948 tantum
3222 892 3540 948 invenimus
3578 895 3722 948 scri-

2105 999 2277 1060 ptum,
2309 990 2434 1059 quia
2461 987 2794 1058 Beelphegor
2832 987 3041 1056 species
3068 987 3140 1040 sit
3174 987 3532 1057 turpitudinis
3560 1004 3576 1050 ;
3617 1003 3720 1041 no-

2107 1079 2207 1133 luit
2250 1088 2427 1132 tamen
2473 1077 2780 1140 declarare,
2812 1092 2932 1146 quae
2982 1077 3065 1131 vel
3097 1077 3275 1146 qualis
3321 1079 3577 1146 species,
3630 1077 3720 1132 vel

2109 1169 2259 1238 cujus
2281 1179 2424 1224 esset
2451 1168 2798 1237 turpitudinis
2821 1183 2836 1220 :
2878 1167 3151 1222 honestati
3181 1167 3344 1222 credo
3371 1167 3720 1234 consulens,

2110 1265 2201 1333 qui
2225 1265 2610 1331 interpretatus
2645 1268 2758 1323 est,
2790 1261 2966 1313 utine
3011 1260 3256 1315 auditum
3299 1259 3576 1329 pollueret
3621 1275 3724 1313 au-

2111 1355 2393 1410 dientium.
2427 1354 2594 1424 Igitur
2612 1369 2734 1408 cum
2765 1353 2948 1406 multae
2984 1343 3094 1406 sint
3139 1353 3542 1422 turpitudinum
3587 1369 3722 1423 Spe-

2110 1446 2253 1510 cies,
2306 1460 2410 1499 una
2457 1444 2620 1499 etiam
2668 1459 2734 1498 ex
2778 1443 3022 1511 pluribus
3057 1445 3402 1512 turpitudinis
3451 1446 3725 1514 species,

2110 1542 2444 1612 Beelphegor
2469 1540 2786 1610 appellatur.
2824 1540 2976 1595 Unde
3004 1540 3282 1594 sciendum
3312 1549 3395 1594 est
3423 1539 3576 1609 quod
3609 1557 3726 1594 om-

2113 1635 2197 1688 nis
2217 1634 2306 1703 qui
2331 1633 2533 1701 aliquid
2553 1641 2708 1700 turpe
2731 1633 3041 1698 committit,
3060 1642 3116 1686 et
3138 1633 3190 1686 in
3214 1633 3444 1702 aliquam
3467 1634 3724 1702 speciem

2113 1724 2466 1794 turpitudinis
2499 1723 2751 1788 declinat,
2787 1723 3122 1793 Beelphegor
3151 1723 3574 1778 Madianitarum
3605 1727 3726 1780 dae-

426 1822 686 1884 nitarum,
733 1826 790 1874 et
823 1817 1091 1872 refutatus
1128 1823 1211 1870 est
1259 1829 1290 1868 a
1339 1813 1489 1868 Deo:
1531 1811 1656 1880 quia
1697 1825 1804 1864 non
1843 1807 2016 1862 solum

2124 1816 2300 1870 monio
2329 1824 2700 1869 consecratur.
2745 1814 2853 1869 Sed
2883 1824 2936 1869 et
2959 1830 3058 1884 per
3086 1815 3294 1886 singula
3331 1826 3556 1885 peccata
3601 1833 3730 1887 qua

427 1912 748 1974 fornicatus,
780 1908 961 1966 sedet
989 1908 1148 1963 idolis
1170 1906 1414 1977 gentium
1440 1911 1785 1960 consecratus
1813 1909 1926 1968 est;
1959 1908 2016 1956 et

429 2006 664 2062 comedit
699 2019 766 2060 ex
809 2003 892 2058 his
935 2019 1055 2073 quae
1101 2003 1311 2056 fuerant
1355 1999 1512 2054 idolis
1541 1997 1858 2052 immolata:
1897 2009 2018 2064 qua:

425 2100 613 2170 utique
646 2097 999 2155 exsecrabilia
1025 2103 1152 2152 sunt
1174 2092 1315 2164 apud
1342 2093 1532 2147 Deum.
1559 2091 1693 2158 Quis
1715 2090 1860 2145 enim
1890 2105 2020 2144 eon-

427 2203 622 2246 sensus
668 2188 867 2258 templo
897 2186 994 2242 Dei
1039 2201 1161 2241 cum
1206 2183 1404 2240 idolis?
1441 2183 1640 2238 Verum
1680 2196 1810 2250 ergo
1855 2179 2020 2234 etiam

430 2281 497 2337 de
524 2281 632 2347 his,
663 2297 781 2350 quae
810 2279 1087 2350 apostolus
1122 2277 1322 2332 Paulus
1345 2277 1416 2330 ad
1448 2274 1762 2330 Corinthios
1793 2272 2016 2336 scribit,

431 2373 654 2428 dicens:
698 2371 760 2426 Si
785 2372 899 2441 quis
925 2380 1100 2424 autem
1137 2378 1186 2422 te
1215 2369 1396 2422 viderit
1436 2366 1708 2420 scientiam
1748 2366 2021 2420 habentem

430 2461 487 2520 in
513 2464 674 2518 idolio
706 2464 1022 2528 recumbere,
1054 2478 1224 2516 nonne
1250 2459 1568 2514 conscientia
1609 2457 1754 2527 ejus,
1799 2473 1917 2512 cum
1953 2457 2021 2510 sit

431 2555 666 2624 inﬁrma,
681 2553 978 2621 wdiﬁcatur
991 2551 1058 2604 ad
1074 2549 1500 2604 ntanducandum
1522 2545 1795 2602 immolata
1825 2545 1879 2618 (Ι
1894 2543 2019 2602 Cor.

434 2647 587 2719 vni)?
611 2646 764 2700 valde
793 2645 1020 2700 miratus
1043 2659 1183 2700 sum.
1210 2643 1437 2698 Videtur
1465 2641 1612 2696 enim
1641 2656 1748 2695 non
1771 2647 1884 2694 tam
1905 2654 2020 2694 rem

435 2740 608 2810 ipsam
633 2752 852 2809 gravem
873 2736 1244 2807 pronuntiare,
1274 2749 1436 2804 quam
1462 2733 1606 2788 illius
1624 2731 1908 2798 offensam,
1930 2731 2023 2801 qui

435 2834 553 2889 haec
582 2832 776 2886 videns
803 2829 965 2886 simili
991 2836 1317 2901 provocatur
1336 2827 1616 2898 exemplo,
1643 2841 1766 2881 cum
1804 2841 1913 2881 non
1943 2823 2020 2879 si-

434 2923 546 2980 mili
597 2922 824 2978 scientia
869 2921 1182 2976 muniatur:
1231 2919 1306 2974 ita
1347 2928 1407 2973 ut
1438 2918 1691 2974 ostendat
1733 2932 1886 2984 eum,
1931 2915 2024 2986 qui

434 3017 597 3072 habet
626 3015 906 3072 scientiam
935 3021 988 3068 et
1025 3013 1292 3068 recumbit
1320 3013 1378 3066 in
1405 3012 1588 3077 idolio,
1635 3026 1743 3066 non
1784 3018 1896 3065 tam
1939 3010 2024 3066 sui

435 3119 598 3173 quam
629 3103 852 3158 alterius
879 3102 1064 3158 damni
1093 3101 1229 3156 ellici
1259 3117 1434 3156 reum.
1485 3099 1592 3156 Sed
1631 3100 1750 3156 vide
1788 3115 1857 3154 ne
1886 3097 2026 3156 forte

434 3212 540 3250 non
582 3196 685 3250 hoc
723 3195 898 3250 solum
927 3194 1090 3250 liebat
1126 3195 1270 3265 apud
1311 3194 1625 3250 Corinthios
1644 3235 1660 3260 ,
1689 3201 1749 3247 ut
1778 3195 1832 3248 in
1858 3194 2022 3250 idolio
2049 3174 2094 3238 Ο

439 3285 838 3350 recumberent,
883 3293 938 3338 et
974 3284 1252 3339 immolata
1283 3285 1438 3340 idolis
1465 3286 1890 3351 manducarent,
1927 3285 2023 3341 sed

437 3376 577 3432 forte
605 3375 860 3444 quoniam
888 3376 1117 3432 studiosi
1153 3385 1207 3431 ct
1234 3375 1548 3432 Graecarum
1578 3377 1885 3432 litterarum
1925 3377 2023 3432 ho-

435 3467 613 3522 mines
631 3474 790 3522 erant
809 3475 864 3522 et
886 3475 1159 3523 amatores
1178 3466 1550 3537 philosophiae,
1565 3466 1834 3523 desiderio
1847 3467 2024 3523 adhuc

433 3560 661 3618 studiosi
689 3570 932 3616 veterum
967 3560 1308 3628 tenebantur,
1335 3549 1865 3631 et'philosophorum
1890 3561 2024 3633 dog-

441 3662 588 3711 mata
611 3655 766 3724 quasi
797 3654 954 3712 idolis
976 3653 1256 3709 immolata
1285 3653 1536 3709 edebant.
1565 3652 1694 3720 Quae
1720 3660 1904 3709 tamen
1933 3653 2028 3709 de-

435 3749 548 3804 lere
574 3748 803 3805 fortasse
830 3764 938 3804 non
964 3755 1216 3818 poterant
1243 3761 1337 3804 eos
1367 3747 1458 3815 qui
1485 3747 1702 3816 plenam
1737 3745 2025 3802 scientiam

435 3839 682 3896 veritatis
707 3846 1047 3910 acceperant.
1077 3837 1144 3892 Hi
1178 3845 1359 3892 autem
1387 3836 1479 3905 qui
1509 3836 1565 3889 in
1603 3835 1819 3890 Christo
1847 3835 2028 3890 minus

436 3931 756 3986 eruditionis
783 3931 1089 3995 habebant,
1128 3929 1176 3985 si
1208 3929 1628 3984 immutarentur
1657 3941 1752 3981 eos
1789 3925 2030 3996 legentes

439 4024 589 4087 talia,
617 4033 672 4078 et
698 4022 802 4079 illis
833 4023 1010 4078 adhuc
1029 4021 1226 4076 studiis
1248 4034 1470 4090 operam
1500 4018 1718 4084 dantes,
1750 4016 2030 4072 vulnerari

438 4125 723 4185 poterant,
768 4123 822 4169 et
850 4115 1190 4170 diversorum
1218 4115 1531 4186 dogmatum
1559 4113 1726 4168 variis
1752 4113 2030 4168 erroribus

441 4207 727 4275 implicari.
765 4206 825 4260 Si
852 4208 930 4260 sic
955 4223 1084 4276 ergo
1113 4207 1295 4274 ﬁebat,
1325 4216 1384 4262 ut
1409 4209 1679 4262 deleretur
1704 4207 1859 4273 alius,
1887 4209 2030 4263 unde

438 4305 493 4354 et
533 4299 579 4354 is
610 4299 702 4368 qui
737 4299 972 4354 habebat
1016 4298 1228 4369 plenam
1275 4299 1558 4354 scientiam
1600 4299 1868 4364 veritatis,
1907 4297 2029 4354 laedi

437 4407 542 4446 non
566 4392 823 4463 poterat?
849 4388 956 4446 Sed
979 4390 1237 4462 quoniam
1261 4391 1505 4446 charitas
1529 4406 1638 4446 non
1667 4391 1861 4460 quaerit
1886 4391 2028 4461 quod

438 4487 542 4541 sibi
567 4486 699 4541 utile
727 4496 830 4553 est,
856 4487 950 4542 sed
976 4485 1118 4556 quod
1143 4485 1348 4551 multis,
1375 4485 1656 4540 observari
1683 4493 1917 4554 oportet,
1947 4493 2030 4540 ta-

439 4578 542 4629 lem
569 4577 720 4631 verbi
745 4594 941 4648 capere
966 4580 1178 4644 cibum,
1203 4579 1294 4648 qui
1325 4593 1430 4633 non
1469 4578 1641 4634 solum
1672 4594 1771 4634 nos
1799 4577 2030 4634 aediﬁcet

439 4679 493 4722 et
521 4668 769 4734 delectet,
797 4673 891 4726 sed
915 4679 972 4726 et
993 4673 1085 4742 qui
1102 4672 1349 4728 videntes
1372 4687 1477 4726 non
1505 4671 1761 4728 oﬁ'endat.
1785 4672 1880 4726 Est
1900 4687 2030 4743 ergo

441 4778 545 4815 non
571 4763 742 4816 solum
770 4765 823 4817 in
843 4766 978 4821 cibis
997 4768 1153 4822 idolis
1173 4767 1537 4834 immolatum,
1555 4769 1650 4823 sed
1671 4776 1727 4822 et
1751 4767 1806 4821 in
1825 4767 2026 4823 verbis.

442 4855 507 4908 Et
535 4869 636 4925 ego
667 4865 819 4925 puto,
853 4860 978 4926 quia
1006 4862 1147 4916 sicut
1176 4861 1354 4916 omnis
1382 4875 1595 4927 sermo,
1641 4861 1733 4930 qui
1765 4861 2027 4930 pietatem

439 4953 494 4998 ct
511 4945 778 5013 justitiam
801 4956 857 5002 et
883 4951 1168 5007 veritatem
1193 4954 1372 5021 docet,
1404 4952 1515 5009 Deo
1542 4963 1896 5009 consecratus
1919 4961 2025 5020 est,

442 5046 496 5092 ct
533 5037 639 5091 Deo
671 5039 982 5094 immolatus
1001 5050 1102 5105 est,
1135 5043 1209 5097 ita
1236 5053 1294 5098 et
1316 5047 1492 5100 omnis
1528 5057 1705 5099 sermo
1727 5045 1820 5114 qui
1845 5045 1910 5098 ad
1930 5045 2028 5099 im-

441 5129 757 5200 pudicitiam
789 5130 874 5186 vel
917 5129 1237 5199 injustitiam
1278 5135 1360 5190 vel
1403 5136 1733 5206 impietatem
1771 5135 2024 5205 respicit,

441 5220 598 5276 idolis
624 5219 932 5276 immolatus
953 5227 1056 5287 est,
1081 5230 1140 5275 et
1161 5223 1252 5289 qui
1274 5239 1398 5279 eum
1424 5225 1665 5296 respicit,
1691 5226 1847 5296 quasi
1867 5226 2025 5281 idolis

441 5311 719 5368 immolata
746 5313 1051 5369 manducet.
1079 5313 1422 5371 Manducavit
1445 5333 1577 5386 ergo
1603 5317 1831 5388 populus
1855 5318 1921 5373 de
1940 5333 2026 5372 sa-

441 5406 661 5461 criﬁciis
691 5422 914 5473 eorum,
963 5415 1018 5462 et
1061 5407 1420 5462 adoravcrunt
1459 5408 1601 5462 idola
1647 5424 1856 5464 eorum.
1905 5407 2024 5465 Bion

442 5499 616 5554 solum
647 5503 1137 5567 manducaverunt,
1177 5500 1270 5557 sed
1299 5501 1678 5556 adoraverunt.
1709 5504 1842 5559 Vide
1879 5504 2026 5560 ordi-

442 5605 566 5646 nem
596 5594 742 5649 mali.
769 5593 968 5651 Servos
991 5596 1203 5652 Domini
1227 5595 1403 5668 prima
1427 5596 1861 5666 concupiscentia
1885 5598 2025 5654 deci-

441 5681 551 5749 pit;
595 5683 719 5740 inde
754 5694 947 5744 ventus
974 5687 1267 5759 ingluvies;
1297 5695 1574 5760 postremo
1602 5703 1694 5744 eos
1731 5690 2026 5760 captivavit

443 5771 713 5841 impietas.
743 5777 1012 5849 lmpietati
1033 5790 1212 5839 autem
1227 5797 1440 5841 merces
1465 5780 1770 5839 exsolvitur
1786 5781 2024 5840 fornica-

2052 4537 2106 4598 D

2120 1905 2529 1970 committimus,
2553 1906 2787 1960 maxime
2806 1906 2851 1960 si
2871 1905 2986 1974 jam
3009 1922 3116 1959 non
3135 1907 3486 1976 subreptione
3502 1908 3726 1978 aliqua,

2120 1996 2213 2051 sed
2247 2005 2301 2050 et
2338 1995 2516 2050 studio
2565 1996 2867 2066 all‘cctuque
2904 2011 3228 2064 peccamus,
3278 1997 3354 2050 illi
3391 1998 3510 2052 sine
3545 1999 3727 2053 dubio

2119 2088 2370 2152 Dmnino,
2397 2088 2486 2142 cui
2511 2095 2794 2158 peccatum
2835 2087 2966 2143 illud
3006 2088 3153 2157 quod
3179 2088 3496 2143 admisimus
3526 2088 3726 2160 inope

2121 2181 2233 2236 rari
2263 2197 2407 2237 curae
2433 2190 2538 2246 est,
2563 2184 2966 2236 consecremus.

2191 2274 2261 2328 Et
2301 2275 2468 2329 iratus
2509 2275 2768 2329 Dominus
2809 2273 3010 2340 Israel,
3045 2276 3119 2329 ait
3161 2276 3229 2329 ad
3273 2275 3520 2346 Moysen:
3558 2276 3722 2333 Tolle

2123 2374 2336 2419 cunctos
2357 2365 2615 2436 principes
2641 2364 2843 2434 populi,
2875 2375 2922 2419 et
2948 2367 3206 2436 suspende
3234 2383 3320 2420 eos
3345 2377 3528 2420 contra
3549 2367 3722 2422 soles:

2123 2454 2178 2508 in
2203 2453 2472 2524 patibulis,
2500 2463 2557 2507 ut
2577 2464 2848 2509 avertatur
2867 2455 3020 2525 furor
3042 2473 3188 2510 meus
3219 2457 3284 2510 ab
3309 2455 3494 2511 Israel.
3538 2457 3722 2514 Iratus

2123 2543 2385 2599 Dominus
2427 2546 2495 2600 de
2537 2545 2989 2604 fornicationibus
3030 2547 3196 2604 Israel
3235 2559 3291 2604 et
3317 2550 3638 2606 camalibus
3666 2561 3722 2606 et

2124 2637 2460 2708 spiritalibus
2491 2639 2647 2710 (nam
2672 2649 2726 2694 et
2753 2639 2967 2696 ﬁliabus
3003 2640 3159 2696 Moab
3200 2658 3258 2698 se
3283 2643 3549 2713 impudice
3583 2645 3724 2700 mis-

2125 2741 2370 2798 cuerant,
2390 2741 2446 2787 et
2468 2732 2625 2787 idolis
2648 2732 2866 2788 fuerant
2886 2735 3236 2806 consecrati),
3268 2737 3372 2792 hoc
3397 2738 3457 2791 ad
3483 2736 3718 2808 Moysen

2125 2825 2281 2890 dixit,
2314 2833 2375 2879 ut
2404 2832 2709 2880 ostentaret
2737 2825 2966 2882 Domino
2995 2829 3160 2883 duces
3187 2828 3371 2899 pepuli
3407 2838 3596 2883 contra
3625 2844 3726 2884 so-

2124 2917 2251 2972 lem.
2278 2917 2337 2972 ln
2369 2933 2478 2988 quo
2501 2919 2667 2972 verbo
2701 2919 3018 2988 intelligitur
3039 2935 3132 2975 eos
3161 2919 3346 2988 jussus
3385 2935 3505 2976 esse
3541 2922 3725 2978 cruci-

2126 3008 2238 3079 ﬁgi,
2266 3016 2326 3063 ut
2353 3009 2458 3064 hoc
2483 3009 2582 3064 sit:
2607 3008 2832 3065 Ostenta
2858 3024 2952 3065 eos
2975 3011 3206 3066 Domino
3229 3021 3420 3067 contra
3445 3012 3640 3078 solem,
3667 3012 3724 3067 id

2128 3109 2235 3165 est,
2258 3099 2436 3169 palam
2458 3101 2513 3155 in
2540 3101 2833 3171 conspicuo
2850 3102 2990 3157 lucis
3011 3101 3191 3171 hujus.
3217 3102 3351 3157 Nam
3373 3103 3600 3160 Graecus
3619 3105 3718 3170 ait,

2124 3193 2626 3272 παραδειγμάτισονε
2655 3197 2800 3264 quod
2825 3196 2930 3251 dici
2960 3196 3135 3267 possit
3161 3197 3431 3268 exempla,
3466 3199 3600 3268 quia
3623 3213 3724 3268 pa-

2125 3288 2368 3359 radigma
2396 3289 2701 3358 exemplum
2731 3290 2947 3344 dicitur.
2991 3289 3124 3344 Nam
3150 3300 3351 3360 praeter
3373 3290 3516 3345 LXX
3549 3292 3724 3347 inter-

2123 3387 2329 3450 pretes,
2359 3378 2556 3449 Aquila
2582 3379 2902 3450 perhibetur
2931 3381 3133 3436 dixisse
3163 3383 3362 3454 conﬁge
3381 3425 3394 3448 ,
3419 3383 3503 3438 vel
3538 3387 3726 3453 potius

2126 3488 2334 3526 sursum
2357 3473 2576 3544 conﬁge,
2593 3474 2736 3544 quod
2756 3483 2837 3529 est
2862 3477 3139 3541 ἀνάπηξον.
3157 3474 3513 3549 Symmachus
3535 3485 3727 3533 autem

2126 3562 2296 3616 verbo
2321 3562 2677 3629 evidentiore,
2707 3565 2988 3634 suspende.

2198 3653 2450 3724 Dixitque
2477 3653 2685 3724 Moyses
2715 3655 2788 3708 ad
2803 3656 3015 3725 judices
3055 3656 3263 3712 Israel:
3296 3657 3506 3712 Occidet
3537 3674 3728 3714 imus-

2126 3747 2343 3818 quisque
2369 3748 2636 3817 proximos
2683 3765 2835 3814 suos,
2879 3751 2968 3820 qui
3006 3751 3191 3805 initiati
3212 3759 3326 3804 sunt
3363 3748 3726 3822 Beelpliegor.

2130 3837 2323 3892 Mirum
2369 3846 2456 3894 est
2495 3853 2625 3894 sane
2671 3839 2817 3910 quod
2865 3840 3148 3912 Scriptura
3191 3857 3408 3897 narrare
3445 3843 3728 3900 destiterit

2129 3937 2311 3985 utrum
2333 3930 2437 3984 hoc
2458 3928 2622 3984 fuerit
2643 3943 2711 3984 ex
2732 3940 3003 4000 praecepto
3025 3932 3238 3988 Domini
3264 3932 3723 4003 impletum,un

2131 4023 2404 4079 contemni
2428 4023 2676 4094 potuisse
2701 4039 2812 4078 non
2834 4025 3011 4089 video,
3037 4034 3133 4080 aut
3157 4027 3204 4080 si
3226 4035 3585 4096 contemptum
3603 4035 3720 4092 est,

2131 4114 2351 4184 impune
2377 4116 2670 4170 contemni.
2697 4115 2754 4170 Si
2778 4126 2961 4172 autem
2985 4126 3070 4173 est
3093 4127 3150 4172 et
3175 4120 3426 4184 tacitum,
3455 4133 3549 4173 cur
3567 4133 3633 4172 ex
3652 4133 3725 4173 eo

2130 4205 2271 4275 quod
2311 4206 2572 4270 Phinees,
2610 4207 2754 4262 ﬁlius
2791 4207 3053 4274 Eleazar,
3101 4210 3378 4265 transﬁxit
3415 4209 3722 4275 adulteros,

2129 4298 2400 4366 placatum
2441 4297 2609 4354 fuisse
2649 4299 2936 4354 Dominum
2971 4299 3258 4372 Scriptura
3304 4309 3566 4366 testatur,
3609 4303 3726 4370 pla-

2130 4408 2358 4465 gamque
2378 4408 2644 4460 cessasse,
2667 4395 2826 4464 quasi
2849 4396 3131 4450 cruciﬁx-is
3153 4397 3405 4461 ducibus,
3429 4397 3572 4452 sicut
3591 4411 3725 4466 prae-

2131 4493 2350 4556 ceperat
2376 4485 2658 4552 Dominus,
2691 4487 2871 4542 adhuc
2897 4488 3200 4561 indignatio
3222 4504 3603 4559 perseverans,
3620 4488 3726 4544 alio

2133 4577 2294 4632 modo
2317 4577 2580 4647 placanda
2609 4580 2915 4645 videretur,
2939 4596 3061 4635 cum
3101 4581 3289 4650 procul
3333 4581 3501 4636 dubio
3533 4579 3724 4635 falsum

2131 4679 2254 4722 esse
2280 4685 2388 4723 non
2420 4679 2626 4738 posset,
2664 4674 2808 4741 quod
2836 4673 3280 4741 pronuntiaverat
3313 4680 3372 4726 et
3399 4671 3728 4742 promiserat

2131 4758 2392 4817 Dominus
2422 4761 2609 4818 dicens
2631 4763 2862 4833 :Accipe
2881 4765 3044 4820 duces
3068 4764 3272 4834 populi,
3301 4773 3360 4818 et
3381 4770 3602 4818 ostenta
3638 4776 3729 4816 eos

2134 4857 2360 4912 Domino
2402 4866 2590 4914 contra
2629 4859 2834 4926 solem,
2881 4867 2938 4914 et
2979 4867 3260 4914 evertetur
3305 4858 3390 4912 ira
3437 4856 3732 4912 animatio-

2131 4949 2218 5003 nis
2247 4949 2458 5004 Domini
2492 4951 2562 5003 ab
2587 4949 2784 5005 lsrael?
2813 4949 2872 5006 Si
2899 4966 3028 5022 ergo
3055 4949 3259 5004 factum
3288 4957 3441 5012 erat,
3473 4949 3603 5019 quis
3636 4948 3735 5001 du-

2127 5039 2266 5094 bitet
2293 5040 2428 5094 iram
2469 5041 2681 5097 Domini
2725 5057 2972 5097 aversam
3016 5041 3184 5097 fuisse
3225 5044 3293 5097 ab
3334 5041 3556 5097 Israel?
3589 5040 3732 5108 Quid

2131 5127 2312 5197 itaque
2346 5144 2484 5198 opus
2523 5140 2662 5195 erat,
2693 5141 2754 5187 ut
2801 5133 2980 5186 adhuc
3023 5131 3256 5186 Phinees
3294 5132 3361 5186 ad
3397 5130 3734 5200 placandum

2129 5221 2324 5288 Deum,
2349 5222 2503 5278 sicin
2533 5223 2811 5279 adulteros
2838 5223 3140 5278 vindicaret
3163 5224 3323 5294 eique
3347 5223 3734 5278 testimonium

2132 5314 2413 5386 Scriptura
2439 5316 2775 5386 perhiberet,
2811 5317 2956 5388 quod
2990 5331 3056 5372 eo
3093 5317 3256 5372 modo
3283 5316 3593 5387 placaverit
3629 5313 3739 5368 Do-

2131 5407 2356 5474 minum,
2389 5408 2494 5463 nisi
2523 5407 2663 5463 forte
2683 5407 3066 5478 intelligamus,
3089 5424 3213 5464 cum
3239 5407 3368 5462 illud
3399 5409 3465 5462 de
3497 5407 3738 5462 ducibus

2130 5488 2310 5568 pdpuli
2347 5497 2558 5569 Moyses
2585 5499 2730 5568 quod
2758 5508 3090 5568 praeceperat
3123 5499 3346 5570 implere
3373 5499 3736 5568 disponeret,

2129 5606 2256 5648 eum
2277 5591 2512 5648 voluise
2537 5591 2702 5646 etiam
2731 5593 3027 5648 secundum
3056 5591 3228 5662 legem
3259 5591 3388 5645 talia
3417 5593 3626 5662 punire
3646 5588 3742 5645 lla-

2131 5687 2262 5758 gitia
2285 5695 2344 5741 et
2379 5687 2697 5758 sacrilegam
2730 5687 3046 5753 audaciam,
3073 5693 3137 5741 ut
3165 5685 3384 5754 iuberet
3410 5697 3738 5756 quemque,

2129 5781 2439 5840 interﬁcere
2463 5782 2774 5852 proximum
2809 5796 2970 5840 suum
2995 5779 3100 5837 diis
3128 5778 3321 5837 alienis
3354 5778 3568 5836 nefarie
3595 5787 3712 5834 colt
3729 5803 3742 5813 -
