3890 6340
188 381 273 440 769

875 362 1405 429 ENARRATlONES
1440 367 1509 425 ΙΝ
1544 358 1806 424 LIBRUM
1838 352 2299 423 NUMERORUM.
2334 392 2407 405 ---
2441 358 2572 420 LIB.
2612 356 2699 418 il.

3309 362 3414 424 770

187 500 465 555 secratum,
494 496 654 558 atque
680 485 885 542 interea
912 487 1077 541 etiam
1102 484 1229 539 illud
1251 485 1480 541 Phinees
1513 482 1736 543 faceret,
1767 481 1820 543 Α
1840 476 2143 531 mundanus
2172 484 2342 532 totum
2371 476 2560 532 orbem
2593 473 2830 544 undique
2854 468 3122 539 illustrat,
3156 485 3221 529 ac
3240 477 3423 536 noctis

186 602 242 642 ac
266 584 344 640 sic
368 582 448 638 ira
471 579 681 635 Domini
705 576 819 647 jam
840 578 1072 647 placata,
1100 594 1207 633 non
1235 592 1369 649 opus
1390 574 1557 629 fuisse
1581 573 1746 627 duces

185 672 351 747 populi
381 668 639 741 cruciﬁgi.
672 668 800 723 Haec
827 682 955 723 sane
984 668 1239 723 severitas
1268 667 1339 720 illi
1370 665 1594 735 tempori
1617 678 1748 717 con-

186 780 323 837 grua,
351 768 613 833 quantum
638 759 841 814 malum
865 759 937 813 sit
962 756 1334 813 fornicationis
1354 764 1408 811 et
1433 753 1748 810 idololatria:

184 854 512 929 prudentium
549 851 671 907 ﬁdei
696 851 826 906 satis
852 849 1131 904 evidenter
1156 848 1419 904 ostendit;
1438 846 1601 901 Vides
1627 856 1747 914 quae

184 948 246 1004 sit
280 945 521 1002 conditio
561 943 862 1015 principum
898 938 1100 1012 populi.
1150 938 1265 993 Non
1312 938 1484 993 solum
1512 951 1610 1006 pro
1636 933 1748 989 suis

181 1038 741 1111 propriis‘arguuntur
774 1033 1018 1097 delictis,
1054 1030 1149 1086 sed
1177 1029 1359 1099 populi
1385 1027 1623 1098 peccatis
1657 1039 1748 1079 co.

182 1139 373 1202 guntur
402 1128 625 1183 reddere
658 1126 945 1191 rationem,
970 1139 1039 1178 ne
1068 1124 1306 1192 ipsorum
1327 1121 1398 1176 sit
1422 1118 1576 1189 culpa
1602 1115 1750 1188 quod

180 1220 396 1293 populus
418 1219 683 1289 deliquit;
714 1232 782 1271 ne
808 1216 948 1272 forte
971 1230 1081 1271 non
1112 1213 1413 1277 docuerint,
1440 1224 1613 1279 neque
1640 1206 1748 1264 sol-

184 1311 303 1366 liciti
331 1311 535 1365 fuerint
567 1323 793 1380 arguere
812 1322 905 1362 eos
928 1306 1020 1377 qui
1049 1305 1261 1360 initium
1285 1302 1455 1371 culpa?
1478 1299 1745 1366 dederint,

182 1405 252 1460 uti
293 1418 360 1459 ne
406 1403 660 1474 contagio
690 1401 1092 1471 dispergeretur
1122 1400 1176 1451 in
1209 1396 1411 1467 plures.
1449 1393 1575 1448 Haec
1604 1392 1748 1447 enim

182 1496 350 1552 omnia
381 1494 563 1550 facere
588 1492 928 1564 principibus
956 1489 1203 1544 imminet
1230 1495 1285 1541 et
1318 1485 1654 1541 doctoribus.
1692 1481 1753 1537 Si

181 1584 317 1639 enim
339 1584 448 1641 illis
468 1584 585 1638 haec
608 1598 714 1638 non
741 1579 1045 1653 agentibus,
1078 1593 1179 1633 nec
1207 1575 1630 1632 sollicitudinem
1656 1586 1753 1643 ge-

180 1678 415 1731 rentibus
444 1676 590 1731 circa
627 1673 860 1746 plebem,
896 1670 1206 1742 peccaverit
1245 1667 1507 1739 populus,
1535 1665 1638 1737 ipsi
1665 1679 1755 1719 os-

177 1779 471 1836 tentantur,
511 1777 568 1825 et
611 1768 714 1839 ipsi
743 1766 811 1821 ad
829 1764 1093 1835 judicium
1133 1762 1524 1833 producuntur.
1557 1757 1754 1829 Arguit

1847 567 2096 621 tenebras
2124 582 2220 622 suo
2246 568 2449 623 ambitu
2489 566 2657 639 fugat.
2690 565 2793 631 Qui
2835 565 2979 619 enim
3028 563 3229 620 lumine
3265 566 3421 635 ﬁdei,

1846 660 1987 729 quod
2014 674 2111 730 per
2134 660 2405 730 apostolos
2426 668 2589 729 atque
2623 658 2912 730 prophetas
2939 658 3292 727 praedicatum
3318 667 3424 727 est,

1846 755 2044 811 mentis
2090 769 2202 811 suae
2245 754 2427 811 oculos
2476 753 2769 817 illuminat,
2800 762 3143 823 peccatorum
3176 753 3427 810 tenebras

1846 843 2086 899 devitarc
2112 854 2305 901 certat.
2347 845 2389 900 E
2419 844 2689 900 contrario
2725 858 2885 910 vero,
2932 846 3024 915 qui
3054 845 3235 899 lumen
3266 853 3429 900 rectas

1848 936 1974 994 ﬁdei
2000 939 2201 993 habere
2232 952 2337 994 non
2358 947 2536 1004 curat,
2566 953 2630 992 ac
2655 952 2750 1008 per
2770 937 2958 994 callem
2979 936 3206 1008 iustitia:
3233 938 3426 995 ambu-

1845 1024 1958 1083 lare
1986 1029 2340 1096 detrectatur,
2379 1030 2595 1100 quando
2616 1029 2748 1098 justi
2775 1043 2975 1086 aeterna
3002 1032 3124 1087 luce
3151 1032 3425 1101 fruuntur,

1846 1116 1948 1173 iste
1973 1135 2096 1174 eum
2122 1122 2497 1191 peccatoribus
2536 1129 2697 1191 atque
2730 1121 2946 1178 diabolo
2981 1122 3175 1180 inferni
3217 1124 3429 1181 crucia-

1847 1207 1989 1265 tibus
2013 1212 2288 1280 punietur.

1896 1299 2165 1374 .Dixitque
2192 1302 2450 1358 Dominus
2478 1303 2549 1358 ad
2571 1303 2789 1376 Moysen
2806 1318 2825 1355 :
2849 1302 3073 1360 Phinees
3097 1306 3241 1376 ﬁlius
3270 1306 3431 1363 Elea-

1850 1398 1963 1450 zari
1990 1396 2089 1465 lilii
2114 1398 2291 1453 Aaron
2317 1399 2604 1453 sacerdotis
2623 1441 2639 1465 ,
2672 1401 2854 1455 avertit
2887 1400 3021 1453 iram
3053 1414 3220 1453 aream
3247 1417 3277 1453 a
3302 1400 3428 1469 ﬁliis

1852 1486 2043 1554 Israel,
2075 1492 2198 1560 quia
2227 1490 2335 1544 zelo
2362 1507 2475 1544 meo
2504 1501 2792 1546 commotus
2812 1500 2888 1546 est
2910 1501 3092 1546 contra
3119 1507 3228 1555 eos,
3250 1501 3307 1543 ut
3331 1506 3431 1545 non

1852 1581 1961 1651 ipse
1988 1581 2212 1637 delerem
2239 1584 2377 1653 ﬁlios
2403 1584 2575 1639 Israel
2603 1586 2658 1639 in
2690 1584 2800 1640 zelo
2825 1600 2958 1639 meo.
2991 1584 3200 1638 Idcirco
3229 1582 3437 1653 loquere

1852 1671 1922 1724 ad
1954 1688 2071 1725 eum
2095 1689 2113 1726 :
2154 1672 2290 1728 Ecce
2323 1674 2391 1728 do
2419 1675 2468 1729 ei
2492 1684 2703 1745 pactum
2737 1675 2946 1745 foederis
2973 1675 3093 1738 mei,
3128 1683 3176 1728 et
3201 1673 3299 1727 erit
3328 1681 3438 1726 tam

1849 1762 1951 1832 ipsi
1969 1779 2128 1833 quam
2147 1766 2334 1819 semini
2351 1765 2497 1821 illius
2514 1777 2725 1837 pactum
2746 1767 3026 1822 sacerdotii
3044 1766 3433 1836 sempiternum,

171 1863 312 1918 enim
341 1877 438 1918 eos
462 1860 703 1931 Moyses,
747 1857 803 1911 id
829 1864 932 1923 est,
966 1856 1051 1910 lex
1073 1854 1202 1921 Dei,
1238 1853 1386 1908 velut
1423 1850 1754 1921 negligentes
1780 1840 1831 1906 Β
1853 1858 1979 1928 quia
2008 1858 2207 1914 zelatus
2238 1871 2311 1915 est
2340 1878 2434 1931 pro
2460 1861 2569 1916 Deo
2594 1879 2715 1928 suo,
2751 1872 2799 1916 et
2839 1862 3064 1933 expiavit
3104 1860 3272 1916 scelus
3300 1860 3443 1929 ﬁlio-

168 1962 223 2010 et
250 1954 487 2018 desides,
519 1961 574 2007 et
597 1952 651 2006 in
680 1951 798 2023 ipso
834 1957 1178 2005 convertetur
1213 1946 1493 2003 iracundia
1535 1944 1663 2011 Dei,
1697 1951 1754 1999 et

167 2045 405 2103 cessabit
433 2058 464 2096 a
488 2041 702 2113 populo.
747 2041 872 2095 Haec
904 2041 951 2095 si
979 2040 1284 2109 cogitarent
1318 2036 1582 2102 homines,
1615 2050 1755 2089 nun.

165 2152 331 2209 quam
357 2142 623 2205 cuperent
660 2147 833 2202 neque
867 2131 1137 2187 ambirent
1164 2130 1233 2185 ad
1258 2129 1443 2200 populi
1481 2127 1754 2197 principa-

166 2237 301 2282 tum.
335 2224 550 2282 Sullicit
575 2224 719 2279 enim
746 2223 897 2287 mihi,
927 2222 971 2275 si
1004 2235 1105 2290 pro
1133 2220 1270 2275 meis
1298 2218 1535 2289 propriis
1558 2223 1753 2288 arguat

162 2317 398 2374 delictis.
446 2313 654 2369 Sufﬁcit
692 2314 837 2368 enim
865 2312 997 2366 mihi
1025 2327 1126 2382 pro
1155 2313 1475 2380 memetipso
1512 2308 1753 2380 peccatis

166 2410 302 2465 meis
326 2407 555 2462 reddere
581 2405 864 2460 rationem.
888 2403 1028 2471 Quid
1052 2403 1185 2457 mihi
1210 2416 1433 2457 necesse
1460 2409 1562 2467 est,
1587 2401 1754 2455 etiam

168 2518 265 2575 pro
289 2501 473 2574 populi
498 2500 736 2572 peccatis
763 2498 1027 2555 ostentari
1059 2505 1184 2551 ante
1217 2495 1407 2562 solem,
1439 2503 1565 2549 ante
1590 2507 1754 2563 quem

171 2594 302 2650 nihil
329 2600 511 2664 potest
537 2590 815 2657 abscondi,
853 2587 988 2643 nihil
1012 2585 1338 2644 obscurari?

786 2698 1014 2756 CAPUT
1053 2697 1143 2754 iX.

172 2795 245 2851 De
284 2796 518 2850 vindicta
558 2808 714 2865 quam
748 2791 868 2865 fecit
902 2788 1126 2844 Phinees
1163 2785 1609 2865 ﬁliusﬁEleasari
1638 2783 1756 2865 filii

235 2867 418 2921 Aaron
442 2856 732 2920 sacerdotis
748 2856 817 2916 'in
842 2870 1128 2916 scortatore
1153 2858 1434 2926 Israelita,
1464 2868 1513 2912 et
1538 2856 1758 2911 muliere

234 2935 617 2994 Hadianitide.

236 3049 416 3123 (lstn.)
437 3049 581 3104 Ecce
606 3064 745 3103 unus
768 3047 834 3103 de
851 3046 977 3116 [iliis
1005 3043 1176 3101 Israel
1198 3045 1409 3099 intravit
1435 3056 1613 3097 coram
1642 3041 1757 3111 fra-

167 3146 330 3200 tribus
359 3145 475 3200 suis
507 3144 578 3198 ad
604 3153 832 3197 scortum
862 3139 1231 3206 Madianitam,
1261 3138 1459 3193 vidente
1479 3135 1680 3207 Moyse,
1708 3142 1759 3190 et

1856 1964 1975 2003 rum
2012 1949 2203 2005 Israel.
2232 1951 2378 2008 Bene
2418 1966 2632 2024 quoque
2668 1953 2899 2009 Phinees
2927 1953 3037 2008 lilio
3072 1952 3318 2009 Eleazari
3350 1967 3439 2007 sa-

1855 2042 2107 2108 cerdotis,
2141 2051 2366 2114 propter
2389 2044 2561 2099 zelum
2594 2060 2753 2115 quem
2779 2045 3024 2099 exercuit
3048 2044 3103 2100 in
3127 2042 3443 2100 fornicatio-

1856 2133 2014 2190 nibus
2046 2144 2265 2205 pactum
2308 2136 2622 2206 sempiterni
2673 2137 2959 2192 sacerdotii
3008 2136 3437 2207 repromittitur,

1855 2225 1983 2294 quia
2011 2226 2257 2296 quisquis
2283 2227 2397 2283 zelo
2420 2226 2516 2282 Dei
2541 2238 2896 2300 compunctus
2917 2228 3099 2284 carnis
3123 2243 3233 2283 suae
3252 2228 3444 2282 stimu-

1856 2315 1936 2370 los
1983 2319 2345 2387 comprimere
2388 2320 2624 2391 satagit,
2671 2320 2757 2375 vel
2798 2334 2893 2377 eos
2936 2321 3030 2391 qui
3068 2320 3169 2375 sibi
3217 2318 3445 2390 subjecti

1855 2413 2002 2473 sunt,
2047 2420 2114 2463 ne
2142 2423 2241 2478 per
2268 2408 2547 2465 lasciviam
2584 2417 2640 2464 et
2676 2409 2951 2466 libidinem
2993 2425 3024 2464 a
3062 2409 3307 2464 veritatis
3335 2417 3447 2463 tra-

1855 2502 1989 2557 mite
2027 2502 2264 2569 devient,
2312 2504 2473 2575 digne
2514 2504 2739 2573 corripit
2780 2511 2941 2573 atque
2971 2511 3213 2567 coercet,
3247 2499 3447 2571 sempi-

1860 2593 1999 2648 terni
2037 2594 2322 2649 sacerdotii
2363 2595 2679 2666 dignitatem
2708 2595 2761 2649 in
2794 2593 3036 2650 Ecclesia
3078 2593 3174 2647 Dei
3206 2592 3444 2647 habebit.

1856 2684 1940 2740 Ad
1968 2683 2116 2739 illum
2135 2684 2485 2740 sacerdotem
2514 2686 2616 2741 rite
2640 2686 2944 2755 pertinens,
2967 2685 3034 2739 de
3056 2699 3164 2753 quo
3188 2683 3449 2752 scriptum

1858 2787 1981 2833 est:
2026 2777 2105 2832 Tu
2134 2796 2188 2833 es
2214 2778 2459 2834 sacerdos
2498 2781 2554 2833 in
2599 2788 2854 2834 veternum
2892 2777 3179 2831 secundum
3213 2775 3451 2829 ordinem

1862 2865 2242 2921 Melchisedech
2268 2866 2441 2939 (Psal.
2470 2866 2620 2939 ειη)
2646 2910 2661 2935 ,
2706 2882 2829 2923 cum
2858 2869 2974 2937 ipso
3000 2880 3227 2937 regnum
3256 2864 3453 2935 sempi-

1865 2968 2078 3016 ternum
2130 2961 2186 3016 in
2233 2961 2352 3017 luce
2407 2976 2640 3031 superna
2694 2961 3083 3031 perpetualiter
3134 2957 3451 3031 possidebit.

1860 3051 2258 3124 Interpretatur
2285 3060 2464 3109 autem
2493 3053 2728 3108 Phinees
2760 3068 2851 3106 ore
2874 3067 3113 3123 parcens,
3144 3049 3229 3104 vel
3263 3066 3351 3104 ore
3375 3065 3456 3104 re-

1861 3147 2086 3217 quievit,
2133 3144 2219 3201 vel
2267 3147 2374 3201 oris
2419 3147 2723 3217 augurium.
2765 3142 2832 3199 Et
2872 3144 3097 3199 Eleazar
3128 3144 3272 3199 Deus
3302 3156 3455 3197 meus

169 3238 304 3291 omni
327 3236 485 3291 turba
517 3233 752 3303 ﬁliorum
784 3230 956 3287 Israel
979 3273 995 3299 ,
1025 3231 1115 3303 qui
1148 3230 1341 3300 ﬂebant
1367 3237 1488 3282 ante
1511 3228 1649 3297 fores
1676 3236 1761 3281 ta-

1864 3234 2107 3306 adjutor,
2151 3235 2265 3292 sive
2293 3236 2388 3291 Dei
2435 3235 2785 3305 adiutorium.
2826 3235 3008 3292 Aaron
3052 3250 3208 3290 mons
3241 3233 3457 3290 fortitu-

168 3328 455 3383 bernacnli.
491 3326 650 3392 Quod
676 3342 793 3379 cum
817 3325 1026 3380 vidisset
1056 3322 1284 3377 Phinees
1311 3322 1455 3392 filius
1485 3320 1758 3387 Eleazari,

1865 3328 2026 3395 dinis,
2056 3327 2170 3383 sive
2204 3342 2361 3382 mons
2393 3316 2568 3382 fortis.
2608 3326 2738 3394 Quae
2775 3326 2993 3380 nomina
3023 3340 3131 3380 non
3162 3326 3459 3396 incongrue

167 3417 263 3484 ﬁlii
296 3418 486 3473 Aaron
509 3417 817 3483 sacerdotis,
847 3417 1077 3472 surrexit
1098 3415 1164 3471 de
1185 3416 1356 3471 medio
1381 3415 1759 3481 multitudinis,
1864 3421 2117 3477 eumdem
2171 3434 2389 3476 sensum
2441 3433 2599 3490 quem
2651 3419 3032 3488 proposuimus
3053 3458 3069 3486 ,
3122 3418 3456 3486 exprimunt.

166 3518 214 3561 et
235 3519 451 3579 arrepto
477 3508 701 3579 pugione
718 3548 734 3573 .
760 3524 999 3578 egressus
1030 3517 1104 3561 est
1128 3517 1241 3577 post
1269 3507 1440 3560 virum
1467 3506 1763 3561 Israelitem
1865 3513 2002 3568 Nam
2023 3514 2117 3582 qui
2137 3527 2231 3568 ore
2256 3524 2422 3582 prava
2450 3509 2599 3579 loqui
2628 3511 2824 3580 parcit,
2851 3519 2906 3565 et
2932 3509 3192 3579 mysteria
3213 3508 3460 3563 ccclesiis

166 3598 221 3650 in
248 3598 507 3670 lupanar,
539 3607 589 3653 et
614 3598 841 3668 perfodit
870 3598 1050 3652 ambos
1088 3597 1267 3663 simul,
1298 3599 1469 3652 virum
1495 3598 1690 3652 scilicet
1715 3606 1764 3651 et
1862 3605 2034 3663 verbo
2062 3605 2168 3658 rite
2198 3602 2532 3659 auditoribus
2558 3602 2672 3656 suis
2709 3603 2963 3671 exponit,
2990 3612 3088 3671 per
3116 3599 3213 3654 Dei
3249 3596 3464 3668 adjuto.

162 3689 442 3744 mulierem
492 3689 551 3742 in
599 3688 729 3742 locis
778 3688 1110 3759 genitalibus.
1160 3687 1493 3758 Cessavilque
1532 3690 1689 3759 plaga
1733 3704 1779 3761 α.
1870 3693 2015 3748 rium
2040 3694 2190 3762 pium
2218 3692 2457 3748 laborem
2482 3691 2726 3760 explens,
2749 3693 2817 3743 ad
2846 3697 3084 3749 montem
3105 3686 3462 3753 fortitudinis,

160 3778 287 3847 ﬁliis
336 3779 543 3835 Israel.
580 3779 707 3836 limo
754 3780 1164 3836 acditicaverunt
1204 3781 1443 3851 priorem
1485 3780 1765 3852 populum.
1864 3786 1938 3841 de
1964 3799 2075 3854 quo
2107 3798 2204 3855 per
2228 3785 2548 3855 prophetam
2581 3781 2844 3852 scriptum
2872 3790 2993 3837 est:
3036 3780 3156 3835 Erit
3192 3794 3344 3834 mons
3369 3780 3466 3834 do-

160 3874 284 3931 Tibi
312 3886 534 3939 autem,
562 3874 655 3944 qui
689 3890 721 3928 a
745 3874 963 3931 Christo
997 3877 1309 3945 redemptus
1353 3891 1445 3942 es,
1488 3884 1545 3931 et
1575 3874 1664 3930 cui
1701 3870 1769 3929 de
1869 3892 1988 3931 mus
2022 3872 2239 3930 Domini
2267 3875 2322 3929 in
2351 3875 2538 3930 vertice
2565 3864 2854 3941 montium,
2902 3881 2952 3927 et
2991 3872 3274 3927 elevabitur
3309 3888 3467 3943 super

150 3967 428 4021 manibus
456 3964 669 4035 gladius
696 3967 995 4037 corpdraiis
1029 3967 1242 4022 ablatus
1267 3977 1379 4033 est,
1414 3976 1468 4023 et
1498 3958 1769 4023 datus—est
1870 3980 2048 4020 omnes
2074 3963 2231 4019 colles
2258 3964 2393 4036 (Isa.
2421 3964 2504 4036 η),
2536 3965 2693 4020 bonis
2721 3964 2934 4020 actibus
2973 3964 3304 4030 ascendens,
3346 3961 3466 4017 feli-

159 4057 380 4128 gladius
408 4055 674 4126 spiritus,
711 4058 895 4127 arripe
931 4059 1079 4112 hunc
1111 4058 1367 4129 gladium.
1401 4058 1471 4113 Et
1496 4059 1542 4113 si
1564 4059 1770 4115 videris

161 4147 534 4204 lsraelitieum
560 4161 779 4202 sensum
805 4163 932 4203 cum
953 4146 1267 4204 Madianltis
1299 4157 1635 4205 scortantem
1656 4164 1772 4205 me-

166 4241 482 4305 retricibus,
518 4238 577 4292 id
602 4247 718 4305 est,
759 4253 882 4293 cum
919 4239 1204 4296 diabolicis
1248 4256 1309 4296 se
1351 4240 1770 4312 cogitationibus

167 4334 530 4396 volutantem,
557 4330 683 4385 nolo
708 4344 920 4401 parcas,
953 4330 1081 4387 nolo
1111 4330 1440 4397 dissimules,
1464 4333 1559 4388 sed
1585 4334 1771 4388 Statim

169 4436 410 4497 percute,
454 4424 649 4480 statim
676 4424 923 4494 perime;
959 4426 1132 4494 ipsam
1178 4440 1397 4495 quoque
1432 4426 1646 4481 vulvam
1669 4468 1683 4493 ,
1718 4428 1772 4484 id

171 4531 267 4584 est,
305 4526 527 4575 secreta
578 4525 788 4571 natura:
824 4516 1125 4572 discutiens
1166 4524 1223 4572 et
1266 4525 1581 4587 penetrans,
1620 4518 1770 4574 illum

174 4608 339 4678 ipsum
369 4607 645 4679 peccandi
673 4605 919 4663 fomitem
944 4609 1160 4674 deseca,
1192 4584 1437 4664 ne'ultra
1466 4611 1767 4681 concipiat,
1795 4584 1849 4651 Ῑ)

174 4716 237 4755 ne
259 4702 401 4756 ultra
428 4707 699 4772 generet,
740 4698 1126 4754 et'maledicta
1172 4710 1518 4768 peccatorum
1557 4702 1772 4757 soboles

174 4791 461 4851 lsraelitica
505 4802 696 4850 castra
738 4794 1088 4850 contaminet.
1139 4794 1253 4850 Hoc
1295 4797 1440 4851 enim
1487 4797 1533 4851 si
1570 4798 1770 4865 facias,

178 4887 427 4941 continuo
450 4884 683 4941 sedabis
708 4884 1043 4941 iractmdiam
1072 4886 1306 4942 Domini.
1331 4887 1609 4945 Prznvenis
1625 4892 1771 4946 enim

178 4978 312 5034 diem
348 4978 585 5050 iudicii,
641 4975 737 5046 qui
779 4975 895 5032 dies
923 4977 1239 5045 praedicitur
1274 4992 1394 5035 esse
1441 4980 1682 5049 furoris;
1720 4990 1776 5038 et

179 5074 540 5127 exterminato
566 5068 763 5126 fomite
780 5070 988 5139 peccati
1014 5086 1047 5124 a
1078 5081 1152 5138 te,
1189 5071 1282 5141 qui
1308 5089 1453 5130 nunc
1477 5075 1639 5131 vulva
1666 5073 1777 5132 Ma-

182 5164 452 5222 dianitidis
505 5162 762 5219 mulieris
808 5161 1110 5233 appellatur
1131 5202 1146 5227 ,
1200 5176 1423 5221 securus
1468 5169 1653 5225 venies
1707 5167 1776 5225 ad

182 5253 364 5325 iudicii
384 5257 558 5313 diem.
589 5253 893 5323 Sequitur:
928 5253 999 5307 Et
1023 5254 1181 5308 occisi
1201 5265 1323 5309 sunt
1348 5259 1529 5327 viginti
1552 5268 1781 5329 quatuor

188 5347 347 5403 millia
369 5348 674 5404 nominum.
698 5343 891 5399 Merito
908 5342 1010 5399 sub
1034 5358 1261 5401 numero
1282 5346 1553 5403 vicenario
1574 5356 1628 5405 et
1648 5364 1781 5422 qua-

192 5441 423 5495 ternario
448 5437 630 5494 millia
671 5435 950 5490 hominum
986 5437 1289 5493 occisorum
1319 5450 1781 5499 annumerantur:

193 5531 311 5599 quia
341 5531 437 5602 qui
474 5530 668 5585 lumen
692 5528 942 5583 veritatis
969 5536 1025 5584 et
1055 5527 1282 5598 iustitia:
1314 5530 1783 5604 derelinquentes,

172 5621 244 5676 in
268 5626 577 5680 cacitatem
609 5619 933 5676 idololatria:
968 5636 1031 5677 ac
1069 5621 1445 5679 fornicationis
1473 5637 1534 5680 se
1564 5625 1785 5681 immer-

195 5724 337 5782 gunt,
382 5715 519 5773 solis
567 5711 763 5769 interni
810 5711 1012 5769 lumine
1047 5714 1267 5783 privati,
1294 5726 1567 5787 perpetuae
1593 5717 1788 5775 mortis

1871 4056 2011 4111 citer
2032 4056 2332 4127 peneniet.
2364 4056 2499 4110 Erat
2525 4064 2702 4110 autem
2730 4072 2916 4111 nomen
2949 4054 3047 4110 viri
3083 4053 3333 4109 Israelita
3372 4053 3463 4124 qui

1872 4150 2077 4205 occisus
2105 4160 2180 4204 est
2210 4162 2329 4203 cum
2352 4146 2706 4203 Madianitide
2733 4147 2969 4213 Zambri,
2997 4147 3141 4216 filius
3167 4143 3323 4211 Saul,
3352 4144 3465 4199 dus:

1873 4242 1938 4298 de
1966 4243 2274 4313 cognatione
2301 4251 2352 4297 et
2375 4242 2518 4296 tribu
2540 4240 2817 4296 Simeonis.
2851 4240 3022 4295 Porro
3041 4239 3230 4295 mulier
3251 4236 3464 4293 Mallia-

1873 4338 2028 4403 nites,
2057 4352 2175 4409 quis
2198 4337 2397 4408 pariter
2419 4335 2694 4405 interfecta
2718 4332 3124 4401 est,'vocabatur
3140 4329 3324 4396 ‘Cozbi,
3350 4330 3464 4398 [ilia

1874 4427 1985 4484 Sur
2001 4429 2253 4498 principis
2272 4425 2586 4481 nobilissimi
2610 4425 3052 4479 Madianitarum.
3067 4421 3175 4476 Iste
3195 4428 3465 4475 scortator

1871 4521 2137 4587 lsraelita,
2158 4519 2254 4590 qui
2277 4519 2575 4575 fornicatus
2594 4526 2681 4571 est
2695 4532 2821 4571 cum
2841 4513 3069 4569 muliere
3095 4510 3326 4566 Madiaui
3335 4511 3463 4577 title,

1874 4623 2062 4685 typum
2099 4620 2246 4666 tenet
2278 4625 2466 4665 eorum
2492 4608 2587 4678 qui
2622 4605 2882 4663 Ecclesiae
2922 4604 3182 4660 societate
3223 4602 3336 4658 sive
3368 4616 3468 4672 per

1875 4718 2139 4768 errorem,
2163 4702 2280 4758 sive
2296 4708 2396 4769 per
2414 4713 2584 4771 prava
2603 4711 2768 4766 opera
2794 4709 2854 4751 se
2873 4704 3295 4766 sequestrantes,
3323 4693 3468 4749 blas-

1875 4794 2147 4867 phemiam
2172 4796 2318 4846 inter
2349 4789 2607 4846 infideles
2630 4791 2731 4858 per
2758 4802 2914 4843 suam
2954 4787 3251 4860 nequitiam
3292 4787 3467 4858 niagis

1877 4886 2121 4942 excitant
2171 4899 2335 4954 quam
2384 4897 2483 4952 per
2532 4882 2675 4937 bona
2722 4895 2885 4951 opera
2936 4880 3009 4937 ad
3056 4879 3465 4953 gloriﬁcandum

1877 4977 2049 5034 Deum
2073 4992 2171 5033 eos
2202 4980 2516 5047 provocant.
2546 4972 2811 5039 Qualibus
2835 4973 2970 5029 dixit
2989 4972 3315 5045 Apostolus:
3358 4969 3467 5025 Per

1878 5088 1967 5127 vos
2008 5086 2195 5125 nosnen
2230 5069 2330 5123 Dei
2359 5066 2750 5139 blasphematur
2791 5065 2928 5121 inter
2968 5079 3142 5138 gentes
3167 5065 3349 5137 (Rom;
3379 5060 3464 5133 ιι).

1879 5161 2036 5229 Quod
2067 5170 2123 5217 et
2148 5160 2368 5215 nomine
2395 5173 2583 5214 eorum
2612 5157 2942 5215 suﬁciuiter
2975 5159 3287 5214 ostendunt.
3326 5153 3464 5209 Nam

1880 5253 2100 5310 Zambri
2128 5254 2517 5321 interpretatur
2530 5250 2767 5321 psalmus
2785 5250 2873 5307 vel
2891 5252 3176 5305 canticum.
3206 5244 3335 5300 Sani
3360 5254 3471 5299 oen-

1882 5346 2133 5401 tationem
2168 5342 2466 5413 respiciens.
2500 5342 2789 5409 Simeon,
2816 5338 3012 5395 audivit
3048 5335 3351 5403 tristitiam,
3384 5332 3470 5390 vel

1883 5453 2079 5494 nomen
2115 5435 2460 5492 tabernaculi.
2508 5436 2671 5494 (ἑοιδί
2707 5447 2922 5508 quoque
2967 5431 3109 5486 calta
3150 5431 3468 5495 immensus,

1885 5531 2004 5587 sive
2029 5528 2244 5585 immla
2280 5530 2433 5585 mihi.
2464 5528 2591 5598 Sur,
2620 5544 2803 5585 murus
2828 5526 2915 5583 vel
2942 5525 3209 5596 angustia,
3258 5533 3317 5580 et
3356 5523 3470 5578 lla-

1885 5622 2037 5691 "dian,
2062 5625 2407 5681 contradictio
2430 5625 2515 5680 vel
2537 5622 2825 5693 responsio.
2846 5617 3016 5686 Quem
3035 5634 3169 5691 ergo
3189 5619 3291 5674 iste
3310 5617 3471 5678 lam-

1885 5716 1972 5772 bri
1996 5716 2188 5774 melius
2216 5717 2496 5789 exprimit,
2531 5728 2696 5785 quam
2720 5709 3066 5768 libidinosum
3094 5721 3154 5770 et
3172 5710 3471 5770 fornicato-

191 5806 445 5865 tenebras
490 5804 761 5865 sentiam.
812 5802 972 5862 Horis
1016 5818 1146 5879 ergo
1191 5807 1384 5880 viginti
1430 5819 1663 5881 quatitur
1704 5807 1786 5869 sol
1889 5822 2007 5894 rem
2030 5810 2394 5882 corporalem,
2412 5810 2533 5870 sive
2554 5806 2724 5866 etiam
2748 5805 3188 5884 spiritalem,qui
3209 5822 3479 5897 nouant
