3890 6340
408 338 513 404 ττι

1057 334 1122 392 Β.
1157 328 1418 391 RABANI
1452 324 1675 390 MAUBI
1712 325 2032 386 ARCillEP.
2071 320 2381 383 MOGUNT.
2419 318 2706 383 OPERUM
2742 319 2923 378 PARS
2952 316 2999 376 Ι.

3574 326 3671 389 77!

412 462 578 517 ticum
605 452 799 520 laudis,
826 450 921 507 sed
941 448 1207 522 psalmum
1228 446 1540 520 improperii
1563 447 1675 502 sive
1698 442 1987 511 irrisiouis,
2014 445 2068 510 Α
2090 456 2197 497 non
2227 437 2402 495 solum
2430 454 2529 512 per
2556 437 2734 493 tribus
2764 450 2829 490 ac
2858 432 3091 489 familias
3131 442 3185 490 et
3227 435 3415 492 domos
3434 478 3453 504 ,
3488 453 3669 497 verum

411 551 553 605 inter
580 545 830 602 inimicos
867 542 1069 600 Christi
1112 542 1355 596 excitat?
1392 540 1468 595 De
1503 539 1700 610 quibus
1735 536 1993 610 propheta

410 640 576 697 dixit:
613 636 745 691 Tota
772 636 855 689 die
876 650 992 688 sum
1020 630 1253 703 psalmus
1295 646 1473 685 eorum
1512 628 1760 700 (Threno.
1789 626 1893 697 ιιι).
1932 623 2001 678 Ει

411 729 575 785 alibi:
609 725 677 782 In
718 741 800 780 me
843 721 1154 795 psallebant,
1198 722 1287 792 qui
1333 720 1568 775 bibebant
1606 718 1782 773 viuum
1824 711 1997 788 (Psal.

410 819 630 890 vatu).
665 818 765 873 llic
802 831 932 886 ergo
970 814 1037 869 ad
1080 813 1434 867 tentationem
1474 810 1799 880 respiciens,
1832 807 1885 862 id
1914 811 2000 861 est

414 908 696 967 tentationi
725 906 1088 969 consentiens,
1117 903 1215 959 sub
1233 903 1452 958 nomine
1471 900 1788 968 habitaculi,
1817 899 1871 954 id
1893 905 1999 965 est,

412 1003 514 1059 sub
543 1000 762 1056 nomine
799 994 1190 1059 ecclesiastici,
1234 992 1431 1064 ingerit
1460 991 1740 1046 tristitiam
1769 1004 1835 1045 ex
1869 1002 1999 1043 casu

414 1113 511 1154 suo
541 1094 700 1152 simul
728 1091 1163 1150 cohabitantihus
1184 1102 1365 1143 secum
1394 1086 1698 1157 quibusque
1727 1082 1996 1148 fidelibus,

414 1190 540 1261 quia
585 1188 770 1245 calicis
798 1182 1047 1239 immensi
1097 1195 1282 1235 amore
1316 1177 1576 1248 repletus,
1603 1176 1707 1231 hoc
1742 1183 1827 1230 est
1860 1171 1999 1245 gulae

415 1260 685 1335 illecebris
707 1271 1042 1337 deserviens,
1064 1268 1413 1339 semetipsum
1441 1263 1737 1321 immolavit
1758 1260 1997 1329 diabolo,

419 1384 542 1424 cum
570 1364 813 1422 membra
847 1377 947 1419 sua
984 1358 1206 1415 tradidit
1235 1355 1463 1412 libidini.
1491 1353 1591 1409 Hic
1613 1351 2001 1410 contradictio-

416 1457 504 1511 nis
538 1468 857 1525 responsum
901 1451 971 1506 ab
999 1447 1327 1505 adversariis
1372 1445 1469 1501 Dei
1504 1460 1601 1501 suo
1625 1459 1794 1514 pravo
1837 1454 2002 1513 opere

416 1535 675 1615 alliciens,
712 1550 883 1601 muris
909 1543 1099 1600 πιειηί
1121 1541 1380 1606 carceris,
1413 1548 1575 1610 atque
1599 1537 1862 1609 angustia:
1880 1550 2003 1608 per-

414 1651 579 1716 petua
606 1638 950 1695 damnatione
975 1634 1327 1704 semetipsum
1349 1633 1660 1702 immerget,
1681 1630 1776 1685 ubi
1797 1629 2006 1685 crucia-

417 1733 566 1787 bitur
590 1730 678 1784 die
705 1745 770 1784 ac
797 1736 992 1784 nocte:
1038 1725 1150 1779 Nec
1188 1723 1310 1777 inde
1332 1721 1498 1791 exist,
1526 1721 1688 1775 donec
1717 1718 1880 1775 solvat
1907 1734 2004 1775 no-

419 1826 688 1880 uissimum
716 1821 1061 1895 quadrantem
1085 1815 1302 1889 (Matth.
1336 1812 1415 1887 v).

1041 1926 1268 1985 CAPUT
1306 1926 1377 1983 Χ.

424 2046 504 2105 De
534 2044 767 2102 secunda
810 2041 1229 2098 dinumeratione
1268 2038 1635 2093 Israelitarum
1655 2077 1672 2105 ,
1704 2052 1824 2106 qua:
1860 2036 2003 2106 facta

497 2127 573 2173 est
620 2134 712 2185 per
757 2114 977 2186 Moysen
1020 2122 1067 2167 et
1109 2110 1429 2165 Eleazarum
1472 2109 1643 2180 ﬁlium
1683 2109 1864 2163 Aaron
1911 2125 2002 2164 sa-

492 2187 735 2245 cerdotis.
772 2256 779 2261 θ

492 2301 656 2374 (ΟΜ).
686 2296 871 2369 xxvt.)
907 2294 1197 2368 Postquam
1235 2294 1515 2349 noxiorum
1551 2310 1766 2365 sanguis
1804 2292 2004 2365 e/j'usus

418 2403 525 2461 est,
557 2394 687 2447 dixit
716 2391 975 2445 Dominus
1002 2389 1070 2442 ad
1114 2386 1334 2459 Moysen
1380 2396 1427 2442 et
1478 2384 1797 2441 Eleazarum
1832 2386 2005 2456 ﬁlium

420 2486 602 2541 Aaron
635 2483 998 2539 sacerdotem:
1031 2479 1321 2534 Numerate
1353 2494 1555 2535 omnem
1581 2494 1839 2533 summam
1865 2476 2009 2548 ﬁlio-

424 2593 543 2631 rum
572 2573 743 2631 Israel
764 2614 780 2641 ,
811 2591 843 2627 a
874 2574 1053 2644 uiginti
1083 2572 1236 2627 anuis
1262 2580 1311 2626 et
1338 2587 1498 2642 supra
1517 2610 1533 2637 ,
1558 2580 1606 2624 et
1627 2586 1721 2641 per
1745 2568 1927 2623 domos
1957 2575 2007 2622 et

421 2669 755 2740 cognationes
784 2683 938 2730 suas,
970 2674 1183 2719 cunctos
1204 2705 1219 2733 ,
1251 2664 1344 2736 qui
1372 2669 1589 2735 possunt
1616 2660 1685 2715 ad
1716 2658 1852 2715 bella
1880 2676 2006 2731 pro-

420 2757 618 2813 cedere.
645 2755 817 2828 Igitur
844 2772 941 2827 per
965 2762 1291 2827 prmceptum
1333 2752 1549 2809 Domini
1590 2752 1767 2824 primo
1812 2764 2005 2806 nume-

425 2859 575 2907 ratus
603 2858 688 2906 est
714 2849 963 2922 populus.
998 2848 1105 2904 Sed
1135 2847 1390 2918 quoniam
1424 2846 1531 2914 illi,
1567 2844 1661 2917 qui
1692 2842 1870 2916 primo
1900 2840 2012 2897 fue-

425 2943 772 2999 rantadsciti
792 2983 807 3009 ,
835 2941 1149 2997 ceciderunt
1174 2947 1397 3011 propter
1424 2936 1888 3010 perseverantiam
1919 2933 2012 2989 de-

422 3032 712 3101 lictorum,
744 3034 1010 3089 secundus
1039 3048 1183 3087 nunc
1213 3031 1476 3102 populus,
1510 3029 1603 3099 qui
1636 3029 1691 3083 in
1730 3025 2011 3096 lapsorum

420 3123 602 3179 locum
652 3123 898 3179 rediviva
936 3122 1287 3193 generatione
1333 3119 1629 3186 successit,
1672 3124 1900 3173 vocatur
1944 3112 2013 3168 ad

2097 538 2152 589 et
2178 549 2277 605 per
2306 531 2560 599 nomina,
2593 543 3033 599 unumquemque
3061 526 3219 599 digna
3254 536 3310 583 et
3343 535 3667 602 competenti

2097 626 2379 684 mansione
2411 625 2706 696 dispenset.
2750 622 2890 677 Sunt
2922 630 3105 676 tamen
3141 620 3310 692 aliqui
3348 623 3401 679 in
3436 625 3559 681 istis
3586 630 3669 698 qui

2098 717 2461 773 conditionem
2499 715 2664 771 sortis
2719 710 3161 783 supereminent,
3200 720 3257 767 et
3309 716 3537 770 omnino
3580 733 3669 775 nec

2098 811 2438 867 adducuntur
2476 808 2543 864 ad
2580 817 2804 864 sortem.
2841 804 3044 862 Omnes
3086 804 3322 874 Levitie,
3352 807 3412 863 id
3440 819 3559 876 est,
3588 809 3669 881 qui

2097 899 2307 958 intente
2362 908 2420 956 et
2468 897 2840 954 indesinenter
2904 908 3226 968 permanent
3273 898 3330 953 in
3381 900 3667 958 ministerio

2097 991 2226 1057 Dei,
2259 998 2313 1046 et
2340 989 2632 1063 pervigiles
2656 989 2713 1043 in
2746 984 2970 1044 servitio
3007 984 3126 1056 ejus
3167 989 3429 1044 excubias
3459 1000 3662 1060 gerunt,

2098 1090 2299 1154 sortem
2322 1082 2468 1137 inter
2494 1088 2722 1136 caeteros
2745 1094 2855 1135 non
2879 1077 3172 1150 accipiunt.
3202 1078 3308 1137 Sed
3332 1097 3442 1137 nec
3470 1084 3664 1141 omnino

2096 1180 2155 1238 in
2190 1188 2334 1236 terra
2358 1186 2444 1235 est
2470 1193 2593 1235 sors
2627 1192 2845 1245 eorum,
2875 1177 2971 1233 sed
3002 1176 3117 1248 ipse
3144 1177 3411 1235 Dominus
3439 1194 3556 1236 sors
3579 1182 3661 1251 eis,

2098 1280 2156 1329 et
2183 1271 2473 1328 haereditas
2503 1286 2625 1328 esse
2650 1278 3009 1327 memoratur.
3039 1269 3146 1325 Per
3171 1271 3272 1327 hos
3314 1271 3395 1327 illi
3441 1273 3570 1330 mihi
3599 1276 3663 1332 vi-

2100 1362 2297 1421 dentur
2343 1362 2607 1431 indicari,
2653 1362 2745 1434 qui
2790 1362 2954 1419 nullis
2994 1376 3221 1434 corpore
3258 1372 3475 1421 natura
3510 1366 3663 1423 obsta-

2100 1457 2239 1513 culis
2269 1456 2538 1522 hebetati,
2568 1454 2670 1513 sed
2696 1456 2940 1511 omnium
2982 1454 3276 1512 visibilium
3319 1457 3549 1529 gloriam
3586 1476 3661 1517 sa-

2098 1550 2407 1624 pergressi,
2436 1550 2495 1606 in
2524 1549 2638 1606 sola
2668 1548 2772 1605 sibi
2804 1548 3073 1619 sapientia
3101 1547 3198 1607 Dei
3229 1557 3286 1606 et
3327 1552 3498 1608 verbo
3536 1554 3659 1624 ejus,

2099 1641 2317 1698 vivendi
2347 1656 2508 1697 usum
2536 1638 2967 1709 exercitiumque
3002 1649 3339 1711 posuerunt,
3376 1642 3473 1713 qui
3499 1658 3660 1717 corpo-

2100 1750 2253 1790 reum
2289 1733 2421 1789 nihil
2460 1732 2780 1803 requirunt,
2819 1731 2957 1789 nihil
2998 1732 3229 1789 rationis
3258 1732 3514 1791 alienum.
3544 1735 3658 1791 Con-

2028 1869 2079 1932 B
2104 1832 2391 1903 cupierunt
2427 1831 2575 1887 enim
2614 1830 2973 1901 sapientiam,
3012 1831 3418 1902 concupierunt
3457 1838 3661 1892 secreto-

2106 1937 2226 1978 rum
2256 1921 2352 1976 Dei
2381 1921 2708 1993 agnitionem
2737 1939 2751 1976 :
2782 1930 2831 1976 et
2858 1921 2949 1976 ubi
2976 1930 3051 1977 est
3077 1938 3171 1975 eor
3194 1938 3412 1990 eorum,
3440 1924 3506 1981 ibi
3530 1933 3598 1979 est
3618 1932 3659 1982 u

2108 2013 2388 2068 thesaurus
2424 2029 2609 2068 eorum
2634 2011 2864 2085 (Matth.
2895 2012 3008 2086 v1).
3040 2012 3135 2069 Isti
3162 2030 3295 2085 ergo
3324 2014 3657 2073 hareditatem

2106 2119 2215 2161 non
2268 2104 2469 2159 habent
2519 2103 2576 2159 in
2634 2104 2797 2161 terris
2821 2144 2839 2172 ,
2891 2104 2987 2160 sed
3032 2106 3513 2182 supergrediuntur
3554 2105 3657 2164 cali

2108 2212 2317 2253 summa
2358 2196 2608 2268 fastigia,
2641 2205 2696 2252 et
2730 2196 2806 2253 ibi
2835 2212 3049 2269 semper
3087 2197 3145 2253 in
3188 2198 3441 2264 Domino,
3468 2214 3656 2271 semper

2108 2287 2165 2345 in
2208 2287 2376 2344 verbo
2414 2288 2561 2360 ejus,
2605 2304 2821 2363 semper
2858 2289 2915 2344 in
2955 2289 3227 2365 sapientia
3256 2300 3314 2346 et
3338 2291 3658 2349 involantate

2110 2380 2353 2437 scientiae
2400 2379 2516 2449 ejus
2564 2380 2930 2437 deliciantur?
2959 2380 3061 2437 Hic
3105 2383 3185 2439 eis
3230 2384 3421 2451 cibus,
3451 2385 3544 2441 hoc
3571 2384 3657 2441 erit

2106 2472 2360 2545 poculum
2385 2489 2400 2539 ;
2432 2474 2549 2528 ista
2576 2472 2810 2539 divitiae,
2842 2472 2948 2528 hoc
2972 2473 3080 2529 erit
3106 2474 3348 2545 signum.
3385 2474 3526 2533 Tales
3549 2490 3655 2547 ειιο

2110 2575 2304 2633 ειιιηι,
2351 2574 2406 2621 ει
2448 2566 2504 2621 in
2549 2566 2635 2622 his
2679 2574 2842 2621 erunt
2880 2566 2991 2634 illi,
3030 2567 3230 2637 quibus
3265 2567 3541 2623 haereditas
3564 2569 3656 2638 ipse

2111 2658 2372 2715 Dominus
2419 2658 2547 2713 erit.
2571 2657 2675 2726 Qui
2720 2666 2902 2714 autem
2946 2656 3242 2714 inferiores
3292 2670 3439 2727 sunt,
3478 2674 3561 2715 nec
3599 2660 3656 2714 ad

2111 2750 2276 2809 istum
2315 2749 2661 2823 profectuum
2699 2750 2959 2805 verticem
2984 2758 3392 2822 pervenerunt,
3416 2750 3656 2808 heredita—

2112 2850 2224 2898 tem
2264 2850 2426 2899 terra:
2469 2842 2769 2912 accipient,
2817 2840 2946 2897 licet
2991 2841 3344 2897 sublimiores
3380 2840 3580 2910 sicuqu
3612 2847 3658 2896 et

2111 2939 2483 3008 potentiores:
2509 2945 2656 2993 terra
2679 2935 2824 2992 enim
2850 2936 3147 2991 viventium
3168 2935 3658 3007 repromittuntqu

2112 3030 2303 3100 utique
2338 3030 2545 3086 idcirco
2581 3038 2726 3084 terra
2761 3027 3061 3085 viventium
3090 3028 3295 3084 dicitur
3321 3027 3461 3100 quod
3486 3024 3656 3083 nesciat

2113 3131 2363 3179 mortem.
2414 3122 2483 3176 Et
2527 3122 2617 3178 isti
2658 3121 2877 3193 quidem
2922 3121 3108 3193 magni
3148 3129 3205 3176 et
3248 3121 3343 3179 isti
3380 3118 3543 3177 beati:
3578 3113 3659 3170 sed

422 3223 837 3307 numerum,_ct
877 3213 1022 3307 quod
1062 3213 1129 3267 de
1168 3211 1277 3267 illis
1312 3211 1586 3282 prioribus
1639 3208 1843 3264 dictum
1889 3221 2008 3307 non
2037 3241 2084 3307 C
2115 3214 2389 3269 beatiores
2422 3212 2533 3279 illi,
2563 3213 2656 3283 qui
2682 3211 2795 3283 jam
2823 3227 2931 3268 non
2956 3227 3060 3285 per
3092 3213 3377 3283 speculum
3401 3219 3453 3265 et
3476 3210 3526 3266 in
3554 3207 3660 3263 nni-

422 3302 602 3358 fuerat
621 3344 635 3368 ,
667 3302 733 3358 de
753 3302 843 3357 his
867 3300 1087 3356 dicitur.
1117 3302 1311 3356 Postea
1343 3302 1488 3355 enim
1520 3314 1684 3370 quam
1707 3313 1806 3369 per
1833 3297 2007 3353 tribus

419 3402 476 3451 et
505 3394 688 3465 plebes
720 3394 1015 3463 domosque
1048 3407 1113 3448 ac
1144 3390 1381 3446 familias
1411 3392 1672 3448 collectus
1701 3397 1787 3444 est
1818 3402 2008 3443 nume-

420 3502 544 3554 rus,
596 3486 727 3541 dicit
774 3485 1035 3539 Dominus
1081 3483 1151 3539 ad
1195 3481 1459 3553 Moysen:
1511 3481 1614 3536 His
1664 3479 2010 3535 distribuetur

422 3586 567 3633 terra
598 3578 655 3632 in
684 3587 908 3645 sortem,
942 3585 988 3631 et
1020 3575 1224 3646 exiguis
1260 3576 1504 3646 exiguam
1542 3573 1692 3628 dabis
1723 3571 2009 3627 ha’rcdita-

419 3677 541 3723 tem.
576 3666 634 3723 Si
665 3667 733 3723 de
759 3667 1034 3739 prioribus
1065 3666 1270 3722 dictum
1312 3664 1507 3721 fuisset
1545 3674 1603 3720 et
1628 3665 1757 3736 quia
1779 3663 1864 3717 his
1902 3662 2012 3717 dis-

419 3762 689 3816 tribuetur
736 3768 885 3815 terra
936 3759 995 3815 in
1044 3767 1221 3825 sorte,
1282 3757 1480 3814 falsum
1544 3758 1737 3828 utique
1780 3755 2009 3822 fuisset,

420 3854 546 3925 quia
594 3853 907 3909 ceciderunt
942 3851 1019 3906 illi
1058 3852 1113 3907 in
1150 3851 1365 3907 deserto
1397 3856 1622 3922 propter
1657 3846 1855 3903 delicta
1889 3858 2008 3899 sua.

420 3951 573 4020 Quod
602 3968 732 4025 ergo
760 3951 954 4025 primis
981 3967 1091 4007 non
1132 3958 1218 4007 est
1258 3950 1461 4007 dictum
1482 3990 1499 4017 ,
1539 3947 1831 4021 postremis
1874 3944 2010 4001 dici-

423 4053 533 4111 tur,
585 4045 781 4115 quibus
828 4052 883 4098 et
930 4052 1126 4098 cuncta
1168 4059 1289 4113 qum
1333 4041 1746 4115 promittuntur,
1792 4036 2013 4109 impleta

420 4146 566 4194 sunt.
608 4133 737 4191 Haec
793 4143 972 4189 autem
1016 4134 1143 4190 nolo
1186 4143 1343 4206 putes
1380 4135 1547 4191 solius
1582 4132 1824 4188 historiae
1862 4139 2015 4185 textu

422 4225 668 4282 concludi
704 4244 717 4280 :
760 4224 1017 4296 mysteria
1050 4235 1175 4279 sunt
1198 4265 1213 4291 ,
1250 4240 1370 4294 quae
1406 4240 1506 4295 per
1544 4223 1680 4295 legis
1720 4223 2013 4292 imaginem

427 4316 862 4373 conscribuntur.
894 4314 1237 4385 Reprobatur
1264 4315 1408 4368 enim
1439 4314 1589 4385 prior
1617 4313 1847 4386 populus
1869 4355 1883 4379 ,
1916 4312 2008 4383 qui

422 4413 507 4462 est
543 4406 597 4461 in
629 4404 1079 4472 circumcisione,
1113 4412 1168 4459 et
1197 4403 1559 4459 introducitur
1589 4401 1856 4459 secundus
1877 4443 1890 4467 ,
1921 4401 2014 4474 qui

424 4508 784 4570 congregatur
820 4515 887 4555 ex
928 4498 1177 4571 gentibus
1208 4518 1221 4552 :
1255 4506 1312 4556 et
1347 4498 1461 4570 ipse
1494 4497 1695 4568 estqui
1725 4495 2014 4551 haeredita-

423 4598 530 4645 tem
566 4590 915 4659 consequitur
950 4598 1255 4663 paternam.
1296 4588 1366 4643 Et
1408 4604 1439 4643 a
1480 4602 1588 4659 quo
1623 4584 2013 4656 consequitur?

422 4680 541 4738 Non
572 4697 601 4735 a
635 4681 846 4752 Moyse,
879 4680 973 4737 sed
1001 4683 1068 4737 ab
1095 4680 1243 4738 Jesu.
1275 4678 1414 4735 Nam
1440 4678 1652 4751 Moyses
1678 4677 1891 4734 etiamsi
1922 4677 2013 4732 dat

423 4772 691 4842 aliquibus
718 4772 1113 4841 luereditatem,
1145 4790 1254 4830 non
1281 4775 1374 4829 dat
1410 4774 1550 4829 intra
1575 4771 1890 4839 Jordanem,
1919 4772 2013 4827 sed

424 4877 579 4926 extra
630 4866 939 4924 Iordanem.
992 4870 1095 4925 Dat
1132 4879 1334 4926 terram
1383 4886 1490 4927 non
1542 4869 1795 4925 ﬂuentem
1835 4869 1920 4923 lac
1962 4875 2017 4923 et

426 4958 564 5027 mel,
597 4960 689 5015 sed
717 4961 1003 5031 pecoribus
1038 4969 1242 5031 aptam.
1285 4961 1350 5016 Et
1388 4970 1536 5017 muta
1569 4960 1825 5015 animalia
1854 4969 2019 5029 atque

429 5052 830 5108 irrationabiles
882 5052 1158 5124 pecudes,
1209 5052 1405 5110 melius
1451 5070 1613 5125 quam
1664 5052 2017 5108 rationabiles

428 5145 679 5200 homines
715 5145 1042 5199 nutriantur.
1080 5141 1237 5200 Jesus
1272 5161 1400 5202 vero
1429 5164 1583 5202 meus
1605 5189 1620 5215 ,
1652 5146 1891 5202 secundo
1916 5160 2015 5217 po-

428 5235 555 5309 pulo
603 5245 811 5293 terram
860 5253 1022 5308 quam
1068 5236 1192 5303 dat,
1237 5245 1381 5293 terra
1428 5249 1512 5295 est
1563 5241 1705 5296 lacte
1755 5249 1811 5296 et
1857 5224 2017 5294 melle

428 5325 641 5400 fluens;
673 5328 828 5387 favus
868 5331 975 5385 imo
1018 5326 1228 5395 mellis,
1276 5330 1371 5385 sed
1408 5347 1519 5401 prae
1556 5333 1702 5387 omni
1736 5341 1901 5388 terra.
1947 5330 2018 5386 Et

429 5419 642 5494 Moyses
671 5423 887 5493 quidem
915 5420 1292 5478 hzereditatem
1324 5436 1433 5476 non
1475 5421 1566 5477 dat
1606 5423 1660 5477 in
1700 5423 1870 5489 clero,
1917 5438 2019 5479 nec

429 5521 576 5569 sorte
615 5514 921 5582 distribuit,
953 5531 1054 5571 nec
1093 5521 1274 5586 potest
1303 5528 1401 5585 per
1425 5513 1610 5587 plebes
1648 5523 1704 5568 et
1734 5515 1923 5570 domos
1953 5530 2019 5572 ac

428 5601 663 5661 familias
691 5616 745 5663 et
774 5608 996 5665 nomina
1017 5650 1034 5677 ,
1064 5609 1261 5665 merita
1293 5606 1629 5680 singulorum
1661 5608 1843 5664 divina
1870 5618 2019 5666 sorte

431 5711 680 5766 pensare.
722 5699 838 5758 lloc
878 5703 1023 5759 solus
1054 5703 1185 5759 facit
1213 5701 1371 5760 Iesus
1391 5745 1406 5771 ,
1438 5702 1526 5759 cui
1558 5719 1718 5760 omne
1753 5701 2017 5772 judicium

428 5784 595 5844 Pater
639 5788 881 5849 tradidit.
922 5794 1045 5864 ipse
1090 5794 1195 5852 scit
1241 5795 1511 5867 quomodo
1553 5797 1810 5869 populum
1860 5811 2019 5853 suum

2115 3312 2319 3376 gmate,
2353 3319 2530 3374 neque
2559 3303 2616 3359 in
2655 3303 2973 3361 substantiis
3008 3304 3401 3377 corporalibus,
3438 3300 3526 3359 sed
3550 3298 3661 3354 facie

2113 3394 2183 3451 ad
2221 3394 2417 3451 faciem
2454 3394 2625 3450 Deum
2661 3394 2953 3465 videbunt,
2989 3395 3271 3466 sapientiae
3306 3392 3666 3453 illuminatioae

2114 3489 2349 3557 radiati,
2394 3499 2451 3545 et
2478 3489 2632 3545 mirae
2676 3489 2978 3546 divinitatis
3020 3505 3247 3561 capaces
3271 3505 3363 3561 per
3394 3488 3668 3559 puritatem

2116 3580 2300 3635 cordis
2324 3579 2501 3635 effecti
2522 3623 2537 3647 ,
2568 3579 2986 3652 portionemque
3011 3597 3163 3637 suam
3186 3598 3289 3637 non
3314 3581 3366 3636 in
3390 3588 3626 3634 creatura
3642 3614 3661 3641 ο

2115 3674 2211 3730 sed
2247 3673 2303 3728 in
2332 3681 2577 3730 creatore
2609 3673 2911 3746 habentes,
2936 3676 3031 3748 qui
3052 3684 3130 3733 est
3150 3688 3303 3746 super
3327 3671 3504 3731 omnia
3524 3671 3668 3727 De.

2114 3764 2436 3825 benedictus
2471 3765 2527 3820 in
2555 3765 2773 3821 saecula.

2189 3855 2422 3911 Locutus
2448 3866 2523 3913 est
2548 3857 2809 3913 Dominus
2834 3860 2903 3914 ad
2929 3858 3149 3931 Hosyen
3172 3858 3346 3915 dicens
3367 3870 3386 3913 .'
3409 3854 3531 3912 Istis
3552 3852 3664 3909 diti-

2116 3948 2273 4004 detur
2306 3959 2449 4005 terra
2485 3950 2646 4021 juxta
2694 3970 2968 4010 numerum
2998 3953 3374 4009 vocabulorum
3410 3953 3463 4006 iu
3490 3963 3663 4020 posscs-

2116 4043 2290 4097 siones
2343 4033 2489 4097 suas.
2544 4040 2800 4098 Pluribus
2855 4044 3116 4114 majorem
3166 4054 3373 4115 partem
3419 4042 3578 4106 debts,
3621 4046 3665 4094 et

2118 4134 2457 4206 paucioribus
2506 4134 2784 4191 minorem.
2820 4135 3079 4207 Singulis,
3116 4136 3256 4191 sicut
3300 4152 3439 4191 nunc
3464 4130 3667 4189 mariti

2116 4236 2273 4291 sunt,
2308 4227 2551 4281 tradetur
2576 4229 2859 4299 possessio,
2889 4229 2964 4285 ita
2992 4228 3258 4284 duntaxat
3286 4239 3347 4283 ut
3376 4244 3485 4283 sors
3508 4235 3669 4280 terra:

2117 4318 2357 4373 tribubus
2387 4320 2590 4374 dividat
2630 4329 2679 4374 et
2721 4319 2962 4390 familiis.
3007 4319 3280 4392 Quidquid
3311 4330 3452 4376 sorte
3479 4317 3669 4385 contige-

2119 4411 2223 4477 rit,
2259 4410 2358 4464 hoc
2397 4410 2476 4466 vel
2510 4410 2688 4481 plures
2717 4412 2970 4481 accipient
2999 4409 3079 4465 vel
3102 4411 3409 4481 pauciores.
3448 4408 3554 4465 Hoc
3579 4412 3672 4467 est,

2118 4500 2263 4571 quod
2293 4499 2480 4565 docet,
2513 4507 2573 4554 ut
2603 4500 2650 4554 si
2689 4516 2795 4570 qua
2828 4500 3003 4555 tribus
3030 4500 3386 4556 numerosior
3406 4499 3612 4557 habetur
3632 4495 3675 4549 in

2116 4592 2366 4664 populis,
2402 4591 2604 4662 majora
2647 4602 2808 4647 terrae
2844 4592 3019 4662 spatia
3062 4594 3355 4651 sortiatur.
3399 4593 3458 4649 Si
3492 4606 3584 4661 qua
3604 4603 3677 4643 aa—

2118 4694 2227 4741 tem
2253 4688 2432 4741 minor
2457 4686 2737 4741 hominum
2763 4702 2991 4741 numero
3016 4694 3290 4754 censetur,
3316 4687 3563 4743 breviore
3584 4696 3679 4753 νοε-

2118 4777 2360 4832 sessione
2387 4786 2643 4833 contenta
2681 4776 2772 4832 sit.
2813 4776 2923 4833 Sed
2959 4778 3214 4848 quoniam
3252 4788 3426 4837 terra:
3453 4778 3597 4848 hujus
3617 4773 3680 4829 di-

2120 4868 2383 4923 visionem
2414 4868 2895 4939 haereditatemque
2921 4877 3197 4925 terrenam
3220 4870 3471 4939 speciem
3492 4867 3683 4927 dicimus

2122 4967 2309 5014 tenere
2332 4965 2387 5013 et
2413 4958 2704 5030 imaginem
2732 4958 3040 5015 futurorum
3066 4962 3340 5023 bonorum
3358 5003 3374 5028 ,
3400 4977 3469 5017 ac
3492 4959 3685 5015 formam

2125 5049 2367 5105 cmlestis
2402 5049 2579 5116 illius,
2618 5066 2737 5122 quae
2771 5066 2803 5105 a
2843 5050 3091 5108 ﬁdelibus
3124 5061 3180 5109 et
3202 5055 3422 5112 sanctis
3444 5057 3686 5123 operam:

2119 5148 2411 5204 ostendere
2454 5145 2676 5217 requiro
2711 5145 2766 5199 in
2803 5144 2896 5200 illa
2936 5144 3257 5201 haareditate
3284 5160 3429 5215 qua
3450 5136 3688 5214 speranda

2120 5252 2235 5311 est,
2278 5244 2371 5314 qui
2410 5251 2536 5299 sunt
2570 5242 2790 5313 plures,
2832 5248 2888 5296 et
2911 5241 3006 5310 qui
3034 5249 3163 5296 sunt
3182 5240 3476 5310 pauci,et
3504 5231 3693 5292 invenio

2121 5336 2198 5392 ibi
2235 5337 2428 5393 beatos
2464 5334 2751 5406 pauciores
2790 5332 2980 5387 haberi
3018 5346 3181 5403 quam
3202 5330 3422 5401 plures.
3465 5326 3591 5383 Nam
3616 5320 3698 5392 qui

2120 5441 2221 5497 per
2259 5426 2406 5481 viam
2443 5424 2609 5479 latam
2643 5432 2698 5477 et
2738 5421 3075 5492 spatiosam‘,
3115 5434 3236 5491 qua:
3262 5419 3426 5475 ducit
3454 5416 3522 5473 ad
3544 5409 3699 5487 perdi-

2123 5517 2353 5583 tionem,
2383 5516 2489 5571 iter
2514 5515 2757 5587 egerint,
2794 5512 2951 5569 multi
2988 5511 3283 5577 dicuntur;
3322 5511 3423 5585 qui
3462 5521 3588 5563 vero
3619 5512 3702 5573 per

2117 5620 2328 5670 arctam
2349 5618 2405 5668 et
2426 5620 2712 5684 angustam
2742 5611 2890 5667 viam
2914 5610 3278 5684 perrexerint,
3306 5624 3443 5679 qua:
3467 5604 3613 5667 ducit
3645 5596 3701 5653 ad

2115 5704 2287 5761 vitam
2304 5743 2319 5772 ,
2355 5703 2514 5777 pauci
2537 5703 2899 5776 appellantur.
2922 5702 2993 5757 Et
3017 5702 3217 5761 iterum
3238 5701 3295 5759 iu
3320 5700 3456 5758 aliis
3472 5695 3665 5753 dicitur
3686 5704 3700 5743 :

2120 5796 2296 5866 Quam
2334 5797 2492 5869 pauci
2524 5805 2691 5869 sunt,
2716 5797 2804 5867 qui
2846 5793 3118 5851 salvantur
3156 5793 3403 5866 (Matth.
3438 5805 3531 5846 xix
3557 5786 3603 5855 μ
3648 5778 3702 5836 El
