3890 6340
210 420 299 482 773

916 408 1453 473 ENARRATIONES
1487 407 1559 470 IN
1590 405 1852 470 LIBRUM
1885 407 2352 470 NUMERORUM.
2380 438 2455 455 -
2488 406 2617 469 LIB.
2654 405 2745 468 ΠΙ.

3360 408 3465 466 774

213 537 333 592 item
361 530 418 587 in
445 529 606 589 aliis:
641 526 753 585 Ubi
769 527 1153 600 multiplicatur
1176 529 1428 601 iniquitas
1449 567 1465 595 ,
1497 528 1789 600 refrigescit
1811 529 1867 592 Α
1886 528 2016 586 dine
2041 528 2389 601 multiplicari
2420 528 2747 594 hatreditas,
2786 531 2843 581 et
2868 522 3083 597 exiguis
3109 522 3217 580 illis
3236 565 3251 589 ,
3280 525 3468 581 videli-

210 625 434 682 cbaritas
458 622 741 678 multorum
759 620 975 693 (Matth.
1006 620 1176 692 xmv),
1201 636 1309 677 non
1330 636 1649 692 paucorum.
1677 619 1785 676 Sed

212 721 257 775 iu
281 733 414 773 arca
436 731 557 788 qua:
580 732 611 771 a
638 715 752 771 Noe
774 722 1090 771 constructa
1115 723 1232 781 est,
1260 715 1355 771 ubi
1381 730 1651 773 mensurae
1674 730 1787 771 cae-

210 816 329 870 litus
354 813 558 869 dantur
590 812 647 867 in
686 809 1036 867 inferioribus
1073 818 1444 865 trecentorum
1480 808 1785 865 cubitorum

210 906 430 978 ponitur
473 904 787 976 longitudo,
835 910 893 958 et
940 902 1339 975 quinquaginta
1385 902 1634 958 latitudo.
1683 901 1786 958 Ubi

208 1011 330 1051 vero
374 1002 555 1051 textus
582 993 698 1064 eius
738 995 806 1050 ad
832 994 1027 1050 altiora
1057 994 1342 1066 consurgit
1360 1033 1375 1060 ,
1414 994 1470 1050 in
1496 1002 1785 1066 angustum

206 1089 442 1160 cogitur,
474 1095 530 1144 et
566 1102 864 1159 paucorum
899 1087 1214 1145 cubitorum
1258 1087 1605 1144 conclusione
1638 1086 1787 1143 colli-

208 1181 372 1253 gitur,
400 1181 479 1237 ita
514 1188 578 1236 ut
612 1181 901 1237 summitas
938 1180 1060 1252 ejus
1084 1181 1141 1236 in
1166 1181 1328 1236 unius
1352 1181 1521 1237 cubiti
1547 1181 1785 1252 spatium

210 1282 631 1331 consummetur.
668 1274 965 1346 Propterea
996 1275 1146 1346 quod
1182 1276 1241 1331 in
1276 1274 1628 1332 inferioribus
1666 1275 1787 1345 qui-

208 1367 325 1425 dem
348 1367 447 1424 ubi
468 1366 582 1425 luta
608 1376 667 1424 et
690 1370 931 1441 spatiosa
959 1370 1304 1425 habebantur
1326 1370 1468 1436 loca,
1490 1369 1580 1424 vel
1600 1369 1788 1425 bestia:

209 1460 291 1517 vel
312 1462 729 1531 pecudoserant
750 1464 974 1530 locatae;
1002 1462 1058 1518 in
1082 1463 1453 1534 superioribus
1474 1478 1607 1519 vero
1630 1476 1787 1529 aves;

208 1552 262 1609 in
284 1555 513 1611 summis
539 1565 719 1611 autem
734 1597 749 1622 ,
774 1571 898 1626 quae
920 1556 1237 1627 angustiora
1260 1564 1321 1611 et
1345 1554 1585 1611 arctiora
1607 1560 1788 1620 erant,

208 1642 281 1699 ibi
310 1645 477 1703 homo
500 1647 843 1705 rationabilis
864 1648 1187 1704 collocatur.
1216 1647 1337 1718 ipse
1362 1660 1493 1703 vero
1516 1653 1705 1702 vertex
1734 1644 1789 1701 in

206 1754 374 1795 unum
412 1739 687 1812 colligitur
720 1740 985 1796 cubitum.
1022 1740 1218 1796 Omnia
1244 1740 1391 1796 enim
1414 1740 1482 1795 ad
1505 1739 1789 1794 madent

205 1830 548 1901 rediguntur.
610 1832 741 1898 Quae
808 1841 993 1887 tamen
1048 1832 1334 1887 Trinitatis
1389 1839 1785 1886 sacramentum

1886 630 2008 691 cet,
2047 623 2138 693 qui
2178 623 2343 678 etiam
2383 623 2431 678 si
2468 635 2697 678 numero
2733 619 2891 675 multi
2929 627 3084 685 sunt,
3124 617 3249 672 vitae
3289 626 3470 673 tamen

1881 730 1998 771 suae
2036 714 2357 786 indignitate
2389 723 2445 770 et
2480 713 2691 769 vilitate
2729 712 2911 783 exigui
2944 711 3234 775 habentur,
3273 709 3470 778 exigua

1886 808 2179 863 hereditas
2204 808 2353 879 poni.
2384 805 2494 862 Per
2518 816 2744 873 sortem,
2774 806 2979 876 inquit,
3010 804 3110 859 erit
3146 799 3470 858 hwreditan's

1887 896 2207 953 distributio.
2252 897 2368 955 Hoc
2400 896 2617 968 quidem
2652 896 2984 967 praecipitur.
3026 895 3136 951 Sed
3163 910 3287 951 cum
3312 892 3473 950 venio

1886 992 1957 1046 ad
1986 990 2335 1063 Scripturas,
2362 990 2523 1047 video
2550 991 2726 1062 ipsum
2766 990 2984 1064 Moysen
3004 1032 3023 1058 ,
3054 990 3147 1045 cui
3182 988 3477 1046 mandatur

1882 1091 2035 1139 sorte
2060 1099 2171 1139 non
2197 1083 2277 1139 uti
2305 1083 2362 1138 in
2399 1083 2666 1138 divisione
2700 1083 3037 1139 hmreditatis
3073 1082 3296 1149 Ruben,
3324 1076 3472 1147 Gad,

1880 1183 1940 1231 et
1966 1174 2207 1231 dimidiae
2230 1174 2407 1229 tribus
2433 1172 2703 1229 Manasse.
2736 1171 2844 1228 Sed
2881 1184 2936 1229 et
2966 1172 3125 1229 Jesns
3149 1172 3296 1228 Nave
3319 1179 3477 1226 extra

1887 1276 2093 1325 sortem
2123 1267 2216 1324 dat
2238 1266 2616 1323 btereditatem
2643 1266 2808 1321 tribui
2835 1263 3017 1333 Judze,
3044 1273 3101 1322 et
3124 1264 3286 1322 Caleb
3319 1274 3476 1321 extra

1887 1366 2095 1415 sortem
2124 1359 2215 1414 dat
2240 1360 2295 1414 in
2324 1358 2469 1415 tribu
2494 1358 2787 1429 Ephraim,
2823 1365 2879 1412 et
2903 1357 3139 1413 dimidia:
3176 1356 3336 1413 tribui
3366 1357 3479 1412 Ma-

1890 1465 2073 1508 nasse.
2099 1450 2158 1507 lu
2182 1451 2396 1508 caeteris
2420 1467 2540 1507 sors
2564 1450 2820 1505 mittitur.
2849 1446 2918 1505 Et
2938 1451 3115 1522 prima
3140 1465 3264 1507 sors
3287 1450 3480 1520 Benja-

1890 1542 2005 1598 min
2027 1542 2303 1613 procedit,
2327 1550 2383 1598 et
2405 1542 2530 1598 inde
2542 1541 2657 1612 jam
2683 1542 2920 1597 tribuum
2946 1542 3301 1613 reliquarum.
3328 1541 3481 1598 Unde

1886 1643 2022 1705 puto
2062 1635 2206 1705 quod
2244 1642 2300 1690 et
2336 1634 2426 1689 illa
2468 1636 2618 1706 regni
2659 1635 2920 1691 caelorum
2963 1635 3125 1691 beata
3165 1633 3482 1691 haereditate

1889 1734 2049 1781 erunt
2073 1726 2273 1795 aliqui,
2299 1726 2392 1797 qui
2421 1741 2528 1781 non
2551 1726 2772 1781 venient
2797 1722 2865 1781 ad
2890 1734 3124 1792 sortem,
3157 1739 3335 1796 neque
3358 1738 3483 1779 cum

1889 1821 2102 1877 cmteris
2139 1821 2388 1890 quamvis
2430 1821 2541 1876 sint
2579 1821 2753 1877 sancti
2791 1829 3189 1889 numerantur;
3236 1819 3334 1875 sed
3376 1818 3483 1874 erit

203 1919 261 1974 in
295 1936 528 1977 numero
558 1929 931 1977 trecentorum
954 1921 1264 1977 cubitorum
1286 1922 1548 1992 designat.
1574 1919 1641 1976 Et
1661 1919 1789 1975 huic
1814 1906 1863 1966 Β
1891 1915 2111 1987 egregia
2138 1914 2387 1986 quaedam
2422 1923 2479 1970 et
2510 1914 2712 1970 eximia
2745 1930 2936 1972 eorum
2972 1913 3293 1977 haereditas,
3335 1912 3479 1967 sicut

198 2020 553 2069 sacramento
573 2014 861 2083 proximus
890 2013 1107 2084 ponitur
1130 2014 1313 2079 homo,
1357 2020 1417 2067 ut
1458 2021 1585 2081 pote
1626 2011 1791 2066 ratio-

200 2105 409 2161 nabilis
433 2113 484 2160 et
512 2105 609 2160 Dei
635 2122 825 2175 capax.
850 2105 960 2162 Sed
986 2115 1041 2161 et
1064 2104 1211 2171 inde,
1239 2119 1361 2174 quae
1384 2104 1459 2159 sit
1482 2101 1789 2157 tlill‘erentia

203 2194 354 2249 inter
377 2211 578 2265 paucos
605 2204 658 2250 et
680 2196 899 2262 multos,
918 2196 1237 2266 colligamus
1261 2195 1480 2249 iudicia.
1503 2191 1652 2247 Pone
1670 2206 1791 2248 om-

198 2296 332 2340 nem
356 2285 579 2339 humani
602 2287 818 2356 generis
842 2302 1127 2342 numerum
1153 2294 1211 2341 et
1233 2301 1300 2342 est
1325 2285 1595 2341 universis
1616 2285 1793 2356 genti-

198 2373 305 2429 bus
346 2373 488 2444 elige
528 2374 733 2431 ﬁdeles.
779 2375 908 2432 Sine
933 2377 1098 2433 dubio
1122 2378 1410 2448 pauciores
1440 2386 1595 2444 sunt,
1625 2394 1789 2448 quam

202 2475 334 2522 sunt
360 2468 622 2525 universi.
663 2469 798 2525 Tum
824 2469 1020 2526 deinde
1040 2485 1110 2527 ex
1134 2471 1375 2528 ﬁdelium
1400 2487 1630 2528 numero
1654 2471 1793 2542 elige

195 2559 479 2617 meliores.
517 2560 739 2618 Certum
777 2570 863 2618 est
894 2564 1041 2633 quod
1075 2562 1245 2619 multo
1528 2578 1794 2619 numerus

198 2652 527 2708 remanebit.
580 2653 651 2709 Et
698 2655 828 2710 item
873 2670 941 2709 ex
984 2656 1121 2726 ipsis
1163 2671 1301 2726 quos
1348 2654 1612 2726 elegeris,
1652 2655 1793 2727 elige

192 2759 416 2800 rursum
442 2744 821 2815 perfectiores.
848 2745 1102 2803 Profecto
1134 2748 1405 2819 reperies,
1436 2755 1642 2818 quanto
1677 2761 1795 2801 am-

191 2834 336 2903 plius
364 2834 622 2906 eligendo
648 2838 984 2907 processeris
1001 2879 1016 2904 ,
1046 2845 1202 2893 tanto
1227 2838 1455 2908 exiguos
1488 2844 1545 2891 et
1579 2836 1795 2907 paucis-

191 2926 362 2981 simos
410 2925 697 2994 invenies,
738 2943 1020 2999 usquequo
1058 2928 1254 2984 ultimo
1291 2929 1479 2983 venias
1523 2930 1591 2983 ad
1626 2944 1795 2983 unum

191 3017 432 3088 aliquem
480 3018 573 3089 qui
612 3019 953 3075 confidenter
986 3020 1176 3076 dicat;
1210 3021 1335 3090 quia
1370 3020 1599 3091 arnplius
1633 3036 1794 3091 quam

190 3127 371 3166 omnes
402 3109 493 3165 illi
523 3109 759 3166 laboravi
789 3111 855 3184 (Ι
882 3110 1006 3167 Cor.
1037 3111 1159 3184 xv).
1204 3112 1272 3167 Hi
1312 3128 1441 3183 ergo
1470 3113 1563 3181 qui
1598 3112 1654 3166 in
1690 3112 1795 3169 hoc

1892 2006 1999 2062 fuit
2032 2006 2199 2062 Caleb
2223 2014 2278 2062 ct
2305 2007 2480 2062 tribus
2504 2005 2675 2075 Iuda,
2712 2017 2770 2063 et
2803 2005 2933 2063 Iesu
2972 2006 3143 2077 ipsius
3176 2005 3272 2060 ﬁlii
3307 2003 3474 2060 Nave.

1897 2100 2052 2157 Sicut
2090 2099 2152 2154 tit
2178 2099 2358 2165 enim,
2384 2098 2537 2155 verbi
2576 2115 2742 2155 causa
2762 2139 2778 2166 ,
2806 2114 2930 2155 cura
2971 2107 3097 2170 post
3130 2097 3378 2169 praelium
3401 2097 3486 2152 vi-

1894 2190 2141 2246 ctoribus
2179 2191 2477 2262 provincia:
2513 2192 2829 2262 partiuntur
2864 2199 2919 2246 et
2951 2190 3155 2261 spolia,
3195 2200 3251 2245 et
3284 2188 3487 2261 egregii

1893 2283 2094 2354 quique
2128 2291 2183 2339 et
2217 2281 2402 2337 eximii
2438 2280 2732 2338 bellatores
2756 2298 2862 2338 non
2896 2298 3022 2338 cum
3060 2281 3274 2337 caeteris
3300 2280 3488 2337 militi-

1890 2374 1993 2431 bus
2026 2374 2088 2431 in
2114 2374 2380 2431 divisione
2406 2374 2701 2446 spoliorum
2726 2376 3004 2432 ducuntur
3029 2376 3096 2432 ad
3126 2384 3327 2430 sortem
3344 2415 3359 2441 ,
3391 2373 3487 2430 sed

1892 2468 2101 2538 optima
2130 2482 2357 2537 quaeque
2383 2476 2439 2523 et
2462 2468 2734 2539 praecipue
2757 2468 2839 2523 eis
2866 2468 3128 2524 virtutum
3156 2468 3355 2523 merito
3384 2467 3482 2523 de-

1896 2571 2216 2628 cernuntur,
2242 2562 2428 2618 caeteri
2455 2577 2584 2617 vero
2612 2570 2839 2616 utuntur
2862 2570 3013 2617 sorte
3038 2560 3154 2618 solo
3177 2561 3298 2633 iure
3318 2561 3488 2616 victo-

1894 2654 2022 2721 riaa,
2047 2654 2125 2709 ita
2164 2654 2299 2709 mihi
2326 2654 2536 2709 videtur
2575 2654 2840 2709 Dominus
2862 2668 3020 2710 meus
3044 2654 3202 2709 Jesus
3229 2652 3480 2708 Christus

1895 2746 2162 2802 facturus.
2214 2744 2490 2813 Quosdam
2537 2744 2725 2811 enim,
2778 2760 2920 2815 quos
2967 2744 3072 2801 scit
3122 2742 3485 2798 abundantius

1897 2846 2061 2910 quam
2084 2847 2321 2894 exteros
2346 2837 2653 2903 laborasse,
2678 2845 2737 2891 et
2762 2851 2995 2906 quorum
3018 2843 3171 2906 gesta
3196 2832 3484 2905 magniﬁca

1890 2931 2269 3001 sublimesque
2294 2932 2525 2986 virtutes
2548 2930 2667 3000 ipse
2695 2929 2968 3000 cognoscit
2995 2969 3011 2994 ,
3039 2926 3146 2982 illis
3178 2926 3487 2997 prmcipuos

1897 3037 2143 3093 quosque
2166 3021 2399 3077 eximios
2425 3029 2586 3091 atque
2608 3062 2624 3087 ,
2655 3029 2715 3076 ut
2747 3022 2825 3077 ita
2861 3020 3090 3076 audeam
3126 3021 3311 3075 dicere
3334 3020 3484 3078 simi-

1896 3115 1977 3172 les
1996 3116 2100 3171 sibi
2128 3116 2363 3172 bonores
2382 3116 2632 3171 decernit
2652 3126 2710 3171 et
2728 3115 2950 3187 glorias.
2978 3115 3061 3171 Au
3080 3131 3191 3171 non
3216 3115 3315 3172 tibi
3341 3116 3485 3173 vide-

186 3202 394 3257 mundo
419 3200 614 3274 plures
642 3210 797 3269 sunt,
822 3202 944 3273 plus
970 3210 1133 3257 terra:
1156 3210 1213 3258 et
1234 3202 1359 3274 plus
1384 3217 1661 3273 corporeae
1681 3202 1793 3258 hae-
1896 3219 1986 3267 tur
2008 3210 2185 3268 simile
2215 3211 2419 3283 aliquid
2442 3227 2555 3267 suae
2595 3210 2954 3267 beatitudinis
2996 3209 3335 3269 cbarissimis
3371 3210 3484 3266 suis

186 3291 446 3349 reditatis
474 3290 768 3363 accipient.
809 3292 976 3348 Pauci
1003 3300 1186 3348 autem
1209 3293 1468 3361 exiguum
1493 3291 1699 3362 aliquid
1725 3294 1789 3348 de
1818 3283 1863 3347 C
1894 3302 2143 3359 conferre
2185 3302 2463 3374 ῶεοφυιίε
2482 3343 2499 3369 ,
2544 3317 2675 3358 cum
2712 3301 2892 3363 dicit?
2939 3299 3102 3357 Pater
3121 3343 3137 3369 ,
3165 3301 3282 3358 uolo
3309 3313 3369 3358 ut
3393 3302 3485 3357 ιιόὶ

187 3392 336 3440 terra
383 3394 818 3455 consequentur,
864 3386 990 3456 quia
1036 3386 1159 3458 plus
1202 3386 1257 3441 in
1299 3386 1529 3441 Domino
1564 3386 1787 3443 habent.

185 3476 292 3533 Alii
323 3487 520 3535 autem
544 3478 685 3534 nihil
716 3479 939 3533 omnino
964 3487 1123 3535 terra:
1154 3479 1459 3549 accipient,
1485 3479 1532 3535 si
1568 3480 1664 3550 qui
1702 3479 1790 3535 di-

184 3570 278 3640 gni
304 3568 525 3627 fuerint
551 3570 867 3625 sacerdotes
892 3584 1015 3625 esse
1037 3576 1094 3624 et
1114 3569 1425 3625 ministerio
1442 3570 1561 3625 Dei.
1585 3568 1793 3623 Horum

182 3661 334 3717 enim
362 3677 439 3717 ex
462 3662 678 3739 integro
702 3660 819 3731 ipse
840 3660 1103 3715 Dominus
1123 3660 1414 3715 hazreditas
1432 3660 1560 3715 erit.
1585 3659 1653 3713 Et
1671 3660 1795 3728 quis

179 3754 258 3810 ita
298 3757 510 3812 beatus
532 3761 650 3822 est,
679 3763 740 3811 ut
765 3754 912 3809 inter
932 3768 1139 3827 paucos
1172 3754 1428 3826 exiguum
1458 3760 1618 3807 terra:
1651 3751 1795 3807 acci-

1891 3412 2007 3452 sum
2032 3412 2160 3467 ego,
2192 3404 2240 3451 et
2276 3395 2367 3450 isti
2402 3396 2508 3450 sint
2546 3410 2751 3450 mecum
2798 3392 2994 3465 (locu.
3021 3395 3208 3468 xm);
3257 3404 3313 3451 et
3356 3410 3483 3451 cum

1894 3488 2093 3544 iterum
2126 3478 2259 3544 dicit
2288 3502 2303 3542 :
2335 3487 2477 3554 Quia
2515 3488 2757 3543 sedebitic
2790 3497 2845 3542 et
2881 3505 2968 3542 vos
3005 3505 3162 3558 super
3204 3488 3483 3541 duodecim

1894 3579 2142 3645 thronos,
2162 3579 2470 3649 iudicantes
2512 3579 2792 3634 duodecim
2837 3578 3003 3633 tribus
3045 3576 3217 3632 Israel
3252 3576 3479 3648 (Matth.

1896 3671 2047 3742 nx).
2080 3671 2149 3725 Et
2174 3672 2375 3727 iterum
2401 3688 2415 3726 :
2439 3672 2590 3728 Sicut
2616 3683 2673 3726 tu
2698 3673 2759 3727 in
2779 3688 2884 3735 me,
2916 3671 3103 3736 Pater,
3132 3680 3180 3725 et
3209 3686 3302 3739 ego
3328 3671 3383 3724 in
3412 3679 3481 3735 te,

1896 3769 1952 3813 ut
1978 3768 2027 3813 et
2058 3761 2145 3814 isti
2166 3762 2227 3815 in
2254 3762 2402 3815 nobis
2446 3778 2611 3816 unum
2653 3763 2760 3816 sint
2803 3760 2996 3833 (Joan.
3022 3760 3099 3832 1).
3138 3760 3267 3816 Hec
3296 3761 3484 3816 omnia

175 3849 338 3917 piat,
370 3847 467 3902 vel
497 3848 635 3903 inter
661 3848 865 3903 electos
886 3849 1205 3905 sacerdotes
1230 3857 1288 3904 et
1309 3848 1594 3904 ministros
1617 3846 1793 3903 solum

174 3940 363 3994 Deum
393 3952 598 4006 capere
621 3938 954 3992 haereditatis
977 3947 1123 3993 sorte
1150 3939 1455 3993 mereatur?
1477 3938 1633 3995 Licet
1648 3937 1795 3993 enim

175 4030 289 4102 ipsi
314 4036 560 4101 propter
574 4027 824 4098 jumenta
850 4045 947 4084 sua
972 4028 1248 4100 accipiunt
1270 4028 1471 4098 aliquid
1498 4038 1678 4095 terrae,
1702 4030 1795 4084 sed

177 4125 335 4179 illius
368 4131 574 4187 terrm,
614 4138 736 4192 quae
763 4118 991 4178 urbibus
1026 4124 1279 4194 contigua
1316 4132 1431 4190 est,
1472 4132 1529 4179 et
1560 4125 1797 4180 adhaeret

182 4213 542 4274 civitatibus.
573 4208 761 4268 Potest
786 4225 964 4268 tamen
993 4214 1172 4270 adhuc
1196 4222 1252 4268 et
1289 4214 1395 4271 alio
1434 4212 1596 4270 modo
1632 4213 1794 4269 intel~

178 4309 270 4381 ligi
318 4323 522 4366 sermo
552 4307 682 4372 iste,
727 4307 819 4377 qui
859 4307 1018 4373 dicit,
1062 4316 1117 4361 ut
1147 4306 1390 4379 pluribus
1418 4306 1797 4376 multiplicetur

181 4403 506 4457 hwreditas.
552 4399 703 4455 Unus
740 4399 885 4453 enim
922 4397 1139 4467 justus,
1174 4398 1473 4453 secundum
1512 4398 1616 4453 hoc
1649 4396 1795 4467 quod

184 4502 451 4563 acceptus
482 4498 574 4546 est
610 4505 641 4544 a
680 4489 824 4556 Deo,
854 4504 951 4560 pro
990 4489 1239 4558 pluribus
1268 4490 1520 4545 habetur.
1550 4487 1796 4557 Denique

182 4594 236 4641 et
272 4586 558 4657 scriptum
587 4590 672 4638 est
698 4600 712 4636 :
742 4581 848 4636 Per
874 4599 1037 4636 unum
1066 4583 1348 4653 sapientem
1376 4582 1698 4638 habitabitur
1724 4582 1795 4637 ci-

184 4679 312 4733 vitas
333 4694 353 4731 :
385 4678 572 4731 tribus
601 4684 777 4729 autem
805 4675 1106 4745 iniquorum
1137 4673 1531 4729 desolabuntur.
1564 4675 1630 4729 Et
1652 4691 1792 4731 unus

179 4768 360 4841 justus
414 4786 529 4843 pro
591 4776 705 4823 toto
755 4767 959 4824 mundo
1013 4774 1335 4837 reputatur;
1388 4767 1558 4838 iniqui
1611 4777 1792 4822 autem

181 4866 344 4920 etiam
364 4908 381 4933 ,
416 4866 466 4921 si
502 4861 669 4919 multi
701 4870 859 4928 sunt,
887 4860 1069 4932 exigui
1108 4870 1164 4915 et
1193 4875 1295 4931 pro
1328 4860 1496 4915 nihilo
1524 4860 1795 4915 ducuntur

1895 3866 2005 3906 non
2041 3859 2186 3907 sorte
2235 3851 2621 3916 decernuntur,
2664 3850 2763 3907 sed
2800 3850 3090 3907 electionis
3123 3851 3483 3922 praerogativa

1896 3943 2167 4000 donantur
2192 3945 2263 4000 ab
2289 3960 2356 4001 eo
2381 3944 2475 4015 qui
2510 3945 2675 4002 corda
2711 3952 2769 4001 et
2789 3953 3003 4001 mentes
3028 3946 3313 4001 hominum
3338 3946 3487 4001 videt

1897 4037 2064 4093 solus.
2095 4037 2196 4104 Qui
2235 4054 2335 4095 nos
2376 4054 2628 4110 quoque,
2670 4039 2837 4095 etiam
2864 4041 3043 4097 sinon
3088 4041 3229 4097 inter
3254 4041 3485 4099 eximios

1894 4141 1949 4188 et
1984 4133 2187 4190 electos
2208 4175 2225 4203 ,
2251 4146 2427 4206 atque
2467 4136 2622 4203 illos,
2656 4137 2755 4206 qui
2791 4153 2955 4207 supra
2988 4144 3191 4192 eorm.
3231 4146 3389 4205 sunt,
3424 4135 3485 4191 in

1896 4236 2098 4283 sortem
2122 4238 2446 4285 sanctorum
2476 4238 2658 4284 tamen
2682 4230 2936 4299 dignetur
2958 4231 3248 4287 adducet-te.

2519 4342 2748 4399 CAPUT
2788 4342 2878 4398 Χί.

1965 4430 2134 4503 (CAP.
2171 4431 2387 4504 xxvu.)
2426 4433 2769 4487 Accesserunt
2805 4442 2980 4486 autem
3016 4432 3143 4500 ﬁlia:
3180 4428 3484 4501 Salphaad,

1893 4521 1993 4590 ﬁlii
2024 4522 2217 4587 Heber,
2246 4522 2346 4591 ﬁlii
2374 4522 2615 4589 Galaad,
2648 4522 2748 4591 ﬁlii
2778 4520 3018 4588 Mashir,
3060 4521 3159 4589 ﬁlii
3201 4520 3449 4577 Manasse
3468 4564 3483 4591 ,

1816 4645 1871 4705 Β
1894 4617 1985 4685 qui
2012 4616 2111 4686 fuit
2139 4615 2284 4684 ﬁlius
2311 4615 2538 4686 Ioseph,
2568 4631 2794 4686 quarum
2818 4625 2941 4669 sunt
2970 4615 3183 4671 nomina
3202 4632 3227 4677 ηε
3256 4616 3485 4673 Moecha

1899 4715 1950 4760 et
1982 4705 2134 4771 Non,
2165 4716 2215 4761 et
2248 4706 2383 4777 Egla
2404 4747 2418 4773 ,
2449 4717 2498 4761 et
2531 4706 2763 4762 Melchta
2786 4749 2801 4775 ,
2842 4718 2891 4764 et
2927 4708 3145 4766 Thersa.
3186 4711 3485 4769 Steterunt-

1894 4813 2000 4867 .qne
2043 4812 2218 4850 coram
2266 4796 2450 4866 Moyse
2491 4807 2538 4851 et
2581 4797 2844 4854 Eleazaro
2872 4804 3175 4872 sacerdote,
3206 4814 3254 4860 et
3283 4807 3484 4862 cunctis

1896 4886 2224 4957 principibus
2262 4888 2476 4959 populi,
2509 4888 2578 4943 ad
2623 4891 2813 4945 ostium
2852 4893 3179 4951 tabernaculi
3222 4907 3374 4969 atque
3402 4898 3485 4950 tli-

1898 4988 2088 5033 xerunt
2112 4995 2131 5035 :
2162 4977 2327 5034 Pater
2355 4989 2530 5034 noster
2554 4992 2798 5038 mortuus
2824 4994 2899 5039 est
2925 4986 2982 5041 in
3009 4988 3233 5054 deserto,
3263 5003 3355 5041 nec
3381 4986 3481 5057 fuit

1898 5070 1957 5125 in
1998 5072 2253 5127 seditione
2291 5087 2409 5143 qua:
2450 5073 2711 5129 concitata
2742 5085 2818 5131 est
2847 5088 3030 5132 contra
3060 5077 3346 5133 Dominum
3384 5076 3481 5131 sub

1894 5163 2068 5218 Chore
2087 5204 2101 5230 ,
2144 5163 2235 5218 sed
2260 5164 2317 5217 in
2344 5174 2558 5235 peccato
2587 5183 2681 5220 suo
2711 5179 2951 5225 mortuus
2982 5179 3076 5225 est.
3111 5168 3215 5224 Hic
3246 5184 3349 5223 non
3388 5168 3482 5220 ha-

1892 5254 2008 5308 buit
2044 5270 2217 5309 mares
2258 5253 2416 5324 ﬁlios.
2450 5255 2560 5310 Cur
2588 5257 2792 5314 tollitur
2820 5276 3011 5314 nomen
3040 5260 3153 5328 ejus
3181 5258 3244 5311 de
3272 5255 3480 5326 familia

1896 5363 2030 5414 sua,
2060 5348 2187 5419 quia
2231 5364 2335 5401 non
2374 5347 2557 5404 habuit
2593 5350 2765 5420 ﬁlium
2788 5350 2814 5407 7
2840 5350 2975 5407 Date
3018 5351 3163 5405 nobis
3194 5349 3481 5421 possessio-

1896 5456 2015 5493 nem
2043 5440 2180 5494 inter
2214 5450 2461 5513 cognatos
2500 5445 2667 5514 patris
2706 5444 2896 5500 nostri.
2943 5440 3242 5512 Retulitque
3270 5440 3478 5512 Moyses

182 4959 321 5030 apud
371 4957 709 5015 Dominum.
754 4953 850 5008 Est
884 4969 1014 5023 ergo
1049 4962 1103 5007 et
1142 4953 1431 5009 multitudo
1468 4952 1791 5021 laudabilis,

181 5050 321 5105 sicut
359 5049 621 5105 vidimus
647 5044 812 5099 etiam
846 5044 914 5098 ad
938 5043 1212 5099 Abraham
1236 5044 1442 5099 dictum
1459 5085 1475 5110 ,
1515 5059 1637 5098 cum
1664 5044 1794 5099 edu-

182 5143 351 5199 xisset
377 5157 513 5198 eum
540 5136 819 5194 Dominus
846 5135 991 5191 foras
1010 5176 1026 5201 ,
1053 5144 1109 5191 et
1129 5135 1266 5190 dixit
1291 5137 1357 5191 ad
1381 5152 1506 5192 eum
1534 5155 1546 5192 :
1578 5136 1794 5208 Respice

183 5236 247 5290 ad
276 5236 471 5291 ccelum
498 5251 519 5300 ;
552 5230 607 5286 si
630 5238 775 5300 potes
801 5228 1137 5282 dinumerare
1162 5225 1341 5281 stellas
1359 5267 1373 5291 ,
1396 5228 1473 5281 ita
1497 5228 1595 5281 erit
1621 5244 1795 5282 semen

184 5335 353 5386 tuum.
390 5326 455 5384 lu
486 5339 605 5397 quo
632 5329 689 5376 et
711 5318 816 5376 hoc
852 5319 1096 5385 intuere,
1134 5317 1403 5387 quomodo
1430 5316 1611 5386 justus
1648 5318 1795 5374 intus

187 5428 293 5485 est,
331 5428 389 5476 et
426 5420 486 5474 in
532 5412 889 5471 interioribus
923 5426 1137 5482 semper
1173 5410 1453 5476 consistit,
1481 5409 1607 5480 quia
1647 5410 1794 5467 intus

186 5509 602 5569 inabscoudito
626 5512 747 5559 orat
770 5503 1018 5571 Patrem;
1050 5511 1106 5558 et
1129 5503 1308 5559 omnis
1331 5502 1500 5575 gloria
1525 5504 1651 5559 ﬁlim
1676 5503 1788 5561 Re-
1888 5546 2113 5587 mum",
2156 5502 2336 5589 ωηιξη
2376 5535 2451 5589 πά
2487 5502 2754 5607 ἐκαθάρθη,
2797 5533 3031 5589 mgni.
3076 5502 3184 5598 Qu,-
3225 5502 3479 5590 δεπειναά

186 5604 299 5678 κίε,
327 5607 385 5700 ίξί
413 5611 507 5661 85"
526 5642 543 5670 ν
574 5599 770 5700 “Ph?”
792 5598 989 5700 regalis
1008 5639 1023 5666 ν
1051 5598 1379 5654 intrinsecus
1417 5606 1520 5654 es"
1708 5606 1789 5653 ⁸³³⁵
1892 5642 2014 5679 eum
2036 5640 2057 5677 :
2081 5623 2291 5680 Iustum
2320 5643 2430 5682 rem
2456 5596 2727 5700 postulunt
2761 5625 2889 5695 ﬁlia:
2932 5596 3228 5695 Salphaad.
3276 5622 3360 5680 Da
3402 5626 3479 5682 eis

183 5710 310 5753 men
347 5697 506 5752 Deus
549 5692 737 5748 educit
771 5706 896 5747 eum
927 5691 1107 5758 foras,
1146 5707 1271 5748 cum
1312 5707 1400 5747 res
1436 5692 1703 5763 postulat,
1732 5700 1790 5748 et

1893 5717 2272 5788 possessionem
2298 5718 2435 5774 inter
2457 5691 2707 5788 cognatos
2734 5691 2899 5786 patris
2926 5716 3011 5771 sui
3030 5691 3051 5784 ⁷,
3082 5725 3132 5771 et
3157 5716 3203 5772 ei
3226 5715 3284 5773 in
3311 5719 3478 5775 hwre-
3539 5730 3543 5735 '

185 5804 407 5882 mtuum
433 5782 748 5882 visibilium
774 5783 914 5882 ratio
940 5784 1204 5882 deposcit.
1232 5782 1420 5882 estest
1443 5800 1572 5882 ergo
1596 5792 1655 5882 et
1680 5784 1787 5882 hoc
1890 5782 2058 5865 ditata
2093 5812 2396 5866 succedant.
2435 5782 2563 5865 um}:
2586 5782 2891 5865 secundum
2922 5782 3208 5866 historiam
3239 5813 3367 5882 quid
3393 5813 3476 5867 vi-

186 5879 348 5937 modo
374 5875 578 5935 multis
604 5870 725 5932 istis
747 5874 841 5946 qui
862 5883 990 5932 sunt
1010 5875 1153 5933 sicut
1175 5876 1346 5935 stellae
1369 5876 1523 5947 cceli,
1549 5877 1785 5934 multitu-
1897 5902 2044 5976 gms
2067 5902 2303 5961 habeam
2321 5943 2337 5973 θ
2365 5901 2618 5961 omnibus
2649 5902 2831 5976 palam
2864 5911 2949 5964 est
2982 5904 3076 5980 qui
3111 5870 3293 5967 somn}
3327 5905 3481 5979 leges
