3890 6340
442 314 553 376 775

1084 315 1149 373 B.
1190 313 1446 373 RABANI
1484 313 1709 375 MAURI
1741 316 2065 379 ARCHIEP.
2101 311 2414 374 HOGUNT.
2453 311 2741 371 OPERUM
2780 307 2959 369 PARS
2986 307 3034 365 Ι.

3609 300 3703 373 776'

445 439 582 496 istas
625 448 739 492 non
782 431 959 489 solum
1005 432 1148 503 apud
1194 434 1335 490 ﬁlios
1377 433 1545 489 Israel
1590 434 1888 502 custodiri,
1940 431 2037 488 sed
2063 429 2237 498 A‘Sin
2276 439 2449 483 autem
2482 444 2572 483 nec
2597 438 2815 499 patruos
2855 418 3097 479 habuerit
3120 430 3141 486 ,'
3177 418 3398 475 dabitur
3441 422 3702 487 haereditas

446 543 638 588 onmes
674 526 955 592 homines,
1001 524 1095 595 qui
1135 533 1318 581 tamen
1366 526 1577 597 legibus
1619 527 1828 581 vivunt.
1876 524 2031 581 Unde

449 628 676 694 apparet
701 618 847 690 quod
876 617 1103 673 libertas
1126 616 1365 672 ﬁliarum
1392 615 1661 689 Salpbaad
1681 658 1695 683 ,
1720 630 1827 673 non
1856 616 2031 673 solum

445 716 582 787 ipsis
617 712 993 769 hazreditatem
1025 711 1290 777 contulit,
1323 712 1419 766 sed
1441 720 1496 767 et
1518 718 1782 782 perpetua
1814 707 2031 765 vivendi

440 808 573 881 jura
614 806 854 864 secundo
878 806 1044 862 dedit.
1080 802 1241 861 Vides
1265 813 1471 874 quanta
1496 806 1569 860 sit
1590 806 1755 860 etiam
1792 801 2033 859 historia:

447 903 622 975 ipsius
644 902 855 957 utilitas
877 900 932 954 in
955 899 1073 971 lege
1096 898 1215 954 Dei.
1242 897 1377 965 Quis
1404 906 1583 968 potest
1604 897 1753 967 leges
1779 897 1911 950 istas
1934 893 2033 949 ali-

445 996 664 1068 quando
690 994 1007 1060 dissolvere,
1034 992 1231 1063 quibus
1258 992 1545 1048 universus
1571 993 1745 1047 utitur
1765 989 2035 1047 mundus?

447 1085 556 1144 Sed
578 1097 759 1143 tamen
784 1100 1093 1156 quaeramus
1114 1101 1214 1140 nos
1237 1084 1507 1155 quomodo
1530 1084 1695 1139 etiam
1720 1083 2037 1153 spiritaliter

446 1179 800 1236 aediﬁcemur.
828 1176 1014 1232 Potest
1032 1176 1177 1231 enim
1203 1175 1323 1231 ﬁeri
1346 1182 1407 1229 ut
1428 1190 1603 1245 neque
1626 1174 1748 1230 ﬁliae
1771 1174 1902 1229 mihi
1929 1173 2037 1228 sint

447 1273 745 1329 secundum
779 1283 1020 1335 carnem,
1054 1282 1239 1338 neque
1277 1265 1482 1337 aliquid
1520 1266 1686 1330 ruris,
1726 1264 1880 1333 cujus
1918 1261 2036 1333 capi

448 1363 625 1435 possit
656 1360 989 1426 hereditas;
1029 1359 1161 1430 quid
1194 1359 1376 1430 ergo?
1416 1356 1563 1413 Nihil
1601 1357 1745 1428 apud
1781 1370 1907 1411 cum
1944 1353 2037 1424 qui

455 1454 772 1527 huiusmodi
796 1463 882 1510 est
901 1453 990 1509 lex
1015 1453 1121 1508 ista
1145 1452 1480 1523 operabitur,
1504 1461 1560 1505 et
1586 1450 1693 1506 erit
1718 1449 1881 1504 alicui
1906 1448 2039 1504 otio-

447 1563 569 1604 sum
603 1547 750 1618 quod
779 1546 963 1601 divina
1008 1559 1142 1600 voce
1180 1542 1453 1599 sancitum
1504 1540 1629 1597 est?
1674 1540 2040 1612 Requiramus

443 1661 575 1719 ergo
618 1644 783 1700 etiam
827 1643 971 1714 apud
1017 1640 1314 1714 spiritalem
1363 1638 1570 1711 legem,
1617 1654 1739 1709 qum
1778 1639 1887 1694 sint
1923 1637 2041 1692 istae

446 1739 573 1794 ﬁliae
600 1738 838 1808 quinque
857 1778 871 1804 ,
898 1749 1130 1806 quarum
1155 1734 1323 1790 etiam
1342 1775 1357 1799 ,
1393 1732 1438 1787 si
1465 1741 1623 1803 pater
1646 1741 1897 1788 mortuus
1926 1730 2041 1788 fue-

2130 522 2211 576 his
2251 522 2340 593 qui
2396 521 2445 574 ei
2500 520 2725 591 proximi
2765 526 2908 571 sunt.
2957 513 3178 585 Eritque
3221 513 3319 568 hoc
3380 514 3506 585 ﬁliis
3552 518 3701 577 Israel

2130 622 2369 667 sanctum
2394 609 2505 682 lege
2526 618 2796 683 perpetua,
2822 610 2956 663 sicut
2976 607 3220 679 prmeepit
3245 606 3506 663 Dominus
3530 610 3709 685 Moysi.

2130 702 2359 758 Ponitur
2388 702 2476 756 lex
2506 702 2574 756 de
2602 700 2949 756 successione
2979 717 2991 753 :
3026 706 3088 753 ut
3114 698 3464 769 primo'ﬁlius
3484 742 3499 767 ,
3532 703 3700 761 deinde

2131 792 2240 847 ﬁlia
2266 792 2509 848 secundo
2537 792 2593 846 in
2622 792 2743 847 loco
2791 789 3081 856 succedat,
3114 791 3277 846 tertio
3304 789 3503 859 frater,
3532 807 3699 865 quarto

2076 904 2077 907 η
2132 885 2304 955 patris
2338 884 2528 939 frater.
2567 883 2801 951 Quintus
2834 896 2971 938 vero
3009 884 3210 954 gradus
3242 892 3455 939 certum
3492 883 3723 957 aliquem

2133 986 2241 1032 non
2267 976 2516 1047 designat
2540 992 2555 1041 ;
2584 975 2680 1031 sed
2701 975 2951 1046 quisquis
2980 972 3057 1029 illi
3083 975 3443 1046 propinquior
3473 974 3625 1034 fuerit
3645 980 3725 1035 ρι’

2134 1068 2281 1124 omni
2310 1065 2535 1133 familia,
2568 1076 2632 1121 ut
2664 1066 2779 1137 ipse
2824 1066 3103 1121 succedat.
3140 1065 3199 1120 in
3236 1067 3321 1121 his
3358 1075 3478 1122 tam
3528 1068 3697 1142 integer

2136 1168 2191 1214 et
2224 1157 2499 1229 perfectus
2536 1168 2621 1214 est
2659 1158 2903 1215 historiae
2933 1172 3163 1225 sensus,
3195 1168 3255 1215 ut
3282 1160 3423 1216 nihil
3455 1164 3695 1233 requirere

2139 1251 2390 1307 videatur
2420 1253 2782 1308 extrinsecus.
2813 1252 3018 1309 Tamen
3049 1255 3096 1309 si
3129 1253 3222 1325 qui
3250 1254 3393 1311 bene
3427 1256 3484 1309 in
3519 1257 3697 1326 spirita-

2138 1346 2279 1402 libus
2299 1340 2508 1418 legibus
2530 1347 2777 1403 eruditus
2799 1355 2905 1415 est,
2932 1354 2990 1403 et
3008 1348 3252 1419 pleniore
3271 1349 3695 1406 scientitelumine

2140 1439 2387 1494 radiatus
2418 1480 2431 1505 ,
2471 1439 2562 1495 ille
2594 1448 2778 1510 potest
2812 1441 3115 1513 intelligere
3150 1442 3400 1499 diversos
3439 1443 3566 1498 istos
3605 1461 3695 1500 suc-

2140 1534 2450 1589 cessionum
2500 1536 2721 1606 gradus.
2772 1534 2843 1590 Et
2884 1538 3157 1607 quomodo
3190 1538 3406 1609 primus
3444 1541 3512 1595 sit
3543 1555 3695 1597 conse-

2142 1626 2379 1697 quentiae
2426 1626 2666 1682 caelestis
2717 1628 3084 1697 htereditatis,
3127 1630 3329 1699 gradus
3375 1631 3621 1689 doctrinm
3653 1640 3692 1686 et

2146 1716 2390 1772 scientia:
2437 1719 2664 1784 merito,
2715 1720 2807 1791 qui
2854 1729 2938 1776 est
2981 1722 3257 1777 masculus
3290 1722 3478 1789 ﬁlius;
3512 1740 3690 1795 operum

447 1831 525 1886 rit
549 1804 650 1900 pro
691 1804 874 1898 aliquo
898 1804 1124 1897 peccato
1143 1867 1157 1891 ,
1196 1825 1329 1896 ipsm
1361 1822 1731 1879 haereditatem
1774 1839 1841 1879 ex
1874 1823 2040 1879 verbo

2147 1809 2537 1880 praerogativa,
2589 1823 2710 1880 quae
2760 1818 2846 1865 est
2897 1810 3048 1878 ﬁlia;
3104 1813 3300 1868 tertius
3342 1815 3691 1887 compassionis

447 1920 547 1978 Dei
593 1920 831 1990 capiant.
880 1917 941 1973 ln
978 1916 1362 1988 superioribus
1397 1930 1520 1971 cum
1561 1914 1626 1970 de
1667 1912 2040 1985 spiritualibus

445 2004 578 2083 ﬁliis
605 2020 970 2068 tractaremus
995 2051 1010 2076 ,
1038 2008 1271 2063 virtutes
1313 2006 1480 2061 animi
1518 2015 1574 2063 et
1601 2021 1793 2062 sensus
1838 2004 2038 2061 mentis

448 2103 591 2175 ﬁlios
635 2103 937 2159 docuimus.
984 2100 1338 2170 Consequens
1382 2097 1499 2154 sine
1543 2098 1704 2154 dubio
1745 2106 1802 2154 et
1846 2113 2042 2153 conve-

449 2194 611 2251 niens
640 2195 859 2250 videtur
880 2236 895 2260 ,
928 2193 1094 2249 etiam
1130 2190 1273 2260 ﬁlias
1307 2205 1471 2262 opera
1508 2205 1628 2260 qua:
1665 2189 1909 2260 corporis
1941 2189 2043 2244 mi-

447 2285 675 2341 nisterio
703 2286 991 2355 esplentur
1016 2285 1285 2355 accipere.
1313 2283 1439 2339 ideo
1468 2284 1699 2355 denique
1723 2293 1777 2338 et
1801 2286 2041 2355 quinque

444 2376 527 2430 eis
584 2388 844 2431 numerus
902 2375 1237 2430 ascribitur:
1294 2376 1536 2445 quinque
1596 2376 1741 2431 enim
1794 2375 2041 2446 corporei

447 2480 641 2522 sensus
671 2474 829 2533 sunt,
856 2466 1055 2535 quibus
1084 2481 1249 2521 omne
1272 2481 1410 2535 opus
1435 2450 1685 2536 expietur
1712 2467 1765 2521 in
1791 2482 2037 2538 corpore.

444 2553 571 2612 Istae
598 2570 729 2627 ergo
760 2556 998 2626 quinque
1030 2553 1155 2610 ﬁliae
1180 2598 1196 2624 ,
1232 2556 1287 2612 id
1319 2566 1442 2624 est,
1485 2572 1710 2629 operum
1745 2554 2034 2628 perfectio,

449 2646 618 2703 etiam
647 2647 695 2703 si
721 2648 876 2717 patre
905 2647 1168 2703 orbentur
1195 2656 1251 2703 et
1280 2660 1601 2705 remaneant
1625 2650 1904 2721 orphanze,
1930 2666 2039 2706 non

451 2746 635 2795 tamen
664 2738 992 2809 abjiciuntur
1018 2743 1086 2796 ab
1110 2742 1454 2811 haereditate,
1482 2759 1657 2815 neque
1683 2744 2043 2803 excluduntur

449 2846 481 2885 a
511 2846 701 2902 regno,
733 2831 829 2887 sed
857 2832 913 2886 in
943 2833 1123 2888 medio
1148 2833 1323 2903 plebis
1353 2832 1450 2889 Dei
1477 2836 1782 2906 portionem
1809 2835 2043 2893 haeredi-

454 2921 582 2977 tatis
618 2923 913 2992 accipiunt.
950 2922 1023 2978 At
1053 2924 1199 2979 enim
1242 2926 1557 2993 videamus,
1594 2928 1715 2998 quis
1756 2937 1841 2985 est
1884 2937 2043 3000 pater

454 3027 644 3068 earum
665 3055 680 3081 ,
709 3014 803 3084 qui
840 3021 1089 3071 mortuus
1120 3016 1201 3071 eis
1235 3016 1455 3073 dicitur.
1498 3017 1804 3090 Saiphaad,
1842 3018 2040 3092 inquit.

2151 1898 2383 1969 alicujus
2413 1910 2468 1957 et
2506 1901 2827 1959 imitationis
2861 1922 2873 1957 :
2915 1912 3137 1977 propter
3162 1906 3306 1977 quod
3344 1915 3405 1962 et
3442 1908 3595 1965 frater
3621 1924 3691 1964 no-

2145 1995 2404 2049 minatur.
2444 1993 2584 2050 Sunt
2637 1997 2783 2052 euim
2819 1997 3096 2065 nonnulli,
3145 2000 3237 2070 qui
3282 2008 3478 2075 sponte
3517 2002 3687 2074 quidem

2144 2102 2241 2144 sua
2273 2097 2329 2143 et
2361 2089 2586 2160 proprio
2620 2088 2900 2145 intellectu
2935 2091 3071 2146 nihi‘l
3103 2101 3271 2163 agunt
3298 2110 3314 2161 ;
3348 2096 3507 2165 positi
3543 2103 3684 2150 tamen

2145 2178 2292 2233 inter
2326 2178 2556 2247 fratres,
2597 2195 2665 2236 ex
2707 2182 3011 2239 imitatione
3040 2193 3364 2241 caeterorum
3394 2204 3461 2243 ea
3485 2189 3691 2244 videntur

2146 2284 2310 2341 agere
2345 2286 2466 2342 quae
2499 2280 2555 2327 et
2590 2270 2667 2328 illi
2703 2284 2873 2345 agunt
2909 2277 3002 2346 qui
3042 2276 3322 2335 intellectu
3358 2281 3555 2352 proprio
3588 2296 3688 2336 mo-

2144 2373 2363 2418 ventur.
2396 2364 2567 2420 Datur
2595 2382 2725 2438 ergo
2751 2369 2920 2423 etiam
2951 2369 3069 2426 istis
3097 2369 3419 2439 haereditas,
3450 2374 3535 2429 sub
3557 2373 3689 2429 titulo

2147 2452 2381 2511 fraterni
2416 2457 2673 2513 nominis.
2712 2457 2925 2515 Gradus
2961 2476 3090 2517 vero
3135 2473 3396 2534 quartus,
3425 2481 3570 2538 quem
3604 2465 3688 2522 ira-

2147 2552 2288 2602 trem
2329 2549 2503 2619 patris
2541 2550 2816 2620 nominat,
2859 2562 3041 2624 potest
3076 2553 3328 2613 fortassis
3367 2559 3577 2631 intelligi
3618 2559 3690 2631 ille

2148 2640 2289 2696 ordo
2326 2639 2636 2709 hominum,
2674 2643 2765 2712 qui
2806 2645 2994 2700 audita
3032 2662 3062 2700 a
3094 2649 3344 2717 patribus
3389 2659 3449 2705 et
3491 2626 3690 2706 veterum

2149 2732 2462 2787 narratione
2493 2744 2741 2805 suscepta
2764 2776 2778 2802 ,
2810 2747 3079 2792 conantur
3106 2739 3336 2812 implere
3358 2782 3374 2809 ,
3407 2752 3462 2799 et
3487 2760 3574 2799 non
3602 2752 3687 2798 tam

2094 2866 2105 2877 .
2146 2822 2389 2893 propriis
2423 2825 2676 2881 sensibus
2712 2827 2878 2894 moti,
2917 2844 3019 2885 nec
3052 2846 3121 2884 ex
3155 2835 3449 2903 praesentis
3477 2833 3689 2890 doarina:

2150 2917 2612 2974 commotionibus
2663 2919 2920 2988 excitati,
2959 2938 3125 2993 quam
3161 2934 3414 2982 veterum
3449 2928 3525 2983 vel
3554 2927 3687 2984 tradi—

2150 3010 2331 3078 tione,
2373 3011 2461 3066 vel
2499 3015 2893 3071 consuetudine
2923 3016 3039 3071 sola
3080 3017 3356 3087 instituti,
3394 3022 3516 3078 boni
3545 3032 3689 3075 tamen

450 3104 724 3177 Salphaad
746 3113 927 3162 autem
944 3108 1603 3178 interpretaturumbrain
1618 3129 1707 3167 ore
1731 3112 2046 3183 ejus.Pater
2080 3175 2115 3183 _
2150 3100 2355 3170 aliquid
2384 3110 2598 3172 gemm-
2631 3102 2866 3161 [mimus
2892 3123 3021 3164 Vero
3049 3111 3250 3182 gradus
3277 3115 3467 3170 εοΐίδίῐ
3494 3114 3596 3178 me»
3617 3113 3690 3183 (llli

450 3175 677 3268 ope—rum
706 3198 1010 3255 intellectus
1033 3175 1136 3255 est.
1168 3200 1322 3272 Saepe
1347 3218 1479 3276 ergo
1502 3200 1732 3271 accidit,
1754 3175 1907 3276 quod
1933 3223 2040 3263 non

2148 3192 2391 3264 quolibet
2426 3203 2588 3265 pacto
2623 3196 2710 3252 his
2749 3191 3033 3268 proximus
3052 3175 3264 3273 fuerit,
3299 3207 3456 3277 quasi
3490 3175 3690 3263 diceret:

447 3288 612 3358 pauci
643 3287 784 3342 inter
814 3286 1013 3344 fratres
1044 3298 1265 3347 nostros
1306 3303 1469 3359 sunt,
1503 3293 1559 3348 in
1587 3294 1786 3364 quibus
1822 3296 2039 3352 intelle-

450 3386 572 3432 ctus
602 3378 767 3433 altior
799 3385 855 3433 et
894 3378 1216 3450 profundior
1250 3382 1434 3438 nullus
1464 3378 1588 3451 est,
1620 3385 1714 3441 sed
1749 3394 1835 3441 est
1870 3387 1925 3441 in
1960 3387 2041 3444 eis

454 3480 646 3525 sensus
687 3479 953 3527 mortuus.
989 3471 1195 3529 Tamen
1242 3474 1290 3530 si
1331 3477 1581 3544 genuerit
1625 3477 1794 3546 ﬁlias,
1835 3479 1889 3535 id
1924 3488 2038 3549 est,

455 3572 623 3631 opera
658 3560 984 3628 ministerii,
1039 3577 1206 3634 opera
1238 3567 1656 3637 obsequiorum,
1693 3586 1855 3641 opera
1891 3588 2043 3627 man-

455 3655 707 3710 datorum
755 3656 883 3723 Dei,
935 3657 1312 3715 haereditatem
1360 3668 1522 3717 terrae
1567 3678 1689 3718 cum
1740 3664 1895 3736 plebe
1945 3664 2043 3721 Dei

456 3745 828 3816 consequitur.
867 3744 1219 3818 Nonpoterit
1253 3751 1471 3821 quidem
1520 3753 1665 3808 inter
1711 3770 1806 3810 eos
1854 3772 2044 3811 nume-

456 3836 601 3901 rari,
632 3852 865 3907 quorum
892 3840 1070 3909 portio
1096 3840 1358 3899 Dominus
1388 3861 1499 3901 non
1529 3855 1644 3915 est,
1678 3864 1907 3919 quorum
1935 3851 2044 3906 hae-

460 3929 664 3986 reditas
692 3930 836 3987 Deus
868 3940 972 3987 est.
1006 3934 1125 3989 Non
1151 3945 1332 4006 potest
1356 3938 1411 3993 in
1442 3940 1817 3997 ministrorum
1860 3951 1915 3999 et
1952 3960 2039 4000 sa-

458 4022 739 4081 cerdotum
769 4041 998 4082 numero
1030 4030 1230 4101 suscipi
1260 4049 1275 4099 ;
1308 4031 1363 4087 in
1397 4033 1612 4105 plebeio
1640 4043 1823 4093 tamen
1853 4038 2046 4094 ordine

458 4113 833 4170 haereditatem
869 4125 1031 4174 terra).
1082 4123 1517 4190 repromissionis
1575 4127 1823 4198 accipiet.
1884 4127 2045 4183 Multi

461 4203 601 4257 enim
651 4214 773 4257 sunt
822 4208 1024 4271 vocati,
1077 4212 1234 4279 pauci
1283 4229 1400 4267 vero
1445 4214 1597 4268 electi
1643 4215 1877 4288 (Matth.
1907 4218 2040 4291 xx).

463 4293 782 4350 Ostenditur
808 4302 995 4352 tamen
1026 4305 1082 4352 et
1111 4314 1275 4355 causa
1308 4318 1375 4357 ex
1407 4304 1576 4374 ipsius
1605 4308 1844 4363 nominis
1875 4310 2045 4365 inter-

456 4386 799 4457 pretatione,
844 4386 972 4457 quia
1012 4387 1116 4444 iste
1163 4387 1432 4461 Salphaad
1471 4410 1578 4450 non
1622 4400 1863 4467 potuerit
1907 4400 2047 4456 ﬁlios

458 4490 762 4547 generare,
813 4477 910 4533 sed
955 4474 1114 4535 ﬁlias.
1162 4478 1555 4553 Interpretatur
1591 4487 1771 4555 enim,
1811 4496 1868 4544 ut
1902 4490 2044 4545 dixi-

459 4582 616 4633 mus,
648 4568 833 4622 umbra
859 4569 917 4623 in
942 4587 1032 4626 ore
1056 4573 1194 4643 ejus.
1227 4573 1390 4629 Vides
1419 4577 1673 4646 quoniam
1702 4579 1747 4634 si
1777 4581 1898 4650 quis
1928 4596 2048 4637 um-

456 4658 614 4713 bram
653 4659 788 4730 legis
820 4663 984 4719 habet
1018 4666 1075 4721 in
1106 4682 1231 4734 ore,
1279 4675 1334 4724 et
1379 4687 1488 4726 non
1535 4673 1708 4743 ipsam
1754 4675 2045 4748 imaginem

394 4794 405 4803 .
457 4764 674 4817 rerum,
724 4752 814 4807 hic
861 4757 987 4825 quia
1036 4760 1169 4815 nihil
1218 4761 1491 4831 spiritale,
1540 4766 1674 4820 nihil
1717 4768 2048 4838 profundum

459 4838 739 4896 intellectu
774 4848 975 4900 sentire
1010 4859 1225 4918 potest,
1267 4854 1361 4908 sed
1408 4855 1520 4910 sola
1566 4858 1757 4915 umbra
1807 4861 1942 4934 legis
1990 4864 2045 4918 in

460 4945 557 4987 ore
589 4931 705 5001 ejus
737 4943 857 5002 est,
897 4953 1087 4995 sensus
1118 4943 1271 4999 vivos
1306 4954 1363 5001 et
1398 4948 1671 5017 spiritales
1717 4967 1822 5006 non
1867 4931 2049 5023 potest

460 5035 810 5091 regenerare,
838 5041 1166 5097 regenerare
1196 5040 1377 5091 tamen
1406 5046 1585 5107 potest
1613 5056 1777 5110 opera
1808 5050 1864 5097 et
1893 5054 2047 5101 actus

397 5165 403 5172 ,
460 5125 583 5183 quae
606 5123 732 5169 sunt
753 5117 1099 5187 simplicioris
1121 5124 1246 5181 vitae
1270 5129 1591 5187 ministeria.
1623 5132 1691 5189 Et
1720 5134 1841 5192 ideo
1864 5144 2048 5193 osten-

461 5203 543 5259 dit
569 5205 624 5261 in
658 5207 745 5263 his
770 5210 1060 5267 clementia
1085 5213 1204 5283 Dei,
1237 5220 1362 5288 quia
1393 5223 1794 5284 innocentiores
1822 5230 2043 5301 quique,

463 5297 628 5354 etiam
658 5299 704 5356 si
734 5316 899 5360 sensu
928 5306 1215 5376 deﬁciant,
1247 5310 1447 5370 habent
1478 5327 1658 5377 tamen
1686 5297 1855 5395 opera
1880 5297 2044 5393 bona,

350 5444 357 5447 ν
463 5404 572 5448 non
602 5393 960 5455 excluduntur
988 5399 1057 5456 ab
1082 5401 1399 5461 haereditate
1428 5393 1760 5472 sanctorum.

532 5481 709 5542 Homo
743 5505 861 5543 cum
895 5502 1134 5550 mortuus
1180 5495 1342 5566 fuerit
1376 5498 1568 5573 absque
1605 5505 1717 5574 ﬁlio
1740 5548 1756 5574 ,
1782 5510 1852 5564 ad
1881 5510 2050 5580 ﬁliam

466 5575 582 5644 ejus
608 5580 851 5636 transibit
881 5584 1182 5643 luereditas.
1216 5588 1277 5646 Si
1302 5589 1474 5661 ﬁliam
1513 5611 1615 5650 non
1643 5575 1915 5669 habuerit,
1952 5604 2051 5658 ha-

468 5668 604 5764 uebit
632 5690 953 5733 successores
982 5680 1175 5750 fratres
1195 5702 1336 5741 suos.
1369 5684 1527 5752 Quod
1551 5688 1597 5743 si
1633 5702 1680 5746 et
1709 5694 1900 5764 fratres
1943 5714 2051 5753 non

464 5754 744 5831 habuerit,
782 5767 977 5826 dabitis
1011 5773 1370 5834 [nereditatem
1422 5779 1677 5850 fratribus
1709 5754 1874 5858 patris
1909 5791 2025 5862 ejus

2145 3282 2272 3340 Sive
2296 3287 2605 3354 occasione,
2632 3288 2749 3345 sive
2773 3291 3007 3347 veritate
3030 3295 3315 3362 doctrinas,
3344 3298 3391 3352 si
3417 3298 3503 3368 qui
3529 3295 3696 3366 aliquid

2143 3377 2271 3431 boni
2313 3377 2577 3447 fecerint,
2623 3396 2730 3437 non
2762 3384 2961 3452 peribit
2991 3386 3117 3441 boni
3148 3389 3329 3457 Operis
3364 3406 3595 3455 merces,
3620 3387 3697 3443 sed

2144 3469 2411 3541 largiente
2442 3472 2694 3540 Domino,
2726 3472 2904 3532 locum
2934 3478 3275 3537 lnereditatis
3313 3484 3552 3554 accipiet.
3595 3482 3705 3538 Haec

2149 3562 2371 3631 quidem
2403 3578 2435 3617 a
2461 3565 2619 3619 nobis
2645 3566 2904 3622 audacter
2933 3566 3185 3627 fortassis
3203 3582 3520 3644 praesumpta
3538 3613 3554 3638 ,
3582 3580 3633 3627 et
3658 3571 3706 3625 in

2151 3654 2388 3709 medium
2431 3655 2645 3727 prolata
2682 3659 3007 3728 videantur;
3047 3679 3154 3719 non
3196 3672 3362 3719 tamen
3400 3663 3499 3717 erit
3522 3663 3709 3717 absur-

2145 3741 2275 3799 dum
2296 3785 2312 3810 ,
2341 3744 2389 3800 si
2432 3747 2768 3817 spiritalibus
2808 3751 3075 3823 spiritalia
3114 3761 3500 3824 pueponentes,
3532 3768 3711 3810 secre-

2146 3832 2306 3887 tioris
2335 3848 2432 3889 eos
2462 3835 2835 3908 intelligentiae
2876 3843 3217 3901 aemulatores
3244 3843 3571 3917 cupidosque
3600 3843 3708 3901 red-

2146 3926 2360 3982 damus.

2740 4045 2972 4106 CAPUT
3007 4051 3122 4108 ΧΠ.

2150 4148 2250 4238 Ubi
2276 4151 2484 4235 Moyses
2516 4154 2572 4238 in
2595 4168 2823 4238 montem
2847 4164 3130 4220 ascendere
3151 4166 3393 4235 iubetur,
3414 4176 3464 4222 et
3492 4162 3704 4238 prirdici-

2220 4234 2309 4309 tur
2337 4226 2551 4309 ei'quod
2573 4245 2677 4283 non
2704 4231 2760 4284 in
2792 4242 2986 4309 terram
3019 4226 3443 4309 repromissionis
3478 4226 3706 4309 i'ngrediao

2222 4303 2348 4360 tur;
2371 4296 2632 4368 Jesusque
2660 4317 2755 4369 pro
2777 4319 2836 4356 eo
2863 4304 2974 4358 dum
3001 4296 3180 4377 populi
3210 4296 3561 4364 constituitur:

2222 4408 2355 4482 (Isin
2366 4410 2405 4484 .)
2422 4410 2569 4467 Dixit
2586 4431 2787 4487 quoque
2800 4416 3059 4475 Dominus
3073 4422 3143 4476 ad
3157 4421 3383 4493 Moysen
3403 4438 3422 4475 :
3438 4420 3647 4479 Ascesde
3663 4419 3710 4472 in

2151 4516 2379 4556 montem
2408 4503 2567 4557 istum
2594 4505 2835 4572 Abarim,
2881 4519 2929 4564 et
2977 4514 3333 4584 contemplare
3386 4516 3509 4569 inde
3532 4524 3712 4570 terram.

2150 4607 2309 4661 quam
2336 4594 2559 4650 daturus
2579 4613 2695 4651 sum
2728 4598 2855 4667 [iliis
2883 4600 3075 4657 Israel.
3101 4604 3344 4678 Cumque
3370 4607 3560 4663 videris
3592 4620 3716 4661 eam.

2150 4680 2249 4734 ibis
2289 4692 2337 4735 et
2364 4693 2421 4737 tu
2460 4685 2530 4739 ad
2572 4687 2825 4758 populant
2865 4700 3043 4759 tuum,
3090 4695 3225 4750 sicut
3272 4697 3371 4750 ivit
3423 4698 3583 4768 frater
3622 4705 3715 4746 ιιηιδ

2150 4776 2353 4841 Aaron,
2379 4776 2503 4846 quia
2536 4778 2802 4847 o/fendisti
2831 4799 2911 4837 me
2937 4784 2994 4838 in
3021 4785 3228 4841 deserto
3260 4785 3460 4852 Sin,in
3489 4782 3717 4842 contradi-

2150 4866 2318 4919 ctione
2346 4868 2716 4938 multitudinis,
2737 4890 2828 4928 nec
2851 4877 3185 4947 sanctiﬁcare
3204 4894 3288 4933 me
3311 4879 3559 4935 voluistis
3579 4889 3719 4933 coram

2148 4958 2225 5011 eis
2249 4975 2406 5029 super
2430 4978 2614 5031 aquas.
2642 4962 2744 5018 Hm
2760 4977 2881 5020 sunt
2903 4984 3055 5038 aqum
3083 4970 3557 5036 contradictionis,
3579 4971 3625 5025 in
3648 4966 3725 5022 Co-

2155 5050 2244 5104 des
2275 5050 2466 5104 deserti
2498 5050 2617 5108 Sin.
2660 5053 2793 5111 Vide
2818 5073 2948 5129 ergo
2978 5060 3156 5130 primo
3196 5062 3460 5118 omnium
3492 5056 3729 5133 quomodo

2153 5142 2447 5212 perfectus,
2482 5147 2577 5215 qui
2608 5157 2662 5203 et
2685 5150 2879 5206 beatus
2898 5162 3003 5219 est,
3041 5170 3147 5209 non
3178 5155 3231 5210 in
3263 5157 3421 5214 valle
3444 5174 3547 5214 nec
3574 5158 3623 5210 in
3656 5150 3735 5207 ali-

2154 5250 2260 5304 qua
2291 5245 2449 5291 terra:
2481 5237 2836 5307 planitie,aut
2860 5244 2915 5298 in
2944 5245 3082 5302 colle
3113 5246 3314 5318 aliquo,
3342 5253 3449 5307 sed
3475 5251 3533 5305 in
3558 5253 3733 5306 monte.

2155 5327 2210 5382 id
2237 5335 2340 5394 est,
2375 5328 2432 5384 in
2456 5329 2567 5388 alto
2596 5342 2651 5389 et
2674 5336 2843 5391 arduo
2879 5337 3194 5412 defungitur
3235 5341 3389 5398 loco.
3420 5344 3564 5401 Viue
3605 5352 3739 5396 nam-

2154 5434 2261 5491 que
2276 5420 2392 5491 ejus
2403 5430 2801 5486 consummatio
2827 5437 2883 5486 et
2901 5432 3166 5502 perfectio
3187 5434 3441 5491 habetur
3456 5437 3516 5492 in
3528 5432 3739 5492 excelso.

2153 5511 2261 5568 Sed
2290 5514 2348 5568 in
2371 5516 2547 5573 oculis
2574 5520 2689 5575 suis
2714 5525 2961 5579 contueri
3005 5523 3232 5595 jubetur
3275 5543 3518 5585 omnem
3557 5537 3743 5584 terram

2152 5603 2616 5677 repromissionis,
2659 5619 2715 5667 et
2765 5614 3054 5686 diligenter
3096 5633 3165 5673 ex
3219 5618 3501 5676 eminenti
3560 5618 3746 5675 ratione

2153 5702 2351 5749 cuncta
2380 5700 2710 5770 perSpicerc.
2750 5705 3048 5779 Oportebat
3079 5697 3223 5766 enim
3265 5726 3562 5769 summam
3590 5707 3748 5783 perle-

2152 5785 2354 5843 ctionis
2380 5801 2742 5854 consecutum
2774 5798 2910 5857 nihil
2939 5800 3281 5874 incognitum
3304 5819 3640 5871 remanere,
3667 5797 3747 5856 sed
