3980 6344
208 335 306 399 7⁸17

898 320 1441 395 ΕΝΔΒΒΑΤῺΝΕΕ
1471 322 1539 383 IN
1573 320 1778 383 LIBRU

1884 322 2338 395 NUMEROBUM.
2378 352 2455 371 --
2485 324 2615 387 LIB;
2650 328 2741 389 III.

3341 334 3451 395 773
3480 338 3505 351 ”

203 450 509 508 cunctorum
536 452 657 510 qua:
680 437 935 495 videntur
956 446 1017 495 et
1045 438 1340 495 audiuntur
1387 438 1590 497 habere
1631 440 1769 497 noti-
1793 441 1986 515 ADei.
2027 441 2134 498 Sed
2173 442 2394 507 interim
2433 440 2714 501 videamus
2759 442 2941 518 Moysi.

201 538 345 594 tiam.
365 530 444 589 Ob
470 530 577 586 hoc
602 528 788 595 credo,
815 536 876 583 ut
907 529 1147 584 omnium
1174 529 1266 598 qui
1289 529 1344 585 in
1369 544 1539 585 carne
1559 531 1768 602 positus

202 620 453 697 corporali
484 620 651 690 coepit
674 627 919 691 aspectu,
948 619 1004 674 in
1032 620 1224 690 spiritu
1252 620 1475 678 eﬂ‘ectus
1495 662 1511 689 ,
1540 631 1598 677 et
1624 623 1771 681 nulla

203 720 372 775 mente
407 712 473 767 ad
516 710 783 766 auditoria
821 719 879 767 et
911 710 1292 782 discipulatum
1328 714 1610 785 sapientiae
1641 732 1769 789 pro-

202 817 407 878 perans,
432 800 697 857 velociter
730 816 922 858 eorum
954 802 1196 859 rationes
1221 813 1545 877 assequatur
1568 813 1625 863 et
1651 821 1777 865 catt-

202 911 305 953 sas.
330 894 463 950 Nam
489 893 625 964 quid
649 892 925 949 videbitur
952 893 1231 962 utilitatis,
1258 904 1321 951 ut
1349 897 1661 954 discessum
1705 896 1774 955 de

201 984 410 1051 saeculo,
436 990 493 1040 et
550 982 714 1038 linem
768 983 896 1040 vita:
946 984 1109 1056 hujus
1155 986 1405 1056 protinus
1452 996 1768 1059 accepturo,

202 1073 546 1132 ostendantur
572 1080 733 1131 terrae
767 1073 924 1141 loca,
938 1088 1173 1145 quorum
1220 1090 1323 1132 nec
1365 1076 1608 1135 laborem
1654 1093 1777 1150 per-

199 1177 444 1237 pessurus
469 1170 634 1229 esset,
664 1178 767 1220 nec
802 1164 1036 1235 gratiam
1063 1167 1453 1237 suscepturus?
1498 1167 1776 1225 Perterret

200 1268 323 1310 sane
356 1269 445 1309 me
482 1268 666 1310 sermo
703 1255 796 1325 qui
824 1256 1104 1327 sequitur,
1127 1266 1185 1314 et
1209 1258 1280 1315 ad
1313 1258 1601 1317 dicendum
1627 1260 1776 1317 timi-

199 1341 321 1398 dum
350 1340 529 1397 reddit
552 1357 615 1398 ac
641 1343 932 1415 trepidum,
960 1345 1107 1417 quod
1135 1347 1201 1402 de
1244 1362 1445 1421 magno
1469 1348 1564 1406 illo
1595 1349 1778 1423 Moyse

197 1430 394 1487 famulo
426 1440 482 1488 et
514 1432 691 1489 amico
719 1433 841 1501 Dei,
865 1435 954 1491 cui
974 1435 1116 1493 facie
1141 1438 1212 1493 ad
1236 1437 1433 1495 faciem
1455 1440 1671 1499 locutus
1693 1450 1779 1500 est

197 1522 352 1590 Deus,
367 1538 467 1596 per
486 1540 652 1597 quem
682 1525 836 1598 signa
857 1534 914 1581 et
937 1527 1169 1585 virtutes
1188 1529 1436 1589 miriﬁcae
1457 1541 1780 1605 perpetratae

199 1620 335 1682 sunt,
360 1620 471 1668 tam
514 1617 723 1687 gravia,
757 1623 868 1671 tam
916 1618 1222 1689 periculosa
1268 1620 1596 1680 referuntur.
1640 1623 1782 1694 Quid

198 1702 333 1760 enim
359 1704 493 1760 dicit
522 1707 575 1760 ei
604 1706 785 1764 Deus?
810 1707 883 1762 Et
909 1712 1207 1781 apponeris,
1229 1712 1425 1785 inquit,
1440 1716 1511 1770 ad
1532 1717 1782 1789 populum

1870 532 2206 590 Recessurus
2231 533 2297 590 de
2326 533 2525 593 saeculo
2544 544 2666 593 orat
2686 534 2879 603 Deum,
2911 545 2970 595 ut
2996 542 3280 609 provideat
3302 543 3450 616 judi-

1869 641 1990 683 cem
2014 626 2214 699 populo
2239 627 2424 684 dicens
2456 645 2469 683 :
2502 625 2790 685 Procideat
2808 629 2951 685 Deus
2977 633 3258 702 spirituum
3279 637 3452 695 castris

1870 718 2044 775 carnis
2089 717 2370 787 hominem,
2390 718 2485 789 qui
2518 718 2586 777 sit
2620 736 2780 792 super
2806 720 3192 781 multitudinem
3216 727 3375 795 hanc,
3400 737 3455 787 et

1870 808 2033 880 possit
2069 809 2212 864 exire
2239 818 2288 867 et
2314 809 2515 867 intrare
2540 827 2634 882 per
2659 827 2771 877 eos,
2797 811 3094 869 et'educere
3114 814 3235 875 illos
3264 818 3342 875 vel
3370 819 3456 875 ia—

1872 900 2182 969 troducere,
2203 917 2269 957 ne
2294 902 2363 957 sit
2395 901 2619 973 populus
2656 901 2873 959 Domini
2924 904 3063 963 sicut
3099 924 3216 965 oues
3260 909 3459 982 absque

1872 1001 2097 1063 pastore.
2126 991 2266 1060 Quid
2287 992 2429 1065 agis,
2452 1007 2486 1049 ο
2520 991 2761 1066 Moyses?
2800 993 3060 1067 Nunquid
3090 996 3191 1055 ﬁlii
3222 998 3323 1055 tibi
3346 1014 3459 1059 non
3500 1050 3507 1059 .

1872 1092 2021 1163 sunt,
2047 1083 2257 1143 Gerson
2281 1090 2338 1143 et
2360 1083 2628 1141 Eleazar?
2655 1084 2767 1145 Aut
2793 1088 2840 1142 si
2875 1086 3081 1158 aliquid
3103 1089 3173 1149 de
3198 1090 3330 1161 ipsis
3357 1091 3460 1151 du-

1874 1174 2037 1240 bitas,
2064 1188 2171 1233 non
2206 1181 2333 1235 sunt
2364 1173 2464 1230 ﬁlii
2488 1173 2679 1233 fratris
2724 1178 2909 1249 magni
2956 1187 3014 1234 et
3064 1181 3268 1253 egregii
3321 1181 3463 1239 viri?

1878 1264 2156 1334 Quomodo
2180 1280 2290 1321 non
2311 1280 2436 1325 oras
2456 1265 2629 1325 Deum
2655 1283 2756 1338 pro
2782 1268 2936 1343 ipsis,
2965 1278 3026 1327 ut
3045 1285 3141 1329 eos
3163 1275 3462 1335 consulunt

1876 1359 2074 1431 populo
2102 1359 2304 1419 duces?
2353 1357 2462 1417 Sed
2507 1360 2723 1419 discant
2755 1362 3114 1421 ecclesiarum
3146 1365 3461 1438 principes,

1880 1463 2221 1507 successores
2238 1449 2346 1507 sibi
2365 1464 2474 1509 non
2500 1464 2599 1506 eos
2624 1450 2719 1521 qui
2748 1452 3221 1523 consanguinitate
3248 1457 3462 1527 generis

1872 1537 2049 1610 juncti
2078 1548 2228 1608 sunt,
2248 1555 2351 1597 nec
2381 1540 2476 1611 qui
2513 1540 3139 1614 carnispropinquitate
3186 1544 3469 1609 sociantur

1881 1640 2208 1691 testamento
2262 1632 2483 1705 signare
2504 1673 2525 1700 ,
2568 1648 2746 1705 neque
2794 1634 3203 1693 haereditarium
3250 1638 3475 1709 tradere.

1882 1721 2271 1793 principatum,
2301 1723 2400 1781 sed
2450 1722 2658 1781 referre
2707 1724 2777 1783 ad
2796 1722 3065 1795 judicium
3094 1726 3226 1795 Dei;
3265 1736 3323 1801 et
3354 1745 3469 1789 non

198 1799 333 1846 tuum
353 1802 401 1847 et
416 1802 508 1895 fu,
532 1794 666 1895 δέξαι
692 1804 742 1851 et
781 1798 995 1877 positus.
1026 1809 1103 1856 est
1147 1798 1328 1858 Aaron
1371 1800 1539 1875 frater
1579 1816 1699 1863 tuus
1725 1808 1781 1865 in
1806 1813 2085 1887 ncligere
2111 1813 2265 1870 illum
2297 1829 2460 1885 quem
2501 1815 2772 1871 humanus
2802 1794 3173 1881 commendat
3216 1794 3473 1887 aﬂ‘ectUS.
3502 1884 3507 1895 ,

197 1890 362 1939 monte
383 1877 439 1939 Η
444 1902 527 1941 or.
555 1882 625 1943 Et
650 1890 815 1971 quasi.
829 1905 1048 1947 causam
1075 1895 1270 1952 mortis
1295 1911 1569 1968 exponens
1597 1900 1731 1957 dicit
1760 1919 1775 1957 :

196 1974 565 2053 Propterun
592 1974 905 2057 transgressi
925 1990 1048 2045 estis
1076 1990 1287 2046 verbum
1301 2008 1476 2050 meum
1496 1997 1556 2051 in
1574 1996 1779 2056 deserto

196 2066 305 2135 Sin,
323 2085 452 2127 cum
484 2075 689 2131 restitit
718 2075 1006 2153 Synagoga
1024 2097 1094 2138 ne
1117 2097 1206 2139 me
1232 2086 1625 2146 sanctiﬁcaret.
1652 2090 1780 2147 Non

195 2174 268 2213 me
290 2163 669 2232 sanetiﬁcastis
697 2168 754 2221 in
784 2186 924 2241 aqua
949 2187 1130 2227 coram
1151 2176 1248 2229 eis.
1274 2174 1420 2249 Ergo
1442 2186 1500 2234 et
1525 2178 1584 2235 in
1620 2178 1781 2252 culpa

196 2257 274 2305 est
298 2251 470 2307 etiam
497 2254 734 2327 Moyses,
763 2260 928 2316 etiam
950 2262 1067 2334 ipse
1092 2267 1544 2337 transgressionis
1570 2251 1781 2329 crimen

199 2343 446 2414 incurrit,
477 2348 643 2404 etiam
671 2349 790 2424 ipse
830 2353 1011 2412 factas
1045 2365 1130 2413 est
1154 2360 1257 2415 sub
1287 2369 1534 2431 peccato.
1574 2364 1782 2423 Idcirco

196 2437 379 2505 credo,
402 2454 532 2496 cum
559 2439 757 2501 ﬁducia
782 2444 1002 2504 dicebat
1024 2447 1316 2521 Apostolus
1344 2471 1358 2509 :
1387 2452 1528 2529 Quia
1550 2459 1783 2528 regnavit

194 2545 330 2624 mors
358 2532 424 2588 ab
450 2534 628 2592 Adam
654 2554 819 2611 usque
844 2542 913 2595 ad
942 2541 1182 2614 Moysen.
1201 2545 1432 2603 Accessit
1460 2549 1600 2604 enim
1620 2567 1783 2624 usque

192 2622 259 2676 ad
277 2622 516 2696 Moysen,
537 2637 587 2684 et
613 2646 706 2685 nec
727 2632 827 2702 ipsi
848 2636 1076 2706 pepercit
1099 2635 1277 2709 (Rom.
1300 2639 1381 2713 v).
1417 2641 1487 2698 Et
1512 2643 1635 2700 ideo
1662 2622 1781 2717 opi-

191 2732 293 2773 nor
327 2718 567 2791 dicebat,
589 2724 714 2797 quia
763 2736 1034 2798 peccatum
1076 2729 1310 2787 introivit
1352 2733 1412 2788 in
1447 2733 1586 2791 hunc
1626 2753 1783 2793 mun-

193 2810 336 2879 dum,
362 2822 413 2869 et
454 2831 553 2886 per
589 2826 863 2888 peccatum
891 2836 1057 2891 mors,
1083 2823 1139 2877 in
1167 2840 1270 2896 quo
1314 2842 1493 2883 omnes
1538 2845 1784 2900 peccaue-

193 2913 313 2958 runt
342 2905 525 2978 (Rom.
565 2908 688 2982 vn).
732 2910 803 2966 Et
843 2911 1044 2969 iterum
1080 2931 1094 2969 :
1133 2912 1406 2974 Conclusit
1430 2919 1577 2977 Deus
1606 2938 1783 2979 omnes

194 2995 284 3050 sub
309 3009 551 3069 peccato,
585 3009 643 3055 ut
672 3003 913 3059 omnibus
944 3005 1275 3063 misereatur.
1301 3007 1407 3065 Sed
1438 3014 1640 3083 gratias
1669 3013 1784 3071 Deo

194 3096 366 3142 nostro
386 3086 526 3144 Iesu
549 3086 902 3164 Christo,-qui
925 3109 1019 3150 nos
1039 3094 1279 3152 liberavit
1306 3098 1371 3155 de
1396 3116 1613 3172 corpore
1642 3120 1784 3159 mor-

194 3180 256 3236 tis
288 3182 475 3255 hujus,
503 3193 563 3241 ut
591 3187 683 3243 ubi
707 3187 993 3246 abundavit
1047 3200 1320 3262 peccatum
1343 3235 1358 3262 ,
1382 3198 1783 3267 superabunda-
1809 3171 1855 3236 C

195 3281 267 3328 ret
294 3284 344 3329 et
381 3278 563 3349 gratia
600 3274 783 3353 (Rom.
813 3282 908 3355 li).
947 3282 1085 3341 Nam
1130 3284 1345 3360 Moyses
1380 3291 1653 3361 quomodo
1681 3293 1781 3350 ali-

194 3378 349 3458 quem
377 3368 615 3429 liberare
648 3376 919 3446 potuisset
942 3391 974 3432 a
1012 3380 1284 3450 peccatis,
1312 3397 1438 3438 cum
1468 3383 1635 3443 etiam
1678 3385 1785 3458 ipsi

194 3456 446 3519 dicatur:
482 3462 589 3532 Qui
627 3470 942 3543 transgressi
969 3472 1093 3527 estis
1141 3473 1354 3529 uerbum
1381 3492 1555 3531 meum
1593 3478 1649 3531 in
1688 3456 1781 3534 de-

191 3564 325 3609 serto
354 3556 481 3624 Sin,
503 3566 554 3613 et
577 3576 683 3614 non
706 3577 787 3615 me
814 3563 1186 3632 sanctiﬁcastis
1215 3566 1273 3621 in
1291 3582 1431 3636 aqua
1451 3584 1631 3622 coram
1657 3567 1784 3636 ﬁliis

190 3641 407 3702 Israel?
429 3647 504 3705 Ut
529 3649 879 3707 manifestum
902 3653 972 3709 sit
994 3654 1271 3721 omnibus,
1298 3654 1443 3726 quod
1471 3656 1565 3711 ille
1588 3656 1785 3713 debeat

190 3735 338 3793 solus
368 3740 583 3809 requiri
620 3742 714 3814 qui
753 3742 902 3801 solus
929 3753 1217 3814 peccatum
1243 3760 1353 3801 non
1384 3745 1535 3813 fecit,
1558 3761 1660 3803 nec
1704 3748 1787 3805 in-

186 3836 388 3885 ventus
417 3838 507 3885 est
545 3832 702 3888 dolus
730 3834 788 3889 in
820 3848 916 3890 ore
952 3833 1090 3906 ejus.
1137 3835 1343 3895 Tamen
1389 3837 1519 3893 illud
1572 3846 1788 3908 oportet

185 3921 545 3978 considerari
579 3928 897 3998 mysterium
917 3969 933 3996 ,
954 3932 1083 4000 quia
1108 3945 1209 3988 nec
1234 3932 1620 4000 sacerdotium,
1643 3935 1790 4005 quod

186 4012 513 4069 institutum
537 4023 641 4081 est,
664 4016 823 4088 cujus
848 4034 1137 4088 personam
1183 4022 1406 4094 gerebat
1449 4023 1653 4090 Aaron,
1685 4039 1789 4082 nec

188 4103 303 4174 ipsa
334 4102 450 4171 lex,
482 4103 639 4175 cujus
669 4123 963 4178 personam
997 4110 1220 4182 gerebat
1268 4111 1499 4184 Moyses,
1544 4113 1789 4173 introdu-

192 4200 321 4247 cunt
345 4191 612 4263 populum
634 4191 733 4250 Dei
756 4195 815 4250 in
838 4202 1040 4253 terram
1067 4200 1401 4256 haereditatis
1429 4209 1671 4270 aeternae,
1692 4202 1790 4259 sed

194 4283 372 4354 Iesus,
403 4284 463 4341 in
488 4300 597 4357 quo
627 4295 787 4360 typus
815 4298 936 4344 erat
957 4289 1172 4347 Domini
1198 4291 1328 4349 Jesu
1356 4292 1579 4361 Christi,
1603 4294 1659 4351 id
1681 4303 1784 4363 est,

198 4377 370 4445 gratia
398 4390 502 4446 per
523 4376 709 4434 ﬁdem.
731 4376 803 4433 Et
816 4378 897 4435 Aa
905 4395 1001 4436 ron
1016 4380 1237 4452 quidem
1251 4390 1381 4438 ante
1398 4383 1683 4441 defunctus
1705 4391 1790 4441 est

201 4481 359 4536 quam
388 4466 561 4522 Israel
585 4467 643 4522 in
668 4467 906 4538 aliquam
925 4479 1141 4540 partem
1164 4478 1321 4528 terrae
1350 4472 1790 4543 repromissionis

200 4557 449 4615 intraret.
476 4558 661 4631 Moyse
687 4560 866 4615 adhuc
884 4561 1123 4628 vivente,
1137 4570 1299 4635 capta
1321 4571 1407 4619 est
1427 4570 1574 4619 terra
1597 4564 1793 4620 Amor-

202 4648 473 4706 rhteorum
487 4657 655 4721 atque
668 4664 954 4721 possessa;
988 4651 1085 4708 sed
1108 4650 1402 4709 Iordanem
1432 4668 1557 4711 cum
1577 4654 1658 4711 eis
1682 4669 1795 4712 non

201 4749 281 4794 est
317 4742 561 4797 transire
607 4742 926 4814 permissus.
972 4741 1054 4797 Ex
1103 4743 1285 4815 aliqua
1331 4746 1475 4801 enim
1503 4755 1678 4816 parte,
1705 4747 1795 4807 lex

203 4831 524 4893 observatur
552 4833 614 4890 in
644 4833 769 4890 'ﬁde
795 4832 1127 4890 Christiana.
1158 4834 1237 4892 Ibi
1272 4836 1418 4892 enim
1450 4844 1575 4892 sunt
1625 4837 1795 4894 etiam

203 4932 470 4997 praecepta
530 4938 655 4997 quae
699 4926 970 4996 hodieque
1017 4927 1317 4983 observare
1369 4925 1665 4983 Christiani
1712 4928 1798 5000 ju-

203 5011 408 5071 bemur.
455 5014 838 5072 Sacerdotium
881 5030 1012 5071 vero
1064 5016 1194 5073 illud
1243 5025 1300 5073 et
1351 5017 1621 5075 sacriﬁcia
1675 5017 1796 5074 nul-

206 5101 309 5160 lam
358 5115 583 5178 partem
634 5114 824 5163 tenent
882 5105 1043 5163 hodie
1089 5106 1217 5163 fidei
1277 5106 1603 5165 Christianae
1625 5149 1642 5176 ,
1689 5109 1796 5165 nisi

207 5196 342 5265 quod
387 5198 444 5253 in
496 5197 711 5252 umbris
763 5196 1069 5254 futurorum
1129 5205 1252 5255 acta
1291 5206 1455 5270 atque
1519 5208 1794 5257 transacta

208 5296 347 5342 sunt.
374 5287 513 5345 Cum
538 5303 673 5347 vero
700 5290 964 5345 ambobus
1002 5289 1283 5356 fratribus,
1311 5289 1369 5346 id
1400 5296 1506 5358 est,
1535 5291 1719 5349 Aaron
1739 5300 1797 5349 et

208 5373 373 5449 Moysi
398 5380 624 5448 dicitur,
652 5389 713 5436 ut
752 5390 1093 5453 apponantur
1116 5382 1182 5439 ad
1205 5383 1466 5454 p0pu1um
1486 5399 1665 5451 suum,
1680 5399 1795 5440 ma-

210 5468 461 5527 nifestum
500 5479 589 5527 est
615 5486 725 5528 non
759 5487 880 5529 esse
909 5472 965 5528 in
1000 5472 1121 5529 illos
1150 5474 1288 5529 iram
1316 5474 1443 5541 Dei,
1472 5489 1591 5547 quae
1637 5489 1818 5546 sepa—‘

212 5570 295 5615 rat
321 5570 509 5634 a'pace
530 5572 735 5621 sanctte
763 5566 1044 5625 societatis
1083 5574 1321 5624 aeternae.
1368 5566 1522 5624 Unde
1563 5566 1794 5626 manife-

211 5658 385 5708 statur
408 5669 524 5710 non
566 5654 741 5711 solum
768 5654 965 5723 cilicia,
993 5657 1087 5712 sed
1129 5657 1295 5713 etiam
1337 5665 1543 5714 mortes
1605 5673 1795 5714 eorum

213 5745 362 5818 signa
390 5750 560 5810 fuisse
602 5751 936 5818 futurorum,
958 5769 1069 5810 non
1096 5753 1361 5826 supplicia
1403 5752 1795 5827 indignationis

402 5839 415 5847 ’
534 5843 805 5906 ΡΑΤιιοι.
850 5841 1075 5906 CVIII.

1878 1904 1976 1962 sed
1999 1904 2099 1962 Dei
2123 1903 2330 1976 judicio
2356 1913 2527 1963 totum
2568 1907 2636 1963 de
2675 1908 3009 1967 successoris
3040 1908 3308 1967 electione
3346 1926 3473 1983 per—
3500 1972 3505 1981 _

1880 1998 2118 2055 mittere.
2144 1997 2400 2071 Nunquid
2427 2014 2539 2057 non
2566 2007 2784 2071 poterat
2806 1999 3023 2074 Moyses
3047 2002 3250 2075 eligere
3272 2001 3473 2074 princi-

1879 2104 2005 2162 pem
2029 2088 2321 2163 populo,et
2345 2105 2475 2147 vero
2491 2089 2701 2160 judicio
2725 2092 2946 2164 eligere,
2963 2100 3019 2148 et
3049 2102 3201 2155 recta
3214 2092 3476 2166 iustaque

1882 2181 2177 2250 sententia,
2199 2182 2268 2238 ad
2293 2197 2455 2254 quem
2486 2182 2701 2241 dixerat
2728 2183 2874 2243 Deus
2904 2203 2919 2243 :
2951 2184 3103 2257 Elige
3143 2186 3473 2259 presbyteros

1879 2274 2103 2347 populo"
2127 2291 2258 2347 quos
2293 2285 2351 2331 tu
2374 2275 2484 2347 ipse
2504 2277 2607 2331 scis
2630 2276 2958 2349 presbyteros
2984 2294 3095 2337 esse
3110 2277 3136 2331 ?
3158 2277 3351 2348 (Num.
3380 2276 3473 2348 tt.)

1881 2373 1940 2422 et
1980 2366 2146 2439 elegit
2184 2366 2352 2434 tales,
2384 2367 2438 2423 in
2474 2368 2673 2438 quibus
2700 2368 2964 2439 centiam
2998 2368 3222 2437 dicitur,
3249 2368 3476 2441 spiritus
3558 2384 3563 2393 ‘

1883 2458 2230 2529 requiescere
2294 2465 2352 2515 et
2395 2458 2725 2531 prophetare
2772 2472 2983 2519 omnes.
3043 2458 3178 2527 Quis
3218 2472 3351 2532 ergo
3396 2458 3476 2519 ita

1881 2551 2062 2622 potuit
2083 2550 2287 2623 eligere
2307 2550 2609 2622 principem
2636 2550 2843 2622 populi,
2869 2559 2933 2608 ut
2975 2550 3189 2624 Moyses
3222 2552 3477 2621 poterat?

1885 2640 1995 2698 Sed
2020 2642 2125 2697 hoc
2156 2656 2267 2697 non
2296 2639 2448 2697 facit.
2476 2639 2596 2695 Non
2639 2640 2821 2712 elegit.
2856 2638 2976 2699 Non
3004 2641 3188 2701 audet.
3232 2640 3343 2697 Cur
3366 2655 3476 2697 non

1884 2730 2082 2787 audet?
2116 2729 2197 2787 Ne
2234 2730 2471 2803 posteris
2504 2731 2947 2803 prmsumptionis
2976 2731 3250 2803 relinquat
3293 2745 3477 2787 exem-

1882 2821 2053 2894 plum.
2085 2820 2193 2877 Sed
2227 2821 2473 2878 ausculta
2506 2823 2652 2893 quod
2693 2821 2827 2878 dicit
2881 2841 2894 2877 :
2940 2821 3250 2887 Provideat,
3279 2821 3473 2892 inquit,

1885 2912 2150 2971 Dominus
2180 2912 2325 2968 Deus
2362 2912 2640 2969 hominem
2662 2927 2827 2983 super
2856 2927 3183 2986 synagogam
3205 2912 3365 2977 hanc,
3383 2911 3477 2982 qui

1887 3006 2202 3079 egrediatur
2228 3014 2355 3062 ante
2383 3005 2581 3062 faciem
2610 3021 2798 3063 eorum
2820 3046 2835 3074 ,
2861 3013 2917 3061 et
2965 3006 3059 3077 qui
3105 3005 3478 3078 ingrediatur,

1886 3107 1943 3156 et
1966 3098 2061 3171 qui
2082 3099 2350 3170 producat
2374 3112 2493 3164 eos,
2523 3105 2581 3153 et
2609 3097 2703 3168 qui
2743 3097 2991 3154 reducat.
3038 3094 3098 3152 Si
3132 3110 3263 3167 ergo
3292 3103 3479 3152 tantus

1887 3191 1981 3249 ille
2010 3206 2075 3246 ac
2106 3190 2230 3245 talis
2253 3172 2466 3262 Moyses
2493 3204 2604 3245 non
2632 3187 2901 3260 permittit
2921 3186 3132 3258 judicio
3161 3202 3261 3243 suo
3289 3187 3357 3243 de
3384 3186 3478 3244 eli-

1887 3282 2064 3356 gendo
2090 3281 2336 3353 principe
2355 3280 2577 3353 populi,
2607 3280 2675 3336 de
2709 3279 3095 3337 constituendo
3139 3292 3480 3346 successore,

1886 3376 2009 3449 quis
2059 3374 2164 3431 erit
2200 3374 2295 3446 qui
2324 3374 2526 3430 audeat
2551 3372 2638 3429 vel
2662 3388 2730 3429 ex
2761 3372 2921 3447 plebe
2947 3387 3070 3445 quae
3104 3386 3250 3444 saepe
3279 3370 3469 3429 clamo-

1886 3471 2039 3527 ribus
2072 3470 2141 3525 ad
2179 3470 2413 3542 gratiam
2443 3477 2537 3527 aut
2567 3470 2638 3527 ad
2669 3468 2920 3541 praelium
2962 3467 3200 3527 fortasse
3243 3468 3482 3525 excitata

1884 3561 2094 3618 moveri
2122 3560 2280 3628 solet,
2304 3560 2395 3617 vel
2434 3576 2503 3617 ex
2546 3560 2680 3631 ipsis
2724 3559 2895 3617 etiam
2932 3558 3314 3617 sacerdotibus
3357 3558 3483 3628 quis

1886 3653 1994 3709 erit
2010 3651 2105 3722 qui
2128 3664 2189 3707 se
2207 3651 2277 3705 ad
2300 3651 2405 3705 hoc
2427 3650 2685 3707 idoneum
2705 3649 2918 3718 judicet
2933 3690 2950 3716 ,
2978 3650 3086 3705 nisi
3118 3649 3167 3705 si
3191 3649 3280 3705 cui
3302 3649 3482 3705 oranti

1887 3752 1943 3800 et
1983 3742 2259 3815 petentia
2291 3740 2522 3799 Domino
2562 3741 2874 3801 reveletur?
2921 3741 3079 3798 Sicut
3122 3751 3180 3798 et
3221 3740 3485 3799 Dominus

1887 3834 2023 3891 dicit
2052 3834 2123 3889 ad
2150 3831 2375 3905 Moysen
2420 3849 2434 3888 :
2476 3830 2623 3886 Tolle
2649 3831 2814 3887 Iosue
2850 3829 3024 3902 ﬁlium
3046 3830 3203 3899 Nun,
3230 3830 3399 3887 uirum
3426 3830 3485 3888 in

1885 3941 1988 3997 quo
2009 3934 2082 3980 est
2105 3924 2320 3996 spiritus
2347 3921 2464 3991 Dei,
2494 3932 2541 3978 et
2568 3939 2702 3995 pone
2746 3939 2964 3978 manum
2984 3932 3130 3981 tuam
3150 3938 3312 3995 super
3338 3939 3481 3979 eum.

1890 4014 1995 4081 Qui
2026 4014 2185 4071 stabit
2215 4030 2395 4068 coram
2424 4012 2687 4068 Eleazaro
2736 4014 3005 4069 sacerdote
3046 4023 3096 4070 et
3133 4014 3275 4069 omni
3304 4012 3483 4069 multi-

1886 4103 2047 4169 dine;
2098 4111 2146 4157 et
2202 4101 2350 4156 dabis
2403 4102 2453 4156 ei
2502 4111 2766 4173 prtecepta
2840 4104 3044 4159 cunctis
3088 4103 3403 4171 videntibus,
3433 4112 3485 4159 et

1886 4201 2092 4264 partem
2117 4189 2300 4263 gloria:
2341 4200 2468 4259 tute,
2492 4200 2551 4245 ut
2600 4192 2787 4246 audiat
2826 4208 2947 4246 eum
3002 4193 3171 4248 omnis
3215 4208 3485 4265 synagoga

1888 4281 2124 4352 ﬁliorum
2185 4280 2375 4335 Israel.
2429 4276 2540 4334 Pro
2592 4281 2711 4347 hoc,
2760 4283 2807 4338 si
2866 4282 2993 4354 quid
3043 4282 3305 4354 agendum
3359 4284 3485 4351 erit,

1888 4372 2120 4428 Eleazar
2180 4372 2426 4427 sacerdos
2478 4370 2713 4427 consulet
2770 4371 3080 4427 Dominum.
3137 4372 3222 4425 Ad
3273 4371 3484 4427 uerbum

1894 4464 2009 4536 ejus
2074 4464 2370 4537 egredietur
2416 4463 2527 4537 ipse
2552 4506 2568 4533 ,
2625 4474 2674 4520 et
2739 4480 2914 4519 omnes
2970 4462 3073 4533 ﬁlii
3133 4461 3307 4518 Israel
3364 4479 3484 4517 cum

1894 4578 1956 4617 eo
1980 4602 1997 4628 ,
2051 4569 2101 4615 et
2163 4570 2355 4617 ctrtera
2411 4559 2718 4615 multitudo.
2781 4558 2952 4615 Audis
3006 4556 3287 4617 evidenter
3337 4555 3486 4619 ordi-

1894 4651 2174 4707 nationem
2194 4650 2458 4722 principis
2484 4649 2669 4721 populi
2692 4658 2803 4704 tam
2823 4648 3113 4707 manifeste
3132 4648 3483 4721 descriptam,

1896 4748 1960 4797 ut
1990 4755 2130 4813 pene
2170 4739 2511 4813 expositione
2540 4755 2649 4795 non
2680 4747 2855 4810 egeat.
2882 4737 3040 4793 Nulla
3068 4739 3160 4796 hic
3180 4740 3369 4813 pepuli
3390 4755 3487 4799 ac-

1898 4832 2172 4898 clamatio,
2211 4831 2360 4886 nulla
2386 4830 2880 4903 consanguinitatis
2902 4830 3067 4901 ratio,
3089 4831 3237 4887 nulla
3268 4833 3487 4904 propin-

1897 4924 2121 4998 quitatis
2144 4923 2327 4980 habita
2343 4921 2727 4992 contemplatio
2751 4929 2855 4979 est.
2879 4921 3208 4994 Propinquis
3228 4910 3487 4993 agrorum

1895 5025 1951 5073 et
1976 5016 2306 5089 praedit'trum
2326 5014 2665 5085 relinquatur
2688 5012 2999 5073 haereditas.
3021 5011 3356 5070 Gubernatio
3390 5025 3489 5081 poor

1895 5108 2007 5181 puli
2043 5108 2121 5164 illi
2163 5107 2407 5163 tradatur
2433 5119 2593 5176 quem
2624 5103 2768 5160 Deus
2799 5104 2985 5179 elegit,
3015 5102 3223 5161 homini
3271 5100 3487 5157 scilicet

1898 5201 2018 5268 tali,
2037 5202 2132 5273 qui
2156 5200 2344 5267 habet,
2367 5199 2507 5255 sicut
2527 5198 2791 5271 scriptum
2816 5198 3071 5265 audistis,
3097 5197 3155 5253 in
3192 5193 3487 5267 semetipso

1898 5293 2150 5363 spiritum
2176 5293 2292 5359 Dei,
2313 5301 2369 5347 et
2390 5300 2660 5363 praecepta
2685 5293 2782 5348 Dei
2805 5293 2860 5348 in
2882 5296 3178 5363 conspectu
3195 5286 3315 5359 eius
3332 5295 3483 5355 sunt.

1896 5394 1954 5441 et
1975 5384 2071 5454 qui
2098 5382 2269 5455 Moysi
2293 5382 2450 5438 valde
2479 5391 2638 5440 notus
2661 5392 2718 5439 et
2757 5380 3043 5438 familiaris
3072 5377 3168 5445 sit,
3195 5376 3253 5433 id
3296 5384 3403 5441 est,
3422 5376 3484 5435 in

1860 5489 2006 5546 -quo
2039 5474 2113 5530 sit
2140 5472 2359 5529 claritas
2388 5472 2483 5529 Dei
2509 5482 2565 5530 et
2589 5474 2849 5537 scientia,
2878 5480 2936 5553 ut
2966 5467 3179 5540 possint
3224 5480 3350 5523 eum
3386 5480 3484 5523 au-

1898 5565 2016 5622 dire
2038 5564 2134 5619 lilii
2156 5563 2340 5620 Israel.
2370 5563 2525 5633 Quod
2549 5574 2731 5622 autem
2761 5562 2894 5619 dicit
2924 5578 2940 5617 :
2975 5558 3141 5614 Dabis
3188 5558 3236 5613 ei
3279 5564 3485 5629 partem

1896 5658 2079 5731 gloria:
2098 5667 2224 5725 tute,
2249 5673 2355 5714 non
2386 5658 2465 5715 sic
2484 5656 2857 5729 accipiendum
2883 5661 2988 5721 est,
3031 5667 3097 5707 ac
3148 5650 3197 5706 si
3254 5650 3479 5719 diceret,

1898 5752 2066 5808 facies
2094 5766 2219 5808 eum
2244 5752 2450 5809 socium
2479 5750 2663 5822 gloriae
2694 5756 2817 5805 tuae.
2865 5744 2983 5801 Non
3013 5752 3193 5803 autem
3246 5758 3335 5800 res
3380 5743 3479 5805 hu-

2922 5832 3001 5895 25
