3890 6340
450 363 554 421 Ἰ85

1109 354 1172 411 Β.
1215 351 1472 410 RABANI
1511 349 1733 408 MAI)!“
1764 346 2085 406 ARCHIEPt
2122 343 2431 403 MOGUNT.
2469 338 2755 400 OPERUM
2793 336 2974 394 PARS
3010 336 3051 391 l.

3605 338 3709 396 τδι

444 463 646 539 ἰήιεὼί
673 481 922 539 Decimo,
943 480 1048 529 etc.
1082 470 1379 527 Neomenia
1429 477 1610 525 autem
1661 467 1860 522 dicitur
1882 479 2023 520 nova
2049 467 2105 528 Α
2129 462 2375 519 ﬁdelibus
2418 470 2713 518 ostensam.
2745 455 2914 514 Oﬁ‘ert
2953 469 3082 527 ergo
3117 453 3350 524 quisque
3380 451 3564 510 ﬁddis
3599 453 3707 510 Deo

443 575 590 631 luna.
632 571 728 626 Est
754 583 886 639 ergo
917 574 973 621 et
1005 567 1111 620 ista
1143 563 1432 627 festivitas,
1460 576 1584 616 cum
1622 560 1750 614 luna
1801 559 2026 612 innova—

442 675 550 724 tur.
581 662 731 717 Nova
781 666 963 714 autem
986 650 1217 717 'dicitur,
1254 668 1378 708 cum
1434 651 1534 708 soli
1578 649 1825 720 proxima
1860 646 2025 701 fuerit

444 756 656 819 effecta,
705 761 760 808 et
800 749 958 805 valde
985 747 1035 803 ei
1081 744 1394 814 conjuncta,
1439 744 1512 799 ita
1550 751 1611 796 ut
1640 741 1741 796 sub
1777 739 2028 796 claritate

443 851 564 920 ejus
593 849 781 903 lateat.
815 844 924 900 Sed
969 841 1166 897 mirum
1219 837 1452 893 fortasse
1493 836 1762 899 videatur,
1798 833 1908 887 imo
1943 845 2029 886 su-

444 940 712 1013 perﬂuum
738 937 828 992 lex
867 934 1052 990 divina
1079 931 1357 986 mandare.
1386 927 1528 995 Quid
1554 927 1698 982 enim
1747 921 2026 992 religionis

446 1029 704 1088 conducit
728 1028 866 1082 lunae
890 1041 1044 1080 novae
1061 1064 1074 1090 ,
1099 1024 1152 1077 id
1179 1030 1292 1083 est.
1322 1036 1446 1076 cum
1475 1017 1824 1086 conjungitur
1843 1015 1944 1070 soli
1972 1020 2029 1069 et

450 1126 690 1180 adhaeret
718 1121 785 1182 ei,
819 1121 1114 1175 observare
1161 1114 1549 1171 festivitatem?
1573 1111 1698 1166 Herc
1743 1111 1789 1165 si
1834 1123 2032 1163 secun-

449 1219 578 1272 dum
601 1217 838 1271 litteram
863 1211 1296 1272 consider-eatur,
1324 1223 1432 1262 non
1453 1215 1566 1260 tam
1593 1203 1844 1272 religiosa
1865 1214 2029 1270 quam

452 1307 830 1381 superstitiosa
859 1303 1206 1358 videbuntur.
1236 1299 1343 1354 Sed
1366 1298 1572 1352 sciebat
1593 1293 1868 1364 apostolus
1888 1291 2030 1344 Pau-

450 1403 536 1456 lus
563 1401 688 1470 quia
721 1414 830 1452 non
860 1397 945 1451 his
990 1394 1231 1463 loquitur
1267 1391 1373 1455 lex,
1419 1403 1594 1457 neque
1645 1385 1793 1440 illum
1841 1383 2029 1446 ritum,

450 1493 605 1561 quia
652 1487 853 1544 Iudaeis
898 1483 1175 1541 observari
1230 1480 1469 1544 videtur,
1523 1475 1759 1544 Spiritus
1813 1478 2033 1526 sanctus

449 1583 718 1656 prazcipit,
757 1589 815 1635 et
838 1579 960 1634 ideo
984 1577 1053 1632 ad
1103 1591 1198 1630 eos
1232 1573 1326 1644 qui
1359 1571 1518 1625 ﬁdem
1559 1567 1656 1622 Dei
1683 1568 2034 1634 susceperant

451 1655 668 1731 dicebat
700 1691 712 1726 :
744 1670 912 1725 Nemo
963 1685 1084 1739 ergo
1128 1683 1214 1721 vos
1236 1664 1465 1735 judicet,
1491 1669 1582 1715 aut
1623 1660 1680 1713 in
1701 1657 1838 1721 cibo,
1865 1664 1956 1709 aut
1977 1655 2034 1708 in

454 1775 605 1838 potu,
629 1773 721 1819 aut
761 1771 910 1832 parte
942 1761 1047 1814 diei
1064 1759 1202 1828 festi,
1235 1765 1326 1810 aut
1350 1752 1642 1817 neomenia,
1665 1759 1756 1804 aut
1779 1749 2028 1804 sabbato:

2127 564 2238 611 tres
2263 555 2502 610 decimas
2521 551 2710 608 simila
2733 550 2854 606 oleo
2887 561 3195 618 conspersa
3217 546 3273 601 in
3297 545 3580 602 sacriﬁcio
3613 561 3706 615 per

2127 644 2364 717 singulos
2392 643 2610 707 vitulos,
2631 657 2755 696 cum
2789 637 3074 695 scientiam
3105 635 3403 706 spiritalem
3427 635 3488 690 in
3509 644 3706 692 sana:

2129 737 2410 794 Trinitatis
2432 734 2560 801 ﬁde,
2587 734 2709 792 eice
2730 732 2932 788 latitia
2947 729 3306 792 illuminatus,
3337 728 3564 800 pariter.
3589 743 3703 784 cum

2128 829 2270 885 bono
2293 843 2458 899 Opere
2485 827 2722 882 exhibet.
2747 824 2918 880 Oﬁ‘ert
2945 824 3082 880 duas
3109 823 3351 879 decimas
3379 821 3578 879 similae
3595 822 3706 878 oleo

2131 933 2435 989 conspersa:
2470 933 2568 989 per
2592 916 2836 988 singulos
2870 915 3096 981 arietes,
3139 929 3268 970 cum
3287 913 3480 970 studet
3502 911 3705 968 decule-

2132 1028 2257 1084 gnm
2286 1012 2422 1084 legis
2441 1010 2624 1066 sobrio
2640 1008 2919 1066 intellectu
2941 1007 2999 1062 in
3033 1007 3246 1062 duobus
3270 1004 3570 1076 prmeeptis
3587 1004 3702 1059 cha-

2134 1104 2330 1171 ritatis,
2372 1104 2438 1159 ad
2469 1119 2626 1160 suam
2650 1102 3128 1173 proximorumque
3153 1099 3457 1154 utilitatem.
3480 1105 3705 1162 vertere,

2134 1213 2200 1253 ac
2223 1212 2320 1267 per
2359 1211 2483 1251 eum
2533 1203 2704 1250 totam
2748 1195 2917 1248 vitam
2965 1207 3119 1248 suam
3161 1192 3216 1246 in
3239 1207 3466 1246 suavem
3498 1190 3705 1246 odorem

2135 1288 2364 1344 Domino
2413 1285 2684 1342 dedicare.
2721 1283 2906 1352 .Oﬁ'ert
2923 1299 3148 1353 quoque
3175 1283 3446 1339 decimam
3475 1282 3706 1337 decima

2136 1379 2330 1436 similae
2353 1394 2420 1433 ex
2467 1376 2588 1432 oleo
2622 1377 2680 1432 in
2706 1375 3041 1431 sacriﬁcium
3091 1390 3190 1444 per
3229 1389 3401 1444 agnos
3455 1373 3705 1443 singulas,

2135 1487 2261 1530 cum
2295 1469 2693 1541 simplicitatem
2738 1482 2953 1522 morum
2987 1481 3210 1523 suorum
3245 1464 3548 1520 secundum
3579 1462 3710 1518 Scri—

2137 1570 2417 1632 pturarum
2439 1568 2752 1619 sanctarum
2786 1557 3054 1627 regulam,
3077 1557 3254 1627 gratia
3284 1554 3525 1626 Spiritus
3549 1556 3709 1610 sancti

2139 1655 2194 1710 in
2246 1670 2305 1710 se
2349 1661 2632 1724 operante,
2662 1651 2949 1707 instituere
2991 1649 3193 1720 satagit
3214 1656 3274 1703 et
3315 1662 3534 1704 ornare.
3578 1645 3707 1701 Bene

2140 1763 2270 1819 ergo
2317 1749 2374 1802 in
2401 1747 2775 1804 holocaustum
2816 1745 2932 1800 huic
2961 1743 3146 1798 omnia
3196 1742 3432 1799 Domino
3475 1743 3709 1812 jubent-

454 1833 572 1933 qucr
599 1867 720 1912 sunt
759 1857 944 1909 umbra
969 1853 1267 1922 futurorum
1291 1846 1518 1919 (Coloss.
1542 1847 1627 1915 ιι).
1660 1843 1720 1898 Si
1747 1857 1876 1912 ergo
1919 1856 2037 1896 um-
2059 1833 2110 1894 Β
2135 1840 2340 1905 offerri,
2361 1841 2492 1910 quia
2515 1854 2580 1894 ea
2599 1838 2714 1894 sola
2735 1837 3034 1892 intentione
3053 1835 3235 1892 omnia
3261 1835 3523 1890 debemus
3544 1845 3707 1903 agere,

456 1953 552 2004 bra
597 1949 901 2002 futurorum
925 1953 1010 1999 est
1035 1943 1341 2006 sabbatum,
1366 1939 1437 1994 de
1460 1953 1568 2008 quo
1593 1951 1696 2007 pro
1722 1935 1931 1990 viribus
1955 1949 2039 1989 su-

456 2059 557 2112 pra
587 2041 1007 2111 explicavimus,
1049 2044 1104 2091 et
1151 2035 1434 2090 neomenia
1492 2034 1682 2087 umbra
1734 2031 2038 2086 futurorum

455 2143 560 2198 est,
595 2141 805 2188 certum
845 2138 931 2186 est
958 2129 1086 2199 quia
1114 2135 1170 2180 et
1195 2135 1406 2180 Cretera:
1434 2123 1759 2179 festivitates
1787 2119 2040 2174 similiter

457 2225 665 2280 umbrae
706 2231 832 2278 sunt
860 2221 1187 2276 futurorum.
1223 2218 1330 2272 Sed
1362 2230 1505 2270 nunc
1534 2215 1604 2269 de
1641 2212 1925 2268 neomenia
1955 2211 2038 2265 vi-

456 2319 704 2374 deamus.
734 2317 979 2371 Diximus
1011 2312 1157 2382 quod
1183 2310 1485 2365 neomenizc
1511 2307 1775 2362 festivitas
1802 2303 2040 2374 appella-

461 2419 567 2473 tur,
610 2425 734 2464 cum
784 2408 914 2461 luna
962 2404 1210 2459 innovari
1257 2402 1506 2471 cmperit,
1557 2409 1616 2454 et
1664 2398 1765 2454 soli
1796 2395 2042 2467 proxima

461 2502 607 2567 ﬁeri,
662 2501 985 2571 penitusque
1020 2494 1328 2562 conjuncta.
1381 2492 1474 2547 Sol
1515 2490 1740 2560 justitia:
1793 2487 2042 2542 Christus

461 2602 566 2649 est.
596 2591 732 2646 Huic
778 2590 825 2644 si
875 2590 1022 2653 luna,
1055 2588 1109 2641 id
1137 2594 1241 2650 est,
1276 2584 1519 2639 Ecclesia
1544 2599 1663 2647 sua,
1693 2596 1812 2651 qua:
1843 2579 2045 2633 lumine

461 2686 704 2756 repletur
748 2682 936 2752 ipsius,
964 2679 1152 2749 juncta
1179 2677 1366 2743 fuerit,
1388 2686 1442 2732 et
1477 2675 1692 2747 penitus
1735 2672 2041 2736 adliteserit,

461 2779 540 2832 ita
588 2784 649 2830 ut
695 2773 994 2830 secundum
1041 2771 1264 2825 verbum
1313 2767 1579 2838 Apostoli,
1633 2765 1725 2834 qui
1777 2779 1835 2819 se
1867 2762 2046 2832 jungit

464 2868 596 2931 Deo,
626 2880 767 2920 unus
819 2878 946 2920 cum
993 2877 1058 2918 eo
1109 2861 1335 2931 spiritus
1385 2859 1496 2921 ﬁat,
1532 2866 1662 2912 tunc
1693 2855 2046 2910 festivitatem

462 2961 764 3016 neomeniai
789 2959 918 3030 agit.
953 2958 1106 3012 Tunc
1130 2955 1276 3010 enim
1307 2969 1444 3008 nova
1479 2951 1732 3015 efﬁcitur,
1752 2964 1875 3004 eum
1900 2944 2047 3014 abje-

465 3058 603 3112 eerit
624 3065 866 3110 veterem
893 3053 1190 3116 hominem,
1221 3058 1276 3104 et
1298 3049 1485 3103 induta
1514 3045 1679 3100 fuerit
1704 3057 1923 3106 novum,
1955 3037 2048 3109 qui

462 3147 761 3202 secundum
783 3144 956 3198 Deum
977 3152 1192 3197 creatus
1211 3148 1297 3196 est
1319 3154 1332 3192 :
1359 3140 1435 3192 ita
1461 3137 1656 3191 merito
1680 3129 2048 3188 innovationis

2139 1948 2250 1990 non
2277 1940 2337 1986 ut
2360 1931 2575 1987 laudem
2593 1931 2914 1994 humanam,
2937 1927 3023 1984 vel
3051 1926 3470 1982 retributionem
3496 1938 3708 1994 prasen-

2143 2036 2253 2079 tem
2281 2036 2610 2092 quaeramus,
2635 2021 2730 2076 sed
2752 2027 2812 2075 ut
2829 2019 3072 2076 omnium
3103 2018 3372 2074 bonorum
3400 2017 3576 2072 datori
3597 2017 3706 2079 Deo,

2139 2130 2237 2185 per
2261 2114 2442 2169 omnia
2469 2112 2798 2183 placeamus,
2823 2120 3150 2178 aiternceque
3166 2108 3295 2164 vita:
3321 2107 3708 2162 retributionem

2141 2206 2211 2259 ab
2237 2205 2356 2274 ipso
2380 2214 2790 2260 remuneratore
2821 2200 3126 2270 justissimo
3150 2200 3207 2254 in
3233 2198 3422 2254 futuro
3446 2198 3704 2268 percipere

2141 2310 2323 2350 meres
2331 2311 2470 2352 mur.
3329 2317 3332 2320 ‘

2215 2387 2397 2445 Mense
2449 2398 2625 2444 autem
2664 2389 2853 2460 primo,
2912 2387 3329 2458 quartadecima.
3363 2387 3448 2441 die
3475 2417 3478 2424 -
3510 2385 3711 2452 manu,

2147 2480 2324 2536 Pliase
2357 2481 2569 2536 Domini
2597 2482 2716 2546 erit,
2747 2490 2797 2535 et
2835 2480 3226 2550 quintadecima
3285 2479 3372 2534 die
3398 2478 3710 2544 salutantes;

2144 2584 2342 2645 septem
2369 2573 2550 2628 diebus
2582 2581 2853 2629 vescentur
2890 2573 3090 2643 azymis
3121 2585 3138 2624 :
3166 2585 3398 2643 quarum
3435 2570 3544 2624 dies
3570 2571 3711 2641 prius

2147 2665 2456 2722 uenerabilis
2499 2676 2548 2720 et
2599 2674 2803 2721 sancta.
2839 2663 3006 2720 Omne
3051 2681 3184 2734 opus
3212 2662 3542 2718 serrilenon
3578 2662 3712 2729 {acie-

2145 2759 2213 2812 tis
2244 2759 2298 2814 in
2325 2773 2424 2822 ea;
2468 2758 2798 2827 o/j‘cretisque
2830 2757 2889 2809 in
2918 2756 3188 2810 incensum
3239 2753 3607 2809 holocaustum
3630 2751 3713 2806 Do-

2149 2851 2312 2912 mino,
2345 2848 2532 2904 vitulos
2559 2848 2627 2902 de
2656 2856 2896 2903 armento
2927 2847 3085 2912 duos,
3116 2847 3337 2901 arietem
3369 2862 3558 2909 unum,
3580 2858 3712 2914 agnos

2151 2937 2816 3005 anniculosimmaculatos
2835 2949 3054 3009 septem,
3071 2949 3117 2992 et
3129 2937 3404 3006 sacriﬁcia
3420 2937 3714 3007 singulorum

2150 3031 2416 3104 empsimila
2456 3049 2574 3103 qua:
2603 3047 2884 3101 conspersa
2921 3031 2993 3084 sit
3035 3029 3149 3086 oleo
3181 3047 3200 3084 ξ
3243 3040 3354 3084 tres
3384 3031 3618 3101 decimas
3643 3041 3714 3098 per

2154 3125 2387 3196 singulos
2418 3125 2628 3190 vitulos,
2662 3135 2709 3179 ct
2739 3125 2874 3178 duas
2909 3124 3140 3179 decimas
3184 3139 3280 3193 per
3316 3124 3554 3188 arietem,
3583 3120 3721 3176 etde-

468 3236 888 3300 solemnitatem,
915 3249 1035 3302 quae
1078 3241 1162 3287 est
1205 3228 1505 3285 neomenim
1552 3225 1839 3288 festivitas,
1887 3223 2048 3294 gerit.
2078 3195 2123 3258 Ε
2156 3195 2349 3276 simam
2371 3219 2586 3274 decimae
2600 3234 2868 3289 peragnos
2883 3215 3140 3286 singulos,
3167 3215 3547 3282 Μακαρία
3564 3227 3722 3283 agna;

470 3326 624 3380 Tunc
646 3325 880 3393 denique
907 3331 1012 3386 est,
1045 3322 1260 3391 quando
1289 3333 1465 3388 neque
1493 3317 1670 3372 videri
1699 3329 1875 3384 neque
1904 3328 2055 3370 comr-

468 3413 735 3488 prehendi
773 3413 1024 3468 humanis
1066 3409 1374 3480 aspectibus
1406 3415 1604 3478 potest.
1660 3405 1855 3460 Anima
1909 3404 2055 3460 enim

467 3523 596 3565 cum
622 3515 790 3563 totam
835 3519 893 3561 se
928 3504 1218 3560 sociaverit
1245 3501 1493 3565 Domino,
1539 3507 1595 3553 et
1627 3499 1683 3554 in
1709 3497 2056 3568 splendorem

467 3601 608 3656 lucis
644 3599 764 3668 ejus
805 3605 919 3653 tota
964 3593 1312 3658 concesserit,
1364 3590 1608 3661 nihilque
1643 3589 1864 3645 omnino
1889 3596 2059 3643 terre-

469 3707 602 3748 num
641 3692 860 3758 cogitat,
899 3687 1038 3742 nihil
1083 3685 1418 3740 mundanum
1467 3681 1716 3751 requirit,
1750 3692 1851 3734 nec
1877 3675 2057 3732 homi-

474 3785 634 3839 nibus
660 3782 872 3852 placere
901 3779 1104 3842 studet,
1131 3775 1230 3832 sed
1255 3782 1426 3829 totam
1453 3787 1514 3827 se
1533 3769 1814 3840 sapientiae
1843 3766 2056 3831 lumini,

475 3885 644 3931 totam
697 3873 864 3928 calori
911 3871 1083 3926 sancti
1112 3868 1345 3938 Spiritus
1391 3863 1808 3932 mancipaverit,
1842 3858 2061 3916 subtilis

473 3978 532 4024 et
569 3964 828 4037 spiritalis
865 3962 1078 4026 effecta,
1131 3957 1404 4029 quomodo
1429 3954 1580 4010 cerni
1608 3953 1676 4007 ab
1721 3949 2053 4014 hominibus,

477 4068 572 4114 aut
597 4057 848 4113 humanis
893 4060 1070 4121 potest
1096 4050 1405 4119 aspectibus
1444 4042 1813 4116 apprehendi?
1840 4039 2064 4094 Anima-

481 4153 547 4206 lis
590 4162 821 4214 namque
867 4145 1026 4198 homo
1057 4142 1377 4211 intelligere,
1405 4139 1716 4193 discernere
1741 4150 1849 4190 non
1879 4137 2062 4202 potest

481 4240 813 4313 spiritalem;
845 4244 902 4289 et
943 4236 1061 4289 ideo
1087 4233 1401 4302 dignissime
1427 4231 1569 4285 diem
1615 4229 1813 4284 festum
1845 4227 1977 4295 agit,
2011 4232 2066 4278 et

484 4334 718 4390 hostiam
747 4326 1048 4384 neomeniae
1070 4324 1318 4387 Domino,
1351 4334 1410 4375 ut
1435 4330 1560 4391 pote
1580 4336 1676 4390 per
1705 4321 1882 4388 ipsum
1915 4319 2068 4373 inno-

481 4435 626 4492 vata,
671 4421 959 4494 jngulabit.
1006 4417 1064 4473 Si
1107 4425 1290 4471 autem
1318 4415 1616 4470 secundum
1645 4413 1958 4483 trepologiae
1983 4424 2068 4465 re-

485 4516 666 4588 gulam
701 4513 824 4583 quis
864 4511 1007 4567 scire
1048 4506 1279 4562 voluerit
1304 4503 1434 4575 quid
1464 4504 1774 4575 signiﬁcent
1819 4503 1904 4557 ha:
1932 4503 2068 4557 tales

483 4605 786 4664 oblationes
829 4619 947 4673 qua:
977 4601 1280 4658 offeruntur
1315 4597 1545 4652 Domino
1573 4596 1628 4649 in
1666 4593 2063 4659 holocaustum,

487 4699 594 4752 hoc
632 4703 736 4760 est,
769 4694 997 4749 duorum
1030 4690 1348 4753 vitulorum,
1379 4686 1566 4742 arietis
1591 4685 1770 4751 unius,
1803 4697 2068 4756 agnorum

489 4785 864 4844 anniculorum
889 4791 1115 4852 septem,
1157 4790 1214 4836 et
1252 4786 1575 4835 cmterarum
1606 4778 1910 4847 specierum
1947 4789 2069 4846 quas

490 4878 652 4938 simul
687 4875 1014 4944 jubebantur
1058 4871 1259 4936 offerri,
1304 4878 1481 4940 potest
1509 4869 1804 4924 secundum
1849 4883 2068 4924 sensum

489 4967 915 5027 oithodoxorum
942 4963 999 5017 in
1018 4962 1226 5017 duobus
1251 4960 1438 5014 vitulis
1458 4958 1708 5027 accipere
1736 4957 1863 5012 boni
1891 4959 2072 5027 operis

487 5057 906 5132 jucunditatem,
936 5067 1034 5121 per
1061 5051 1297 5106 animam
1338 5049 1454 5104 sive
1487 5063 1586 5118 per
1632 5062 1872 5116 corpus,"
1901 5049 2071 5118 magi-

496 5153 722 5210 sterium
733 5148 964 5204 duorum
978 5143 1465 5206 Testamentorum,
1483 5141 1540 5196 in
1556 5141 1767 5196 duobus
1787 5141 2073 5210 praeceptis

497 5241 782 5303 charitatis
813 5239 1068 5296 decenter
1091 5234 1202 5288 Deo
1220 5235 1478 5290 oblatam.
1501 5234 1562 5289 ln
1583 5233 1756 5290 ariete
1776 5249 1910 5289 vero
1937 5251 2069 5301 uno,

500 5339 742 5410 regimen
771 5329 1068 5401 disciplinis
1113 5325 1408 5382 secundum
1451 5326 1715 5382 unitatem
1773 5325 1918 5392 ﬁdei,
1965 5342 2072 5383 non

500 5430 794 5493 cnerviter,
817 5425 911 5481 sed
934 5421 1151 5478 fortiter
1191 5425 1353 5488 atque
1390 5417 1641 5473 nobiliter
1667 5419 1988 5474 exhibitum.
2015 5418 2075 5472 In

502 5527 657 5598 agnis
704 5535 918 5594 quoque
967 5513 1236 5572 anniculis
1284 5520 1488 5580 septem
1535 5512 1911 5574 immaculatis,
1954 5512 2079 5566 sim-

502 5618 800 5688 plicitatem
824 5619 985 5680 atque
1013 5603 1486 5662 mansuetudinem
1521 5618 1732 5657 morum
1760 5619 1859 5672 pro
1895 5603 2078 5658 futura

507 5710 562 5762 in
601 5706 753 5761 ccelis
798 5701 986 5770 requie
1015 5714 1114 5769 per
1157 5696 1398 5768 gratiam.
1435 5691 1765 5762 scptiformis
1819 5695 2071 5763 Spiritus,

511 5807 621 5854 iam
659 5796 758 5849 sibi
785 5793 852 5848 ad
873 5791 1099 5848 salutem
1127 5801 1288 5857 quam
1323 5785 1443 5840 aliis
1477 5783 1543 5838 ad
1571 5784 1874 5853 exemplum
1917 5786 2020 5840 rite
2047 5801 2076 5839 ιι

2157 3320 2205 3366 et
2231 3311 2434 3366 hircum
2459 3327 2554 3379 pro
2585 3320 2800 3380 peccato
2821 3327 3010 3374 unum,
3027 3317 3086 3362 ut
3109 3309 3283 3379 expiet
3310 3326 3411 3379 pro
3431 3310 3595 3372 vobis,
3613 3315 3726 3378 pra-

2158 3414 2238 3457 ter
2286 3401 2652 3456 holocaustum
2709 3402 3029 3457 matutinum
3103 3401 3245 3471 quod
3297 3417 3504 3472 semper
3565 3400 3724 3468 afera-

2158 3497 2246 3551 tis.
2294 3495 2381 3550 Ita
2427 3495 2631 3564 iacietis
2670 3511 2764 3565 per
2801 3493 3038 3565 singulos
3079 3493 3190 3548 dies
3213 3502 3412 3563 septem
3443 3494 3667 3555 dierum,
3685 3489 3730 3542 is

2162 3588 2396 3658 fomitem
2433 3587 2589 3658 ignis,
2643 3596 2694 3640 et
2746 3587 2804 3640 in
2861 3585 3074 3640 odorem
3101 3585 3467 3640 suavissimum
3499 3583 3732 3646 Domino,

2161 3680 2250 3750 qui
2301 3687 2478 3749 surget
2533 3677 2598 3732 de
2651 3676 2960 3731 holocausta
3017 3686 3068 3730 et
3123 3675 3338 3729 victimis
3379 3671 3735 3741 singularum.

2159 3771 2289 3826 Dies
2369 3787 2576 3841 quoque
2647 3770 2894 3838 septimus
2969 3767 3318 3823 celeberrimus
3395 3773 3447 3817 et
3526 3773 3736 3818 senatus

2159 3865 2261 3918 erit
2315 3863 2480 3918 vobis.
2536 3860 2704 3916 Omne
2747 3879 2878 3932 opus
2924 3859 3108 3915 seruile
3158 3875 3262 3911 non
3306 3857 3518 3926 facietis
3569 3856 3730 3909 inn.

2151 3955 2372 4022 Quarto
2405 3956 2459 4010 in
2496 3957 2602 4011 hoc
2642 3954 2763 4010 loco
2814 3955 3035 4024 ponitur
3086 3953 3228 4006 inter
3278 3949 3609 4004 festivitates
3649 3943 3732 3999 Dei

2163 4046 2386 4102 Paschae
2417 4045 2754 4108 solemnitas,
2783 4043 2838 4098 in
2890 4059 2996 4114 qua
3025 4042 3326 4097 festivitate
3353 4055 3523 4110 agnus

2168 4150 2275 4198 tur.
2305 4141 2362 4196 Si
2392 4140 2626 4204 videtur,
2677 4154 2875 4210 agnum
2923 4152 3135 4201 verum,
3180 4150 3384 4206 agnum
3413 4133 3527 4196 Dei,
3553 4142 3734 4201 agnum

2167 4232 2262 4302 qui
2311 4231 2451 4286 tollit
2493 4239 2715 4300 peccata
2746 4228 2953 4292 mundi,
2985 4235 3044 4282 et
3087 4227 3258 4282 dicito
3286 4226 3416 4295 quia
3441 4222 3635 4293 pascha
3657 4230 3735 4273 no-

2158 4330 2348 4378 strum
2389 4321 2698 4376 immolatus
2728 4328 2813 4375 est
2848 4319 3118 4374 Christus.
3147 4317 3320 4372 Judaei
3365 4313 3572 4370 carnali
3597 4323 3734 4368 sensu

2171 4414 2463 4470 comedam
2481 4428 2676 4468 carnes
2713 4413 2838 4483 agni
2868 4429 2881 4465 :
2918 4426 3018 4467 nos
3045 4420 3230 4465 autem
3258 4408 3606 4465 comedamns
3626 4417 3733 4459 car-

2171 4518 2298 4558 nem
2312 4503 2460 4561 verbi
2473 4504 2591 4559 Dei.
2607 4502 2724 4572 Ipse
2735 4502 2882 4558 enim
2900 4501 3037 4557 dixit
3055 4521 3066 4556 :
3087 4501 3141 4555 Ν
3144 4502 3212 4555 isi
3235 4499 3566 4554 comederitis
3578 4505 3736 4549 cerasis

2175 4611 2336 4660 meas,
2353 4611 2459 4648 non
2478 4595 2733 4650 habebitis
2749 4595 2910 4649 vitam
2927 4595 2985 4648 in
3009 4593 3150 4648 vobis
3173 4592 3301 4662 ipsis
3325 4589 3514 4664 (locis.
3533 4591 3630 4660 VI).
3643 4585 3737 4641 Hoc

2175 4687 2320 4756 quod
2348 4688 2508 4742 modo
2527 4686 2802 4755 loquimur
2823 4697 3018 4741 carnes
3039 4691 3166 4739 sunt
3185 4682 3339 4737 verbi
3360 4679 3483 4745 Dei,
3513 4677 3562 4734 si
3581 4679 3734 4732 tam

2162 4795 2284 4835 .non
2297 4779 2454 4849 quasi
2472 4777 2702 4833 inﬁrmis
2716 4777 2888 4842 olera,
2906 4785 3000 4830 aut
3017 4775 3171 4846 quasi
3191 4773 3378 4844 pueris
3395 4771 3559 4826 lactis
3577 4769 3736 4828 aliato-

2177 4875 2327 4928 niam
2353 4872 2725 4942 prteferemus.
2751 4871 2810 4925 Si
2831 4869 3070 4941 perfecta
3095 4868 3398 4938 loquimur,
3429 4866 3476 4920 si
3516 4865 3736 4921 mbusla.

2177 4965 2228 5020 si
2247 4963 2430 5029 fortia,
2462 4964 2508 5018 si
2535 4977 2731 5018 carnes
2757 4961 2918 5016 nobis
2937 4959 3089 5014 verbi
3115 4959 3212 5013 Dei
3237 4955 3568 5026 apponimus
3585 4961 3741 5007 colle-

2179 5054 2388 5110 dentes.
2420 5053 2522 5110 Ubi
2568 5053 2712 5108 enim
2755 5052 3016 5122 mysticus
3057 5064 3257 5113 sermo,
3304 5040 3744 5116 ubi‘dogmaticns

2179 5155 2237 5201 et
2272 5145 2555 5201 Trinitatis
2597 5143 2704 5200 ﬁde
2732 5143 2971 5213 repletus
3009 5139 3288 5212 profertur
3317 5153 3387 5193 ac
3424 5136 3642 5197 solidus,
3667 5129 3746 5184 ubi

2179 5237 2350 5293 futuri
2364 5238 2550 5294 seaculi
2579 5246 2762 5292 amoto
2784 5236 3050 5292 velamine
3081 5234 3300 5295 litterae,
3343 5231 3478 5299 legis
3505 5222 3749 5297 spiritalis

2181 5338 2522 5387 sacramenta
2573 5329 2902 5400 panduntur,
2951 5326 3046 5381 ubi
3087 5339 3214 5394 spes
3248 5323 3448 5378 animm
3479 5317 3668 5372 avulsa
3689 5313 3749 5367 de

2181 5422 2345 5478 terris
2378 5422 2617 5491 jactatur
2645 5421 2702 5476 in
2729 5421 2918 5485 oculos,
2947 5427 3005 5474 et
3049 5420 3105 5474 in
3145 5417 3254 5474 illis
3277 5415 3600 5474 collocatur,
3645 5419 3748 5478 (με

2179 5515 2363 5570 oculus
2384 5531 2487 5569 non
2507 5515 2654 5579 vidit,
2683 5530 2774 5567 nec
2797 5513 2943 5567 auris
2970 5511 3193 5574 audiuit,
3220 5524 3318 5562 nec
3335 5508 3394 5560 in
3421 5520 3514 5559 cor
3541 5495 3752 5555 humidi

2179 5606 2413 5660 ascendit
2457 5604 2510 5675 (Ι
2539 5604 2662 5659 Cor.
2716 5603 2804 5675 ιι),
2837 5605 2954 5658 hac
2980 5601 3163 5658 omnia
3195 5612 3394 5654 carnes
3421 5602 3554 5651 sunt
3601 5587 3753 5645 verba

2180 5697 2295 5751 Dei.
2343 5697 2444 5762 Qui
2477 5705 2660 5766 potest
2703 5695 2950 5766 perfecto
2983 5693 3258 5748 intellectu
3297 5689 3450 5745 vesci
3504 5696 3564 5740 et
3598 5678 3752 5738 eode

2179 5789 2488 5859 puriﬁcato,
2518 5788 2608 5844 ille
2640 5803 2781 5842 veras
2808 5785 3117 5846 festivitatis
3135 5781 3372 5838 Pascha:
3403 5775 3655 5835 immolat
3673 5785 3756 5827 ο·
