3890 6340
165 382 273 441 ρ785

874 377 1407 440 ENARRATIONES
1440 381 1511 439 IN
1547 373 1806 440 LIBRUM
1839 377 2300 442 NUMERORUM.
2340 417 2410 427 —
2444 387 2570 444 LIB.
2613 387 2702 443 IV.

3317 397 3419 455 786

177 503 450 570 criticism),
479 511 538 558 et
575 500 717 557 diem
750 501 949 556 festum
987 501 1239 573 agitcum
1263 501 1377 555 Deo
1398 507 1454 555 et
1480 513 1606 555 cum
1648 497 1824 561 εει-Ἀ
1847 501 2102 557 teriorem
2128 502 2402 556 hominem
2444 511 2667 557 renovat
2698 503 2764 558 de
2803 503 2890 559 die
2920 504 2974 558 in
2999 505 3165 572 diem,
3193 508 3294 564 iste
3322 511 3424 566 sibi

175 597 300 670 gelis
323 597 460 666 ejus.
501 593 632 649 Post
655 593 798 648 hanc
832 595 943 648 imo
967 595 1281 648 continuata
1321 593 1447 648 huic
1477 593 1745 648 festivitas

175 689 409 758 sequitur
457 701 790 759 azymorum,
841 701 1008 756 quam
1055 687 1252 741 merito
1307 686 1627 753 celebrabis,
1693 687 1741 740 si

165 781 508 838 exter-mines
532 793 692 835 omne
713 777 1038 834 fermentum
1066 777 1288 832 malitia:
1315 786 1371 832 et
1399 779 1651 848 nequitiae
1672 777 1741 834 ab

171 874 342 929 anima
373 881 485 938 tua,
509 882 566 927 et
591 885 782 944 azyma
821 872 1152 951 sinceritatis
1173 872 1530 942 veritatisque
1551 880 1739 928 custo-

169 963 288 1022 dias.
307 961 503 1032 ‘Neque
521 963 673 1017 enirn
684 963 982 1032 putandum
998 971 1086 1018 est
1099 964 1524 1033 omnipotentem
1545 964 1737 1031 Deum,

170 1053 310 1122 leges
337 1053 650 1109 hominibus
677 1067 778 1124 pro
804 1053 1074 1110 fermento
1104 1054 1364 1122 scribere,
1397 1064 1454 1111 et
1490 1064 1738 1126 prepter-

157 1159 224 1200 ea
258 1146 456 1214 jubere
493 1146 846 1201 exterminari
899 1147 1137 1202 animam
1201 1149 1266 1202 de
1302 1149 1517 1219 populo,
1558 1150 1604 1204 si
1631 1164 1737 1220 qua

155 1234 296 1289 .forte
325 1250 518 1304 parum
545 1235 748 1306 aliquid
788 1236 1040 1292 fermenti
1085 1237 1243 1306 hujus
1288 1253 1356 1293 ex
1384 1237 1558 1293 farina
1607 1253 1738 1296 con-

171 1331 334 1400 spersi
373 1331 428 1384 in
455 1331 615 1386 domo
651 1346 749 1386 sua
776 1333 1028 1388 habuisse
1053 1334 1555 1404 deprehenduntur,
1591 1347 1739 1387 eam-

170 1436 265 1490 que
296 1437 483 1476 curam
511 1438 838 1493 magnopere
873 1424 1042 1479 fuisse
1074 1426 1271 1480 divina:
1299 1427 1592 1496 maiestati,
1633 1442 1738 1497 qua

169 1508 409 1565 fet-menti
444 1510 605 1579 hujus
639 1527 805 1568 causa
831 1513 887 1566 in
925 1521 1134 1567 tantum
1165 1515 1390 1568 sedicat
1416 1515 1636 1579 aliendi,
1677 1524 1738 1569 ut

165 1605 390 1659 animam
424 1619 588 1675 quam
637 1606 752 1675 ipse
797 1607 864 1661 ad
895 1607 1184 1678 imaginem
1231 1613 1286 1661 et
1329 1607 1737 1662 similitudinem

155 1707 308 1749 suam
330 1695 478 1762 fecit,
501 1697 857 1751 exterminari
873 1711 972 1766 pro
997 1699 1101 1752 hoc
1115 1697 1307 1766 jubeat
1328 1709 1382 1753 ct
1403 1702 1591 1754 everti.
1620 1701 1734 1756 Non

153 1787 286 1840 mihi
314 1789 534 1844 videtur
559 1791 675 1844 hac
703 1790 904 1844 divinis
940 1789 1152 1860 legibus
1181 1791 1360 1845 divina
1389 1807 1508 1847 esse
1537 1792 1732 1848 intelli-

1849 594 2067 648 innovat
2092 595 2320 660 novalia,
2353 605 2407 650 et
2447 611 2551 649 non
2578 597 2814 650 seminat
2856 611 3018 667 super
3063 600 3280 669 spinas;
3333 605 3426 657 sed

1847 699 2005 756 super
2034 697 2232 741 terram
2269 687 2487 751 bonam,
2519 705 2639 757 qua:
2680 688 2867 743 reddat
2910 690 2957 744 ei
2992 691 3224 746 fructum
3254 693 3423 764 trige-

1845 779 2062 846 simum,
2133 789 2225 832 aut
2275 781 2690 849 sexagesimum,
2738 789 2832 834 aut
2888 785 3264 839 centesimum.
3319 784 3425 839 Iste

1843 887 1974 943 ergo
1998 879 2082 926 est
2125 871 2295 942 quiin
2347 872 2540 940 spiritu
2564 873 2815 938 seminat,
2860 883 2914 928 et
2961 875 3164 945 colligit
3213 876 3423 933 fructus

1839 961 2083 1033 spiritus.
2136 961 2368 1016 Fructus
2407 970 2586 1015 autem
2616 963 2838 1032 spiritus
2889 966 3122 1033 primum
3175 967 3415 1022 omnium

1839 1063 1925 1110 est
1970 1053 2244 1124 gaudium.
2289 1053 2353 1106 Et
2381 1053 2577 1106 merito
2607 1053 2747 1106 diem
2777 1053 2972 1108 festum
3021 1071 3278 1110 novorum
3307 1056 3418 1111 fru-

1839 1155 2021 1200 ctuum
2038 1147 2168 1214 agit,
2185 1145 2275 1214 qui
2292 1146 2542 1214 gaudium
2555 1145 2730 1200 metit.
2746 1145 3020 1216 Praecipue
3032 1149 3122 1216 qui
3139 1149 3296 1204 simul
3312 1165 3418 1205 me-

1842 1247 1919 1293 tat
1933 1251 1985 1292 et
2011 1253 2214 1308 pacem,
2233 1239 2544 1307 patientiam
2567 1251 2623 1293 et
2642 1240 2957 1302 bonitatem,
2977 1249 3030 1292 et
3051 1242 3415 1296 mansuetudi-

1841 1347 1984 1396 nem,
2015 1331 2256 1401 aliosque
2277 1333 2470 1385 horum
2497 1331 2701 1385 similes
2726 1330 2934 1385 fructus
2960 1331 3192 1399 colligat,
3216 1334 3417 1403 dignis-

1841 1422 1978 1476 sime
2005 1435 2263 1476 novorum
2295 1421 2564 1474 fructuum
2593 1419 2938 1474 festivitatem
2969 1420 3194 1474 Domino
3229 1433 3411 1490 agens.

1837 1533 1842 1538 ε
1914 1511 2061 1580 (CAP.
2089 1511 2264 1582 xxrx.)
2294 1510 2490 1565 Mensis
2538 1512 2694 1564 etiam
2732 1511 2934 1579 septimi
2963 1511 3134 1578 prima
3178 1511 3287 1564 dies
3325 1529 3414 1566 re-

1841 1605 2088 1658 nerabilis
2127 1614 2173 1658 et
2213 1614 2392 1657 sancta
2424 1604 2519 1658 erit
2548 1604 2708 1657 vobis.
2741 1603 2906 1657 Omne
2933 1619 3060 1672 opus
3089 1604 3271 1658 seruile
3313 1621 3416 1658 non

1839 1697 2042 1765 facietis
2081 1697 2135 1750 in
2157 1713 2240 1761 ea,
2273 1699 2398 1766 quia
2424 1697 2532 1750 dies
2555 1696 2816 1766 clangoris
2848 1706 2921 1749 est
2945 1707 2992 1748 et
3017 1694 3296 1759 tubarum;
3326 1696 3411 1765 of-

1838 1788 2114 1858 feretisque
2162 1789 2519 1841 holocaustum
2567 1790 2622 1842 in
2654 1789 2865 1842 odorem
2889 1789 3260 1842 suavissimum
3305 1789 3414 1842 Do-

153 1879 352 1947 gentia,
375 1881 474 1934 sed
503 1880 638 1935 illud
661 1881 838 1950 majus
866 1889 952 1935 est
973 1881 1116 1950 quod
1139 1882 1424 1945 horrescit,
1457 1890 1510 1937 et
1539 1880 1730 1936 merito
1757 1867 1806 1927 Β
1829 1879 1995 1943 mino,
2041 1878 2261 1932 vitulum
2299 1880 2362 1932 de
2425 1888 2662 1933 armento
2715 1895 2898 1943 uirum,
2951 1881 3168 1932 arietem
3223 1896 3408 1946 unum,

153 1970 426 2028 horrescit
445 1973 607 2037 Deus,
641 1973 686 2027 si
709 1973 948 2038 malitiae,
974 1974 1020 2028 si
1043 1974 1154 2037 iraa,
1187 1975 1230 2029 si
1257 1974 1510 2043 nequitias
1539 1975 1731 2044 spiritu

147 2063 460 2118 infirmetur
508 2064 707 2130 anima,
760 2074 817 2120 et
870 2067 1192 2121 intumescat
1245 2067 1312 2120 ad
1342 2066 1561 2136 ﬂagitia.
1605 2066 1730 2123 Haec

149 2165 262 2206 non
294 2153 422 2208 vult
447 2155 682 2209 animam
707 2171 828 2211 esse
867 2157 1027 2220 Deus,
1073 2164 1128 2211 et
1172 2157 1278 2211 tale
1327 2155 1653 2212 fermentum
1679 2159 1727 2214 si

143 2243 509 2311 abjecerimus
552 2247 618 2300 de
645 2247 804 2301 domo
831 2247 1028 2301 anima:
1064 2255 1280 2312 nostrae,
1315 2249 1510 2303 merito
1546 2258 1729 2305 exter-

140 2334 490 2388 minabimur.
525 2334 628 2390 Sed
659 2352 726 2391 ne
747 2347 1092 2404 contemnas,
1125 2341 1292 2394 etiam
1320 2341 1361 2394 si
1393 2353 1618 2410 parvam
1645 2343 1726 2396 vi-

147 2427 288 2481 deris
313 2429 460 2481 intra
509 2436 562 2483 te
605 2428 923 2484 fermentari
965 2431 1250 2498 malitiam,
1303 2433 1429 2503 quia
1459 2434 1725 2488 modicum

150 2516 456 2586 fermentum
500 2528 664 2573 totam
706 2535 938 2575 massam
967 2525 1253 2593 corrumpit
1301 2523 1354 2593 (Ι
1394 2525 1516 2579 Cor.
1549 2526 1624 2598 v).
1662 2525 1729 2581 Et

151 2608 266 2662 ideo
318 2623 498 2678 neque
551 2611 617 2665 de
673 2626 846 2682 parvo
887 2623 1112 2682 peccato
1156 2614 1416 2686 negligas,
1468 2618 1725 2686 quoniam

149 2715 212 2755 ex
231 2717 337 2756 uno
370 2711 600 2773 peccato
639 2714 930 2774 generatur
974 2717 1030 2761 et
1079 2707 1244 2763 aliud.
1297 2708 1446 2763 Sicut
1473 2711 1618 2764 enim
1656 2726 1725 2765 ex

145 2791 342 2860 iustitia
377 2806 675 2864 generatur
712 2796 942 2866 iustitia,
986 2812 1050 2852 ex
1093 2799 1343 2854 castitate
1389 2801 1632 2854 castitas.
1667 2801 1726 2856 Si

139 2883 262 2951 quis
301 2885 452 2939 enim
506 2887 684 2955 primo
715 2889 952 2943 tenuiter
979 2897 1164 2944 castus
1189 2905 1311 2944 esse
1337 2892 1582 2960 coeperit.
1632 2905 1727 2946 ex-

143 2985 292 3046 cepto
335 2977 614 3034 castitatis
642 2977 928 3046 fermento,
969 2982 1214 3051 quotidie
1238 2983 1443 3037 castior
1471 2984 1722 3050 elllcitur,

143 3065 210 3120 ita
233 3075 286 3122 et
328 3070 424 3140 qui
457 3070 630 3124 semel
682 3071 822 3126 intra
849 3087 909 3126 se
945 3071 1074 3128 licet
1103 3088 1296 3143 parum
1325 3074 1545 3130 malitiae
1569 3091 1722 3147 repo-

143 3161 301 3215 suerit
337 3161 695 3228 fermentum,
729 3164 969 3233 quotidie
1015 3166 1309 3237 semetipso
1336 3169 1565 3238 nequior
1610 3169 1723 3225 elli-

144 3247 274 3303 citur
323 3268 390 3306 ac
441 3253 703 3309 deterior.
753 3255 823 3310 Et
846 3256 970 3312 ideo
1004 3257 1049 3312 si
1078 3260 1164 3314 vis
1189 3273 1349 3330 agere
1397 3275 1715 3332 azymorum

142 3336 486 3400 festivitatem
533 3361 657 3402 cum
707 3348 840 3415 Deo,
883 3365 952 3405 ne
985 3365 1175 3420 parum
1222 3353 1439 3422 quidem
1499 3355 1721 3412 malitiae

141 3429 461 3492 fermentum
499 3439 642 3492 intra
668 3448 722 3494 te
751 3442 989 3498 residere
1009 3445 1254 3513 patiaris.

203 3524 329 3581 Dies
367 3529 764 3598 primitinorum
813 3535 990 3599 etiam,
1039 3537 1253 3605 quando
1301 3540 1530 3606 oﬂ'erelis
1558 3557 1722 3596 novas

141 3613 310 3686 fruges
368 3619 624 3686 Domino,
675 3623 889 3692 expletis
945 3625 1372 3694 hebdomadibus,
1415 3631 1724 3686 venerabilis

136 3715 386 3764 «sancta
435 3713 561 3766 erit.
594 3713 762 3768 Omne
810 3731 938 3785 apus
972 3716 1157 3770 servile
1194 3733 1297 3772 non
1323 3719 1527 3788 facietis
1555 3722 1612 3774 in
1642 3737 1723 3787 eo,

137 3797 470 3872 olerctisque
509 3803 873 3859 holocaustum
892 3807 950 3860 in
972 3807 1182 3862 odorem
1219 3811 1588 3866 suavissimum
1618 3811 1727 3868 Do—

132 3887 294 3952 mino,
339 3888 539 3942 situlos
563 3891 628 3944 de
655 3903 888 3946 armento
923 3895 1075 3960 duos,
1106 3897 1318 3951 arietem
1351 3915 1535 3965 unum,
1561 3917 1725 3971 agnos

129 3975 514 4032 immaculatos
537 3990 750 4050 septem,
780 3987 1004 4054 atquein
1028 3988 1304 4056 sacriﬁciis
1329 4007 1512 4046 eorum
1538 3993 1726 4048 simila:

132 4065 240 4121 oleo
267 4062 579 4138 conspersae
605 4080 710 4125 tres
735 4073 964 4130 decimas
1009 4093 1101 4147 per
1119 4078 1354 4149 singulos
1379 4081 1605 4147 vitulos;
1636 4101 1728 4154 per

132 4157 340 4223 arietes,
367 4157 556 4223 (luas;
596 4178 688 4231 per
715 4181 878 4234 agnos
912 4167 1167 4224 decimam
1198 4171 1436 4240 decimis,
1461 4176 1551 4246 qui
1570 4178 1728 4232 simul

134 4260 247 4303 sunt
307 4251 437 4320 agni
499 4262 716 4322 septem.
771 4255 992 4312 Hircum
1052 4277 1257 4332 quoque
1313 4266 1402 4334 qui
1464 4277 1730 4323 mactatur

137 4353 223 4404 pro
276 4342 622 4409 expiatione,
677 4356 868 4414 prieter
929 4349 1292 4405 holocaustum
1357 4359 1726 4426 sempiternum

140 4438 181 4481 et
202 4430 305 4486 liba
328 4433 451 4502 ejus
495 4453 515 4490 :
551 4434 896 4492 immaculata
923 4441 1152 4509 o/feretis
1175 4444 1349 4497 omnia
1372 4461 1490 4499 cum
1517 4447 1726 4502 libatio-

143 4521 280 4576 nibus
315 4524 448 4578 suis.
507 4523 641 4580 Post
666 4527 805 4582 hanc
836 4533 1080 4598 sequitur
1100 4542 1252 4588 sexta
1283 4534 1564 4602 festivitas,
1603 4554 1725 4609 quin

145 4610 330 4668 dicitur
357 4615 668 4681 Novarum,
704 4618 757 4672 id
777 4627 880 4686 est,
917 4622 1172 4690 primitite
1209 4625 1276 4679 de
1300 4629 1456 4683 novis
1480 4629 1722 4686 offerun-

145 4708 242 4760 tur.
267 4705 367 4762 Ubi
389 4709 542 4763 enim
568 4710 874 4766 semiustus
898 4711 1062 4767 fuerit
1083 4729 1212 4783 ager
1235 4717 1522 4785 diligenter
1546 4720 1727 4775 excul-

145 4801 242 4862 tus,
269 4808 432 4870 atque
472 4803 543 4858 ad
571 4803 948 4860 maturitatem
983 4809 1292 4876 pervenerit
1319 4824 1493 4879 seges,
1515 4818 1647 4866 tunc
1669 4812 1726 4866 in

142 4882 399 4948 fruentem
453 4892 802 4964 perfectione
849 4896 1114 4962 festivitas
1145 4898 1356 4956 Domini
1409 4902 1634 4973 geritur.
1668 4903 1726 4958 Si

143 4990 260 5050 ergo
278 4991 334 5038 et
356 4993 416 5041 tu
443 4986 532 5042 vis
553 4985 837 5040 Novarum
858 4987 1220 5045 diem’festnm
1265 5009 1425 5063 agere
1445 5009 1568 5049 cum
1592 4994 1724 5060 Deo,

129 5069 258 5126 vide
304 5078 585 5146 quomodo
634 5077 898 5143 semines,
929 5087 1024 5133 aut
1050 5081 1139 5135 ubi
1167 5086 1425 5152 semines,
1464 5095 1525 5141 ut
1553 5089 1731 5159 possis

152 5161 276 5241 tales
313 5179 528 5225 metere
557 5169 796 5234 fruetus,
821 5185 889 5225 ex
919 5172 1114 5241 quibus
1145 5173 1312 5229 lzetari
1339 5175 1508 5234 facias
1531 5179 1726 5247 Deum,

151 5260 204 5306 et.
226 5270 384 5327 agere
411 5261 562 5316 diem
616 5260 840 5316 festum.
871 5260 1028 5327 Quod
1049 5263 1208 5317 aliter
1243 5265 1469 5334 implere
1500 5283 1606 5322 non
1631 5283 1728 5338 po-

154 5345 295 5414 teris,
321 5351 428 5406 nisi
481 5353 682 5408 audias
731 5352 1048 5422 Apostolum
1091 5354 1361 5410 dicentem
1393 5373 1405 5408 :
1438 5355 1543 5420 Qui
1580 5359 1736 5412 semi-

155 5445 235 5492 ισι
255 5439 308 5494 in
325 5443 544 5511 spiritu,
565 5443 636 5496 de
655 5443 842 5512 spiritu
866 5454 1017 5498 metet
1043 5445 1200 5498 vitam
1224 5455 1474 5499 (sternam
1499 5445 1583 5517 (II
1605 5445 1730 5502 Cor.

153 5526 248 5596 ιι).
273 5529 327 5588 Si
355 5535 438 5590 sic
462 5535 710 5590 semines
733 5543 787 5588 et
806 5535 888 5590 sic
903 5544 1096 5602 metas,
1119 5536 1351 5606 denique
1370 5537 1512 5592 diem
1533 5537 1731 5592 festum

156 5631 270 5678 vere
290 5628 406 5697 agis
435 5628 740 5683 Novorum.
783 5626 1073 5696 Propterea
1101 5637 1156 5682 et
1180 5629 1443 5699 propheta
1475 5630 1729 5685 admonet

157 5709 329 5774 diceris
356 5738 370 5773 :
396 5719 661 5776 Innovate
711 5720 765 5773 in
790 5720 928 5774 vobis
959 5721 1188 5787 novalia,
1214 5734 1259 5777 et
1290 5723 1446 5778 nolite
1473 5725 1731 5779 seminare

157 5819 299 5882 “per
335 5812 516 5885 spinas
564 5809 790 5870 (Jersm.
821 5811 918 5886 tv).
957 5813 1061 5880 Qui
1086 5829 1216 5884 ergo
1244 5831 1335 5872 cor
1374 5832 1530 5872 suum
1563 5825 1616 5871 et
1643 5817 1726 5871 in-

1836 1987 2002 2040 agnos
2023 1969 2297 2023 anniculos
2323 1969 2686 2023 inmaculatos
2716 1981 2926 2039 septem.
2960 1969 3026 2022 Et
3053 1971 3108 2022 in
3130 1970 3409 2039 sacriﬁciis

1833 2078 2016 2117 eorum
2034 2062 2222 2116 simila:
2259 2061 2370 2115 oleo
2395 2078 2686 2132 conspersa:
2714 2073 2816 2116 tres
2851 2063 3079 2116 decimas
3109 2079 3200 2132 per
3223 2064 3408 2133 singu-

1833 2155 1913 2209 los
1939 2155 2145 2209 situlos.
2169 2154 2315 2208 Duas
2334 2155 2564 2209 decimas
2583 2173 2675 2226 per
2701 2158 2942 2220 arietem,
2967 2173 3125 2210 unam
3152 2157 3410 2211 decimam

1829 2263 1925 2316 per
1949 2261 2140 2316 agnum
2172 2247 2302 2316 :qui
2328 2245 2484 2299 simul
2520 2256 2640 2300 sunt
2671 2248 2791 2316 agni
2829 2257 3042 2316 septem.
3094 2247 3161 2300 Et
3205 2247 3409 2322 hircum

1829 2355 1925 2410 pro
1974 2349 2182 2410 peccato
2225 2340 2315 2410 qui
2360 2340 2580 2409 offertur
2603 2342 2658 2392 in
2707 2342 3001 2410 expiatione
3041 2340 3238 2410 populi,
3273 2351 3410 2409 piat.

1829 2441 1908 2485 ter
1948 2432 2310 2485 holocaustum
2365 2429 2728 2485 Kalendarum
2769 2450 2888 2485 cum
2937 2431 3214 2500 sacriﬁciis
3260 2433 3404 2499 suis,

1829 2532 1878 2577 et
1905 2522 2268 2576 holocaustum
2299 2521 2664 2591 sempiternum
2695 2539 2812 2574 cum
2859 2521 3192 2576 libationibus
3213 2519 3403 2585 solitis,

1827 2614 2013 2667 iisdem
2048 2614 2371 2668 ceremoniis
2398 2614 2625 2681 offeratis
2668 2615 2721 2667 in
2762 2614 2975 2668 odorem
3014 2615 3403 2677 suavissimum,

1827 2706 2096 2759 incensum
2140 2704 2386 2757 Domino.
2440 2703 2589 2758 Tunc
2617 2704 2811 2757 deinde
2857 2703 3102 2772 sequitur
3143 2702 3407 2757 festivitas

1829 2793 2212 2864 Septimarum.
2249 2794 2400 2849 Sicut
2428 2795 2572 2848 enim
2605 2795 2750 2848 inter.
2774 2795 2890 2850 dies
2935 2804 3165 2864 scptem,
3207 2794 3408 2864 quique

1828 2889 1945 2944 dies
1986 2890 2305 2943 observatur
2355 2888 2659 2952 sabbatum,
2686 2898 2740 2941 et
2784 2898 2868 2943 est
2913 2888 3200 2953 festivitas,
3253 2887 3328 2941 ita
3351 2894 3408 2940 et

1829 2981 1970 3036 inter
2017 2995 2252 3046 menses,
2296 2983 2556 3052 septimus
2587 2982 2788 3050 quique
2836 2981 3059 3046 mensis,
3115 2981 3404 3036 sabbatum

1826 3072 2112 3127 mensium.
2148 3072 2342 3143 Agitur
2388 3087 2514 3142 ergo
2557 3073 2612 3126 in
2665 3087 2730 3128 eo
2766 3073 3033 3128 festivitas
3063 3088 3183 3144 qua:
3211 3072 3408 3128 dicitur

1827 3160 2063 3218 Sabbata
2119 3161 2514 3228 Sabbatorum;
2572 3174 2626 3217 et
2665 3162 2724 3217 fit
2761 3165 2815 3218 in
2851 3163 2939 3218 die
2983 3163 3160 3232 prima
3200 3162 3406 3218 mensis

1826 3257 2088 3311 memoria
2120 3255 2394 3322 tubarum,
2445 3255 2549 3310 nisi
2593 3256 2684 3336 (ιειί
2733 3264 2910 3328 potest
2941 3255 3246 3326 Scripturas
3279 3269 3406 3324 pro-

1823 3350 2069 3422 pheticas
2093 3359 2148 3406 et
2171 3350 2504 3421 evangelicae
2533 3360 2588 3404 et
2618 3350 2963 3422 apostolicae,
2986 3365 3105 3419 quae
3123 3349 3271 3404 velut
3287 3363 3402 3404 cu}-

1825 3443 1944 3499 lesti
1974 3445 2208 3514 quadam
2234 3452 2526 3513 personant
2557 3443 2703 3509 tuba,
2735 3445 2995 3499 mandare
3023 3444 3319 3508 memoriae,
3347 3451 3404 3497 et

1825 3533 1880 3586 in
1906 3534 2222 3587 thesaurum
2264 3535 2445 3589 cordis
2486 3535 2570 3589 sui
2618 3536 2934 3588 recondere.
2987 3533 3090 3599 Qui
3133 3547 3260 3601 ergo
3282 3532 3401 3585 haec

1826 3621 1976 3688 facit,
2005 3633 2059 3676 et
2085 3623 2140 3677 in
2166 3623 2283 3693 lege
2316 3625 2530 3680 Domini
2553 3626 2842 3680 meditatur
2869 3625 2958 3679 die
2979 3640 3042 3679 ac
3083 3632 3262 3688 nocte,
3300 3623 3404 3676 iste

1827 3711 2177 3767 festivitatem
2225 3715 2362 3782 gerit
2418 3714 2709 3770 memoriae.
2749 3715 2856 3770 Sed
2911 3725 2966 3770 et
3005 3717 3050 3771 si
3078 3717 3200 3785 quis
3225 3723 3406 3784 potest

1826 3803 2031 3875 gratias
2065 3803 2184 3858 illas
2221 3803 2455 3874 Spiritus
2486 3807 2657 3860 sancti
2711 3808 3030 3877 promereri,
3081 3807 3279 3877 quibus
3322 3807 3404 3862 im

1827 3896 2018 3966 spirati
2059 3906 2182 3952 sunt
2205 3899 2501 3968 prophetae,
2529 3908 2585 3953 et
2614 3900 2850 3971 psallens
2871 3901 3052 3956 dicere
3087 3920 3099 3955 :
3139 3901 3322 3954 Canite
3353 3901 3405 3954 in

1829 3987 1986 4042 initio
2012 3991 2214 4045 mensis
2251 3991 2392 4054 tuba,
2443 3992 2496 4044 in
2526 3991 2610 4046 die
2651 3994 2843 4063 insigni
2894 3993 3238 4047 solemnitatis
3291 3994 3406 4064 ejus

1830 4080 2002 4153 (Psal.
2032 4082 2220 4153 LXXX),
2247 4092 2302 4137 et
2323 4085 2414 4152 qui
2437 4085 2539 4138 scit
2558 4085 2612 4138 in
2643 4085 2867 4155 psalmis
2887 4083 3122 4155 jubilare
3142 4086 3213 4153 ei,
3246 4085 3408 4157 digne

1828 4172 1940 4228 Deo
1977 4173 2085 4243 agit
2119 4174 2512 4228 solemnitatem
2543 4175 2832 4230 Tubarum.

1901 4264 2114 4318 Decima
2141 4281 2342 4336 quoque
2371 4266 2480 4320 dies
2506 4269 2696 4322 mensis
2715 4271 2874 4339 hujus
2904 4271 3110 4341 septimi
3142 4272 3238 4325 erit
3265 4271 3406 4326 vobis

1829 4365 2009 4409 sancta
2039 4365 2193 4426 atque
2214 4358 2521 4412 uenerabilis
2556 4374 2573 4411 :
2601 4370 2646 4413 et
2674 4362 2920 4431 afﬁigetis
2957 4364 3162 4414 animus
3183 4372 3402 4416 uestras.

1831 4443 1996 4498 Omne
2023 4461 2152 4515 Opus
2177 4447 2362 4501 servile
2403 4464 2507 4501 non
2549 4450 2750 4518 facietis
2773 4451 2826 4502 in
2847 4468 2926 4512 ea,
2957 4450 3286 4517 o/I‘erctisquc
3315 4449 3409 4501 ho-

1831 4533 2127 4589 locaustum
2153 4537 2374 4590 Domino
2407 4540 2463 4590 in
2505 4539 2717 4592 adorent
2743 4539 3132 4604 suavissimum,
3183 4537 3408 4593 vitulum

1833 4625 1898 4678 de
1921 4636 2157 4680 armento
2201 4643 2398 4692 unum,
2450 4629 2663 4682 arietem
2701 4645 2886 4694 unum,
2925 4645 3087 4699 agnos
3135 4630 3408 4686 anniculos

1833 4730 2041 4791 septem.
2074 4720 2142 4773 Et
2185 4721 2238 4774 in
2287 4723 2560 4791 sacriﬁciis
2588 4739 2766 4777 eorum
2803 4724 2990 4779 simin
3020 4726 3132 4781 oleo
3162 4745 3410 4800 consper-

1833 4826 1905 4864 sa:
1963 4819 2063 4864 tres
2115 4811 2344 4865 decimas
2392 4829 2485 4882 per
2537 4814 2724 4868 vitulos
2763 4816 2996 4886 singulos
3021 4835 3041 4884 ;
3090 4819 3223 4874 duas
3273 4821 3413 4875 deri-

1832 4914 1948 4952 mas
2004 4915 2098 4968 per
2142 4901 2374 4966 arietem,
2409 4901 2664 4957 decimam
2699 4903 2914 4961 decimm
2941 4925 3033 4978 per
3089 4927 3250 4982 agnos
3310 4911 3414 4964 sin-

1836 4989 1984 5061 gulos
2013 4992 2147 5062 :qui
2181 5001 2299 5046 sunt
2357 4992 2515 5046 simul
2562 5003 2750 5064 septem
2798 4999 2938 5068 agni.
2971 4999 3041 5052 Et
3070 5001 3273 5054 hircum
3317 5017 3412 5069 pro

1837 5093 2046 5151 peccato
2068 5083 2258 5154 absque
2279 5084 2358 5136 his
2378 5101 2498 5153 quae
2523 5086 2703 5154 o/ferri
2719 5105 2812 5158 pro
2833 5090 3018 5145 delicto
3039 5091 3226 5156 solent,
3248 5092 3302 5143 in
3325 5107 3415 5144 erc-

1837 5173 2116 5241 piationem
2156 5185 2204 5227 et
2243 5175 2602 5230 holocaustum
2628 5182 3018 5251 sempiternum,
3049 5185 3103 5235 in
3135 5181 3413 5248 sacriﬁciis

1837 5271 1886 5315 et
1935 5261 2267 5317 libaminibus
2307 5282 2506 5320 eorum.
2551 5267 2648 5322 Est
2677 5270 2853 5326 adhuc
2883 5279 2937 5325 et
2989 5270 3092 5322 alia
3123 5269 3414 5333 festivitas,

1841 5368 1965 5408 cum
2015 5354 2256 5426 afﬂigunt
2300 5357 2510 5415 animas
2567 5375 2712 5428 suas,
2754 5373 2808 5417 et
2857 5360 3141 5415 humiliant
3188 5375 3248 5414 se
3282 5362 3413 5428 Deo,

1840 5443 1979 5500 festa
2017 5446 2372 5505 celebrantes.
2399 5448 2444 5506 Ο
2471 5453 2606 5508 mira
2637 5453 2901 5508 festivitas
2930 5453 2943 5504 !
2975 5452 3100 5507 Dies
3127 5451 3297 5506 festus
3325 5467 3418 5507 vo-

1839 5546 1996 5592 catur
2017 5537 2232 5594 alilictio
2251 5542 2463 5598 anima).
2497 5543 2596 5600 ilic
2619 5545 2762 5599 enim
2793 5544 2908 5597 dies
2928 5551 3031 5608 est,
3058 5543 3252 5612 inquit,
3286 5560 3416 5613 pro—

1838 5629 2154 5699 pitiationis,
2197 5633 2401 5688 decima
2434 5635 2521 5689 die
2566 5633 2765 5688 mensis
2808 5630 3044 5702 septin-i.
3094 5634 3256 5688 Vides
3283 5649 3412 5704 ergo

1839 5723 1885 5776 si
1908 5723 1989 5776 vis
2015 5723 2156 5777 diem
2186 5726 2380 5781 festum
2410 5743 2588 5798 agere,
2630 5726 2674 5779 si
2711 5727 2794 5780 vis
2827 5734 2885 5778 ut
2921 5725 3134 5780 laetetur
3162 5726 3302 5783 Datis
3331 5746 3422 5784 su-

1837 5830 1937 5886 per
1977 5825 2046 5883 te,
2077 5818 2248 5888 alllige
2284 5821 2520 5875 animam
2547 5828 2768 5874 tuamet
2794 5819 3011 5879 humilia
3040 5837 3179 5875 eam.
3222 5820 3338 5876 Non
3367 5819 3423 5899 ei
