3890 6340
179 367 268 424 789

865 363 1401 428 ΒΝΛΒΒΑΠΟΝΕΞ
1437 364 1502 426 ΙΝ
1543 366 1717 426 ωΒΒιῖ

1836 365 2298 436 NUMERORUM.
2336 396 2406 413 -
2443 369 2567 434 LIB.
2609 343 2734 432 ιν(

3303 373 3406 430 790

164 477 288 550 flenti
311 490 456 536 enim
482 474 788 538 auditorum
822 477 1115 549 unicuique
1141 477 1367 547 discere,
1400 477 1483 546 his
1508 492 1628 547 quae
1661 475 1717 532 ac

1832 466 1900 533 ob
1927 480 2352 550 purificationem
2404 484 2599 556 populo
2647 485 3062 554 impetrandam,
3091 485 3404 560 acclpi'pm

175 567 382 640 salutem
413 566 704 638 pertinent,
737 565 804 620 de
845 566 1126 636 sacriﬁciis
1151 567 1421 636 arietum,
1461 573 1514 626 et
1561 568 1733 626 hirco-

175 674 298 728 rum,
323 657 722 726 vitulorumque
744 673 862 730 quae
893 660 1206 728 recitantur,
1230 657 1364 720 nihil
1399 659 1503 715 sibi
1528 661 1731 718 utilita—

163 749 231 816 ,tis
253 745 498 804 conferre
545 745 848 821 hujusmodi
893 747 1099 808 litteras
1127 751 1351 820 indicat,
1379 761 1634 823 quantum
1664 751 1732 809 ad

163 840 333 912 ipsum
383 845 590 908 spectat
641 837 899 892 auditum.
945 837 1001 892 Si
1048 855 1176 894 vero
1223 841 1342 910 quis
1393 840 1726 908 inveniatur,

167 930 247 1004 qui
274 929 444 1001 possit
477 929 720 986 velamen
750 930 892 1000 quod
918 941 1002 986 est.
1018 933 1253 1002 positum
1286 932 1342 986 in
1367 931 1594 992 lectione
1625 934 1728 989 Ve-

171 1023 282 1084 teris
314 1023 646 1088 Testamenti
695 1040 992 1090 removere,
1025 1035 1187 1096 atque
1228 1025 1284 1094 in
1311 1025 1395 1081 die
1432 1026 1728 1094 requirere,

169 1132 271 1188 qua:
293 1115 407 1170 sint
436 1130 560 1172 vera
592 1115 852 1178 sacrificia
881 1131 999 1186 quae
1049 1116 1336 1185 puriticent
1379 1115 1637 1186 populum
1673 1115 1729 1172 in

168 1207 341 1274 diebus
361 1205 542 1272 festis,
594 1217 719 1270 tunc
746 1209 947 1264 videbit
985 1224 1143 1279 quam
1176 1209 1311 1266 mira
1358 1217 1414 1264 et
1443 1209 1728 1281 magniﬁca

165 1307 298 1364 sunt,
325 1315 444 1370 qum
483 1316 578 1370 per
604 1302 720 1358 haec
743 1303 1046 1358 indicantur
1071 1320 1083 1355 :
1114 1319 1232 1372 qua:
1278 1302 1544 1374 superﬂua
1576 1305 1730 1373 igno-

166 1391 397 1446 rantibus
421 1401 580 1460 atque
621 1394 991 1462 superstitiosa
1033 1394 1302 1452 dicuntur.
1333 1387 1439 1447 Sed
1468 1394 1581 1448 haec
1614 1393 1732 1461 qui-

127 1539 137 1551 ,
165 1480 274 1538 dem
297 1482 516 1554 Paulus,
545 1485 644 1539 etsi
678 1486 769 1554 qui
803 1486 854 1539 ei
883 1485 1085 1544 similes
1133 1494 1256 1540 sunt
1287 1483 1494 1552 plenius
1528 1483 1594 1538 ab
1620 1484 1731 1552 ipsa

161 1573 414 1640 sapientia
437 1582 492 1627 ct
526 1577 689 1630 verbo
738 1575 874 1641 Dei,
905 1574 1303 1644 perfectiusque
1358 1574 1728 1644 cognoverint.

160 1659 260 1722 Nos
309 1675 490 1728 autem
526 1675 788 1735 quantum
835 1682 900 1720 ex
954 1667 1193 1735 ipsorum
1241 1664 1435 1726 litteris
1481 1664 1730 1736 colligere

152 1769 451 1824 possumus,
484 1757 538 1815 in
561 1758 756 1825 quibus
792 1757 944 1812 nobis
967 1758 1110 1811 velut
1141 1771 1237 1826 per
1257 1757 1502 1812 umbram
1523 1765 1575 1811 et
1603 1759 1729 1811 ima-

1834 575 1957 628 test.
1987 573 2095 628 Aut
2131 587 2236 629 non
2262 574 2494 642 videtur,
2530 583 2590 629 ut
2616 577 2761 631 aries
2787 583 2882 640 aut
2911 576 3118 644 hircus,
3149 578 3403 635 holocaus

1831 667 1970 720 stum
1994 681 2052 722 se
2072 665 2328 723 obtulisse
2353 667 2578 724 Paulum
2602 683 2699 738 pro
2737 669 2933 739 populo
2955 665 3140 736 lsrael,
3172 685 3296 726 cum
3328 671 3408 729 di—

1832 754 2020 812 cebat;
2057 755 2315 826 Optabam
2361 767 2536 813 autem
2586 775 2678 829 ego
2736 761 2843 828 ipse
2883 761 3162 816 anathema
3215 778 3327 817 esse
3375 779 3409 817 α

1831 841 2034 899 Christo
2061 862 2154 916 pro
2177 846 2429 918 fratribus
2454 849 2604 913 meis,
2627 850 2717 919 qui
2740 859 2861 904 sunt
2883 853 3094 922 cognati
3121 853 3408 908 secundum

1831 951 2037 989 carnem
2066 934 2236 1007 (Rom.
2270 937 2366 1007 ιχ).
2397 937 2490 993 Vis
2533 947 2711 993 autem
2743 939 2903 1006 scire,
2927 941 3052 1009 quia
3080 957 3138 997 se
3169 943 3407 998 hostiam

1830 1026 1991 1082 etiam
2025 1026 2219 1082 Paulus
2249 1025 2440 1082 offerat
2488 1026 2879 1099 jugulaudam?
2921 1031 3059 1086 Audi
3107 1037 3231 1088 eum
3270 1041 3326 1088 et
3350 1034 3406 1088 in

1829 1117 1948 1172 aliis
1973 1116 2240 1177 dicentem
2268 1137 2279 1170 :
2319 1118 2440 1171 Jan:
2473 1119 2608 1172 enim
2658 1136 2748 1188 ego
2799 1121 3038 1175 immolor
3065 1164 3078 1186 ,
3131 1134 3176 1177 ct
3206 1131 3405 1194 tempus

1830 1208 2178 1274 resolutionis,
2215 1209 2295 1263 vel
2327 1219 2386 1264 ut
2416 1211 2470 1264 in
2509 1209 2712 1266 Grmcis
2739 1210 3015 1268 codicibus
3047 1212 3292 1286 legimus,
3320 1219 3404 1268 re;

1830 1300 2075 1354 versionis
2110 1300 2266 1354 instat
2303 1299 2386 1373 (11
2439 1299 2573 1354 Tim.
2625 1300 2722 1369 tv).
2753 1300 2807 1355 Si
2837 1318 2964 1374 ergo
2995 1302 3287 1369 figuraliter
3316 1321 3408 1374 p0—

1833 1393 1937 1441 test
1957 1388 2144 1451 videri,
2172 1390 2313 1458 quod
2345 1390 2481 1444 alius
2511 1406 2608 1459 pro
2633 1389 2921 1446 festivitate
2950 1391 3239 1456 Novarum,
3272 1395 3408 1448 alius

1834 1491 1928 1546 pro
1955 1475 2245 1532 festivitate
2271 1479 2504 1543 sabbati,
2535 1479 2671 1533 alius
2699 1495 2796 1548 pro
2823 1479 3115 1538 festivitate
3138 1481 3409 1537 Taberna-

1834 1566 2096 1630 culorum,
2122 1569 2276 1638 quasi
2300 1568 2484 1623 hircus
2505 1569 2824 1630 autvitulus,
2857 1578 2947 1622 aut
2967 1570 3109 1625 aries
3135 1569 3410 1635 oii‘eratur,

1833 1655 1897 1708 ad
1944 1658 2397 1714 rcconciliandum
2448 1660 2756 1714 hominibus
2798 1661 2986 1714 Deum.
3039 1657 3220 1716 Donec
3266 1661 3411 1716 enim

1830 1755 1954 1800 sunt
1981 1760 2219 1818 peccata,
2249 1765 2469 1804 necesse
2498 1759 2582 1816 est
2621 1751 2820 1819 requiri
2854 1759 2909 1806 et
2931 1751 3138 1806 hostias
3169 1767 3268 1821 pro
3290 1765 3413 1821 peo-

150 1842 324 1914 ginem
372 1845 571 1899 indicia
621 1845 864 1914 quaedam
909 1846 1170 1900 dederunt
1198 1847 1265 1902 ad
1320 1846 1717 1902 aedificationem

1834 1840 1988 1894 catis.
2018 1839 2151 1896 Nam
2192 1857 2352 1912 pone,
2386 1844 2534 1897 verbi
2563 1844 2754 1914 gratia,
2780 1858 2886 1897 non
2914 1842 3080 1898 fuisse
3105 1853 3410 1912 peccatum.

150 1947 511 2000 communem,
529 1937 798 1993 discutere
813 1938 1122 1992 summatim
1135 1939 1199 1992 de
1215 1938 1602 1993 sacriﬁciorum
1623 1939 1727 1994 ritu

144 2024 322 2095 aliqua
370 2027 718 2083 tentabimus.
750 2027 806 2081 iu
836 2028 1054 2083 Pascha:
1081 2026 1375 2084 festivitate
1403 2045 1570 2100 agnus
1600 2029 1727 2084 scri—

144 2115 293 2169 bitur
321 2131 443 2172 esse
468 2119 558 2186 qui
589 2117 837 2188 purificat
860 2118 1138 2189 pupulum,
1168 2119 1222 2173 in
1267 2119 1386 2174 aliis
1413 2118 1630 2184 vitulus,
1671 2119 1726 2172 in

140 2207 261 2264 aliis
289 2209 472 2263 hircus
499 2218 592 2264 aut
638 2210 796 2274 aries,
834 2210 916 2264 vel
958 2226 1144 2278 capra,
1178 2209 1260 2264 vel
1284 2210 1472 2276 vitula,
1497 2210 1634 2264 sicut
1659 2225 1725 2264 ex

139 2296 223 2351 his
254 2314 375 2370 qua:
406 2299 632 2353 recitata
659 2310 823 2363 sunt,
865 2300 1145 2356 didicistis.
1183 2301 1333 2356 Unus
1355 2318 1483 2372 ergo
1525 2318 1591 2356 ex
1640 2302 1726 2357 his

139 2385 482 2451 animalibus,
510 2403 628 2455 qua:
660 2387 724 2440 ad
755 2388 1146 2458 purificandum
1202 2391 1458 2460 populum
1503 2407 1724 2446 sumun-

143 2482 243 2538 tur,
281 2483 365 2528 est
393 2492 561 2547 agnus
595 2495 606 2530 :
638 2478 727 2554 qui
751 2493 940 2547 agnus,
965 2479 1079 2549 ipse
1108 2494 1225 2534 esse
1249 2479 1445 2534 dicitur
1468 2481 1723 2536 Dominus

139 2575 190 2620 et
216 2567 464 2622 Salvator
489 2579 692 2625 noster.
725 2569 814 2626 Sic
843 2571 985 2624 enim
1021 2571 1540 2630 intellexitJoannes
1567 2614 1580 2639 ,
1632 2575 1724 2644 qui

138 2665 214 2711 est
237 2656 409 2726 major
434 2660 676 2714 omnium
705 2663 1112 2732 prophetarum,
1155 2672 1208 2717 et
1255 2663 1485 2737 signavit
1511 2664 1577 2719 de
1605 2665 1721 2734 ipso

134 2745 352 2806 dicens:
384 2749 528 2805 Ecce
557 2752 734 2822 Agnus
775 2749 871 2806 Dei
898 2794 911 2818 ,
967 2771 1081 2808 ecce
1126 2756 1214 2824 qui
1267 2755 1401 2808 tollit
1451 2766 1721 2828 peccatum

131 2841 304 2894 mundi
327 2841 525 2913 (Joan.
552 2844 614 2914 1).
651 2843 800 2911 Quod
837 2846 881 2900 si
918 2862 1086 2918 agnus
1115 2848 1206 2917 qui
1233 2849 1299 2902 ad
1329 2849 1721 2918 puriticandum

126 2932 376 3001 populum
396 2933 565 2989 datus
594 2943 696 2999 est,
729 2935 797 2989 ad
831 2952 1117 3018 personam
1147 2938 1357 2994 Domini
1391 2946 1446 2992 et
1475 2938 1724 2994 Salvato-

132 3023 200 3078 ris
227 3025 400 3090 nostri
445 3023 703 3093 refertur,
753 3043 1090 3098 consequens
1127 3029 1338 3084 videtur
1367 3030 1508 3100 quod
1556 3031 1720 3086 etiam

130 3122 312 3170 Cretera
341 3115 627 3181 animalia,
659 3132 777 3186 quae
813 3117 898 3172 his
933 3117 1138 3174 eisdem
1167 3119 1564 3189 puriﬁcationis
1615 3121 1718 3175 ali-

1831 1927 1890 1984 Si
1916 1944 2022 1984 non
2051 1930 2237 1984 fuisset
2271 1939 2573 1999 peccatum,
2606 1947 2712 1988 non
2741 1947 2963 1987 necesse
2998 1931 3188 1987 fuisset
3213 1931 3412 1986 Filium

1830 2019 1922 2071 Dei
1949 2034 2142 2088 agnum
2182 2019 2319 2086 ﬁeri,
2349 2036 2447 2074 nec
2471 2037 2610 2091 opus
2641 2021 2816 2076 fuerat
2845 2038 2969 2076 eum
2997 2022 3049 2075 in
3080 2037 3245 2077 carne
3267 2021 3414 2092 posis

1831 2119 1940 2163 tum
1965 2109 2229 2180 jugulari;
2264 2113 2359 2166 sed
2410 2114 2702 2167 mansisset
2742 2114 2844 2168 hoc
2883 2114 3026 2183 quod
3059 2113 3111 2166 in
3146 2112 3409 2183 principio

1827 2211 1943 2256 erat
1969 2203 2107 2257 Deus
2138 2205 2393 2259 Verbum.
2432 2207 2629 2261 Verum
2655 2207 2911 2276 quoniam
2939 2208 3180 2262 introivit
3222 2221 3416 2277 pecca-

1827 2303 1939 2345 tum
1992 2293 2044 2345 in
2101 2294 2244 2348 hunc
2285 2296 2580 2362 mundum,
2622 2299 2828 2366 peccati
2883 2307 3066 2355 autem
3114 2299 3413 2354 necessitas

1823 2381 2256 2453 propitiationem
2302 2385 2563 2453 requirit,
2613 2394 2668 2440 et
2715 2388 3029 2458 prepitiatio
3059 2403 3166 2443 non
3196 2387 3257 2442 fit
3304 2387 3412 2442 nisi

1825 2487 1922 2541 per
1949 2473 2201 2538 hostiam,
2253 2477 2620 2530 necessarium
2651 2475 2750 2531 fuit
2776 2478 3049 2547 provideri
3076 2477 3284 2533 hostias
3311 2492 3412 2546 pro

1823 2575 2066 2635 peccato.
2101 2567 2166 2620 Et
2204 2569 2458 2637 quoniam
2483 2570 2693 2640 peccati
2726 2569 2894 2640 ipsius
2920 2571 3146 2627 diversa:
3171 2579 3223 2627 et
3244 2570 3414 2626 varia

1824 2656 2109 2727 qualitates
2139 2657 2378 2724 fuerunt,
2407 2661 2743 2717 diversorum
2789 2662 3100 2716 animalium
3147 2661 3412 2716 mandan—

1824 2756 1913 2802 tur
1940 2749 2146 2814 hostiaz,
2179 2751 2368 2821 procul
2395 2751 2556 2807 dubio
2585 2769 2706 2822 qua:
2746 2754 3095 2808 convenirent
3135 2753 3420 2808 varietati.

1822 2837 1924 2893 bus
1945 2852 2307 2907 peccatorum.
2343 2841 2432 2897 Sic
2456 2858 2584 2914 ergo
2611 2845 2841 2900 efiicitur
2863 2845 3081 2914 quidem
3112 2845 3249 2898 alius
3279 2859 3414 2899 san--

1823 2938 2034 2983 ctorum
2063 2939 2226 3002 atque
2254 2932 2590 3001 angelorum,
2621 2942 2680 2988 ut
2705 2934 2962 3001 diximus,
2987 2936 3100 2991 sive
3129 2936 3408 2990 hominum

1822 3019 2019 3074 vitulus
2045 3021 2136 3089 qui
2167 3021 2222 3076 in
2266 3023 2353 3076 illa
2381 3021 2671 3078 festivitate
2723 3025 3049 3081 interveniat
3097 3040 3198 3095 pro
3231 3025 3410 3096 populi

1825 3111 2035 3168 delictis
2077 3132 2088 3166 :
2123 3114 2258 3170 alius
2284 3123 2465 3170 autem
2494 3117 2636 3172 aries
2663 3116 2716 3170 in
2747 3115 2838 3170 illa
2890 3115 3218 3183 festivitate,
3270 3131 3406 3186 quo-

129 3204 245 3272 quid
282 3206 526 3263 humano
553 3182 734 3280 generi
779 3211 1080 3267 conferant.
1115 3182 1248 3268 Vide
1284 3229 1413 3284 ergo
1467 3230 1535 3270 ne
1579 3213 1721 3274 forte
1750 3182 1796 3247 (ἶ
1828 3220 1946 3260 Tum
1979 3207 2368 3266 intercessione
2393 3209 2487 3264 fiat
2510 3209 2814 3280 purificatio
2838 3224 2938 3280 pro
2966 3210 3220 3281 peccatis.
3253 3211 3416 3276 Quod”

127 3289 255 3346 sicut
283 3293 556 3356 Dominus
607 3306 660 3352 et
697 3297 944 3355 Salvator
995 3308 1178 3356 noster
1226 3303 1380 3372 quasi
1435 3318 1604 3374 agnus
1651 3303 1718 3362 ad

126 3384 449 3441 occisionem
476 3386 691 3454 ductus,
711 3390 781 3454 "et
824 3391 877 3445 in
906 3391 1234 3460 sacrificium
1266 3393 1454 3449 altaris
1479 3394 1712 3462 oblatus,

124 3485 470 3542 peccatorum
503 3480 878 3538 remissionem
912 3484 1165 3540 universo
1189 3486 1442 3557 praestitit
1490 3487 1712 3553 mundo,

123 3561 189 3618 ita
226 3566 486 3626 fortassis
514 3580 568 3646 et
621 3582 939 3628 caeterorum
983 3585 1295 3630 sanctorum
1342 3593 1404 3632 ac
1446 3576 1716 3648 justorum

121 3657 326 3726 sanguis
350 3659 448 3730 qui
475 3660 674 3734 e/fusus
697 3673 770 3716 est
806 3681 836 3716 a
868 3664 1121 3736 sanguine
1156 3665 1283 3719 Abel
1324 3666 1494 3736 justi,
1554 3685 1717 3739 usque

117 3745 180 3799 ad
201 3752 524 3821 sanguinem
550 3750 826 3811 Zacltaritc
846 3757 1111 3828 propheta:
1133 3799 1147 3823 ,
1195 3758 1284 3829 qui
1312 3758 1612 3830 interfectus
1640 3767 1716 3819 est

113 3835 238 3891 inter
267 3840 444 3894 wdem
489 3851 537 3896 et
570 3842 735 3898 altare
765 3845 978 3917 (Matth.
1010 3848 1190 3917 xxnl),
1223 3849 1447 3906 alterius
1495 3850 1714 3920 quidem

108 3930 328 4000 sanguis
360 3930 510 3984 sicut
541 3931 739 4000 vitulae,
768 3931 989 3990 alterius
1036 3937 1174 3992 sicut
1199 3940 1334 3994 hirci
1373 3946 1464 3996 ant
1501 3948 1712 4012 caprae,

105 4027 186 4070 aut
219 4016 464 4092 alicujus
495 4017 696 4076 horum
718 4022 869 4079 fusus
896 4033 977 4080 est
1007 4026 1072 4080 ad
1098 4029 1422 4100 expiandum
1444 4045 1540 4100 pro
1561 4035 1714 4106 parte

111 4109 280 4180 aliqua
309 4111 605 4182 populum.
643 4112 768 4169 Sive
796 4130 923 4194 ergo
957 4118 1071 4172 haec
1099 4119 1169 4173 ad
1182 4118 1455 4194 justorum
1483 4122 1714 4194 prophe-

115 4209 402 4278 tarumque
424 4221 713 4280 personas,
739 4205 830 4282 qui
859 4191 916 4267 in
949 4210 1052 4266 hoc
1077 4191 1276 4266 mundo
1301 4191 1528 4286 jugulati
1565 4191 1710 4283 sunt,

114 4296 187 4348 vel
217 4313 411 4351 eorum
444 4296 541 4368 qui
569 4297 771 4364 dicunt,
804 4295 1028 4372 Propter
1053 4309 1102 4358 te
1137 4313 1300 4358 morte
1325 4305 1578 4376 aﬁicimur
1601 4316 1712 4363 tota

116 4382 208 4451 die,
236 4388 496 4442 (estimati
526 4405 708 4444 sumus
733 4389 866 4454 sicut
891 4408 1005 4446 oves
1027 4393 1302 4449 occisionis
1326 4393 1496 4474 (Psal.
1527 4395 1706 4470 XLIII),

117 4478 390 4535 referenda
425 4482 735 4547 videantur,
762 4482 876 4546 sive
896 4485 1057 4550 etiam
1093 4485 1159 4541 ad
1188 4485 1494 4559 superiores
1529 4491 1705 4546 virtu-

117 4573 204 4633 tes,
233 4574 434 4644 quibus
465 4575 784 4646 procuratio
811 4577 1028 4632 humani
1053 4580 1266 4649 generis
1291 4581 1413 4636 data
1448 4592 1551 4650 est,
1582 4584 1704 4654 quis

115 4658 258 4719 facile
282 4666 490 4719 audeat
535 4663 845 4720 afﬁrmare?
885 4665 1069 4740 Neque
1100 4671 1243 4725 enim
1283 4673 1398 4728 haec
1447 4675 1703 4732 animalia

113 4763 198 4818 per
223 4756 487 4826 Speciem,
523 4755 623 4810 sed
649 4770 745 4826 per
789 4755 1013 4826 ﬁguram
1054 4755 1246 4818 referri
1276 4762 1342 4816 ad
1380 4761 1530 4818 illam
1553 4806 1568 4827 ,
1616 4765 1703 4820 vel

112 4838 242 4899 illam
283 4862 587 4917 personam
621 4847 858 4916 putanda
899 4856 1044 4904 sunt.
1088 4843 1222 4904 Nam
1285 4851 1399 4922 ipse
1442 4851 1703 4911 Dominus

111 4925 251 4989 Iesus
281 4935 579 4997 Christus,
619 4951 725 4991 non
753 4936 872 4991 ideo
909 4951 1079 5009 agnus
1117 4940 1316 4996 dicitur
1341 4983 1355 5010 ,
1407 4945 1561 5013 quasi
1609 4946 1702 5016 qui

112 5033 334 5083 mutatus
376 5028 451 5083 sit
482 5034 541 5084 et
578 5041 877 5082 conversus
924 5027 981 5082 in
1030 5031 1263 5099 speciem
1311 5035 1453 5106 agni.
1495 5037 1706 5092 Dicitur

111 5118 273 5173 tamen
300 5136 500 5193 agnus,
532 5119 669 5190 quia
688 5117 933 5174 voluntas
955 5119 1070 5189 ejus
1091 5130 1144 5176 et
1163 5123 1378 5180 bonitas
1404 5141 1510 5201 qua
1532 5129 1704 5186 Deum

110 5213 471 5282 repropitiavit
499 5210 844 5276 hominibus,
861 5220 914 5266 et
941 5221 1289 5283 peccatorum
1315 5216 1704 5292 indulgentiam

109 5297 261 5370 dedit,
294 5303 421 5359 talis
453 5301 682 5359 exstitit
707 5302 946 5358 humano
989 5305 1197 5375 generi,
1232 5308 1387 5375 quasi
1440 5311 1564 5378 agni
1598 5313 1700 5370 ho-

107 5388 199 5445 stia
230 5392 588 5451 immaculata
623 5401 679 5445 et
710 5389 991 5458 innocens,
1015 5408 1122 5463 qua
1145 5393 1347 5465 placari
1393 5399 1702 5461 hominibus

107 5477 270 5537 divina
299 5487 637 5542 creduntur.
686 5480 775 5538 Sic
823 5498 950 5556 ergo
995 5483 1242 5544 fortassis
1279 5495 1333 5544 et
1373 5489 1419 5546 si
1445 5492 1567 5563 quis
1617 5503 1702 5553 est

105 5577 402 5646 angelorum
430 5575 857 5646 coelestiumque
877 5577 1161 5646 virtutum,
1190 5589 1284 5638 aut
1320 5583 1366 5639 si
1385 5585 1479 5657 qui
1524 5584 1698 5658 justo-

106 5675 214 5722 rum
249 5669 540 5728 hominum
586 5669 682 5728 hic
716 5685 816 5742 pro
856 5673 1301 5744 repropitiatione
1336 5678 1517 5737 divina
1549 5685 1696 5742 velut

1823 3299 1868 3356 si
1907 3299 2181 3370 puriflcari
2208 3303 2485 3372 potuerint
2523 3317 2553 3357 a
2585 3301 2826 3372 peccatis
2851 3301 3095 3358 homines
3121 3340 3135 3368 ,
3189 3308 3244 3356 et
3286 3311 3410 3356 esse

1820 3391 2088 3459 puriorcs,
2122 3391 2436 3448 minuuntur
2463 3400 2519 3447 et
2542 3392 2748 3450 hostiae.
2784 3391 2842 3447 Si
2871 3393 3018 3449 enim
3043 3407 3146 3464 pro
3173 3392 3420 3462 peccatis

1821 3491 1948 3536 sunt
1991 3485 2202 3552 hostiae,
2232 3493 2286 3540 et
2318 3501 2416 3555 pro
2443 3485 2788 3541 multitudine
2832 3494 3176 3555 peccatorum
3222 3483 3416 3538 multi-

1819 3573 2031 3654 plicata:
2053 3584 2198 3640 sunt,
2223 3576 2341 3631 sine
2367 3577 2529 3631 dubio
2546 3583 2602 3630 et
2627 3589 2728 3646 pro
2754 3575 3048 3645 exiguitate
3073 3575 3418 3630 minuunturn

1821 3660 1994 3727 Hujus
2021 3671 2200 3717 autem
2225 3663 2302 3716 rei
2343 3664 2396 3718 in
2440 3663 2798 3734 praesentibus
2824 3663 2957 3718 locis
3000 3662 3294 3730 Scriptura:
3317 3662 3422 3716 ha»~

1819 3754 2010 3809 bemus
2032 3754 2249 3819 indicia,
2269 3754 2322 3808 id
2349 3761 2434 3810 est
2459 3754 2517 3808 in
2530 3754 2717 3810 ultima
2739 3753 3032 3809 festivitate
3043 3751 3422 3822 Scenopegims

1820 3857 1944 3900 eum
1969 3859 2065 3916 per
2095 3851 2219 3918 octo
2242 3844 2357 3900 dies
2381 3844 2573 3901 hostia:
2611 3845 2873 3916 iubentur
2900 3841 3104 3902 offerri.
3138 3841 3209 3898 Et
3231 3829 3426 3917 prima;

1818 3938 2037 4008 quidem
2059 3937 2146 3995 die
2173 3937 2326 4009 quasi
2352 3937 2528 3992 adhuc
2571 3937 2626 3993 in
2678 3937 3011 3994 abundantia
3035 3943 3425 4008 peccatorum:

1818 4027 2233 4097 quatuordecim
2252 4028 2407 4084 vituli
2442 4028 2699 4100 jubentur
2724 4027 2928 4084 oti‘erri.
2945 4026 3194 4084 Secunda
3225 4031 3420 4084 autem»

1819 4117 1907 4174 die
1959 4118 2259 4175 imminutis
2292 4127 2351 4173 ut
2400 4127 2529 4190 pote
2562 4118 2822 4190 peccatis,
2854 4119 3172 4178 minuuntur
3206 4123 3264 4173 et
3308 4116 3422 4174 how.

1815 4211 1952 4288 stize,
1983 4219 2038 4268 et
2067 4209 2476 4280 quatuor-decim
2505 4211 2658 4266 vituli
2715 4209 3053 4277 otieruntur,
3109 4207 3269 4266 tertia
3312 4207 3426 4270 die:

1815 4299 2122 4371 duodecim,
2149 4311 2204 4359 et
2222 4312 2346 4376 post
2381 4305 2498 4362 haec
2525 4304 2792 4360 undecim.
2824 4303 2890 4360 Et
2918 4303 3006 4358 ita.
3027 4302 3176 4372 quasi
3211 4299 3423 4371 spuriii—r

1814 4394 2115 4451 cationibus
2146 4393 2428 4462 deﬁciente
2467 4410 2567 4467 per
2610 4396 2724 4451 dies
2756 4393 3099 4450 multitudine
3153 4399 3426 4462 peccatur».

1811 4499 1957 4554 rum,
1985 4488 2303 4545 minuuntur
2331 4498 2725 4558 consequentes
2747 4487 2910 4542 etiam
2946 4481 3157 4542 numeri
3198 4481 3427 4544 hostia-vs.

1805 4581 1953 4635 "rum.
1988 4580 2078 4635 Sic
2099 4594 2228 4651 ergo
2255 4580 2419 4642 etiam
2446 4595 2545 4650 pro
2570 4578 2970 4650 dispensatione
2995 4576 3160 4631 totius
3189 4575 3430 4640 mundi,t

1814 4672 2080 4728 rationem
2127 4672 2524 4744 puriﬁcationis
2551 4672 2808 4744 intellige.
2835 4669 3046 4746 indiget
3073 4669 3217 4726 enim
3247 4669 3426 4739 puris..-

1814 4760 1993 4818 ficatio
2014 4777 2122 4818 non
2145 4763 2318 4818 solum
2343 4777 2463 4834 quae
2487 4764 2541 4818 iu
2581 4772 2723 4818 terra
2762 4769 2924 4826 sunt,
2968 4760 3062 4817 sed
3088 4768 3146 4818 et
3170 4775 3288 4832 quas
3337 4760 3424 4816 in;

1813 4855 1986 4910 caelis.
2015 4853 2265 4911 lnnninet
2293 4870 2526 4926 namque
2547 4861 2602 4914 et
2622 4853 2778 4910 caelis
2821 4851 3072 4925 perditio.
3105 4851 3196 4910 Sic
3242 4851 3430 4909 enimly

1813 4943 1945 5002 dicit
1970 4944 2239 5016 Propheta
2270 4964 2282 4998 :
2315 4943 2442 5001 Caeli
2465 4945 2725 5016 peribant,
2755 4953 2802 5006 et
2829 4960 3003 5000 omnes
3030 4951 3087 4999 ut
3114 4942 3432 5016 aestimem-.5

1808 5045 1920 5090 tum
1949 5046 2296 5105 veterascent;
2325 5046 2372 5092 et
2394 5037 2531 5092 sicut
2560 5037 2806 5092 amictum
2845 5033 3070 5091 involves
3093 5049 3181 5092 eos
3205 5041 3254 5088 et
3274 5045 3430 5087 mit-.2.

1806 5127 2060 5182 tabuntur
2085 5126 2266 5201 (Psat.
2295 5127 2398 5200 c1).
2429 5127 2645 5191 intuere
2668 5128 2833 5201 igitur
2852 5127 3058 5192 mundi,
3077 5125 3132 5180 id
3158 5133 3261 5191 est,
3275 5137 3426 5179 cce-4

1806 5216 2020 5275 lestium
2047 5260 2064 5284 ,
2108 5236 2174 5275 ac
2201 5220 2557 5286 terrestrium,
2585 5227 2640 5275 et
2683 5218 3016 5276 infernarum
3063 5213 3390 5285 puriﬁcatio—
3419 5247 3429 5260 ς

1806 5325 1952 5367 nem.
1976 5310 2111 5367 Vide
2132 5312 2347 5381 quantis
2371 5311 2610 5382 indigent
2636 5311 2740 5367 ista
2764 5310 2946 5367 omnia
2978 5305 3190 5373 hostiis,
3215 5319 3389 5375 quan-
3409 5335 3420 5352 .-

1806 5408 1892 5456 tos
1928 5399 2209 5469 requirant
2239 5399 2458 5467 vitulos,
2497 5409 2726 5476 quantos
2768 5399 2988 5464 arietes,
3017 5401 3247 5466 quantos
3271 5393 3414 5448 hir—.

1802 5505 1914 5547 cos.
1940 5489 2046 5545 Sed
2073 5491 2128 5544 in
2149 5490 2234 5546 his
2255 5492 2505 5548 omnibus
2535 5507 2674 5548 unus
2721 5497 2804 5546 est
2850 5501 3040 5558 agnus,
3077 5485 3172 5556 qui
3215 5485 3386 5542 totius

1799 5585 1986 5642 mundi
2014 5586 2189 5655 potuit
2215 5584 2428 5641 auferre
2455 5591 2756 5656 peccatum.
2785 5581 2854 5636 Et
2880 5581 3001 5637 ideo
3031 5583 3402 5636 cessaverunt.

1797 5690 2006 5737 caetera
2033 5679 2248 5747 hostiae,
2290 5679 2417 5750 quia
2443 5678 2566 5734 talis
2603 5676 2704 5731 fuit
2750 5675 2866 5732 haec
2907 5672 3119 5738 hostia,
3179 5681 3240 5728 ut
3272 5685 3379 5729 una

106 5759 255 5833 aries,
274 5775 371 5824 aut
397 5765 638 5836 vitulus,
657 5772 750 5820 aut
773 5764 976 5832 hircus,
993 5766 1205 5826 oblatus
1227 5783 1348 5827 esse
1362 5775 1690 5838 sacriﬁcium
1795 5777 1909 5836 sola
1931 5774 2200 5834 subiceret
2224 5790 2324 5850 pro
2354 5773 2520 5835 totius
2548 5770 2734 5862 mundi
2783 5768 2974 5840 salute.
3011 5766 3207 5833 caeteri
3229 5765 3381 5827 enim
3399 5795 3425 5810 --
