3890 6340
506 385 602 445 τοι
664 410 689 429 ε.
834 412 867 437 τι
928 414 935 421 ο
1132 383 1533 444 ,8.ΒΔΒΔΝΙ
1568 342 1790 448 unum
1825 328 2147 453 tacuisti.

2184 342 2493 442 MOCUNT.
2531 334 2821 437 OPERUM
2860 338 3043 433 Pius
3078 376 3121 431 ι.
3670 354 3759 446 79',

498 494 757 569 precibus
800 500 1037 567 peccata,
1068 495 1160 551 hic
1204 495 1353 552 solus
1389 506 1656 567 potestate
1681 501 1904 558 dimisit.
1935 502 2091 559 Dice-
2115 506 2170 567 Α
2190 497 2348 562 merit,
2373 504 2430 551 ut
2446 512 2540 566 per
2554 494 2820 568 jejunium
2860 491 2937 548 vel
2966 468 3275 548 cwterarum
3308 474 3482 550 rerum
3518 500 3758 560 abstines-

498 584 596 641 but
614 585 760 640 enim
787 602 800 639 :
832 582 965 650 Fili,
988 585 1209 640 remissa
1230 594 1355 641 sunt
1383 587 1476 642 tibi
1498 598 1712 659 peccata
1739 589 1956 662 (Matth.
1980 588 2084 663 ιι).

501 672 596 733 Sic
618 688 753 747 ergo
778 676 1040 732 imbuitur
1061 677 1501 747 mundus,primo
1514 694 1613 751 per
1624 680 1868 737 diversas
1882 681 2088 737 hostias

497 768 872 823 remissionem
902 768 1216 838 perquirere
1235 778 1604 839 peccatorum,
1617 771 1790 828 donec
1816 773 1999 829 veniat
2018 772 2089 827 ad

496 861 731 917 hostiam
793 858 1095 929 perfectam
1122 898 1137 925 ,
1197 859 1261 915 ad
1323 860 1558 916 hostiam
1623 871 2083 928 consummatam,

496 967 698 1023 agnum
725 950 1038 1005 anniculum
1063 988 1077 1013 ,
1133 948 1455 1019 perfectum,
1487 950 1580 1020 qui
1612 951 1753 1005 tollit
1802 960 2087 1022 peccatum

492 1040 684 1096 mundi
714 1040 903 1104 totius,
924 1055 1025 1109 per
1046 1052 1206 1108 quem
1228 1037 1554 1097 festivitates
1600 1048 1729 1111 agat
1773 1042 2045 1113 spiritales
2067 1083 2083 1110 ,

492 1146 604 1190 non
625 1134 694 1189 ad
718 1133 1023 1188 satietatem
1063 1131 1265 1198 carnis,
1292 1132 1384 1187 sed
1427 1133 1676 1201 profectu
1722 1135 1968 1205 spiritus,
1999 1152 2085 1193 sa-

492 1223 717 1280 criﬁciis
774 1220 1109 1292 spiritalibus
1164 1220 1541 1291 puriﬁcatione
1605 1224 1806 1281 mentis
1865 1225 2082 1285 oblatis.

493 1315 661 1370 Decet
685 1313 830 1368 enim
847 1311 1248 1368 De0°immolari
1270 1312 1546 1369 victimam
1569 1315 1748 1371 cordis
1771 1324 1828 1370 et
1849 1316 2081 1373 hostiam

478 1402 839 1460 'oontrihulati
855 1402 1100 1473 spiritus,
1116 1417 1223 1459 non
1246 1404 1428 1461 carnis
1446 1414 1503 1462 et
1518 1406 1796 1478 sanguinis
1816 1406 2076 1481 jugulari.

490 1495 629 1562 Quia
652 1503 715 1551 et
732 1494 788 1551 si
817 1496 1138 1565 agnovimus
1163 1496 1445 1557 Christum
1470 1498 1760 1569 aliquando
1788 1501 2085 1561 secundum

494 1600 741 1649 carnem,
758 1584 853 1643 sed
867 1601 1015 1643 nunc
1027 1584 1142 1654 jam
1169 1602 1277 1647 non
1302 1588 1571 1647 novimus.
1587 1589 1659 1646 Et
1680 1590 1803 1648 ideo
1828 1591 1881 1647 in
1894 1592 2087 1661 spiritu

489 1680 633 1735 diem
662 1677 865 1736 festum
886 1694 1132 1749 agamus,
1156 1688 1211 1737 et
1259 1682 1525 1751 spiritalia
1577 1683 1716 1739 festa
1751 1682 2080 1755 jugulemus.

486 1773 614 1831 llaec
641 1789 741 1845 pro
768 1774 975 1831 viribus
1000 1775 1175 1840 nobis,
1210 1790 1310 1845 pro
1347 1776 1667 1833 diversitate
1690 1777 2084 1835 sacriﬁciorum
2116 1802 2121 1811 ι

2188 593 2318 647 tiam
2342 590 2534 661 afﬂigat
2556 590 2791 645 animum
2812 603 2986 651 suam,
3017 586 3074 640 in
3097 585 3316 640 arbritio
3346 588 3445 643 viri
3466 590 3587 657 erit,
3612 603 3665 647 ut
3687 594 3755 665 fa-

2188 683 2292 739 οία
2315 681 2420 738 ,ευρ
2446 697 2553 736 non
2602 679 2784 751 faciat.
2819 677 2972 743 Quod
2993 678 3039 733 si
3070 677 3291 733 audiens
3320 695 3402 732 mr
3436 684 3687 751 tacuerit,
3715 697 3754 742 et

2186 771 2245 826 iu
2268 771 2493 827 alteram
2511 771 2649 826 diem
2669 768 2930 825 distulerit
2975 772 3309 837 sententiam,
3335 771 3596 843 quidquid
3631 793 3753 832 rore-

2188 870 2272 915 rat
2300 870 2453 931 atque
2481 860 2807 930 promiserat,
2840 859 3017 914 reddet
3042 876 3059 913 :
3089 860 3214 930 quia
3244 862 3423 915 statim
3466 874 3525 915 ut
3560 864 3747 933 audirit,

2187 952 2375 1011 tacuit.
2418 949 2517 1008 Sin
2560 959 2735 1005 autem
2784 950 3159 1005 contradixerit
3211 961 3497 1023 postquam
3543 956 3747 1023 rescivit,

2184 1042 2413 1115 portabit
2436 1042 2545 1113 ipse
2562 1041 2887 1111 iniquitatem
2914 1041 3051 1110 ejus.
3093 1039 3448 1098 Manifestum
3481 1051 3565 1100 est
3595 1046 3656 1099 ita
3676 1062 3748 1102 vo-

2185 1131 2350 1189 luisse
2399 1132 2570 1204 legem
2616 1131 2873 1187 feminam
2904 1146 3024 1188 esse
3051 1134 3151 1188 sub
3197 1133 3338 1201 viro,
3366 1142 3433 1190 ut
3485 1134 3622 1191 nulla
3649 1146 3743 1194 tota

2186 1223 2301 1295 ejus
2324 1238 2444 1294 qua:
2491 1224 2831 1279 abstinentia:
2884 1238 3046 1279 causa
3075 1226 3314 1295 voverit,
3372 1226 3659 1285 reddantur
3694 1232 3746 1285 ab

2186 1328 2270 1380 ea,
2299 1313 2403 1369 nisi
2432 1321 2621 1369 auctor
2646 1310 2807 1367 fuerit
2843 1312 2927 1367 vir
2955 1314 3338 1385 permittendo.
3378 1313 3521 1370 Nam
3549 1331 3658 1371 cum
3693 1319 3743 1373 ad

2184 1412 2467 1477 peccatum
2492 1403 2731 1474 ejusdem
2764 1403 2870 1460 viri
2898 1406 3171 1477 pertinere
3205 1404 3479 1472 voluerit,
3534 1407 3576 1463 si
3625 1409 3742 1478 prius

2185 1496 2514 1567 permiserit,
2548 1502 2603 1550 et
2629 1504 2819 1567 postea
2866 1495 3228 1567 prohibuerit,
3252 1497 3424 1552 etiam
3470 1498 3557 1554 hic
3595 1507 3739 1553 tamen

2186 1602 2296 1643 non
2326 1588 2460 1644 dixit
2483 1595 2543 1643 ut
2566 1585 2730 1643 faciat
2752 1586 2948 1643 mulier
2986 1588 3130 1658 quod
3164 1596 3396 1644 voverat
3422 1629 3439 1656 ,
3490 1592 3609 1660 quia
3647 1606 3740 1661 per-

2187 1678 2354 1735 missa
2382 1680 2534 1750 prius
2563 1694 2594 1732 a
2623 1678 2741 1734 viro
2765 1676 2963 1734 fuerat.
2995 1676 3113 1733 Viri
3140 1678 3274 1733 dixit
3303 1693 3434 1734 esse
3483 1690 3734 1749 peccatum,

2189 1774 2316 1844 quia
2344 1774 2532 1829 abnuit
2553 1774 2695 1843 quod
2716 1772 2866 1843 prius
2892 1778 3239 1828 concesserat
3266 1791 3279 1826 :
3316 1788 3432 1828 non
3459 1781 3626 1832 tamen
3649 1790 3737 1832 mtt-

488 1865 734 1922 discusss
778 1866 929 1921 sint:
974 1880 1208 1937 quorum
1253 1866 1321 1922 ad
1366 1867 1631 1939 liquidum
1674 1868 2084 1941 intelligentiam
2113 1875 2161 1935 B
2189 1866 2309 1922 lieri
2334 1865 2418 1921 vel
2445 1880 2512 1921 ex
2547 1865 2652 1921 hoc
2691 1866 3017 1935 permissum
3047 1864 3224 1931 dedit,
3278 1874 3341 1921 ut
3394 1882 3518 1921 cum
3550 1869 3735 1938 priuset

486 1958 595 2012 scit
611 1956 721 2022 ille,
742 1957 832 2012 cui
860 1955 1005 2012 nuda
1026 1965 1080 2012 et
1106 1956 1343 2013 revelata
1362 1967 1490 2015 sunt
1517 1958 1723 2025 omnia,
1739 1973 1840 2017 nec
1860 1968 1946 2017 cst
1969 1959 2078 2019 ulla

462 2058 747 2105 'creatura
776 2050 833 2104 in
858 2056 1153 2121 conspectu
1170 2047 1287 2118 ejus
1316 2049 1623 2109 invisibilis.

1109 2160 1340 2217 CAPUT
1376 2161 1439 2215 ll.

919 2233 999 2289 De
1030 2241 1148 2287 uoto
1182 2232 1283 2287 viri
1312 2231 1637 2302 complenda.

558 2323 709 2395 (CAP.
734 2323 890 2395 ns.)
926 2323 1283 2393 Narravith
1317 2320 1529 2392 Moyses
1547 2321 1678 2391 ﬁliis
1706 2320 1879 2377 Israel
1903 2323 2080 2381 omnia

486 2432 603 2488 qua:
625 2417 673 2469 ei
694 2416 951 2469 Dominus
978 2416 1354 2485 imperaverat;
1384 2424 1431 2471 et
1458 2414 1661 2468 locutus
1686 2423 1762 2469 est
1792 2415 1862 2469 ad
1885 2416 2073 2486 princi-

483 2526 573 2581 pes
628 2510 860 2564 tribuum
925 2510 1159 2577 ﬁliorum
1190 2508 1407 2571 Israel:
1436 2511 1537 2566 iste
1588 2520 1664 2566 est
1712 2527 1881 2567 sermo
1925 2528 2080 2582 quem

480 2602 727 2672 prarcepit
752 2600 1031 2655 Dominus.
1078 2599 1141 2656 Si
1178 2602 1297 2671 quis
1345 2600 1573 2665 virorum
1624 2611 1800 2657 votum
1850 2601 2079 2657 Domino

480 2691 697 2756 Ioverit,
719 2699 811 2745 aut
832 2708 888 2745 se
906 2691 1277 2747 constrinxerit
1296 2692 1625 2762 juramento,
1643 2710 1749 2747 non
1774 2692 1932 2763 faciet
1957 2692 2081 2747 irri-

466 2790 598 2839 ~tum
618 2781 836 2836 uerbum
861 2780 1089 2846 Ηυξ.δῶ
1105 2798 1253 2837 omne
1279 2783 1416 2853 quod
1434 2782 1673 2852 promisit
1685 2781 1936 2853 implebit.
1953 2782 2081 2836 Mu-

474 2871 579 2925 lier
598 2871 938 2943 siquidpiam
952 2873 1162 2939 noverit,
1180 2882 1229 2929 et
1249 2890 1306 2928 se
1327 2874 1697 2933 comit-inserit
1734 2873 2068 2953 juramento,

472 2963 958 3032 mnest‘indomo
978 2965 1143 3034 patris
1165 2964 1272 3031 sui,
1294 2973 1344 3023 et
1367 2966 1425 3021 in
1452 2974 1605 3025 atate
1629 2964 1803 3023 adhuc
1832 2963 2077 3036 puellari,

480 3052 535 3106 si
559 3054 856 3123 cognoverit
881 3062 1029 3123 pater
1067 3063 1249 3111 votum
1269 3054 1410 3126 quod
1448 3054 1684 3125 pollicita
1712 3064 1809 3121 est,
1838 3064 1886 3108 et
1920 3055 2081 3125 jura-

481 3155 715 3200 mentum
743 3161 846 3216 quo
873 3145 1121 3216 obligavit
1149 3148 1386 3205 animum
1414 3164 1589 3215 suam,
1618 3158 1665 3203 et
1698 3148 1942 3213 tacuerit,
1975 3138 2107 3205 voti‘

481 3239 720 3292 notarit.
747 3236 1019 3307 Quidquid
1046 3237 1281 3306 pollicita
1301 3248 1376 3295 est
1396 3248 1443 3294 et
1469 3239 1701 3311 jurauit,
1728 3241 1887 3296 etiam
1922 3256 2075 3311 opere
2104 3265 2150 3328 ο

482 3329 776 3401 complebit.
830 3328 930 3387 Sin
965 3338 1140 3387 autem
1194 3332 1371 3386 statim
1422 3341 1481 3386 ut
1533 3332 1763 3399 audierit
1816 3331 2077 3389 contradi-

479 3421 619 3489 aerit
646 3429 814 3491 pater,
838 3428 889 3477 et
917 3428 1119 3479 uoluet
1138 3420 1446 3490 juramenta
1488 3422 1601 3491 ejus
1630 3422 1784 3477 irrita
1818 3429 1959 3487 sunt,
1985 3438 2077 3477 nec

468 3512 709 3567 [obnoxia
735 3511 993 3575 testabitur
1015 3512 1307 3582 sponsioni,
1350 3520 1458 3568 etc.
1491 3511 1770 3571 Feminam
1801 3512 1902 3569 sub
1922 3522 2078 3583 patre

477 3602 1007 3672 antequamnubat,
1037 3610 1092 3659 et
1154 3603 1256 3661 sub
1310 3602 1431 3659 viro
1486 3611 1729 3676 nuptam,
1762 3603 1938 3677 noluit
1989 3604 2076 3660 lex

480 3696 557 3751 ita
582 3710 783 3753 vovere
829 3695 1032 3766 aliquid
1060 3694 1176 3752 Deo
1198 3693 1468 3753 adversus
1492 3696 1740 3759 animam
1772 3712 1928 3755 suam
1946 3737 1966 3765 ,
2020 3697 2077 3753 id

480 3795 587 3853 est,
616 3786 673 3841 in
706 3785 1017 3857 aliquarum
1068 3801 1253 3844 rerum
1284 3786 1562 3847 licitarum
1592 3797 1757 3859 atque
1786 3803 2075 3847 concessa-

478 3892 602 3933 rum
629 3878 983 3945 abstinentia,
1003 3886 1065 3934 ut
1101 3879 1157 3937 in
1183 3880 1387 3953 eisdem
1422 3881 1566 3941 votis
1609 3897 1719 3939 non
1737 3882 1955 3941 feminae.
1980 3898 2075 3939 va-

478 3967 590 4024 leat
619 3969 934 4036 auctoritas,
966 3970 1062 4027 sed
1104 3969 1297 4027 virilis.
1324 3970 1408 4027 lta
1445 3980 1506 4028 ut
1532 3973 1582 4031 si
1633 3973 1809 4031 adhuc
1830 3974 2073 4045 innupta:

478 4068 829 4117 concesserat
850 4070 1007 4129 pater
1035 4069 1158 4121 vota
1182 4061 1511 4132 persolvere,
1552 4065 1597 4121 si
1627 4072 1917 4138 antequam
1943 4082 2070 4138 per-

480 4149 706 4206 solverit
726 4152 991 4219 nupserit,
1020 4160 1077 4206 et
1104 4153 1221 4208 viro
1252 4152 1369 4223 ejus
1397 4156 1502 4213 hoc
1529 4158 1806 4226 cognitum
1825 4158 2073 4230 nonpla-

480 4238 678 4304 cuerit,
733 4253 842 4294 non
890 4240 1181 4310 persolvat,
1213 4251 1270 4299 et
1314 4245 1383 4300 sit
1426 4248 1645 4302 omnino
1679 4249 1795 4305 sine
1822 4258 2066 4319 peccato,

478 4331 610 4402 quin
637 4330 911 4387 mandauit
937 4331 1216 4399 Dominus,
1238 4334 1381 4390 sicut
1409 4336 1559 4401 dicit,
1588 4336 1641 4389 id
1679 4347 1783 4404 est,
1812 4342 2067 4401 mundam

474 4421 755 4495 judicavit.
810 4423 996 4495 Neque
1033 4424 1137 4481 hoc
1164 4434 1352 4481 contra
1401 4426 1571 4481 Deum
1611 4428 1727 4483 fieri
1769 4432 2068 4499 putandum

478 4522 585 4578 ost,
615 4529 737 4569 cum
782 4514 897 4585 ipse
934 4516 1079 4571 Deus
1108 4515 1213 4572 hoc
1259 4517 1608 4586 praeceperit,
1657 4518 1761 4576 hoc
1813 4520 2063 4577 voluerit.

492 4603 661 4658 Vidua
688 4615 865 4660 autem
894 4617 941 4661 et
970 4607 1245 4677 repudiata
1262 4609 1517 4681 quidquid
1546 4613 1800 4677 voverier,
1825 4613 2061 4669 reddent.
2089 4624 2143 4685 D

454 4724 457 4735 ι
482 4694 739 4761 Sequitur
769 4702 950 4751 autem
974 4696 1043 4753 de
1068 4698 1245 4754 viduis
1272 4698 1359 4756 vel
1391 4716 1423 4755 a
1446 4700 1562 4756 viro
1591 4700 1837 4771 abjectis,
1864 4702 1922 4763 id
1942 4712 2027 4761 est
2047 4745 2064 4772 ,

480 4800 589 4842 non
617 4785 719 4839 sub
745 4794 1012 4855 potestate
1038 4790 1143 4846 viri
1173 4792 1505 4859 constitutis,
1530 4802 1625 4851 aut
1662 4796 1853 4867 patris,
1888 4805 1943 4853 et
1975 4812 2066 4854 ea-

480 4891 602 4930 rum
632 4884 756 4931 vota
777 4880 844 4937 ad
866 4881 1279 4948 persolveudum
1303 4884 1470 4941 libera
1496 4901 1617 4945 esse
1641 4890 1774 4945 dicit
1809 4892 1914 4949 hoc
1945 4870 2064 4947 mo-

483 4967 551 5019 do
582 4985 595 5019 :
628 4966 698 5020 Et
733 4976 928 5033 uotum,
957 4970 1152 5038 inquit,
1186 4975 1357 5031 uidua:
1396 4986 1443 5031 et
1482 4978 1744 5047 expulsor,
1771 4982 2066 5056 quicunque

480 5058 669 5111 noverit
697 5056 950 5115 adversus
974 5061 1206 5118 animam
1237 5081 1414 5135 suam,
1452 5069 1733 5124 manebunt
1758 5071 1828 5129 ei.

1093 5171 1321 5231 CAPUT
1356 5177 1443 5233 Ill.

1020 5243 1099 5297 De
1137 5254 1251 5299 voto
1290 5246 1519 5317 femine.

551 5334 729 5409 (Imm)
770 5335 918 5393 Uxor
934 5339 997 5393 in
1026 5340 1182 5395 domo
1203 5342 1303 5397 viri
1338 5362 1455 5400 cum
1480 5364 1534 5404 se
1557 5358 1675 5406 voto
1699 5350 2065 5407 constrinxerit

478 5434 531 5480 et
563 5427 892 5497 juramento,
918 5430 966 5484 si
1010 5431 1236 5486 audierit
1262 5434 1346 5486 vir
1375 5445 1425 5492 et
1455 5442 1693 5506 tacuerit,
1723 5451 1773 5497 et
1802 5459 1910 5498 non
1933 5459 2062 5497 con—

481 5519 754 5574 tradixerit
807 5524 1097 5591 sponsioni,
1135 5524 1319 5580 reddat
1346 5528 1690 5600 quodcunque
1729 5534 2060 5603 promiserat.

484 5606 578 5661 Sin
598 5622 768 5665 autent
799 5616 1174 5672 eontradixertt
1206 5617 1484 5687 extemplo,
1521 5635 1623 5674 non
1662 5623 1919 5677 tenebitur
1943 5640 2063 5693 pro-

479 5698 743 5756 missionis
772 5720 881 5769 rea,
901 5709 1028 5776 quia
1059 5712 1281 5765 maritus
1300 5710 1699 5776 contradixerit,
1731 5723 1778 5765 et
1800 5714 2059 5769 Dominus

480 5786 531 5840 ei
556 5792 809 5863 pmpitius
828 5799 945 5853 erit.
976 5798 1038 5853 Si
1069 5802 1278 5869 vovet-it,
1309 5811 1354 5856 et
1393 5801 1696 5872 juramento
1724 5821 1777 5858 se
1803 5805 2056 5859 constrin-

2184 1959 2269 2015 vir
2288 1960 2637 2026 concesserit,
2659 1966 2851 2030 postea
2879 1958 2923 2014 si
2971 1958 3335 2030 prohibuerit,
3367 1962 3729 2018 condemnetur.

2184 2049 2378 2109 Utrum
2402 2058 2581 2105 autem
2604 2049 2705 2105 ista
2722 2050 2885 2104 etiam
2904 2048 2970 2103 ad
2994 2058 3179 2104 votum
3202 2051 3551 2107 continentiae
3574 2061 3621 2109 et
3637 2069 3731 2109 con-

2182 2138 2397 2196 cubitus
2441 2139 2827 2196 abstinentiam
2861 2140 3150 2210 pertineat,
3184 2143 3384 2198 merito
3414 2146 3729 2214 qumriturme

2181 2230 2323 2287 forte
2362 2246 2426 2287 ea
2458 2238 2667 2286 tantum
2698 2228 3047 2302 intelligenda
3094 2232 3203 2287 sint
3250 2232 3505 2289 adversus
3531 2236 3731 2288 animam

2180 2322 2387 2391 voveri,
2418 2338 2539 2395 qua:
2590 2330 2715 2377 sunt
2744 2322 2798 2377 in
2832 2321 2967 2377 cibis
2995 2333 3050 2378 et
3104 2323 3344 2393 potibus.
3387 2324 3523 2392 Quod
3549 2324 3732 2379 videtur

2181 2421 2238 2467 et
2267 2412 2396 2469 illud
2424 2410 2753 2483 significare,
2780 2410 2870 2466 ubi
2924 2413 3183 2469 Dominus
3215 2414 3294 2469 ait
3321 2432 3333 2470 :
3369 2413 3545 2468 Nonne
3576 2414 3724 2467 anima

2178 2503 2298 2575 plus
2332 2513 2407 2559 est
2435 2520 2593 2575 quam
2637 2521 2755 2558 esca
2810 2501 3023 2575 (Matth.
3070 2502 3184 2577 vi)?
3213 2503 3283 2560 Et
3308 2521 3437 2561 cum
3465 2506 3523 2560 de
3564 2500 3728 2574 jejunio

2180 2596 2517 2667 prmcipitur,
2543 2597 2620 2651 ita
2655 2596 2967 2668 prmcipitur
2998 2615 3011 2650 ε
3044 2595 3295 2670 Afﬂigetis
3325 2599 3528 2651 animus
3570 2606 3726 2651 vestras

2184 2686 2371 2758 (Leuit.
2396 2686 2530 2758 ιη).
2562 2685 2756 2743 Nescio
2802 2696 2983 2741 autem
3011 2695 3195 2742 utrum
3224 2687 3427 2743 alicubi
3452 2687 3544 2758 legi
3588 2684 3728 2757 possit

2182 2781 2444 2837 adversus
2481 2782 2717 2836 animam
2776 2781 2880 2836 dici
2907 2790 3093 2837 votum
3143 2780 3290 2852 quod
3344 2782 3415 2836 tie
3452 2778 3728 2835 abstinentia

2183 2871 2503 2928 concubitus
2528 2868 2711 2938 fuerit,
2741 2858 2975 2926 maxime
2996 2872 3123 2940 quia
3152 2886 3277 2926 cum
3311 2871 3405 2928 hic
3426 2871 3506 2927 les
3525 2866 3706 2924 auctori

2184 2969 2351 3021 tatem
2373 2960 2490 3016 viro
2538 2960 2761 3025 tribuat,
2788 2975 2897 3014 non
2944 2958 3201 3027 mulieri,
3251 2974 3374 3030 qua:
3406 2960 3515 3015 viro
3550 2955 3726 3014 subdita

2182 3060 2302 3107 est:
2335 3059 2396 3107 ut
2424 3060 2551 3106 tunc
2576 3049 2933 3123 persolvenda
2969 3050 3078 3105 sint
3117 3058 3244 3105 vota
3277 3048 3515 3105 mulieris
3536 3091 3551 3114 ,
3578 3048 3618 3103 si
3658 3045 3727 3099 vir

2183 3142 2593 3214 approbaverit;
2625 3130 2713 3198 sin
2755 3151 2935 3198 autem
2993 3142 3257 3209 renucrit,
3298 3158 3409 3198 non
3457 3141 3726 3197 debeantur.

2180 3234 2473 3308 Apostolus
2520 3244 2702 3292 tamen
2756 3250 2879 3289 cum
2925 3234 2991 3289 de
3036 3234 3328 3290 concubitu
3372 3232 3731 3304 coniugatorum

2178 3328 2529 3400 loqueretur,
2591 3344 2699 3384 non
2777 3324 2850 3383 ibi
2912 3326 3175 3397 majorem
3228 3328 3594 3382 auctoritatem
3634 3320 3734 3378 viro

2177 3436 2340 3493 quam
2368 3419 2583 3477 femina:
2612 3419 2760 3476 dedit
2786 3438 2798 3473 :
2832 3419 2939 3474 Sed
2962 3420 3139 3485 uxori,
3171 3420 3382 3489 inquit,
3436 3421 3515 3472 vir
3537 3415 3733 3471 debitam

2178 3512 2382 3580 reddat,
2411 3512 2654 3567 similiter
2672 3521 2720 3565 et
2742 3528 2875 3566 uxor
2898 3510 3026 3565 viro.
3060 3507 3206 3564 Uxor
3236 3527 3338 3564 non
3363 3508 3514 3563 habet
3536 3514 3736 3579 potesta-

2178 3612 2279 3659 tem
2306 3602 2539 3675 corporis
2560 3605 2663 3669 sui,
2703 3603 2794 3657 sed
2816 3602 2939 3669 ‘vir;
2987 3600 3229 3655 similiter
3250 3610 3414 3655 autem
3469 3608 3521 3652 et
3548 3599 3628 3652 uir
3653 3612 3739 3649 nos

2176 3695 2327 3751 habet
2378 3705 2683 3767 potestatem
2723 3694 2957 3765 corporis
3004 3695 3128 3758 sui,
3178 3691 3270 3746 sed
3310 3688 3492 3743 mulier
3537 3686 3593 3761 (Ι
3622 3687 3741 3742 Cor.

2175 3788 2296 3860 vn).
2329 3788 2555 3857 Quando
2582 3803 2713 3859 ergo
2760 3786 2813 3842 in
2843 3787 2946 3843 hac
2977 3801 3035 3841 re
3073 3798 3251 3854 parem
3302 3780 3588 3849 utriusque
3636 3790 3741 3835 esse

2176 3878 2347 3937 voluit
2369 3887 2694 3950 potestatem
2722 3919 2739 3945 ,
2790 3888 2921 3948 puto
2984 3875 3126 3949 quod
3162 3872 3311 3929 nobis
3352 3868 3736 3943 intelligendum

2174 3970 2411 4031 insinuet
2431 3969 2591 4025 istam
2614 3968 2679 4025 de
2704 3967 3110 4024 concumbendo
3131 3966 3216 4022 vel
3232 3979 3335 4020 non
3358 3960 3734 4019 concumbendo

2173 4061 2417 4136 regulam
2452 4077 2561 4117 non
2599 4061 2875 4132 pertinere
2915 4058 2982 4115 ad
3011 4075 3074 4115 ea
3117 4067 3244 4113 vota
3281 4056 3372 4112 ubi
3418 4070 3515 4111 non
3558 4052 3736 4107 habent

2170 4172 2359 4229 parem
2392 4158 2476 4212 vir
2500 4165 2558 4215 et
2584 4155 2779 4212 mulier
2824 4162 3177 4229 potestatem,
3207 4153 3306 4210 sed
3337 4153 3422 4207 vir
3464 4149 3621 4219 major
3664 4154 3735 4203 est

2172 4265 2236 4305 ac
2262 4264 2431 4321 prope
2459 4250 2577 4321 ejus
2601 4250 2769 4306 solius
2793 4258 2895 4305 est.
2928 4247 3047 4304 Non
3072 4248 3223 4303 enim
3253 4245 3331 4301 ait
3358 4246 3444 4301 lex
3466 4246 3628 4299 virum
3649 4256 3734 4295 non

2171 4345 2368 4402 debere
2398 4345 2624 4400 reddere
2652 4353 2778 4400 vota
2804 4359 2899 4399 sua
2921 4384 2936 4409 ,
2974 4343 3019 4398 si
3072 4357 3213 4397 uxor
3241 4338 3607 4411 prohibuerit;
3654 4332 3727 4389 sed

2170 4451 2415 4503 uxorem,
2447 4436 2493 4490 si
2521 4437 2605 4492 vir
2628 4435 2987 4507 prohibuerit.
3020 4433 3173 4491 Unde
3230 4448 3344 4488 non
3404 4431 3535 4489 mihi
3558 4429 3733 4483 videtur

2168 4532 2225 4588 in
2256 4529 2566 4600 huiusmodi
2608 4531 2747 4587 votis
2770 4537 2826 4585 et
2852 4527 3262 4586 definitionibus
3293 4536 3469 4598 atque
3501 4520 3734 4593 obligatio.

2168 4622 2347 4686 nibus,
2378 4636 2498 4691 quae
2524 4621 2784 4677 adversus
2834 4619 3073 4674 animam
3124 4615 3292 4684 ﬁant,
3352 4618 3521 4673 etiam
3558 4614 3643 4668 ista
3667 4609 3734 4663 de

2166 4712 2298 4768 bere
2323 4710 2494 4781 accipi
2523 4725 2643 4779 quae
2668 4710 2808 4764 inter
2830 4723 2889 4764 se
2914 4708 2997 4763 vir
3016 4716 3071 4762 et
3094 4724 3234 4763 uxor
3258 4708 3335 4763 de
3367 4697 3731 4764 concumbendo

2168 4802 2253 4859 vel
2287 4803 2352 4858 de
2374 4802 2702 4858 abstinentia
2732 4800 3124 4858 concumbendi
3154 4798 3366 4871 placita
3394 4792 3677 4856 habuerint.

2241 4894 2369 4951 Ista:
2391 4904 2510 4949 sunt
2538 4893 2673 4965 leges
2700 4910 2833 4964 quas
2852 4894 3122 4947 constituit
3151 4891 3425 4946 Dominus
3450 4889 3611 4961 Moysi
3632 4887 3736 4939 ister

2166 4986 2336 5039 uirum
2361 4995 2408 5039 et
2434 5000 2649 5040 uxorem
2677 5000 2695 5041 :
2724 4986 2861 5038 inter
2883 4993 3088 5055 patrem
3112 4992 3158 5036 et
3185 4980 3371 5051 filiam
3400 4999 3522 5054 qua:
3547 4982 3594 5035 in
3621 4982 3738 5031 atate

2168 5076 2342 5131 adhuc
2367 5075 2594 5147 puellari
2614 5084 2726 5142 est,
2760 5074 2838 5129 uel
2869 5092 2987 5146 qua:
3028 5083 3203 5128 manet
3234 5075 3295 5127 in
3336 5075 3576 5144 parentis
3599 5070 3738 5123 dono.

2171 5167 2307 5236 Quia
2333 5177 2387 5223 et
2412 5168 2529 5224 ista:
2575 5167 2720 5239 leges
2755 5166 2868 5222 sive
2897 5162 3327 5233 justificationes
3356 5207 3375 5231 ,
3431 5174 3494 5220 ut
3541 5157 3742 5234 qundam

2170 5261 2505 5331 exemplaria
2560 5261 2782 5324 habent,
2826 5256 3128 5322 dicuntur;
3198 5264 3255 5311 et
3317 5257 3667 5314 meminimus
3704 5249 3742 5301 in

2172 5350 2279 5407 illis
2302 5350 2783 5419 justiﬁcationibus
2815 5364 2936 5420 qua:
2975 5349 3032 5403 in
3059 5347 3246 5404 Exodo
3285 5348 3405 5405 sub
3430 5351 3536 5407 hoc
3560 5342 3742 5403 nomine

2174 5441 2292 5497 alite
2320 5450 2830 5509 commemorantur,
2872 5443 3015 5498 sicut
3040 5442 3107 5497 de
3142 5456 3276 5497 aure
3321 5432 3481 5500 servi
3506 5441 3746 5515 perform

2171 5533 2238 5588 da
2259 5573 2273 5598 ,
2306 5541 2361 5587 ct
2402 5531 2449 5587 si
2484 5532 2612 5602 quid
2642 5532 2905 5602 ejusmodi
2934 5541 3041 5597 est,
3070 5548 3178 5587 non
3206 5532 3469 5591 absurde
3506 5533 3664 5588 etiam
3682 5522 3748 5580 hic

2167 5624 2371 5694 aliquid
2425 5625 2653 5696 figurate
2720 5628 2922 5683 (ludum
2980 5627 3307 5695 intelligitur
3341 5644 3358 5682 :
3395 5637 3462 5683 ut
3515 5619 3750 5700 quomodo

2165 5724 2291 5770 sunt
2314 5716 2493 5773 multzc
2518 5720 2631 5772 abst
2644 5719 2857 5773 incntizc
2872 5718 3329 5774 caeremoniarum
3348 5712 3752 5776 irrationabiles,

2164 5814 2215 5862 ct
2249 5806 2537 5877 aliquando
2564 5811 2729 5868 etiam
2776 5810 3007 5866 inimicm
3063 5809 3319 5883 veritati,
3376 5802 3514 5871 hoc!
3555 5809 3754 5869 fortasse
3802 5870 3809 5877 ,
