3980 6344
258 281 368 342 795

979 272 1513 348 ENARRATIONES
1550 273 1620 330 ΙΝ
1656 272 1920 330 LIBRUM
1956 271 2417 331 NUMERORUM.
2456 302 2528 314 -—-
2562 274 2692 330 LIB.
2729 275 2818 330 lV.

3423 283 3534 344 794

251 395 345 450 hic
365 390 596 466 intelligi
623 389 790 446 voluit
818 397 949 446 tunc
986 398 1134 445 ratas
1184 405 1304 446 esse
1341 405 1468 446 eum
1497 387 1845 444 rationabiles
1872 388 1924 448 Α
1949 401 2112 458 gnum
2133 395 2216 441 est
2249 403 2262 440 :
2291 401 2399 457 quo
2425 383 2541 441 haec
2564 394 2625 442 ut
2649 387 2825 454 decet,
2855 387 2924 443 de
2948 387 3044 444 Dei
3071 390 3252 447 verbis
3280 392 3536 466 intelligi-

253 483 495 548 fuerint;
529 481 634 536 hoc
679 487 763 536 est
790 495 914 535 cum
957 494 1050 536 eas
1084 480 1463 552 approbaverit
1495 478 1636 534 ratio
1660 519 1676 544 ,
1729 494 1848 549 qua:

252 573 318 630 ad
362 575 542 628 vicem
570 570 674 625 viri
699 571 858 626 debet
884 586 1072 644 regere
1101 586 1316 627 omnem
1339 569 1629 625 animalem
1652 569 1846 624 motio-

235 663 378 723 nem
400 680 524 736 qua:
555 661 615 718 fit
640 678 746 718 non
777 669 984 718 tantum
1011 663 1064 716 in
1095 662 1416 734 appetendo,
1454 676 1646 716 verum
1678 661 1847 716 etiam

249 757 302 812 in
332 753 680 810 abstinendo.
697 753 768 810 Ut
791 755 837 809 si
861 761 1040 809 mente
1066 761 1121 808 et
1140 755 1348 810 ratione
1374 754 1702 820 decernitur,
1718 761 1848 808 tunc

248 847 372 914 fiat;
420 849 468 902 si
501 855 682 902 autem
703 847 1041 916 improbatur
1071 846 1294 902 consilio
1320 847 1568 912 rationis,
1593 862 1700 902 non
1727 845 1840 901 ﬁat.

248 939 404 1006 Quod
421 939 471 994 si
492 940 630 994 ratio
652 937 794 1008 quod
815 939 966 1008 prius
989 946 1133 994 recte
1152 937 1455 993 faciendum
1473 953 1592 993 esse
1608 938 1844 994 decrevit

245 1041 370 1103 post
383 1033 660 1102 improbet
675 1050 689 1098 ;
717 1031 762 1087 si
775 1040 1078 1102 peccatum,
1096 1033 1305 1087 consilii
1325 1047 1338 1085 :
1357 1031 1434 1086 sic
1449 1043 1628 1087 tamen
1643 1039 1702 1086 ut
1713 1044 1844 1087 non-

245 1126 352 1182 nisi
375 1125 590 1203 rationi
617 1125 784 1182 motio
813 1124 904 1179 illa
932 1126 1255 1181 consentiat.
1289 1124 1597 1180 Secundum
1646 1127 1838 1198 mysti—

242 1235 368 1275 cum
398 1229 587 1276 autem
634 1235 854 1276 sensum
890 1229 1012 1276 vota
1063 1237 1222 1276 nemo
1249 1227 1428 1292 potest
1476 1219 1700 1286 oll‘erre,
1733 1221 1837 1276 nisi

241 1311 337 1380 qui
365 1310 535 1366 habet
564 1310 767 1380 aliquid
794 1312 849 1365 in
889 1311 1182 1380 semetipso
1212 1319 1266 1365 et
1301 1310 1356 1364 in
1398 1309 1700 1364 substantia
1740 1323 1838 1363 sua

240 1406 394 1473 quod
416 1404 613 1461 offerat
649 1405 779 1462 Deo.
815 1405 930 1462 Non
983 1405 1179 1460 sufﬁcit
1233 1407 1336 1461 iste
1388 1406 1628 1461 exterior
1677 1406 1838 1461 homo

239 1496 419 1568 legem
448 1498 550 1553 Dei
579 1499 874 1568 suscipere,
931 1513 1032 1552 nec
1079 1506 1204 1553 vota
1254 1497 1402 1552 solus
1455 1495 1669 1552 oll‘erre.
1719 1495 1836 1550 Non

238 1587 388 1644 enim
409 1595 598 1656 potest
623 1587 829 1658 aliquid
855 1587 1076 1658 dignum
1116 1587 1226 1642 Deo
1255 1587 1476 1642 habere.
1501 1586 1608 1642 Sed
1635 1587 1723 1642 ille
1754 1587 1836 1642 in-

1950 481 2220 550 possimus
2239 480 2542 536 advertere.
2572 480 2775 537 Omnes
2795 482 2888 551 qui
2911 484 3008 539 sub
3032 483 3150 554 lege
3183 486 3279 542 Dei
3298 487 3530 546 vivimus

1949 578 2006 626 et
2037 573 2092 627 in
2121 571 2362 628 Ecclesia
2411 571 2527 642 ejus
2575 573 2876 638 habemus,
2927 574 3093 644 aliqui
3121 578 3222 631 sub
3260 580 3528 647 patribus,

1947 663 2113 735 aliqui
2141 664 2242 718 sub
2264 662 2398 718 viris
2427 663 2658 734 agimur.
2673 663 2742 718 Et
2767 663 3034 733 siquidem
3060 668 3284 735 parvulo
3311 678 3394 724 est
3408 671 3531 726 ani-

1947 771 2034 810 ma
2057 795 2072 822 ,
2099 763 2156 810 et
2179 755 2337 810 initia
2362 753 2525 810 habet
2553 756 2607 809 in
2630 755 3023 812 eruditionibus
3047 757 3266 824 divinis,
3289 761 3404 816 haec
3432 761 3534 818 sub

1946 859 2101 920 patre
2132 863 2294 922 agere
2316 850 2583 905 credenda
2613 857 2715 906 est.
2747 849 2804 905 Si
2834 865 2965 905 vero
2981 848 3097 921 jam
3123 850 3357 906 adultior
3383 851 3531 908 facta

1947 951 2032 996 est
2061 953 2123 998 ut
2148 944 2285 1009 viri,
2331 943 2407 998 ita
2433 951 2627 1012 potens
2672 943 2744 998 sit
2781 945 2850 997 ad
2896 944 3303 1015 concipiendum
3333 959 3534 1004 semen

1943 1037 2096 1094 verbi
2118 1036 2238 1103 Dei,
2263 1045 2318 1092 et
2347 1037 2608 1106 spiritalis
2638 1035 2897 1092 doctrinae
2921 1052 3115 1107 capere
3156 1044 3387 1104 secreta,
3415 1039 3533 1095 hinc

1943 1128 2045 1184 sub
2069 1128 2188 1182 viro
2217 1128 2393 1196 posita
2419 1127 2634 1182 dicitur.
2653 1124 2746 1180 Sic
2757 1127 2904 1180 enim
2927 1134 2986 1181 et
3005 1127 3220 1183 dicebat
3243 1127 3527 1186 Paulusdc

1942 1219 2236 1275 Corinthiis
2261 1238 2272 1272 :
2311 1217 2441 1272 Volo
2471 1227 2647 1271 autem
2669 1234 2758 1272 vos
2787 1219 2881 1270 uni
2907 1219 3023 1271 viro
3045 1219 3299 1289 virginem
3327 1230 3530 1276 castam

1940 1312 2178 1366 exhibere
2213 1310 2420 1365 Christo
2468 1309 2538 1382 (Ι
2580 1309 2703 1363 Cor.
2732 1309 2817 1380 ιι).
2843 1309 2963 1377 Qui
2995 1325 3127 1365 vero
3175 1311 3531 1381 perfectiores

1940 1413 2067 1459 sunt
2093 1412 2148 1460 et
2167 1405 2575 1470 eminentiores,
2607 1407 2713 1460 hoc
2743 1405 2810 1459 de
2837 1405 2944 1460 illis
2991 1419 3100 1460 non
3129 1405 3347 1470 dicitur,
3377 1405 3526 1475 quod

1937 1495 2038 1550 sub
2067 1495 2186 1550 viro
2230 1496 2356 1551 sint.
2389 1494 2495 1551 Sed
2527 1496 2650 1550 audi
2678 1497 2950 1565 quomodo
2977 1495 3046 1551 de
3075 1496 3368 1566 semetipso
3420 1495 3534 1552 suit-

1937 1600 2040 1655 quc
2085 1587 2352 1642 similibus
2377 1588 2693 1656 pronuntiet
2718 1595 2772 1642 et
2797 1587 2996 1644 Paulus
3021 1607 3034 1642 :
3065 1588 3242 1643 Donec
3283 1604 3533 1643 occurra-

241 1677 413 1732 terior
449 1687 537 1732 est
580 1679 764 1743 homo,
797 1679 888 1748 qui
919 1678 1090 1748 magis
1145 1676 1310 1736 habet
1355 1677 1408 1730 in
1449 1691 1506 1732 se
1556 1677 1697 1746 quod
1752 1675 1833 1731 οἱ·
1859 1735 1904 1751 _
1934 1693 2050 1731 mus
2073 1719 2087 1744 ,
2113 1679 2326 1748 inquit,
2359 1697 2534 1734 omnes
2576 1681 2632 1733 in
2660 1681 2828 1734 virum
2854 1681 3176 1751 perfectum,
3219 1682 3273 1736 in
3317 1697 3533 1736 mensu-

235 1768 377 1824 ferat
400 1767 609 1824 Deo.ln
639 1769 730 1824 illo
757 1785 988 1838 namque
1016 1776 1099 1824 est
1142 1767 1508 1822 habitaculum
1535 1768 1826 1832 virtutum;

235 1860 288 1916 in
330 1859 424 1914 illo
459 1861 640 1915 omnis
686 1859 990 1916 intellectus
1041 1860 1311 1926 scientiae;
1367 1859 1422 1915 in
1451 1857 1543 1914 illo
1579 1868 1661 1914 est
1689 1860 1829 1914 ima-

233 1952 378 2024 ginis
436 1953 721 2008 innovatio
756 1971 768 2006 :
811 1953 902 2024 qui
944 1968 1066 2008 cum
1115 1954 1349 2024 speciem
1407 1968 1580 2019 suam,
1621 1969 1739 2023 qua:
1764 1969 1828 2009 ex

232 2041 392 2097 initio
421 2060 456 2097 a
488 2043 601 2098 Deo
622 2045 762 2100 facta
793 2053 896 2110 est,
925 2046 1285 2116 recupaverit,
1334 2053 1388 2101 et
1417 2047 1679 2100 virtutum
1712 2047 1832 2117 pul-

232 2133 613 2190 chritudinem
653 2137 850 2206 prioris
879 2135 1068 2191 formae
1094 2135 1359 2207 repererit
1379 2177 1392 2202 ,
1441 2144 1569 2191 tunc
1601 2134 1712 2204 jam
1741 2151 1834 2205 po-

232 2233 337 2282 test
367 2233 500 2280 vota
537 2225 733 2280 oﬂ‘crre
757 2226 902 2292 Deo;
932 2234 986 2281 et
1019 2238 1144 2282 tunc
1161 2226 1273 2294 jam
1306 2243 1413 2282 non
1444 2227 1618 2282 solum
1646 2229 1828 2295 homo,

233 2315 326 2369 sed
347 2315 519 2370 homo
547 2315 772 2370 dicetur.
805 2315 940 2370 Nam
963 2317 1055 2388 qui
1082 2317 1398 2373 interiorem
1423 2319 1695 2374 hominem
1723 2333 1831 2374 non

231 2403 464 2472 excolit,
498 2405 590 2475 qui
623 2404 765 2462 illius
795 2421 986 2461 curam
1032 2423 1138 2462 non
1186 2408 1342 2478 gerit,
1393 2409 1485 2478 qui
1537 2409 1830 2463 virtutibus

233 2511 356 2550 eum
395 2511 507 2551 non
540 2497 783 2564 instruit,
816 2499 1059 2554 moribus
1101 2515 1208 2555 non
1232 2510 1414 2568 ornat,
1445 2500 1644 2555 divinis
1675 2502 1832 2556 insti-

232 2591 539 2646 tutionibus
564 2607 670 2646 non
705 2601 947 2658 exercet,
977 2593 1300 2662 sapientiam
1346 2593 1440 2648 Dei
1473 2609 1578 2648 non
1610 2593 1826 2663 quaerit,

233 2681 476 2738 scientiae
498 2681 906 2752 Scripturarum
930 2699 1150 2752 operam
1178 2700 1283 2739 non
1311 2683 1590 2753 impendit,
1609 2683 1699 2736 hic
1722 2697 1829 2737 non

233 2780 413 2841 potest
442 2772 610 2828 homo
660 2774 823 2828 homo
871 2773 1015 2840 dici,
1050 2773 1142 2830 sed
1185 2775 1348 2830 homo
1406 2783 1612 2841 tamen,
1665 2773 1828 2828 homo

235 2862 511 2920 animalis.
556 2863 682 2919 Scio
721 2865 933 2920 diversa
977 2875 1102 2920 vota
1147 2868 1202 2920 in
1257 2865 1552 2935 Scripturis
1582 2864 1823 2920 referri:

234 2957 384 3011 Anna
412 2957 629 3029 quidem
657 2959 787 3012 vovit
816 2957 926 3012 Deo
977 2959 1210 3028 fructum
1250 2959 1441 3013 ventris
1484 2960 1597 3024 sui,
1649 2967 1698 3012 et
1728 2956 1828 3012 Sa-

234 3048 452 3104 muelem
475 3051 801 3105 consecravit
831 3051 885 3103 in
913 3049 1102 3119 templo
1131 3049 1184 3122 (Ι
1215 3047 1343 3122 Reg.
1375 3045 1623 3120 1).’Alius
1650 3051 1823 3122 quod-

234 3152 443 3209 cunque
466 3139 572 3195 sibi
607 3147 729 3208 post
749 3139 1034 3194 victoriam
1073 3139 1320 3194 redeunti
1349 3139 1697 3205 occurrisset,
1729 3155 1824 3196 vo-

234 3231 310 3286 vit
337 3233 450 3288 Deo
484 3252 497 3286 :
536 3241 590 3290 et
615 3242 935 3288 occurrente
966 3231 1105 3299 filia,
1137 3242 1268 3320 vota
1294 3233 1643 3305 laerymanda
1685 3247 1812 3305 per-

234 3321 398 3380 solvit
421 3324 624 3395 (Judic.
653 3323 738 3397 ιι).
761 3325 866 3380 Alii
885 3325 1083 3381 vitulos
1109 3334 1201 3380 aut
1229 3327 1447 3390 arietes,
1479 3335 1572 3382 aut
1601 3327 1812 3395 domos,

237 3422 328 3468 aut
358 3415 468 3470 alia
520 3415 826 3484 huiusmodi
875 3419 1080 3473 ratione
1119 3417 1360 3488 carentia
1401 3425 1526 3474 vota
1582 3419 1818 3475 offerunt

235 3504 368 3561 Deo.
399 3506 504 3562 Ille
532 3525 648 3564 vero
671 3511 760 3580 qui
791 3508 1084 3580 appellatur
1131 3509 1448 3575 Nazaraaus,
1477 3511 1812 3580 semetipsum

231 3595 434 3654 devovit
475 3599 586 3654 Deo
639 3599 828 3671 (Num.
861 3599 960 3672 γι).
990 3599 1103 3656 Hoc
1159 3609 1242 3655 est
1284 3602 1427 3655 enim
1478 3610 1664 3655 votum
1717 3601 1820 3655 Na-

228 3689 414 3756 zarzni,
441 3691 589 3758 quod
604 3700 688 3746 est
706 3706 870 3761 super
897 3706 1059 3746 omne
1080 3701 1282 3747 votum.
1310 3691 1447 3746 Nam
1478 3691 1522 3746 si
1550 3691 1718 3746 filium
1742 3693 1824 3746 of-

224 3774 373 3834 ferat
403 3779 490 3832 vel
527 3781 713 3848 ﬁliam,
745 3791 839 3837 aut
880 3799 1046 3854 pecus
1077 3791 1170 3839 aut
1208 3785 1488 3854 praedium,
1517 3785 1622 3840 hoc
1649 3792 1821 3840 totum

226 3878 394 3928 extra
438 3885 542 3928 nos
585 3881 687 3930 est.
751 3873 1111 3946 Semetipsum
1162 3875 1359 3931 oﬂ‘erre
1409 3876 1557 3944 Deo,
1605 3885 1658 3932 et
1712 3893 1822 3932 non

227 3958 413 4016 alieno
434 3960 646 4029 labore,
663 3963 756 4019 sed
787 3965 1006 4035 proprio
1041 3964 1276 4034 placere,
1299 3967 1404 4020 hoc
1423 3976 1506 4022 est
1529 3967 1823 4036 perfectius

229 4060 284 4108 et
305 4054 642 4111 eminentius
682 4057 930 4112 omnibus
955 4059 1117 4114 votis.
1149 4057 1301 4126 Quod
1328 4058 1420 4128 qui
1451 4059 1609 4126 facit,
1643 4060 1821 4115 imita—

232 4149 317 4198 tor
340 4153 428 4200 est
447 4144 673 4200 Christi.
699 4147 792 4200 llle
826 4149 970 4203 enim
1014 4149 1160 4204 dedit
1183 4151 1389 4205 homini
1416 4159 1637 4217 terram,
1673 4165 1821 4207 mare

234 4243 289 4291 et
311 4237 495 4292 omnia
523 4255 644 4308 quae
673 4239 729 4294 in
783 4241 862 4295 eis
911 4249 1035 4296 sunt
1064 4243 1130 4296 ad
1176 4243 1529 4313 obsequium;
1578 4243 1726 4299 dedit
1765 4251 1820 4299 et

237 4327 459 4395 mlum;
491 4329 659 4385 solem
682 4347 896 4401 quoque
929 4340 984 4387 et
1013 4333 1194 4388 lunam
1224 4342 1278 4388 et
1304 4333 1489 4389 stellas
1537 4326 1818 4391 hominum

1857 1735 1906 1796 B

1932 1783 2048 1822 ram
2098 1771 2270 1824 (etatis
2316 1769 2655 1840 plenitudinis
2707 1769 2903 1825 Christi
2954 1771 3180 1843 (Ephes.
3223 1771 3334 1842 ιν).
3391 1771 3532 1828 Huic

1933 1875 2062 1932 ergo
2116 1861 2344 1926 animae,
2393 1877 2511 1930 quae
2565 1862 2619 1916 in
2673 1862 2852 1917 virum
2903 1862 3202 1933 perfectum
3247 1863 3528 1931 occurrit,

1931 1967 2091 2007 nemo
2154 1953 2466 2007 dominatur
2519 1954 2572 2006 in
2627 1953 2802 2018 votis,
2853 1953 2946 2008 sed
2998 1953 3164 2009 habet
3199 1959 3525 2024 potestatem

1932 2058 2154 2098 suorum
2215 2042 2634 2111 libertatemque
2691 2050 2962 2097 votorum.
3020 2041 3078 2097 Si
3127 2051 3308 2098 autem
3344 2043 3526 2099 adhuc

1933 2132 2148 2188 feminei
2181 2134 2394 2203 generis
2425 2131 2590 2188 fuerit
2630 2135 2842 2201 anima,
2871 2135 2957 2189 cui
2992 2135 3078 2188 vel
3106 2135 3220 2201 vir,
3255 2135 3341 2190 vel
3374 2141 3531 2204 pater

1931 2224 2239 2279 dominetur
2267 2225 2322 2279 in
2358 2226 2519 2290 votis,
2561 2240 2669 2279 non
2693 2239 2910 2296 semper
2939 2226 2995 2280 in
3042 2227 3158 2296 ipsa
3211 2235 3295 2282 est
3340 2225 3528 2295 culpa,

1931 2317 2026 2374 sed
2058 2317 2330 2372 interdum
2361 2318 2504 2375 redit
2541 2320 2610 2374 ad
2637 2319 2786 2375 viros
2820 2320 2907 2376 vel
2937 2320 3004 2375 ad
3037 2330 3313 2392 parentes.

2545 2408 2776 2466 CAPUT
2815 2409 2904 2465 Ν.

2002 2501 2081 2556 De
2119 2502 2348 2557 vindicta
2395 2504 2452 2557 in
2496 2501 2826 2558 Madianitas
2851 2512 2900 2557 et
2934 2502 3160 2559 Balaam
3200 2503 3452 2560 ariolum.

2003 2593 2167 2666 (Car.
2195 2593 2374 2665 uxr.)
2400 2594 2629 2649 Locutus
2653 2603 2730 2649 est
2775 2595 3034 2651 Dominus
3064 2597 3134 2651 ad
3166 2596 3417 2668 Moysen,
3440 2597 3527 2652 di-

1929 2703 2050 2742 cens
2070 2703 2088 2740 :
2108 2685 2368 2741 Ulciscere
2393 2687 2540 2757 prius
2562 2687 2704 2755 ﬁlios
2728 2686 2902 2743 Israel
2925 2688 2992 2742 de
3023 2687 3358 2754 Madiauitis,
3376 2698 3424 2742 et
3448 2688 3528 2742 sic

1929 2779 2190 2850 colligeris
2237 2779 2306 2834 ad
2347 2779 2600 2850 populum
2652 2787 2822 2834 tuum.
2881 2777 3054 2851 igitur
3101 2779 3356 2835 scandala
3402 2791 3524 2848 quas

1929 2871 2242 2927 acciderant
2285 2869 2579 2934 lsraelitis,
2621 2870 2878 2940 quoniam
2923 2869 3376 2940 tergiversatione
3409 2868 3525 2924 Ma-
3605 2868 3608 2869 ⁷

1930 2965 2257 3020 dianitarum
2286 2963 2596 3018 acciderant
2623 2963 2749 3034 (ipsi
2771 2963 2918 3018 enim
2945 2964 3380 3018 subornaverant
3399 2977 3521 3016 mu-
3599 3003 3612 3012 .

1928 3053 2110 3120 lieres,
2158 3069 2279 3125 quae
2301 3068 2394 3110 eos
2437 3053 2765 3123 deceperant
2793 3061 2854 3109 ut
2885 3062 3175 3124 peccarent
3205 3068 3388 3109 coram
3419 3053 3526 3108 Do-

1926 3147 2138 3219 mino),
2167 3147 2244 3204 illi
2272 3147 2488 3218 quidem
2515 3161 2614 3217 pro
2649 3155 2876 3216 peccato
2905 3159 3005 3201 suo
3038 3146 3379 3216 pertulerunt
3401 3145 3518 3202 vin-

1926 3239 2151 3306 dictam,
2192 3239 2526 3294 mediocrius
2563 3246 2745 3293 tamen
2774 3245 2831 3293 et
2856 3237 3106 3308 parcius;
3159 3237 3215 3292 hi
3260 3251 3394 3292 vero
3425 3234 3523 3306 qui

1925 3335 2007 3390 eis
2061 3333 2278 3390 fuerant
2331 3349 2496 3390 causa
2547 3333 2853 3405 peccandi,
2905 3333 3078 3390 multo
3127 3331 3524 3389 vehementiori

1925 3427 2204 3497 subjacent
2227 3426 2438 3481 ultioni.
2465 3425 2620 3482 Unde
2653 3425 3112 3495 edocemur,quia
3139 3423 3298 3493 longe
3314 3423 3387 3478 sit
3399 3437 3524 3495 gra-

1923 3517 2042 3571 vius
2083 3531 2303 3572 causam
2343 3516 2588 3585 prazbere
2625 3517 2859 3585 peccati,
2909 3529 3071 3584 quam
3103 3515 3280 3584 ipsum
3321 3527 3523 3569 unum—

1924 3620 2194 3676 quemque
2223 3619 2466 3675 peccare.
2516 3605 2694 3659 Sic'et
2721 3604 2985 3659 Dominus
3022 3603 3274 3672 designat
3291 3616 3418 3658 cum
3443 3600 3522 3658 di-

1923 3699 2020 3764 cit,
2057 3680 2182 3768 quia
2230 3695 2416 3750 melius
2447 3696 2914 3766 fuerat-hominem
2948 3711 3053 3750 non
3091 3695 3258 3760 nasci,
3287 3702 3380 3748 aut
3407 3708 3522 3748 mo-

1923 3789 2029 3843 lam
2051 3787 2344 3841 asinariam
2381 3785 2538 3857 ligari
2567 3786 2709 3839 circa
2733 3783 2926 3839 collum
2953 3785 3089 3854 ejus,
3122 3793 3170 3838 et
3193 3783 3518 3854 praecipitari

1922 3882 1977 3935 in
2004 3879 2327 3950 profundum
2370 3878 2558 3943 maris,
2593 3891 2752 3947 quam
2782 3885 2840 3929 ut
2872 3874 3199 3930 scandalizet
3243 3890 3408 3929 unum
3450 3873 3517 3927 de

1921 3969 2128 4042 pusillis
2156 3969 2268 4024 istis
2316 3967 2534 4040 (Matth.
2569 3967 2748 4038 xvut).
2795 3967 2972 4022 Simul
3015 3967 3405 4022 advertendum
3433 3972 3518 4020 est

1923 4063 2179 4133 quoniam
2209 4061 2425 4132 quidem
2453 4076 2650 4116 nomen
2681 4060 2924 4116 scandali
2952 4075 2983 4115 a
3005 4059 3282 4115 nonnullis
3307 4059 3516 4114 incom-

1919 4162 2168 4226 petenter
2210 4154 2596 4224 praesumitur;
2655 4153 2784 4209 illud
2851 4151 3166 4208 scandalum
3216 4151 3364 4216 dico,
3419 4149 3514 4206 ubi

1920 4255 2069 4301 recto
2095 4244 2290 4300 itinere
2331 4243 2642 4298 ambulandi
2670 4243 2918 4312 deceptio
2963 4242 3144 4312 aliqua
3186 4240 3416 4297 struitur
3441 4237 3512 4296 ad

1917 4343 2230 4408 peccatum,
2275 4341 2330 4389 et
2361 4335 2650 4404 subjicitur
2687 4349 2849 4390 causa
2893 4333 3156 4403 peccandi
3208 4347 3222 4385 :
3260 4332 3402 4386 sicut
3455 4336 3512 4386 et

240 4419 534 4478 ministerio
569 4424 862 4490 concessit;
893 4425 1125 4494 pluvias,
1161 4434 1350 4481 ventos
1393 4435 1448 4481 et
1478 4441 1640 4483 omne
1668 4429 1815 4498 quod
1838 4439 1892 4500 1)
1919 4425 2223 4480 Madianita‘.
2252 4424 2654 4479 ambulantibus
2699 4424 2756 4478 in
2803 4423 2922 4488 lege
2959 4420 3182 4476 Domini
3227 4419 3508 4486 lsraelitis,

239 4507 294 4562 in
317 4512 516 4570 mundo
537 4522 621 4568 est
640 4554 654 4579 ,
681 4514 992 4569 hominibus
1013 4515 1236 4587 largitus
1273 4526 1372 4572 est.
1406 4517 1513 4574 Sed
1551 4527 1672 4588 post
1699 4520 1814 4574 haec

240 4601 410 4656 omnia
433 4604 785 4674 semetipsum
806 4604 970 4659 dedit.
1005 4603 1092 4660 Sic
1121 4607 1258 4660 enim
1287 4606 1470 4662 dilexit
1493 4607 1638 4663 Deus
1662 4625 1814 4663 mun-

240 4689 448 4758 dum,ut
465 4693 670 4751 Filium
700 4713 853 4751 suum
881 4697 1203 4766 unigenitum
1223 4696 1483 4768 daretpro
1504 4700 1686 4753 mundi
1710 4700 1812 4753 hu-

240 4777 320 4846 ius
347 4784 446 4839 vita
482 4785 670 4857 (Joan.
703 4786 808 4858 ιιι).
839 4786 977 4855 Quid
1015 4803 1144 4858 ergo
1190 4801 1442 4857 magnum
1475 4787 1606 4844 facit
1651 4791 1815 4846 homo

243 4879 584 4948 semetipsum
615 4879 852 4935 offerens
879 4879 1008 4944 Deo,
1037 4897 1160 4935 eum
1204 4881 1321 4952 ipse
1348 4895 1406 4936 se
1435 4881 1587 4950 prior
1614 4882 1816 4937 obtulit

245 4959 412 5021 Deus?
443 4968 500 5024 Si
533 4985 662 5040 ergo
689 4968 848 5023 tollas
889 4985 1095 5023 crucem
1122 4979 1268 5023 tuam
1308 4979 1355 5024 et
1381 4971 1616 5041 sequaris
1661 4968 1814 5025 Chri-

245 5061 368 5110 stum
415 5059 632 5132 (Matth.
665 5059 808 5133 xvr),
839 5060 885 5116 si
913 5059 1104 5114 dicas:
1149 5058 1274 5114 Vivo
1323 5071 1495 5115 autem
1536 5062 1655 5132 jam
1711 5078 1815 5116 non

248 5159 349 5215 ego,
375 5153 490 5206 vivit
516 5170 642 5208 vero
674 5153 913 5207 Christus
952 5153 1007 5206 in
1053 5169 1134 5206 me
1161 5147 1304 5223 (Gal.
1337 5151 1399 5223 ιι)
1420 5193 1435 5218 ,
1471 5155 1517 5208 si
1545 5155 1814 5210 desideret

250 5240 299 5287 et
333 5239 473 5296 sitiat
499 5244 684 5298 anima
714 5255 899 5299 nostra
929 5243 1106 5298 redire
1146 5252 1200 5297 et
1251 5258 1371 5298 esse
1405 5259 1526 5298 cum
1571 5243 1809 5313 Christo,

251 5324 382 5384 sicut
405 5341 458 5387 et
485 5337 777 5406 Apostolus
807 5335 1040 5400 dicebat,
1075 5344 1128 5390 et
1163 5338 1447 5406 prmsentis
1475 5338 1656 5392 saeculi
1702 5357 1809 5396 non

253 5417 530 5482 delectetur
558 5427 842 5491 illecebris,
883 5435 937 5480 et
967 5425 1010 5480 si
1032 5441 1246 5481 omnem
1281 5427 1474 5496 legem,
1499 5444 1620 5498 qnzae
1639 5427 1810 5486 Naza-

255 5510 366 5563 πρὶς
388 5515 508 5570 data
537 5526 638 5580 cst,
667 5516 982 5586 spiritaliter
1010 5516 1251 5586 impleat,
1280 5527 1408 5572 tunc
1435 5520 1806 5590 semetipsum,

257 5593 426 5667 idest,
453 5609 683 5662 animam
716 5625 866 5663 suam
903 5609 1096 5662 obtulit
1143 5609 1272 5664 Deo.
1309 5609 1412 5664 Sed
1451 5613 1690 5666 orandus
1715 5629 1811 5667 no-

257 5681 336 5746 bis
367 5705 447 5750 est
471 5699 634 5766 Deus,
661 5709 721 5754 ut
767 5699 1100 5758 intellectum
1149 5702 1278 5764 dare
1307 5702 1588 5773 dignetur,
1626 5704 1671 5760 si
1721 5704 1808 5760 di-

1918 4529 1974 4572 et
2000 4515 2428 4574 custodientibus
2457 4514 2764 4569 castitatem
2790 4553 2805 4580 ,
2847 4514 3284 4567 subornaverunt
3320 4510 3510 4567 mulie-

1917 4623 2008 4664 res
2031 4623 2151 4677 quae
2172 4619 2266 4660 eos
2290 4605 2605 4673 deciperent
2625 4604 2693 4658 ad
2715 4602 3076 4672 peccandum.
3106 4600 3338 4657 Causam
3376 4615 3507 4674 ergo

1917 4697 2163 4769 praebere
2199 4694 2450 4765 peccati,
2500 4693 2605 4748 hoc
2649 4700 2735 4748 est
2781 4692 3176 4748 seandalizare.
3221 4693 3506 4749 Verumta-

1918 4803 2042 4844 men
2077 4789 2239 4842 datur
2267 4785 2527 4851 vindicta,
2576 4783 2672 4839 sed
2718 4781 2887 4838 multo
2937 4783 3154 4854 gravior
3198 4785 3252 4839 in
3288 4799 3383 4840 eos
3411 4782 3502 4854 qui

1919 4881 2448 4944 scandalizaverunt,
2489 4876 2582 4948 qui
2613 4891 2835 4931 causam
2877 4877 3090 4947 peccati
3125 4879 3501 4948 praebuerunt,

1919 4989 2080 5046 quam
2111 4973 2167 5028 in
2195 4987 2290 5027 eos
2317 4971 2410 5040 qui
2438 4977 2818 5038 peccaverunt.
2845 4959 3020 5024 Simul
3039 4977 3096 5023 et
3114 4969 3245 5024 illud
3271 4967 3500 5022 observa

1919 5067 2062 5138 quod
2095 5065 2340 5136 subjecit.
2369 5061 2665 5116 Novissime
2687 5069 2884 5126 autem,
2907 5061 3106 5132 inquit,
3126 5068 3176 5114 et
3195 5068 3253 5113 tu
3274 5071 3501 5129 appone-

1917 5158 1990 5210 ris
2013 5157 2081 5209 ad
2110 5155 2359 5226 populum
2384 5163 2553 5208 tuum.
2590 5151 2648 5208 Si
2667 5153 2882 5222 quando
2911 5149 3195 5208 Samaritis
3215 5147 3496 5203 nobiscum

1917 5260 2099 5302 sermo
2153 5253 2255 5310 est,
2290 5247 2544 5315 quoniam
2591 5245 2807 5314 quidem
2860 5239 3313 5298 resurrectionem
3352 5250 3496 5290 mor-

1915 5339 2130 5391 tuo'rum
2175 5345 2395 5408 negant,
2443 5351 2543 5392 nec
2574 5337 2842 5406 recipiunt
2886 5330 3052 5385 futuri
3081 5325 3265 5384 saaculi
3307 5325 3496 5393 fidem,

1912 5426 2238 5497 periigamus
2263 5443 2358 5484 eos
2385 5443 2454 5483 ex
2487 5427 2574 5483 his
2599 5426 2811 5489 verbis,
2837 5420 3035 5492 quibus
3077 5416 3336 5473 Dominus
3361 5413 3498 5472 dicit

1915 5519 1982 5573 ad
2011 5518 2226 5590 Moysen
2254 5521 2377 5589 quia
2403 5528 2706 5591 apponatur
2729 5516 2796 5569 ad
2821 5511 3073 5582 populum
3090 5507 3284 5565 suum?
3318 5505 3490 5562 Nemo

1913 5610 2058 5664 enim
2089 5613 2306 5680 ponitur
2334 5613 2399 5666 ad
2419 5627 2514 5666 eos
2537 5612 2625 5681 qui
2650 5625 2757 5662 non
2783 5614 2930 5659 sunt.
2958 5603 3109 5658 Unde
3136 5609 3349 5658 constat
3370 5614 3494 5655 esse

1912 5701 2142 5776 aliquem
2161 5704 2437 5778 populum,
2468 5704 2556 5760 cui
2578 5699 2785 5771 Moyses
2810 5703 2932 5770 post
2952 5695 3077 5751 vitae
3098 5690 3258 5765 hujus
3283 5692 3492 5750 exitum
