3890 6340
153 376 240 434 Μ

842 357 1372 421 BNARRATIONES
1409 357 1480 414 ΙΝ
1518 353 1782 412 LIBRUM
1819 345 2273 412 NUMERORUM.
2314 384 2381 394 ——-
2419 350 2547 406 LIB.
2581 349 2671 403 iV.

3288 344 3389 398 798

153 490 260 549 in?
280 481 1021 552 Desintistplbdemnotum
1042 487 1148 541 est,
1172 493 1293 531 cum
1322 476 1520 530 Abram
1535 473 1706 527 Abra—
1731 475 1784 535 Α
1807 470 1999 541 gutate.
2047 470 2257 534 Puellas
2309 481 2481 524 autem
2511 477 2557 523 et
2591 481 2766 520 omnes
2795 462 3016 532 feminas
3061 458 3278 529 virgmes
3307 473 3387 512 re-

151 584 258 638 han
278 584 504 633 vocatus
523 575 616 640 sit,
649 581 706 628 et
733 570 890 626 Sarni
922 569 1079 636 Sara,
1111 579 1165 624 et
1190 567 1355 622 Jacob
1388 565 1573 621 lsrael.
1607 563 1711 617 Do-

150 681 356 728 eeamus
386 674 570 721 autem
615 663 762 734 quod
788 677 906 719 mos
934 662 1036 716 iste
1082 660 1343 715 habeatur
1369 658 1533 712 etiam
1573 653 1713 725 apud

147 761 410 818 barbaros.
428 757 619 812 Nonne
642 770 784 811 unus
801 769 868 809 ex
885 753 1008 808 ﬁliis
1028 752 1212 817 lsrael,
1229 767 1259 806 a
1277 750 1590 820 parentibus
1603 747 1715 802 suis

148 853 330 923 Ioseph
374 864 572 906 mea
614 847 928 919 acceperat?
961 845 1097 900 Cum
1131 852 1316 898 autem
1362 841 1611 897 transivit
1657 839 1713 893 in

148 942 518 1012 Egyptum,et
543 938 692 992 stetit
710 943 834 990 ante
856 934 1216 998 Pharaonem,
1243 930 1594 986 connuutavit
1618 942 1716 983 no-

146 1047 253 1088 nten
283 1031 435 1101 ejus,
464 1039 519 1085 et
555 1025 952 1100 cognominavit
978 1040 1102 1080 eum
1135 1024 1536 1097 ψομθομφανήχ,
1570 1018 1712 1089 quod

145 1124 304 1192 lingua
329 1136 428 1176 sua
447 1119 658 1174 Pharao
677 1119 744 1172 de
764 1125 1096 1172 secretorum
1106 1114 1192 1169 vel
1211 1114 1542 1169 somniorum
1561 1127 1714 1167 reve-

146 1213 331 1266 latione
358 1209 681 1278 composuit.
729 1207 794 1260 Et
821 1221 928 1261 non
951 1204 1125 1261 solum
1152 1203 1350 1274 Josepb
1397 1203 1524 1256 huic
1568 1201 1712 1272 apud

147 1302 465 1358 Pharaonem
493 1317 558 1356 ex
586 1316 646 1356 re
689 1315 886 1355 nomen
923 1307 1166 1370 aptatur,
1195 1297 1290 1352 sed
1335 1305 1391 1350 et
1435 1295 1624 1349 Daniel
1656 1295 1711 1348 in

144 1392 423 1464 Babylonia
472 1392 753 1447 Balthasar
792 1393 1143 1454 nominatur,
1175 1397 1233 1444 et
1271 1388 1510 1442 Ananias
1554 1396 1717 1456 atque

143 1483 354 1541 Araris:
387 1494 444 1540 et
469 1485 713 1548 Misahel,
749 1484 960 1549 Sidrac,
1001 1482 1186 1546 Misac,
1234 1481 1527 1549 Abdenago
1572 1477 1720 1532 voci-

143 1583 332 1632 tantur.
361 1576 530 1633 Vides
569 1592 723 1648 ergo,
759 1576 885 1646 quia
932 1584 1042 1628 tam
1085 1573 1504 1628 isracliticorum
1555 1585 1718 1640 quam

140 1669 296 1723 etiam
327 1669 684 1723 barbarorum
735 1667 953 1720 nomina
1003 1665 1302 1728 hominum,
1334 1677 1441 1717 non
1471 1664 1714 1728 fortuitu,

137 1762 226 1817 sed
254 1777 356 1832 pro
377 1764 542 1816 rebus
565 1771 620 1816 et
646 1761 832 1816 causis
855 1768 1115 1829 aptamur
1153 1757 1209 1810 in
1241 1757 1376 1826 lege.
1410 1756 1576 1827 igitur
1604 1755 1713 1808 Ma-

1816 573 2013 617 servate
2042 564 2204 630 vobis,
2234 575 2286 617 et
2313 573 2522 617 manete
2557 570 2708 615 extra
2741 567 2920 612 castra
2957 563 3150 624 septem
3191 553 3389 607 diebus.

1817 655 1930 710 Hoc
1983 655 2263 711 consilium
2311 655 2626 724 malignum,
2657 659 2716 706 ut
2767 651 2846 705 eis
2874 650 2946 703 ad
2974 646 3283 702 illecebram
3317 643 3395 700 fe-

1818 750 1977 804 minae
1997 759 2446 821 supponerentur,
2484 762 2584 816 per
2612 759 2748 817 quas
2773 758 2879 799 non
2923 741 3096 797 solum
3141 753 3397 809 corpora-

1817 841 1964 904 liter,
1993 840 2086 895 sed
2121 841 2287 895 etiam
2314 840 2630 910 spiritaliter
2657 838 2714 890 in
2745 834 3020 890 adoranda
3046 832 3190 888 idolo
3231 832 3397 888 forni-

1819 939 2094 996 carentur,
2133 930 2347 1000 quando
2399 929 2609 983 dederit
2654 927 2869 981 Balaam
2895 965 2909 989 ,
2961 922 3242 992 Scriptura
3286 935 3394 974 non

1815 1022 1971 1086 dixit,
2003 1030 2058 1076 et
2084 1031 2261 1076 tamen
2292 1029 2514 1090 apparet
2553 1019 2750 1074 factum
2779 1032 2919 1082 esse,
2947 1029 3072 1070 cum
3117 1014 3206 1068 hic
3251 1027 3396 1066 com-

1815 1122 2167 1168 memoratur.
2215 1111 2306 1167 Sic
2336 1128 2465 1183 ergo
2505 1111 2681 1181 potuit
2709 1119 2762 1164 et
2802 1109 2979 1163 redire
3007 1107 3119 1176 ipse
3151 1105 3390 1167 Balaam,

1815 1209 1906 1278 qui
1939 1207 2051 1275 jam
2078 1207 2216 1262 ierat
2249 1207 2305 1260 in
2354 1206 2532 1259 locum
2582 1219 2760 1268 suum,
2786 1210 2847 1255 ut
2889 1199 3066 1255 locum
3100 1213 3282 1259 suum,
3310 1195 3395 1249 vel

1817 1298 1934 1366 ejus
1963 1299 2323 1370 intelligamus
2366 1294 2821 1367 peregrinationis
2867 1290 3120 1354 otiicium,
3149 1285 3395 1356 quamvis

1820 1381 1924 1444 bo’c
1977 1390 2257 1459 Scriptura
2288 1391 2537 1444 tacuerit.
2572 1387 2800 1458 Mystice
2832 1396 3013 1438 autem
3059 1381 3310 1437 feminam
3339 1380 3394 1433 in

1817 1485 2058 1554 praedam
2096 1485 2162 1538 de
2191 1483 2333 1538 bello
2376 1494 2655 1537 revertens
2701 1489 2914 1544 servat,
2959 1479 3051 1548 qui
3097 1475 3398 1530 forinsecus

1821 1587 1972 1631 actus
2021 1591 2215 1646 pravos
2265 1576 2547 1639 cohibens,
2598 1582 2652 1628 et
2690 1588 2786 1643 per
2835 1571 3009 1626 zelum
3050 1570 3252 1623 bonum
3302 1565 3398 1619 de-

1820 1677 2058 1729 struens,
2106 1665 2515 1720 delectationem
2541 1663 2814 1718 carnalem
2843 1662 2895 1714 in
2943 1656 3260 1713 abscondito
3306 1667 3402 1724 pe-

1821 1757 1989 1811 ctoris
2016 1756 2098 1809 sui
2129 1755 2304 1808 adhuc
2349 1754 2492 1808 intus
2522 1754 2679 1808 celat.
2711 1750 2816 1805 Sed
2847 1766 2877 1803 a
2906 1749 3119 1818 Moyse,
3167 1745 3272 1800 hoc
3297 1753 3401 1810 est,

134 1851 460 1907 dianitarum
484 1866 668 1922 regem
691 1827 908 1918 Moyses
922 1846 1230 1917 appellavit,
1265 1854 1423 1915 prout
1447 1846 1561 1914 ipse
1588 1859 1714 1897 cen-
1743 1827 1791 1888 Β
1818 1864 1849 1902 a
1878 1847 2016 1917 lege,
2037 1860 2134 1916 pro
2159 1845 2261 1899 hoc
2290 1845 2390 1898 iste
2415 1845 2610 1899 merito
2634 1841 2994 1912 redarguitur,
3012 1837 3135 1906 quia
3157 1835 3404 1904 quisquis

128 1945 236 2000 suit
261 1944 666 2015 appellandum,
694 1941 936 1996 Bclluina
961 1979 975 2005 ,
1014 1940 1204 2009 inquit,
1229 1938 1417 1992 feritas
1460 1945 1562 2001 est,
1595 1950 1712 2004 qua:

126 2043 320 2105 regnat
348 2033 407 2087 in
437 2031 762 2086 Madianitis.
789 2030 856 2084 Et
881 2045 987 2084 non
1010 2030 1122 2099 ipsa
1147 2027 1339 2093 solum,
1371 2028 1466 2082 sed
1494 2037 1548 2081 et
1576 2026 1714 2080 alius

124 2131 212 2178 est
234 2123 382 2192 apud
406 2123 552 2192 ipsos
583 2136 678 2175 rex
710 2121 927 2175 nomine
955 2119 1130 2185 Raon,
1155 2119 1297 2188 quod
1335 2127 1418 2173 est
1444 2119 1497 2172 in
1525 2127 1711 2172 nostra

122 2213 310 2283 lingua
342 2215 591 2268 inanitas.
632 2213 845 2282 Regnat
883 2227 1014 2280 ergo
1043 2212 1277 2265 inanitas
1305 2211 1358 2265 in
1395 2211 1714 2265 Madianita-

123 2318 248 2359 rum
272 2312 460 2374 gente.
488 2303 584 2356 Est
606 2303 750 2357 enim
783 2316 975 2356 revera
1003 2302 1173 2355 inuita
1211 2301 1451 2354 inanitas
1482 2309 1534 2356 et
1559 2301 1712 2354 vani-

126 2404 208 2450 tas
237 2396 294 2450 in
324 2395 429 2451 hoc
470 2395 702 2459 mundo,
743 2395 854 2449 imo
879 2395 1084 2448 vanitas
1111 2395 1425 2458 vanitatem,
1457 2403 1505 2447 et
1537 2394 1711 2447 omnia

128 2489 328 2542 renitas
349 2486 520 2557 (Eccl.
554 2486 624 2558 ι),
655 2502 822 2557 quam
862 2487 957 2542 Dei
989 2487 1145 2542 miles
1175 2501 1434 2556 superare
1462 2488 1622 2542 debet
1662 2495 1716 2542 et

130 2578 357 2635 vincere.
411 2579 592 2634 Vincit
643 2588 826 2635 autem
874 2579 1222 2645 inanitatem,
1275 2580 1367 2648 qui
1417 2579 1551 2633 nihil
1601 2580 1716 2632 ina-

127 2671 280 2736 niter,
312 2670 452 2726 nihil
505 2672 803 2741 superflue,
832 2671 1054 2740 etquod
1083 2673 1152 2726 ad
1187 2686 1303 2726 rem
1342 2687 1450 2726 non
1481 2671 1719 2740 pertinet

123 2763 291 2832 gerit,
341 2762 445 2834 qui
493 2763 739 2817 meminit
786 2762 1040 2832 praecepti
1098 2763 1242 2818 illius
1297 2762 1564 2817 Dominici
1611 2777 1717 2831 quo

121 2855 218 2921 ait,
273 2855 409 2926 quia
463 2856 626 2909 etiam
670 2855 735 2907 de
780 2854 934 2908 verba
979 2856 1148 2908 otioso
1195 2854 1412 2908 reddent
1463 2855 1720 2908 rationem

122 2948 350 3004 homines
385 2950 456 3003 in
503 2948 590 3001 die
628 2947 826 3018 judicii
889 2947 1118 3018 (Matth.
1165 2949 1300 3017 xu).
1349 2947 1409 3001 in
1465 2947 1570 3002 hac
1625 2963 1721 3001 au-

128 3048 226 3096 tem
247 3041 361 3096 vita
389 3041 668 3105 homines,
700 3047 875 3095 totum
907 3054 1044 3110 pene
1074 3040 1329 3102 otiosum,
1356 3046 1526 3094 totum
1561 3040 1719 3093 inane

127 3143 202 3189 est
237 3135 385 3204 quod
427 3134 747 3203 loquuntur,
784 3132 928 3202 quod
970 3139 1155 3202 agunt.
1189 3130 1368 3185 inanis
1398 3133 1541 3184 enim
1583 3130 1718 3185 dici-
1747 3177 1796 3246 Ε

128 3233 208 3280 tur
237 3227 419 3283 omnis
473 3233 650 3291 actus,
703 3233 758 3279 et
804 3225 981 3278 omnis
1027 3235 1210 3278 sermo
1249 3223 1305 3277 in
1334 3237 1440 3292 quo
1480 3237 1586 3277 non
1638 3232 1721 3278 est

126 3321 464 3376 extrinsecus
515 3334 615 3389 pro
663 3317 797 3384 Deo,
846 3316 931 3372 vel
959 3331 1059 3387 pro
1089 3315 1347 3372 mandato
1383 3315 1497 3370 Dei.
1542 3314 1640 3370 Est
1667 3324 1722 3370 et

127 3410 380 3468 nlicere:
421 3411 641 3466 Madian
680 3408 793 3474 Ur,
837 3417 892 3463 et
929 3408 1019 3463 hic
1048 3409 1440 3477 interpretatur
1465 3405 1717 3477 irritatio.

127 3501 279 3560 Vides
326 3502 529 3574 quales
577 3509 704 3556 sunt
759 3501 851 3569 qui
903 3507 1133 3570 regnant
1181 3476 1321 3567 apud
1362 3476 1716 3551 Madianitas:

124 3593 314 3662 quibus
339 3594 610 3648 omnibus
643 3588 920 3645 adversari
949 3597 1182 3658 oportet,
1216 3597 1270 3641 et
1299 3589 1408 3641 imo
1451 3601 1588 3656 quos
1631 3601 1724 3654 pc-

125 3684 240 3740 rimi
265 3683 541 3741 convenit
567 3684 636 3738 ab
663 3681 750 3737 his
777 3684 871 3752 qui
917 3681 1087 3734 Deum
1135 3685 1458 3748 sequuntur,
1485 3685 1537 3730 et
1565 3677 1728 3730 inter-

122 3775 224 3832 ﬁci.
266 3777 396 3833 Non
423 3775 576 3832 enim
608 3783 720 3830 tam
771 3789 958 3844 regum
995 3785 1156 3841 quam
1196 3770 1457 3824 vitiorum
1505 3765 1726 3820 nomina

117 3883 234 3940 quae
257 3876 514 3941 regnant
539 3870 594 3923 in
631 3868 963 3932 hominibus,
1014 3865 1332 3921 referuntur
1371 3865 1428 3918 in
1464 3863 1614 3932 lege;
1671 3869 1726 3916 et

115 3977 216 4017 non
270 3970 391 4015 tam
439 3960 689 4029 gentium
739 3957 877 4012 bella
934 3971 1098 4025 quam
1161 3955 1726 4024 concupiscentiarum

115 4053 430 4111 carnalium
454 4065 583 4120 quae
612 4049 849 4105 militant
875 4048 1134 4102 adversus
1164 4047 1399 4100 animam
1422 4042 1728 4100 describun-

120 4155 222 4202 tur.
264 4143 534 4213 Denique
565 4141 620 4196 bi
663 4142 755 4211 qui
786 4140 841 4195 in
866 4139 1014 4195 vitiis
1051 4145 1313 4210 regnant,
1357 4137 1595 4207 quinque
1642 4149 1728 4188 re-

123 4254 208 4310 ges
231 4253 362 4296 esse
411 4234 716 4291 dicuntur:
745 4239 808 4287 ut
841 4231 1254 4287 evidentissime
1279 4229 1572 4286 doceamur
1599 4228 1728 4297 quia

125 4342 278 4384 omne
301 4325 536 4390 vitium,
567 4324 716 4394 quod
757 4330 950 4395 regnat
990 4321 1050 4376 in
1092 4335 1354 4392 corpore,
1388 4335 1455 4375 ex
1489 4319 1728 4389 quinque

128 4423 371 4477 sensibus
395 4417 624 4492 pendet.
651 4415 745 4470 isti
772 4429 908 4486 ergo
935 4414 1175 4484 quinque
1204 4427 1395 4468 sensus
1423 4409 1724 4483 perimendi

1817 1939 2227 1996 delectationem
2266 1935 2541 1992 carnalem
2591 1935 2644 1988 in
2677 1939 2888 1988 secreto
2928 1928 3127 1984 mentis
3154 1924 3403 1995 nequiter

1814 2034 2022 2097 visitat,
2049 2043 2386 2100 consequens
2427 2037 2508 2084 est
2529 2034 2589 2081 ut
2619 2026 2672 2080 in
2699 2022 2982 2095 propatulo
3020 2019 3178 2074 facile
3205 2017 3260 2072 in
3285 2014 3402 2071 cul-

1815 2140 1940 2196 pam
1995 2139 2173 2193 pravae
2221 2121 2448 2175 actionis
2501 2118 2678 2173 cadat.
2752 2115 3022 2170 iubentur
3067 2125 3197 2181 ergo
3240 2121 3402 2163 omne

1817 2217 2196 2279 masculinum,
2228 2215 2393 2268 etiam
2437 2222 2490 2266 et
2518 2209 2730 2281 parvuli
2760 2216 2814 2262 et
2843 2207 3120 2270 mulieres,
3152 2216 3274 2273 qua
3313 2214 3406 2256 n0-

1816 2322 2009 2369 vcrant
2038 2313 2184 2366 viros
2220 2312 2273 2364 in
2307 2310 2473 2373 coitu,
2512 2305 2772 2378 iugulari,
2805 2302 2928 2372 quia
2961 2297 3254 2369 appetitum
3289 2300 3406 2345 tur-

1815 2419 1941 2476 pem
1985 2413 2038 2457 et
2081 2401 2498 2457 delectationem
2532 2396 2735 2459 carnis,
2768 2408 2899 2470 quae.
2920 2386 3166 2456 concepit
3205 2380 3404 2452 iniqui-

1818 2473 1983 2550 tatem
2000 2503 2051 2549 et
2065 2493 2274 2564 peperit
2287 2499 2589 2562 peccatum,
2605 2487 2820 2558 penitus
2841 2481 3188 2554 praecipimur
3202 2473 3406 2532 interﬁ—

1820 2603 1945 2643 cere
1969 2602 2030 2640 ac
2055 2585 2295 2640 funditus
2317 2583 2371 2637 in
2403 2582 2558 2636 nobis
2584 2580 2947 2648 exstinguere.
2977 2571 3196 2628 Puellas
3223 2573 3403 2622 autem

1820 2689 1875 2736 et
1896 2677 2124 2733 feminas
2154 2676 2414 2746 virgines,
2446 2673 2551 2728 hoc
2582 2680 2687 2736 est,
2711 2683 2831 2724 eam
2855 2674 3063 2736 partem
3090 2659 3402 2716 delectatio-

1821 2773 1926 2837 nis,
1942 2786 2059 2840 qure
2073 2786 2176 2823 non
2191 2767 2448 2839 proclivis
2461 2775 2546 2820 est
2564 2763 2628 2818 ad
2645 2767 2923 2831 peccatum
2935 2797 2949 2821 ,
2965 2755 3056 2810 sed
3073 2751 3243 2822 magis
3256 2763 3408 2805 exar-

1823 2864 1993 2921 descit
2017 2863 2081 2918 ad
2113 2860 2402 2933 petendum
2439 2859 2657 2919 bonum,
2700 2854 2846 2908 illam
2882 2862 3101 2904 servare
3128 2845 3404 2906 debemus,

1823 2966 2092 3029 quatenus
2125 2969 2187 3008 ea
2223 2966 2438 3021 semper
2476 2947 2844 3002 desideremus
2884 2954 3004 3010 qua:
3030 2935 3187 2990 nobis
3219 2947 3249 2987 a
3281 2947 3407 2987 con-

1823 3022 1999 3105 ditore
2011 3052 2195 3100 nostro
2212 3056 2310 3111 per
2321 3039 2631 3108 Scripturas
2645 3047 2828 3090 sacras
2843 3026 3220 3100 cognoscimus
3231 3022 3403 3094 iussa.

2423 3144 2650 3202 CAPUT
2707 3143 2794 3198 VI.

2050 3222 2127 3278 De
2163 3218 2507 3276 divisionibus
2529 3215 2720 3287 prtrdw
2746 3209 3186 3266 Madianitarnm.

1895 3316 2075 3388 (lam).
2107 3314 2338 3369 Eleazar
2364 3325 2566 3382 quoque
2599 3304 2864 3370 sacerdos,
2895 3301 2963 3355 ad
2992 3300 3127 3354 viros
3149 3293 3406 3352 exercitus

1820 3411 1910 3481 qui
1947 3414 2326 3479 pugnaverant,
2364 3404 2439 3456 sic
2483 3400 2686 3454 locutus
2712 3403 2827 3451 est:
2853 3391 2967 3447 Hoc
2996 3400 3068 3446 est
3094 3395 3407 3460 praeceptum

1822 3503 1985 3571 legis,
2029 3500 2167 3570 quod
2214 3496 2484 3551 mandavit
2536 3491 2793 3544 Dominus
2841 3483 3030 3554 Moysi.
3083 3482 3304 3542 Auram,
3359 3485 3408 3531 et

1825 3601 2123 3663 argentum,
2165 3597 2213 3642 et
2255 3605 2347 3653 ws,
2395 3594 2446 3640 et
2485 3587 2707 3654 ferrum,
2752 3590 2802 3635 et
2838 3588 3106 3639 stannum,
3139 3581 3188 3627 et
3237 3572 3411 3642 plum-

1826 3685 1948 3738 bum
1980 3722 1994 3748 ,
2063 3690 2112 3733 et
2171 3693 2321 3730 omne
2397 3677 2542 3745 quod
2590 3681 2758 3743 potest
2817 3669 3042 3722 transire
3106 3681 3196 3735 per
3253 3665 3410 3732 ﬂant-

1825 3787 1992 3837 mam,
2047 3771 2165 3839 igne
2195 3766 2508 3838 purgabitur
2553 3777 2570 3814 :
2615 3759 2871 3833 quidquid
2916 3764 3090 3812 autem
3142 3755 3412 3823 ﬂammam

1827 3881 1934 3921 non
1973 3869 2136 3935 potest
2191 3860 2470 3922 sustinere,
2523 3872 2660 3927 aqua
2707 3850 3018 3923 expiationis
3061 3841 3414 3913 sanctiﬁ-cabi-

1830 3966 1936 4011 tur.
1976 3954 2049 4008 Et
2088 3951 2327 4007 tavabitis
2367 3947 2671 4003 vestimenta
2717 3952 2888 3999 vestra
2929 3939 3015 3994 die
3052 3937 3268 4009 septimo
3295 3974 3310 4002 ,
3364 3941 3412 3987 et

1827 4045 2114 4119 puriﬁcati,
2142 4051 2322 4114 postea
2344 4047 2518 4094 castra
2543 4034 2825 4090 intrabitis.
2849 4031 3018 4103 igitur
3046 4045 3112 4084 ex
3134 4023 3417 4098 praeceptis

1831 4117 2043 4195 Domini
2063 4136 2184 4190 ﬁliis
2198 4134 2362 4191 lsrael
2375 4133 2662 4187 adversum
2680 4126 2998 4182 Madianitas
3013 4121 3149 4177 bella
3164 4117 3412 4176 confecta

1832 4241 1979 4298 sunt,
2014 4229 2184 4301 spolia
2227 4243 2293 4282 ex
2339 4225 2470 4296 ipsis
2505 4221 2725 4293 copiosa
2765 4217 3079 4273 referuntur
3113 4211 3232 4267 auri
3255 4217 3416 4281 atque

1830 4323 2073 4396 argenti,
2113 4328 2545 4386 cmtcmrumque
2593 4311 2871 4367 mobilium
2923 4305 3134 4378 pondus
3186 4303 3417 4356 immen-

1832 4429 1974 4479 sum,
2026 4412 2396 4480 iumentorum
2442 4404 2891 4475 captivorumque
2939 4409 3198 4450 numerus
3241 4390 3416 4460 pluri-

130 4523 245 4567 sunt
295 4513 368 4568 de
395 4478 596 4582 ‘regno
630 4478 1048 4562 Madianilarum
1076 4478 1106 4571 ,_
1140 4513 1201 4559 ut
1252 4504 1395 4559 ultra
1423 4478 1575 4557 —vitia
1613 4517 1721 4556 non

1832 4521 1974 4561 mus.
2008 4504 2209 4558 Verum
2254 4498 2511 4570 quoniam
2558 4501 2754 4549 cuncta
2801 4491 2918 4543 limc
2961 4483 3102 4554 apud
3141 4478 3418 4534 israelitas

2180 4593 2209 4594 η
2594 4586 2643 4594 υ·
2723 4583 2754 4594 -·
2875 4578 2885 4590 ο
2942 4576 3068 4594 Heu-
3123 4571 3417 4594 ...ειη-Μ...Δ

130 4612 349 4676 regnent
384 4616 494 4675 per
532 4614 650 4664 cos,
680 4599 774 4653 sed
793 4597 1024 4666 iustitia,
1053 4611 1152 4651 nec
1189 4596 1256 4651 ad
1301 4594 1616 4652 scandalum
1643 4595 1724 4649 vi-

131 4694 428 4768 deamque
456 4691 688 4754 vident,
717 4688 811 4744 sed
839 4689 906 4743 ad
931 4687 1362 4743 aediﬁcationem.

751 4778 980 4836 CAPUT
1019 4780 1083 4835 γ.

265 4874 372 4933 Ubi
398 4874 628 4946 Moyses
655 4871 966 4943 indignatur
1001 4879 1215 4943 propter
1243 4868 1593 4925 Madianitas.

196 4967 376 5041 (iam)
406 4964 644 5040 Egressi
668 4972 792 5018 sunt
837 4971 1012 5016 autem
1040 4961 1245 5032 Moyses
1284 4970 1334 5014 et
1385 4957 1617 5013 Eleazar
1643 4973 1730 5011 sa-

134 5064 321 5130 m,
366 5071 422 5120 et
461 5073 656 5117 omnes
711 5056 972 5127 principes
1018 5053 1309 5124 Synagoga:
1354 5052 1409 5106 in
1454 5066 1730 5107 occursum

135 5164 298 5209 cum
339 5163 498 5212 castra
556 5156 761 5205 castra.
815 5146 1100 5216 Iratusque
1152 5143 1356 5213 Moyses
1409 5143 1730 5212 principibus

136 5248 402 5314 coercitus,
426 5241 672 5300 tribunis
707 5247 764 5294 et
783 5236 1210 5301 centurionibus,
1239 5235 1330 5304 qui
1370 5243 1616 5287 venerant
1668 5233 1732 5287 de

139 5335 278 5403 bello,
316 5340 392 5394 ait
435 5351 456 5391 :
493 5335 615 5392 Cur
642 5331 866 5401 feminas
887 5326 1230 5384 reservastis?
1251 5325 1445 5379 Nonne
1474 5327 1588 5380 ista:
1609 5333 1732 5378 sunt

136 5445 244 5499 (Ila
263 5433 590 5503 deceperunt
624 5424 768 5494 ﬁlios
785 5421 958 5477 Israel
979 5420 1047 5474 ad
1072 5418 1452 5489 suggestionem
1483 5414 1729 5482 Balaam,

139 5530 188 5574 et
210 5521 558 5593 prmaricari
592 5534 686 5572 vos
719 5515 952 5586 fecerunt
989 5513 1046 5566 in
1078 5510 1304 5565 Domino
1346 5526 1502 5580 super
1527 5518 1734 5578 peccato

141 5614 375 5688 Pbogor,
407 5615 558 5673 unde
598 5622 649 5668 et
689 5626 965 5681 percussus
995 5618 1070 5662 est
1119 5605 1384 5677 populus?
1420 5605 1560 5678 Ergo
1609 5622 1737 5658 cun—

142 5719 242 5764 cm
292 5707 604 5780 interﬁcite,
659 5700 913 5773 quidquid
961 5700 1161 5771 generis
1206 5697 1524 5763 masculini,
1578 5697 1737 5750 etiam

140 5802 382 5886 mutos
405 5810 462 5860 et
481 5796 757 5864 mulieres,
789 5809 906 5868 qua:
933 5803 1185 5850 noverunt
1213 5793 1354 5849 viros
1379 5791 1433 5847 in
1466 5792 1626 5858 coitu,
1651 5789 1740 5862 ju-

1837 4594 2114 4652 immunda
2162 4593 2435 4653 dicuntur,
2485 4583 2796 4657 puriﬁcatio
2843 4576 3072 4648 singulis
3117 4571 3418 4643 quibusque

1833 4692 2149 4754 competens
2195 4680 2502 4734 adhibetur.
2553 4675 2620 4728 Et
2643 4689 2708 4728 ea
2737 4669 2954 4740 quidem
2991 4680 3111 4735 quae
3136 4679 3202 4719 ex
3231 4661 3421 4718 mctal-

1833 4778 1902 4832 lis
1953 4752 2233 4836 constant,
2282 4768 2423 4840 ignis
2467 4764 2760 4836 puriﬁcat;
2818 4774 2938 4831 qum
2972 4772 3103 4812 vero
3144 4752 3420 4826 fragiliora

1836 4877 1961 4924 sunt
1994 4873 2049 4921 et
2077 4865 2257 4934 ignem
2286 4877 2393 4916 non
2427 4858 2630 4922 ferunt,
2660 4869 2797 4924 aqua
2831 4849 3107 4924 puriﬂeari
3137 4847 3416 4918 iubentur.

1839 4958 2000 5013 Fiant
2029 4971 2159 5026 ergo
2187 4968 2254 5010 ex
2282 4951 2534 5009 omnibus
2566 4947 2750 5018 spoliis
2779 4943 3014 5013 aequales
3045 4943 3166 4996 dum
3192 4945 3416 5010 partes;

1835 5059 1897 5106 ut
1925 5064 2030 5104 una
2055 5049 2126 5103 sit
2150 5061 2339 5102 eorum
2365 5044 2457 5113 qui
2483 5041 2549 5096 ad
2581 5038 2775 5094 bellum
2799 5040 3178 5108 processerant
3208 5030 3286 5102 [et
3310 5045 3417 5084 una

1835 5143 2045 5215 eorum]
2095 5141 2187 5210 qui
2231 5141 2284 5193 in
2328 5137 2524 5193 castris
2571 5133 2910 5189 resederunt.
2954 5129 3222 5183 iubentur
3251 5125 3414 5178 etiam
3513 5151 3516 5154 ~

1833 5251 1901 5291 ex
1929 5235 2014 5289 his
2042 5231 2239 5286 offerre
2268 5231 2325 5284 in
2355 5230 2493 5284 dona
2517 5226 2632 5290 Dei,
2669 5223 2742 5278 illi
2770 5223 2987 5293 quidem
3016 5217 3106 5287 qui
3144 5225 3422 5284 processe-

1834 5335 1962 5383 rant
1988 5325 2055 5379 ad
2083 5324 2306 5387 bellum,
2335 5334 2501 5375 unum
2538 5324 2700 5387 caput
2725 5331 2790 5370 ex
2817 5309 3154 5383 quingentis;
3184 5303 3260 5358 illi
3289 5316 3420 5356 vero

1838 5420 1929 5492 qui
1963 5419 2018 5473 in
2049 5415 2246 5472 castris
2289 5419 2624 5475 manserant,
2663 5422 2831 5464 unum
2873 5419 2940 5457 ex
2986 5395 3416 5470 quinquaginta:

1838 5523 2001 5584 atque
2031 5509 2270 5566 omnium
2301 5505 2456 5562 simul
2484 5505 2537 5559 in
2568 5517 2733 5557 unum
2757 5496 3011 5552 collectus
3037 5503 3298 5546 numerus
3327 5503 3418 5542 re-

1838 5579 2030 5659 fertur.
2073 5599 2199 5654 Haec
2233 5607 2315 5654 est
2339 5596 2567 5652 historia
2597 5586 2963 5648 continentiae.
3004 5581 3112 5638 Sed
3139 5579 3417 5635 videamus

1840 5695 1968 5764 quid
2009 5693 2061 5745 in
2095 5689 2179 5745 his
2210 5704 2401 5754 sensus
2437 5686 2642 5742 indicet
2669 5675 2927 5749 spiritalis
2966 5675 3022 5729 in
3069 5669 3267 5744 populo
3300 5669 3418 5764 Dei.

1842 5763 1978 5846 Sunt
2001 5783 2231 5859 quidam,
2265 5782 2407 5841 sicut
2428 5773 2716 5850 Apostolus
2747 5768 2898 5840 dicit,
2927 5767 3017 5845 qui
3036 5764 3264 5825 militant
3286 5763 3419 5832 Deo,
