3890 6340
161 342 241 402 80l
837 315 1373 384 ENARRATIONES
1411 319 1477 378 IN
1516 317 1777 377 LIBRUM
1803 311 2276 375 ‘NUMEROIIUM.
2315 327 2400 358 -—~'
2425 313 2554 372 LIB.
2591 315 2680 373 IV.

3286 319 3399 376 ωε

160 466 340 528 ignem;
367 455 561 517 etquae
580 459 677 517 per
702 437 1034 512 aquaaqua-
1055 451 1266 507 aquam.
1293 431 1727 502 Uniuscujusque
1754 431 1806 492 Α
1831 427 1976 482 bitur
2003 430 2060 483 in
2084 442 2252 528 regno
2281 429 2396 528 Dei,
2441 437 2503 482 ut
2537 428 2861 528 puriticatus
2907 435 2963 483 et
3003 427 3240 528 mundus
3279 431 3408 488 eire-

158 523 280 600 enim
295 554 428 611 opus
455 535 612 607 quale
629 535 697 588 sit
712 533 852 602 ignis
869 529 1136 602 probabit.
1151 527 1446 596 Propterea
1467 537 1594 594 ergo
1611 523 1687 575 ait
1707 538 1719 574 :

103 683 107 686 .
160 634 271 690 Ha’c
307 640 381 686 est
421 625 740 699 justiﬁcatio
789 623 915 694 legis
957 637 1114 691 quam
1159 618 1424 672 constituit
1466 614 1726 669 Dominus

159 724 325 796 Moysi.
360 723 586 781 Aurum,
632 727 682 773 et
711 724 1004 788 argentum,
1044 722 1091 768 et
1123 717 1488 775 wramentum,
1529 719 1578 762 et
1617 707 1726 776 fer-

160 835 279 883 rum,
306 825 348 869 et
375 812 670 887 plumbum,
701 819 748 864 et
782 819 1052 873 stannum,
1089 804 1257 859 omnis
1282 819 1362 857 res
1387 815 1503 873 qua:
1535 797 1728 853 transit

157 927 234 982 per
253 909 445 977 ignem,
468 903 790 958 transdu—cite
823 916 916 971 per
951 899 1122 968 ignem
1153 905 1200 950 et
1228 893 1587 949 mandabitur.
1623 888 1727 944 Sed

159 1002 203 1054 in
225 1013 348 1069 aqua
373 993 760 1068 puriﬁcationis
795 990 1216 1064 puriﬁcabuntur
1244 987 1439 1041 omnia.
1473 984 1729 1049 Quwcun-

105 1072 107 1074 ’
158 1105 242 1160 que
270 1105 368 1142 non
397 1092 674 1141 transeunt
713 1099 806 1155 per
847 1084 1042 1153 ignem,
1077 1077 1374 1134 transibunt
1396 1093 1490 1149 per
1511 1089 1722 1146 aquam.

161 1179 220 1234 Et
247 1180 483 1234 lavabitis
509 1177 815 1232 vestimenta
856 1183 1026 1229 vestra
1064 1173 1148 1228 die
1188 1173 1430 1242 septima,
1465 1178 1513 1223 et
1541 1164 1726 1221 mundi

159 1273 307 1338 eritis,
338 1281 385 1325 et
416 1277 530 1341 post
561 1269 671 1323 hate
711 1268 990 1322 introibitis
1031 1267 1085 1319 in
1133 1273 1326 1319 castra.
1377 1261 1544 1316 Vides
1589 1275 1727 1330 quo-

160 1362 303 1416 modo
330 1361 709 1432 puriﬁcatione
733 1359 937 1428 indiget
965 1357 1142 1411 omnis
1166 1355 1255 1424 qui
1290 1353 1482 1408 exierit
1505 1351 1571 1407 de
1591 1365 1732 1421 prae-

160 1454 223 1508 lia)
249 1457 378 1521 vita:
396 1453 575 1523 hujus.
607 1451 762 1520 Quod
799 1449 845 1505 si
883 1451 958 1505 ita
1003 1457 1109 1513 est,
1157 1455 1216 1501 ut
1258 1445 1459 1516 aliquid
1503 1445 1732 1498 audeam

159 1543 326 1600 dicere
355 1544 655 1620 secundum
679 1541 977 1612 Scriptura:
1003 1537 1405 1602 auctoritatem,
1436 1535 1613 1591 omnis
1641 1533 1734 1604 qui

161 1635 265 1689 exit
291 1635 357 1690 de
380 1635 486 1690 bac
507 1635 618 1688 vita
648 1648 758 1687 non
794 1637 973 1702 potest
1002 1645 1123 1684 esse
1151 1629 1403 1683 mundus.
1437 1626 1734 1683 Considera

155 1723 292 1778 enim
317 1715 604 1796 diligenter
635 1721 767 1792 quid
808 1721 1011 1775 indicet
1049 1717 1294 1772 historiae
1333 1725 1534 1771 textus.
1575 1714 1736 1770 Exie-

1825 527 1947 572 ctus
1978 520 2150 588 possit
2183 519 2388 589 ingredi
2413 528 2654 574 sanctam
2682 520 2960 573 civitatem
2989 519 3106 585 Dei,
3136 521 3409 590 aperiente

1825 609 1928 664 sibi
1954 611 2151 664 ostium
2180 609 2307 664 Jesu
2331 609 2548 665 Christo
2576 610 2807 664 Domino
2841 617 3048 673 nostro,
3078 611 3187 665 imo
3211 611 3306 680 qui
3331 621 3415 669 est

1825 707 1882 752 et
1923 699 2123 754 ostium
2170 699 2410 753 civitatis
2463 698 2632 769 ipsius
2677 698 2793 752 Dei.
2849 697 3148 768 Sequitur:
3179 699 3415 772 Cumque

1826 789 2162 842 accessissent
2191 788 2450 858 principes
2479 788 2736 841 exercitus
2770 787 2839 841 ad
2869 787 3108 859 Moysen,
3139 799 3190 844 et
3214 791 3416 848 tribuni

1826 879 2258 949 centurionesque
2299 879 2546 932 dixerunt
2581 893 2601 933 :
2634 878 2748 934 Nos
2781 880 2915 934 servi
2953 881 3032 934 tui
3061 882 3414 939 recensuimus

1827 987 2102 1026 numerum
2141 979 2495 1042 pugnatorum
2536 986 2663 1040 quos
2703 970 2980 1025 habuimus
3009 971 3103 1026 sub
3127 987 3290 1027 manu
3321 989 3417 1027 nov

1825 1077 1956 1133 stra,
1981 1077 2033 1122 et
2067 1083 2130 1121 ne
2155 1083 2294 1120 unus
2322 1064 2536 1136 quidem
2556 1063 2743 1134 defuit.
2775 1062 2852 1118 Ob
2879 1065 3016 1120 hanc
3045 1082 3263 1120 causam
3285 1067 3416 1136 οπο*

1827 1161 1992 1214 rimus
2038 1160 2098 1212 in
2143 1157 2382 1212 donariis
2430 1155 2649 1211 Domini
2703 1153 2900 1228 singuli
2953 1157 3091 1226 quod
3129 1157 3185 1212 in
3226 1156 3411 1227 prada

1829 1253 1950 1308 auri
1984 1253 2249 1324 potuimus
2277 1248 2535 1315 invenire,
2572 1246 2904 1318 periscelides
2935 1256 2985 1302 et
3020 1247 3282 1314 armillas,
3317 1265 3417 1303 an—

1831 1343 1984 1398 nulos
2009 1351 2057 1397 et
2089 1339 2372 1407 dextralia,
2408 1356 2472 1393 ac
2513 1336 2863 1403 murwnulas,
2905 1345 2962 1391 ut
3001 1337 3290 1407 depreceris
3317 1353 3413 1407 pro

1834 1435 1981 1489 nobis
2022 1433 2326 1487 Dominum.
2366 1429 2818 1500 Susceperuntque
2857 1426 3065 1497 Moyses
3101 1436 3149 1480 et
3191 1425 3421 1482 Eleazar

1833 1524 2080 1579 sacerdos
2104 1538 2256 1577 omne
2279 1535 2472 1575 auram
2505 1521 2566 1574 in
2591 1518 2810 1573 diversis
2843 1518 3110 1588 speciebus
3133 1516 3306 1586 pondo
3341 1532 3422 1570 se-

1834 1613 2002 1668 decim
2042 1611 2210 1666 millia
2241 1613 2589 1682 septingentos
2618 1609 3002 1681 quinquaginta
3031 1605 3209 1671 siclos,
3253 1623 3288 1659 α
3322 1606 3420 1662 tri-

1839 1702 1989 1757 bunis
2027 1712 2077 1756 et
2120 1701 2534 1757 centurionibus.
2588 1697 2958 1770 Unusquisque
3006 1698 3148 1752 enim
3186 1696 3326 1767 quod
3368 1695 3425 1750 in

151 1822 278 1868 runt'
303 1812 395 1869 isti
413 1779 670 1884 pugnare
686 1826 790 1882 pro
813 1809 938 1865 ﬁliis
968 1809 1156 1875 Israel,
1197 1806 1585 1863 interfecerunt
1622 1801 1735 1858 Ma-
1760 1779 1809 1842 Β
1835 1794 2020 1865 prmia
2044 1801 2315 1884 rapuerat,
2353 1809 2510 1848 suum
2540 1802 2674 1884 erat.
2705 1791 2778 1846 Et
2800 1798 3102 1884 susceptum
3129 1788 3423 1884 intulerunt

146 1905 400 1961 dianitas.
439 1899 834 1958 luterﬁcientes
879 1910 1059 1956 autem
1100 1915 1211 1966 eos,
1261 1907 1521 1968 quantum
1550 1897 1618 1951 ad
1652 1893 1737 1952 hi-

142 1997 328 2052 storiae
355 1995 608 2050 ordinem
645 1999 854 2062 spectat
885 1999 940 2046 et
968 1991 1200 2045 litteram
1229 1987 1388 2061 legis,
1419 1989 1738 2058 placuerunt

141 2086 279 2152 Deo,
317 2085 656 2140 voluntatem
695 2097 928 2152 namque
972 2081 1068 2136 Dei
1112 2081 1507 2152 impleverunt;
1552 2087 1735 2133 tamen

142 2175 248 2229 hoc
289 2176 408 2243 ipso
454 2174 595 2242 quod
624 2172 998 2227 interfecerint
1048 2173 1411 2236 adversarios,
1469 2169 1735 2225 immundi

146 2263 398 2318 dicuntur
453 2260 663 2326 effecti;
710 2270 765 2315 et
801 2270 1095 2331 pr0pterea
1143 2261 1344 2315 dicitur
1389 2260 1456 2315 ad
1504 2275 1633 2315 eos:
1665 2258 1736 2315 Et

152 2350 390 2407 lavabitis
410 2352 712 2406 vestimenta
741 2360 910 2406 vestra
933 2352 1016 2406 die
1036 2353 1341 2422 septima,et
1364 2352 1546 2406 mundi
1567 2352 1734 2417 eritis,

156 2456 201 2500 et
223 2453 336 2516 post
370 2449 480 2499 ἠως
504 2444 783 2498 introibitis
805 2447 858 2499 in
882 2455 1079 2499 castra.
1109 2445 1250 2514 Ergo
1278 2445 1334 2500 hi
1361 2446 1453 2514 qui
1472 2451 1734 2515 pugnant,

156 2548 249 2606 pro
277 2549 341 2589 eo
373 2535 489 2605 ipso
529 2533 672 2603 quod
704 2535 1045 2605 contigerant
1091 2537 1276 2591 hostes
1313 2535 1644 2602 innuundos,
1684 2543 1739 2591 et

159 2623 291 2696 quod
333 2625 612 2696 congressi
660 2635 787 2680 sunt
826 2635 1016 2680 contra
1060 2641 1154 2683 eos
1200 2635 1254 2682 et
1295 2627 1585 2682 habuerint
1615 2641 1739 2682 cum

158 2717 230 2772 eis
255 2726 557 2783 certamen,
597 2717 785 2789 polluti
810 2727 952 2773 sunt.
991 2719 1059 2774 Et
1101 2736 1201 2791 ego
1235 2736 1365 2792 ergo
1395 2723 1560 2776 etiam
1595 2721 1741 2792 cogi-

161 2809 384 2876 taliones
428 2809 742 2865 immundus
779 2819 834 2864 et
872 2810 1046 2865 malas
1083 2826 1218 2881 quas
1250 2811 1398 2867 cordi
1428 2809 1589 2866 modo
1619 2826 1742 2882 sug-

158 2901 305 2972 gerit,
351 2902 440 2958 vel
484 2903 751 2973 repellere
789 2904 1069 2960 venientes
1110 2903 1195 2959 vel
1234 2905 1506 2974 ingressas
1546 2919 1742 2959 necare

158 2991 291 3048 intra
326 3009 436 3058 me,
486 3007 558 3047 ne
588 2993 655 3048 ad
681 2994 931 3049 eilectum
957 2995 1298 3065 perveniant,
1334 3009 1553 3066 operam
1579 2993 1737 3050 dabo.

158 3079 252 3150 Qui
285 3099 454 3151 vero,
487 3085 592 3139 etsi
626 3085 838 3140 calcare
867 3095 1094 3157 potuero
1134 3087 1297 3157 caput
1324 3085 1603 3152 draconis,
1637 3087 1739 3142 hoc

1835 1885 1894 1938 in
1933 1882 2334 1938 tabernaculum
2370 1882 2670 1946 testimonii,
2717 1891 2826 1938 etc.
2873 1881 2992 1936 Alia
3039 1889 3221 1936 autem
3260 1879 3426 1938 editio

1837 1974 1920 2029 sic
1947 1974 2151 2029 habet:
2184 1973 2525 2028 Accesserant
2549 1972 2619 2027 ad
2657 1971 2876 2042 Moysen
2904 1987 3079 2026 omnes
3105 1971 3197 2041 qui
3233 1973 3428 2026 consti-

1837 2067 1942 2118 tuti
1972 2073 2124 2120 erant
2159 2066 2420 2136 principes
2459 2080 2551 2131 per
2587 2063 2753 2120 tribus
2791 2065 2848 2116 in
2874 2063 3128 2128 exercitu,
3160 2061 3356 2116 tribuni
3375 2069 3426 2118 et

1838 2158 2191 2222 centuriones,
2222 2167 2270 2212 et
2295 2156 2544 2211 dixerunt
2587 2157 2656 2210 ad
2695 2155 2955 2227 Moysen:
2987 2154 3102 2211 Nos
3137 2155 3286 2225 pueri
3322 2152 3429 2208 col-

1837 2252 2055 2323 legimus
2105 2267 2370 2307 summam
2402 2251 2636 2306 virorum
2674 2249 2988 2304 bellatorum
3022 2255 3344 2313 nostrorum,
3379 2256 3430 2304 et

1839 2362 1942 2399 non
1965 2343 2211 2399 dissensit
2242 2359 2307 2397 ex
2331 2341 2480 2397 nobis
2501 2342 2798 2412 quicquam.
2827 2339 2897 2394 Et
2922 2339 3209 2395 obtulimus
3237 2355 3428 2395 munus

1839 2438 2064 2492 Domino
2083 2477 2097 2504 ,
2134 2423 2487 2508 unusquisque
2508 2434 2588 2487 vir
2612 2432 2959 2504 quodcunque
2981 2432 3198 2495 invenit,
3225 2447 3314 2485 uas
3337 2446 3431 2486 auc

1840 2543 2006 2593 reum,
2024 2538 2256 2598 torquem
2285 2536 2376 2581 aut
2397 2525 2632 2597 phialam
2655 2541 2896 2590 auream,
2914 2534 3008 2578 aut
3028 2523 3308 2588 annulum,
3333 2532 3427 2580 aut

1839 2619 2097 2686 dextrale,
2133 2628 2224 2673 aut
2263 2617 2584 2684 catenulam,
2623 2617 2693 2670 ad
2730 2616 3122 2686 propitiandum
3154 2629 3250 2683 pro
3282 2613 3430 2668 nobis

1841 2726 2019 2765 coram
2065 2710 2313 2765 Domino.
2353 2709 2452 2764 Est
2489 2723 2620 2777 ergo
2661 2706 2947 2762 diversitas
2979 2705 3150 2759 multa
3179 2705 3233 2758 in
3259 2719 3325 2758 eo
3346 2715 3435 2759 or-

1841 2802 1987 2868 dine,
2022 2803 2116 2872 qui
2149 2802 2443 2857 bellatores
2471 2801 2834 2870 appellantur.
2880 2797 2989 2853 Sed
3026 2807 3083 2853 et
3119 2798 3262 2851 inter
3288 2797 3434 2866 ipsos

1843 2896 2089 2952 imbelles
2143 2904 2228 2951 est
2285 2896 2637 2950 nihilominus
2692 2893 2890 2963 aliqua
2931 2888 3262 2944 diiierenti'a.
3319 2885 3434 2942 Nec

1842 2989 1988 3042 enim
2031 2988 2133 3058 ipsi
2172 2987 2456 3056 aequaliter
2479 2993 2533 3041 et
2563 2999 2673 3041 uno
2709 2983 2904 3040 ordine
2939 2995 3128 3038 omnes
3163 2978 3437 3052 appellan-

1843 3086 1934 3134 tur
1961 3078 2223 3135 imbelles.
2248 3077 2481 3146 Quidam
2505 3079 2650 3133 enim
2681 3077 2757 3130 ita
2781 3074 3030 3130 imbelles
3059 3080 3189 3129 sunt
3209 3081 3272 3127 ut
3297 3085 3438 3128 nun-

156 3173 263 3244 ipso
306 3184 490 3232 tamen
515 3176 680 3247 pollui
711 3194 798 3233 me
824 3139 1176 3249 etrinquinari
1200 3139 1440 3235 ‘nccesse
1482 3187 1586 3244 est,
1606 3184 1608 3186 '
1629 3193 1737 3250 quo
1765 3139 1811 3205 θ
1844 3185 2008 3242 quam
2032 3171 2242 3241 possint
2279 3170 2396 3224 ﬁeri
2423 3170 2736 3235 bellatores,
2769 3169 2824 3223 id
2854 3174 2959 3233 est,
2999 3165 3185 3222 senilis
3207 3173 3360 3231 mtas,
3381 3172 3440 3224 et

156 3279 266 3321 eum
297 3277 351 3325 et
382 3272 475 3340 qui
510 3269 746 3340 pollutus
773 3279 827 3325 et
854 3271 1169 3342 inquinatus
1210 3281 1311 3339 est,
1357 3273 1569 3328 calcare
1607 3285 1737 3327 con-

158 3360 313 3414 tendi.
348 3359 418 3417 Et
439 3377 538 3417 ero
569 3363 784 3432 quidem
824 3363 1035 3429 beatus,
1083 3365 1208 3434 quia
1250 3365 1464 3420 calcare
1493 3381 1615 3419 eum
1643 3378 1738 3435 po-

155 3449 258 3514 tui;
292 3451 609 3505 immundus
639 3461 823 3505 tamen
871 3468 989 3506 sum
1027 3462 1081 3506 et
1123 3453 1377 3523 pollutus,
1427 3453 1516 3522 qui
1556 3454 1734 3523 pollu-

155 3543 262 3592 tum
294 3540 528 3609 conligi,
558 3548 613 3594 et
639 3541 706 3596 ob
743 3541 846 3594 hoc
871 3540 1249 3610 puriﬁcatione
1275 3556 1423 3611 egeo.
1449 3541 1659 3596 Idcirco
1684 3551 1740 3598 et

155 3631 409 3687 nimirum
435 3631 718 3703 Scriptura
745 3633 896 3698 dicit,
923 3633 1046 3703 quia
1071 3647 1229 3688 nemo
1249 3635 1481 3688 mundus
1505 3649 1533 3686 a
1559 3634 1738 3688 sorde.

153 3721 348 3780 Omnes
396 3740 530 3794 ergo
575 3725 951 3794 puriﬁcatione
981 3725 1309 3798 indigemus,
1351 3726 1459 3780 imo
1486 3725 1743 3795 puriﬁca-

150 3813 412 3869 tionihus.
459 3813 640 3868 Multae
679 3816 823 3869 enim
858 3824 914 3870 et
943 3817 1171 3870 diversae
1218 3832 1316 3871 nos
1363 3824 1589 3871 manent
1636 3831 1740 3887 pu-

147 3905 508 3961 riﬁcationes.
563 3903 674 3960 Sed
716 3907 944 3977 mystica
989 3909 1107 3962 hmo
1152 3913 1279 3962 sunt
1327 3918 1382 3962 et
1426 3906 1739 3963 ineil'abilia.

149 3993 276 4063 Quis
300 3995 455 4050 enim
486 3993 647 4049 nobis
675 3993 935 4050 enarrare
962 3995 1162 4066 poterit
1187 4009 1307 4065 quae
1335 4007 1464 4052 sunt
1489 3995 1744 4066 puriﬁca-

155 4085 324 4141 tiones
353 4099 481 4155 qum
514 4093 783 4154 parantur
810 4085 977 4140 Paulo
1003 4085 1088 4140 vel
1122 4086 1305 4152 Petro,
1353 4087 1438 4142 vel
1488 4087 1608 4142 aliis
1649 4081 1746 4143 ho"

156 4193 267 4233 rum
297 4176 593 4242 similibus,
629 4177 720 4248 qui
749 4187 956 4233 tantum
991 4189 1390 4250 pugnaverunt,
1436 4187 1518 4236 tot
1554 4188 1744 4251 gentes

160 4269 488 4334 deleverunt,
534 4277 683 4324 tanta
730 4269 926 4340 spolia,
975 4276 1056 4325 tot
1083 4271 1267 4325 hostes
1305 4279 1741 4340 prostraverunt,

161 4368 233 4415 tot
269 4361 582 4430 triumphos
622 4368 909 4430 coeperunt
935 4380 947 4415 :
974 4362 1065 4432 qui
1112 4362 1354 4418 cruentis
1401 4367 1650 4419 manibus
1678 4365 1744 4420 de

161 4455 296 4511 caede
339 4454 584 4510 hostium
633 4453 861 4508 redeunt
906 4455 1206 4528 :ﬁquorum
1256 4468 1353 4524 pes
1406 4456 1609 4512 tinctus
1658 4465 1744 4512 est

163 4544 214 4600 in
247 4547 545 4618 sanguine,
594 4553 652 4602 et
691 4561 886 4601 manus
927 4560 1054 4602 suas
1097 4545 1346 4602 laverunt
1382 4547 1440 4602 in
1477 4548 1744 4619 sanguine

163 4635 542 4702 peccatorum?
609 4632 1010 4690 Interfecerunt
1073 4637 1271 4707 quippe
1335 4635 1390 4691 in
1459 4638 1744 4693 matutinis

164 4735 339 4782 omnes
382 4733 708 4796 peceatores
761 4732 943 4791 terrae,
988 4733 1045 4780 et
1091 4726 1380 4797 imaginem
1424 4740 1612 4781 eorum
1651 4742 1746 4782 ex-

167 4820 589 4875 terminaverunt
632 4819 698 4872 de
735 4817 959 4874 civitate
987 4819 1222 4874 Domini.
1254 4819 1518 4874 Vicerunt
1545 4820 1748 4890 quippe

167 4917 217 4964 et
269 4915 626 4981 peremerunt
690 4909 932 4965 diversas
997 4911 1302 4966 dmmonum
1359 4920 1566 4981 gentes.
1630 4911 1746 4968 Nisi

168 5001 298 5056 enim
337 5003 604 5058 vicissent
643 5015 766 5066 eas,
815 5014 922 5055 non
969 5002 1272 5071 potuissent
1315 5019 1511 5073 capere
1554 5018 1619 5058 ex
1669 5002 1749 5058 eis

171 5093 416 5161 captivos,
469 5106 699 5149 omnem
745 5093 892 5147 hunc
937 5092 1274 5146 credentium
1328 5109 1636 5160 numerum,
1695 5103 1753 5150 et

169 5187 450 5252 perducere
499 5200 602 5241 eos
646 5184 712 5239 ad
753 5183 1114 5238 obedientiam
1159 5183 1363 5238 Christi
1414 5193 1468 5239 et
1519 5188 1750 5242 subdere

173 5277 257 5332 eos
283 5276 407 5348 iugo
437 5279 558 5348 ejus
592 5277 770 5343 suavi,
801 5285 856 5332 et
890 5278 1171 5347 imponere
1200 5278 1278 5332 eis
1307 5292 1442 5332 onus
1471 5276 1584 5345 ejus
1613 5279 1747 5334 leve.

175 5364 293 5432 Quis
315 5385 444 5442 ergo
464 5371 542 5426 ita
563 5371 764 5426 beatus
787 5377 889 5435 est,
918 5369 1010 5438 qui
1038 5370 1292 5424 succedat
1317 5368 1395 5423 eis
1424 5369 1480 5422 in
1509 5368 1592 5423 his
1613 5384 1751 5438 prae-

180 5455 276 5525 liis,
312 5471 364 5517 et
388 5461 686 5517 interﬁciat
729 5474 918 5515 omnes
959 5459 1300 5525 Madianitas,
1347 5467 1402 5515 et
1425 5460 1754 5530 justiﬁcetur

180 5566 237 5605 ex
283 5556 544 5626 sanguine
598 5555 823 5608 eorum?
872 5551 1204 5621 Sanguinem
1253 5553 1398 5606 enim
1449 5555 1752 5610 ti:l‘lllOﬂlllll

183 5637 393 5700 fundere
432 5645 658 5710 dicitur,
691 5644 783 5712 qui
809 5643 970 5712 eripit
1001 5659 1094 5698 eos
1123 5645 1320 5712 quibus
1346 5643 1422 5699 illi
1459 5644 1751 5701 dominan-

184 5736 283 5787 tur.
327 5733 626 5791 Lavabitur
671 5741 851 5792 autem
889 5735 958 5788 ab
1001 5735 1104 5793 hoc
1140 5736 1404 5806 sanguine
1429 5745 1484 5793 et
1508 5737 1757 5810 puriﬁca-

1840 3268 2018 3322 omnis
2059 3265 2327 3321 femineus
2369 3280 2548 3328 sexus,
2578 3272 2634 3318 et
2658 3262 2898 3318 conditio
2929 3260 3165 3316 servilis.
3203 3259 3439 3316 Puerilis

1839 3376 1970 3417 vero
2006 3369 2140 3417 mtas
2174 3361 2248 3415 ita
2282 3359 2515 3415 imbellis
2550 3366 2655 3425 est,
2697 3365 2758 3413 ut
2788 3371 2941 3428 spem
2969 3364 3124 3427 gerat
3151 3353 3440 3424 aliquando

1835 3453 1961 3508 ﬁeri
1989 3454 2260 3508 bellatrix.
2292 3452 2514 3508 Scilicet
2536 3467 2662 3507 cum
2689 3451 2996 3506 occurrerit
3021 3450 3079 3503 in
3109 3450 3287 3503 virum
3316 3461 3439 3518 per-

1843 3544 2064 3608 fectum,
2103 3545 2157 3597 in
2191 3557 2506 3597 mensuram
2548 3539 2746 3605 aetatis,
2775 3550 2906 3594 tunc
2941 3553 3050 3591 non
3077 3537 3249 3592 solum
3275 3536 3442 3591 bella-

1844 3641 1992 3686 tores
2028 3649 2094 3686 ex
2134 3633 2318 3702 pueris
2348 3633 2488 3697 ﬁeri,
2531 3631 2627 3685 sed
2654 3638 2708 3685 et
2737 3631 2791 3684 in
2818 3643 3086 3683 summam
3116 3627 3441 3682 bellatorum

1845 3721 2034 3776 venire
2062 3737 2120 3776 se
2147 3729 2370 3791 sperant
2395 3730 2449 3776 et
2476 3733 2598 3774 esse
2621 3721 2802 3784 electi,
2842 3727 2899 3773 et
2925 3719 2980 3772 in
3009 3717 3292 3772 duodecim
3318 3715 3444 3771 mil-

1844 3811 1988 3868 libus
2011 3811 2312 3878 numerari,
2352 3810 2438 3865 vel
2461 3810 2635 3865 etiam
2658 3811 2745 3867 his
2774 3810 3020 3882 praeferri
3049 3819 3103 3865 et
3130 3823 3252 3864 esse
3284 3811 3441 3880 prin.

1847 3907 1998 3975 cipes
2043 3903 2364 3960 electorum.
2409 3904 2708 3959 Considera
2752 3917 2898 3957 nunc
2936 3902 3223 3973 praesentis
3259 3902 3442 3957 saeculi

1847 4003 2084 4060 statum,
2121 4001 2180 4048 et
2217 3993 2344 4047 vide
2393 3992 2577 4047 omnia
2630 3991 2786 4049 bellis
2841 3993 3069 4062 repleta,
3120 4005 3444 4062 omnemque

1851 4089 2148 4142 humanam
2181 4086 2348 4138 vitam
2373 4084 2736 4140 invisibilibus
2758 4085 2960 4156 prteliis
2999 4092 3056 4138 et
3086 4084 3444 4155 impugnatio-

1848 4179 2010 4233 nibus
2041 4177 2352 4232 daemonum
2380 4177 2701 4247 perurgeri;
2732 4177 2787 4230 in
2815 4175 3020 4247 populo
3043 4191 3171 4231 vero
3198 4175 3294 4232 Dei
3319 4190 3442 4233 esse

1849 4272 2112 4342 quosdam
2158 4271 2232 4324 ita
2281 4271 2570 4335 robustos,
2617 4269 2722 4324 ﬁde
2769 4279 3010 4325 armatos
3040 4277 3094 4323 et
3122 4269 3438 4335 virtutibus,

1847 4372 1908 4417 ut
1944 4363 2235 4417 adversum
2262 4360 2571 4430 hujusmodi
2600 4361 2852 4416 homines
2875 4360 3117 4430 quotidie
3142 4359 3281 4412 bella
3310 4373 3438 4414 con-

1851 4454 2056 4521 ﬁciant,
2103 4461 2160 4508 et
2197 4467 2412 4523 semper
2440 4453 2497 4507 in
2527 4452 2814 4523 procinctu
2853 4450 3064 4520 positos
3107 4463 3218 4504 non
3266 4451 3442 4507 solum

1849 4545 2197 4615 semetipsos,
2235 4545 2331 4599 sed
2356 4550 2412 4598 et
2439 4550 2669 4598 caeteros
2709 4542 2801 4612 qui
2840 4541 2925 4596 vel
2962 4555 3062 4611 per
3102 4555 3313 4608 sexum,
3358 4543 3444 4600 vel

1847 4652 1948 4709 per
1969 4645 2210 4701 aetatem,
2246 4634 2332 4688 vel
2358 4649 2454 4704 per
2476 4633 2759 4688 servitutis
2797 4632 3164 4689 conditionem
3204 4649 3444 4706 pugnare

1851 4743 1959 4782 non
2007 4733 2256 4796 possunt,
2300 4726 2368 4780 ab
2407 4725 2646 4779 hostium
2681 4731 2954 4780 tueantur
2996 4725 3228 4793 insidiis,
3278 4728 3444 4784 verbo

1851 4818 2115 4873 doctrina:
2158 4831 2252 4871 eos
2301 4815 2659 4886 exemploque
2701 4815 2829 4871 vitae
2870 4823 2926 4871 et
2955 4820 3440 4875 commonitionum

1851 4909 2138 4965 sedulitate
2185 4908 2509 4972 munientes,
2543 4908 2587 4962 si
2622 4916 2804 4963 tamen
2844 4924 2951 4963 non
2987 4911 3124 4966 desit
3151 4911 3231 4965 eis
3267 4910 3440 4975 ﬁdes;

1857 5005 1970 5060 sive
1994 5003 2140 5058 enim
2171 5003 2482 5066 bellatores,
2524 5003 2637 5058 sive
2683 5002 2947 5069 imbelles,
2999 5003 3332 5074 impossibile
3356 5011 3442 5060 est

1856 5095 2057 5152 salvari
2089 5096 2207 5150 sine
2233 5093 2339 5149 ﬁde
2367 5110 2381 5158 ;
2415 5093 2559 5148 inter
2588 5094 2732 5165 ipsos
2758 5103 2939 5151 tamen
2982 5096 3274 5151 bellatores
3313 5109 3437 5150 esse

1859 5189 2123 5244 duntaxat
2151 5187 2242 5256 qui
2273 5185 2505 5240 militant
2532 5186 2662 5242 Deo.
2705 5187 3002 5244 Considera
3042 5189 3176 5242 alios
3213 5189 3288 5241 ita
3319 5201 3442 5244 esse

1855 5279 2159 5350 expeditos,
2186 5285 2245 5332 ut
2268 5277 2430 5332 nullis
2457 5293 2516 5334 se
2542 5278 2822 5349 implicent
2841 5281 3062 5334 omnino
3088 5278 3439 5336 saecularibus

1858 5369 2112 5441 negotiis,
2143 5377 2202 5423 ut
2233 5369 2448 5439 placere
2477 5372 2688 5442 possint
2727 5373 2777 5427 ei
2812 5372 2902 5441 qui
2945 5387 3004 5425 se
3037 5371 3303 5441 probavit,
3345 5373 3442 5429 sed

1860 5464 1914 5519 in
1953 5461 2068 5534 lege
2097 5463 2191 5518 Dei
2229 5464 2476 5519 meditari
2511 5466 2597 5521 die
2632 5482 2694 5519 ae
2725 5473 2900 5518 nocte.
2930 5463 3020 5518 Isti
3052 5480 3180 5535 ergo
3217 5464 3307 5532 qui
3339 5464 3442 5520 hu-

1853 5553 2157 5624 juscemodi
2185 5561 2331 5619 sunt,
2369 5569 2576 5609 summa
2607 5554 2925 5608 bellatorum
2958 5553 3315 5622 appellantur.
3340 5553 3436 5609 Isti

1859 5655 1985 5702 sunt
2008 5647 2096 5716 qui
2125 5647 2241 5701 auri
2258 5646 2548 5716 plurimum
2577 5643 2862 5714 pugnando
2887 5651 3168 5712 ceperunt,
3197 5652 3252 5698 et
3278 5659 3442 5700 omne

1861 5754 2052 5794 aurum
2095 5745 2258 5809 atque
2301 5741 2695 5798 ornamentum,
2751 5734 2866 5790 sive
2906 5735 3121 5804 capitis,
3163 5735 3278 5793 sive
3316 5735 3440 5794 bra-
