3890 6340
415 274 526 335 807

1074 265 1138 320 Β.
1177 260 1432 319 RABAM
1473 258 1694 317 MAURI
1729 253 2048 314 ARCHIEP.
2083 251 2396 311 MOGUNT.
2439 245 2722 307 OPERUM
2757 243 2940 303 PARS
2977 244 3022 302 Ι.

420 394 568 443 terra
597 380 865 438 eﬁicimur
909 392 980 434 ex
1021 377 1196 441 arida,
1248 390 1368 445 quae
1413 374 1564 428 verbi
1615 373 1710 427 Dei
1759 376 2010 438 suscepta
2039 371 2090 430 Α
2115 366 2204 419 tim
2240 365 2577 419 dulcedinem
2615 361 2892 431 capientes
2925 378 2939 412 :
2971 371 3200 428 quorum
3243 355 3469 413 ﬂumine
3524 357 3724 416 civitas

421 477 629 534 semina
666 473 788 527 lteta
825 471 980 539 fruge
1003 467 1348 537 multiplicat.
1389 465 1483 519 Est
1523 478 1654 533 ergo
1679 455 1925 530 quaedam
1955 459 2012 512 in

420 577 588 635 regno
616 561 713 617 Dei
737 569 904 625 terra,
929 572 1050 627 qua:
1073 555 1371 611 mansuetis
1395 553 1748 624 promittitur,
1783 558 1834 605 et
1869 559 2014 603 terra

2115 458 2230 524 Dei,
2269 457 2411 527 quod
2451 456 2715 526 repletum
2742 453 2896 522 aquis
2935 451 3156 506 divina)-
3181 451 3591 522 intelligentiae,
3618 453 3723 505 cir-

2113 550 2401 606 cumdatur
2443 556 2498 602 et
2524 549 2748 618 rigatur.
2790 544 2895 598 Alii
2943 552 3125 597 autem
3164 553 3290 598 sunt
3317 544 3598 606 carnales,
3632 547 3721 614 qui

421 668 543 724 quae
562 649 862 706 viventium
893 646 1224 710 nominatur,
1245 653 1302 700 et
1325 654 1470 700 terra
1492 645 1547 697 in
1571 641 1802 697 excelsis
1819 639 2015 711 posita,
2108 641 2371 711 iumentis
2391 648 2448 694 et
2472 639 2791 709 pecudibus,
2822 636 2875 691 id
2903 644 3007 701 est,
3037 636 3240 690 crassis
3275 643 3329 690 et
3365 637 3562 691 solidis
3604 651 3719 692 sen-

423 745 491 803 de
539 756 645 811 qua
690 740 759 796 ad
793 740 1000 811 justum
1035 735 1307 806 Propheta
1351 735 1485 791 dicit
1514 753 1528 788 :
1562 731 1812 788 Exaltavi
1856 740 1910 785 te
1955 736 2017 786 ut

421 835 712 894 haeredites
757 841 982 889 terram.
1033 830 1196 886 istius
1248 843 1378 898 ergo
1427 827 1796 883 haereditatem
1838 832 2016 890 terrae,

423 935 778 998 posteaquam
826 925 894 980 de
943 923 1131 978 mundi
1172 920 1332 990 hujus
1383 919 1619 990 Aigypto
1657 917 1869 983 exierit,
1910 918 2020 972 Deo

427 1018 655 1074 credens
689 1016 871 1072 anima
916 1020 1302 1083 consequetur.
1344 1012 1412 1066 Et
1443 1010 1572 1065 alibi
1599 1008 1817 1078 quidem
1845 1007 1900 1061 hi
1927 1006 2021 1076 qui

427 1111 530 1166 sub
567 1108 687 1178 lege
727 1107 1004 1172 vixerunt,
1043 1105 1173 1160 alibi
1214 1113 1396 1158 autem
1427 1102 1520 1172 qui
1547 1116 1644 1172 per
1667 1099 1795 1154 Jesu
1822 1097 2023 1155 Christi

427 1200 589 1257 ﬁdem
633 1208 688 1254 et
734 1197 968 1268 gratiam
1015 1196 1313 1265 dispensati
1360 1202 1504 1248 sunt.
1537 1187 1924 1247 Verumtamen
1966 1189 2023 1244 hi

430 1289 521 1359 qui
571 1288 822 1342 videntur
863 1285 1022 1354 primi
1065 1294 1121 1340 et
1163 1299 1260 1355 per
1303 1283 1523 1353 Moysen
1563 1282 1876 1351 dispensati,
1916 1294 2025 1335 non

429 1377 580 1448 prius
605 1381 1012 1444 consequuntur
1037 1373 1416 1430 haereditatem
1455 1371 1557 1427 sibi
1597 1371 1892 1435 decretam,
1919 1369 2026 1424 nisi

431 1475 487 1523 et
517 1466 620 1536 ipsi
656 1470 938 1522 transeant
973 1478 1097 1520 cum
1148 1462 1236 1518 his
1281 1476 1418 1532 quos
1442 1459 1602 1516 Jesus
1645 1461 1942 1530 dispensat,
1972 1466 2028 1515 et

434 1568 639 1634 pugnat
668 1575 793 1617 cum
826 1559 906 1614 eis
932 1565 1125 1614 contra
1167 1557 1435 1620 inimicos,
1469 1563 1524 1611 et
1551 1553 1824 1622 collucent
1850 1567 1943 1610 eos
1972 1552 2027 1607 in

430 1652 651 1710 sedibus
698 1651 830 1718 suis,
863 1651 939 1706 ita
976 1657 1033 1704 et
1076 1648 1179 1717 ipsi
1216 1653 1626 1715 consequuntur
1654 1643 2030 1700 haereditatem

2115 733 2269 788 sibus
2303 731 2661 794 abundantes,
2699 728 2842 783 sicut
2868 735 3025 780 erant
3053 725 3129 780 illi
3168 727 3233 782 de
3274 726 3474 796 quibus
3505 725 3720 782 dicebat

2117 822 2446 896 Apostolus:
2481 820 2570 874 Ita
2610 819 2864 874 insensati
2901 817 3045 880 estis,
3091 825 3147 870 ut
3175 830 3294 870 cum
3323 816 3594 886 cmperitis
3622 818 3718 886 spi-

2119 917 2249 981 ritu,
2291 930 2428 969 nunc
2459 929 2616 968 carne
2657 910 3129 967 consummemini?
3168 917 3244 976 et,
3278 925 3308 963 ο
3333 905 3571 976 Galatae,
3611 912 3716 981 quis

2121 1005 2401 1076 fascinaoit
2435 1020 2534 1074 eos
2579 1003 2795 1058 veritati
2832 1018 2937 1055 non
2983 1000 3233 1055 obedire?
3271 996 3416 1072 (Gal.
3456 1001 3572 1071 ιιι.)
3622 999 3715 1056 Sed

2121 1099 2492 1170 unusquisque
2536 1105 2780 1152 nostrum
2828 1097 2933 1151 nisi
2957 1110 3016 1152 se
3040 1096 3356 1161 armaverit,
3399 1108 3457 1151 et
3500 1095 3714 1165 abiectis

2123 1194 2298 1248 brutis
2325 1199 2380 1247 et
2404 1191 2654 1246 belluinis
2675 1190 2946 1256 sensibus,
2991 1190 3059 1244 ad
3095 1189 3397 1260 spiritalem
3430 1189 3718 1261 intelligen-

2123 1287 2257 1340 tiam
2296 1285 2691 1356 properaverit,
2723 1282 3029 1338 remanebit
3066 1291 3222 1336 extra
3265 1279 3592 1347 Iordanem,
3628 1296 3716 1337 nec

2125 1375 2326 1446 poterit
2351 1389 2450 1445 per
2478 1374 2758 1445 sapientiae.
2784 1371 2984 1427 ﬁumen
3022 1371 3277 1428 incedere
3316 1371 3462 1442 quod
3489 1371 3716 1427 laetiﬁcat

2128 1468 2403 1522 civitatem
2432 1465 2549 1531 Dei,
2594 1465 2648 1520 id
2685 1475 2790 1530 est,
2835 1465 3073 1519 animam
3121 1462 3217 1518 Del
3266 1477 3532 1534 capacem
3567 1481 3581 1517 :
3620 1478 3714 1518 non

2129 1566 2448 1628 assequetur
2475 1555 2814 1626 eloquiorum
2856 1540 3069 1610 Domini
3121 1554 3406 1619 interiora,
3449 1569 3570 1624 quae
3603 1562 3713 1608 sunt

2130 1648 2370 1704 dulciora
2396 1663 2560 1719 super
2580 1647 2688 1702 mel
2713 1653 2768 1702 et
2794 1645 3010 1711 favum;
3041 1645 3136 1700 sed
3171 1645 3323 1700 illam
3353 1645 3710 1700 tantummodo

433 1759 601 1815 quam
629 1743 811 1814 Moyse
837 1743 976 1798 duce
1005 1747 1344 1798 meruerunt-
1377 1737 1486 1794 Sed
1511 1738 1630 1792 haec
1653 1736 1760 1791 nisi
1789 1751 1859 1790 el
1884 1734 2032 1790 Scri-
2057 1743 2105 1802 B
2131 1748 2493 1810 consequetur
2526 1747 2726 1794 terram
2765 1738 2821 1793 in
2859 1753 2966 1808 qua
3010 1736 3118 1791 duo
3163 1751 3322 1808 reges
3369 1738 3539 1793 occisi
3582 1747 3709 1804 sunt,

433 1835 608 1908 pturis
644 1834 841 1890 divinis
868 1831 1258 1904 approbantur,
1294 1828 1491 1885 fabulae
1511 1828 1858 1884 videbuntur.
1887 1825 2030 1881 Pau-

436 1925 521 1981 lus
561 1939 690 1994 ergo
727 1924 920 1980 horum
961 1924 1292 1994 producatur
1335 1925 1563 1980 idoneus
1605 1923 1790 1988 testis,
1839 1923 1931 1992 qui
1976 1921 2034 1978 in

437 2017 678 2088 Epistola
722 2017 793 2072 ad
835 2015 1114 2083 Hebraeos,
1144 2016 1236 2072 ubi
1274 2017 1532 2073 describit
1565 2017 1684 2073 illos
1713 2031 1903 2074 omnes
1928 2015 2033 2071 Pa-

439 2115 552 2164 tres
585 2116 640 2162 et
672 2108 1012 2179 patriarchas
1051 2123 1116 2164 ac
1161 2109 1453 2179 prophetas
1481 2109 1575 2179 qui
1602 2124 1699 2180 per
1727 2108 1888 2164 ﬁdem
1913 2107 2031 2179 pla-

439 2206 669 2254 cuerunt
717 2197 860 2266 Deo,
909 2208 1032 2270 post
1084 2202 1548 2257 enumerationem
1593 2209 1931 2267 cunctorum,
1977 2202 2034 2256 in

439 2289 630 2346 ultima
675 2290 1021 2346 conclusione
1071 2291 1151 2346 sic
1193 2291 1328 2348 dicit
1366 2293 1433 2347 de
1470 2292 1550 2349 eis
1589 2310 1602 2346 :
1635 2293 1705 2348 Et
1738 2292 1796 2346 hi
1822 2304 2032 2358 omnes,

440 2381 751 2438 testimonio
784 2380 911 2437 ﬁdei
939 2390 1181 2452 accepto,
1213 2397 1322 2438 non
1350 2390 1709 2453 perceperunt
1749 2383 2036 2451 repromis-

441 2473 643 2538 siones,
669 2471 780 2527 Deo
808 2487 907 2542 pro
938 2472 1094 2528 nobis
1121 2472 1324 2542 aliquid
1358 2473 1691 2542 providente,
1721 2473 1799 2527 uti
1825 2489 1894 2528 ne
1921 2473 2037 2528 sine

442 2561 599 2617 nobis
633 2571 1160 2616 consummarentur.
1206 2563 1372 2630 Quasi
1411 2563 1492 2618 sic
1525 2564 1730 2619 diceret
1755 2580 1768 2616 :
1793 2562 1914 2618 Ista:
1941 2579 2039 2619 no-

444 2667 565 2708 vem
602 2652 767 2708 semis
793 2652 964 2708 tribus
1001 2662 1288 2723 propterea
1341 2670 1448 2709 non
1489 2662 1816 2725 acceperunt
1852 2669 2039 2725 repro-

445 2745 761 2801 missioncm
795 2754 952 2801 terra:
989 2745 1133 2802 illius
1167 2762 1286 2816 quae
1313 2746 1394 2801 eis
1429 2755 1584 2802 extra
1621 2745 1915 2802 Jordanem
1942 2762 2041 2816 per

446 2836 668 2909 Moysen
718 2837 936 2894 decreta
966 2847 1067 2905 est,
1115 2838 1227 2896 Deo
1269 2853 1368 2908 pro
1407 2839 1562 2896 nobis
1603 2837 1795 2894 melius
1837 2837 2042 2908 aliquid

444 2928 786 2998 providente,
815 2938 876 2984 ut
896 2945 966 2986 ne
1010 2930 1128 2986 sine
1159 2931 1317 2988 nobis
1355 2939 1880 2988 eonsummarentur.
1911 2928 2044 2984 Pro-

445 3029 632 3091 pterea
661 3035 790 3088 ergo
819 3028 1096 3076 transeant
1132 3021 1414 3076 nobiscum
1453 3020 1650 3076 armati
1677 3020 1744 3074 ad
1773 3017 2039 3088 praelium,

449 3112 710 3182 etjuvent
736 3129 836 3170 nos
865 3115 936 3169 ad
971 3113 1401 3184 belligerandum
1430 3114 1497 3168 ad
1523 3112 1912 3182 expugnandos
1943 3110 2048 3165 ini-
2073 3108 2120 3172 C

452 3207 642 3260 micos.
678 3204 787 3260 Sed
838 3205 915 3260 illi
967 3213 1249 3260 transeunt
1283 3206 1377 3276 qui
1415 3204 1610 3260 armati
1643 3212 1790 3269 sunt,
1820 3203 1914 3273 qui
1944 3202 2046 3259 viri

451 3295 623 3352 fortes
655 3305 782 3351 sunt
827 3304 884 3350 et
909 3305 1179 3365 potentes,
1227 3298 1409 3352 οπωιί
1448 3311 1578 3352 vero
1613 3311 1822 3363 omnes,
1854 3297 2047 3367 ignava

453 3403 646 3446 manus
689 3397 746 3444 et
785 3389 1041 3455 imbellis,
1091 3397 1379 3446 remanent
1425 3397 1578 3445 extra
1620 3387 1931 3445 Iordanem.
1990 3389 2049 3445 Si

454 3483 546 3552 qui
582 3492 764 3538 autem
800 3483 858 3538 in
887 3483 1017 3552 ipsis
1047 3482 1150 3537 viri
1185 3482 1358 3538 fortes
1387 3492 1533 3550 sunt,
1564 3484 1768 3539 relictis
1805 3484 2049 3539 animali-

455 3577 556 3632 bus
584 3583 638 3630 et
665 3575 974 3644 pecoribus,
1005 3585 1062 3631 et
1085 3576 1336 3632 omnibus
1366 3577 1785 3647 impedimentis,
1813 3586 2053 3650 pugnent

437 3666 743 3742 adversum
770 3668 982 3724 hostem
1005 3666 1310 3734 nobiscum,
1339 3684 1619 3738 usquequo
1641 3669 1926 3724 vincantur
1949 3669 2052 3724 ini-

456 3761 585 3817 mici
638 3763 843 3828 nostri,
893 3777 1174 3832 usquequo
1238 3765 1609 3820 hmreditatem
1666 3773 1825 3820 terrm
1873 3766 2049 3831 bonae,

459 3859 618 3906 terrae
660 3852 836 3907 mellis
876 3853 1142 3923 lactisque
1181 3855 1480 3925 capiamus.
1511 3854 1644 3922 Quis
1672 3855 1818 3909 enim
1844 3855 2054 3909 dubitat

457 3943 602 4013 quod
622 3944 795 3998 sancti
817 3945 1019 4014 quique
1040 3953 1261 4014 patrum
1284 3957 1341 4001 et
1362 3946 1704 4002 orationibus
1723 3961 1824 4001 nos
1840 3945 2051 4016 juvent,

458 4040 514 4087 ct
570 4042 849 4101 gestorum
901 4049 1122 4089 suorum
1175 4034 1501 4092 conﬁrment
1550 4045 1713 4106 atque
1770 4037 2056 4092 hortentur

462 4121 763 4190 exemplis?
793 4121 903 4176 Sed
932 4133 988 4177 et
1007 4125 1370 4182 voluminibus
1396 4128 1510 4182 suis
1536 4141 1633 4197 per
1656 4144 1720 4183 ea
1754 4144 1874 4199 qua:
1900 4129 2057 4184 nobis

464 4209 533 4263 ad
583 4209 902 4263 memoriam
947 4212 1148 4280 scripta
1186 4214 1542 4282 reliquerunt,
1583 4217 1838 4272 docentes
1866 4233 1966 4273 nos
2003 4225 2058 4270 et

464 4299 798 4355 instruentes
831 4301 1100 4370 quomodo
1149 4302 1435 4358 adversum
1476 4305 1724 4361 inimicas
1764 4315 2058 4376 potestates

464 4392 832 4450 dimicandum
860 4392 950 4460 sit,
983 4401 1039 4448 et
1065 4395 1334 4464 quomodo
1373 4411 1607 4466 agonum
1639 4397 1915 4453 toleranda
1944 4414 2058 4453 cer-

2133 1833 2226 1888 ubi
2273 1832 2484 1887 dicatur
2509 1832 2558 1886 ei
2585 1849 2600 1884 :
2631 1829 2783 1885 Nihil
2825 1829 2974 1884 aliud
3013 1829 3256 1900 judico-vi
3293 1831 3548 1899 nteipsum
3594 1831 3712 1883 inter

2134 1944 2220 1984 uos
2263 1927 2416 1992 scire,
2464 1927 2567 1980 nisi
2611 1923 2878 1979 Christum
2922 1922 3127 1990 Iesum,
3170 1923 3386 1976 ethunc
3418 1923 3710 1990 cruciﬁm

2136 2017 2189 2090 (Ι
2227 2016 2354 2073 Cor.
2385 2016 2468 2089 ιι).
2502 2017 2607 2084 Qui
2649 2023 2829 2071 autem
2870 2014 3105 2084 potuerit
3137 2015 3375 2069 transire
3417 2012 3709 2080 Iordanem,

2137 2118 2192 2164 et
2219 2109 2288 2163 ad
2317 2109 2578 2164 interiora
2617 2115 2923 2177 penetrare,
2971 2106 3064 2160 ubi
3100 2105 3291 2160 Jesum
3329 2105 3712 2161 ChristumDo—

2137 2203 2344 2257 minum
2381 2209 2628 2257 nostrum
2671 2213 2923 2270 sequens,
2964 2199 3258 2254 interﬁciet
3306 2199 3507 2269 triginta
3554 2207 3610 2253 et
3651 2211 3718 2253 eo

2137 2295 2368 2364 amplius
2389 2307 2567 2365 reges,
2598 2291 2720 2348 illos
2742 2291 2973 2348 fortasse
3002 2291 3066 2346 de
3091 2291 3290 2360 quibus
3325 2290 3508 2344 dicitur
3533 2307 3550 2342 :
3580 2288 3716 2355 Quia

2138 2387 2414 2442 astiterunt
2441 2401 2582 2456 reges
2610 2397 2788 2450 terrm,
2825 2393 2876 2438 et
2907 2383 3168 2453 principes
3197 2382 3491 2452 congregati
3523 2391 3640 2433 sunt
3666 2382 3716 2432 in

2137 2495 2326 2546 unum,
2353 2479 2602 2533 adversus
2637 2477 2918 2532 Dominum
2955 2485 3006 2530 et
3045 2476 3294 2529 adversus
3325 2473 3580 2528 Christum
3613 2471 3715 2542 ejus

2142 2569 2316 2643 (Psal.
2378 2570 2460 2642 ιι).
2520 2569 2874 2639 Depulsisque
2921 2567 3008 2622 his
3053 2565 3274 2638 regibus
3321 2573 3378 2620 et
3431 2564 3713 2634 prostratis,

2143 2673 2402 2736 agnoscet
2454 2663 2748 2719 secretiora
2801 2661 3082 2732 mysteria,
3135 2673 3421 2729 usquequo
3461 2659 3613 2711 etiam
3659 2656 3720 2710 ad

2143 2754 2296 2810 illum
2335 2753 2519 2808 veniat
2565 2752 2744 2808 locum
2772 2751 2866 2806 ubi
2899 2751 3055 2806 sedes
3095 2759 3182 2804 est
3207 2749 3330 2815 Dei,
3369 2757 3417 2803 et
3441 2746 3721 2802 Jerusalem

2120 2845 2336 2900 civitas
2364 2843 2463 2898 Dei
2488 2843 2758 2897 viventis:
2795 2856 2902 2898 non
2948 2840 3052 2895 ista
3095 2855 3216 2910 qua:
3247 2840 3417 2894 servit
3449 2851 3566 2892 cum
3607 2836 3722 2891 ﬁliis

2148 2936 2262 2992 suis
2299 2939 2356 2991 in
2386 2945 2554 3001 terra,
2585 2934 2680 2990 sed
2708 2932 2798 2989 illa
2824 2947 2946 3004 quae
2985 2931 3153 2987 libera
3194 2939 3282 2988 est
3317 2941 3378 2987 et
3410 2937 3578 2986 mater
3613 2941 3719 2985 om-

2149 3028 2302 3083 nium
2332 3036 2602 3084 nostrum.

2752 3115 2983 3172 CAPUT
3008 3113 3142 3168 Vill.

2147 3213 2226 3269 De
2259 3213 2615 3285 quadraginta
2657 3209 2863 3264 duabus
2899 3206 3267 3261 mansionibus
3293 3204 3529 3274 ﬁliorum
3553 3201 3726 3257 Israel.

2221 3307 2374 3380 (Car.
2408 3303 2630 3375 χχχιιι.)
2672 3303 2773 3359 Hw
2809 3310 2932 3358 sunt
2959 3303 3261 3355 mansiones
3290 3299 3528 3368 ﬁliorum
3555 3294 3729 3359 Israel,

2147 3400 2238 3470 qui
2267 3397 2460 3469 egressi
2485 3405 2605 3450 sunt
2633 3394 2698 3448 de
2728 3392 2964 3464 Egypto
2991 3406 3084 3460 per
3120 3400 3324 3443 turmas
3349 3405 3476 3443 suas
3505 3388 3560 3441 in
3589 3400 3734 3439 manu

2151 3489 2327 3559 Moysi
2368 3497 2418 3542 et
2463 3485 2682 3540 Aaron:
2711 3499 2842 3554 quas
2889 3481 3164 3550 descripsit
3212 3479 3422 3548 Moyses
3453 3479 3618 3548 juxta
3653 3493 3738 3528 ca-

2149 3590 2379 3636 strorum
2406 3577 2542 3643 loca,
2583 3591 2699 3647 qua:
2740 3572 2955 3626 Domini
2987 3571 3227 3640 jussionc
3263 3570 3620 3621 mutabantur.
3647 3565 3745 3620 Lo-

2152 3672 2330 3741 gimus
2375 3669 2601 3723 Paulum
2640 3664 2966 3735 apostolum,
3007 3677 3124 3717 cum
3170 3657 3745 3714 commemorationem

2153 3763 2354 3818 veteris
2383 3761 2623 3816 historiae
2664 3775 2784 3832 qum
2813 3761 2868 3814 in
2907 3759 3062 3814 libris
3095 3756 3223 3827 legis
3257 3761 3312 3808 et
3348 3753 3741 3824 prophetam

2156 3853 2546 3924 comprehensa
2573 3859 2679 3918 est,
2712 3849 2955 3915 fecisset,
2992 3848 3194 3903 dixisse
3221 3863 3234 3899 :
3273 3843 3406 3898 Hinc
3432 3855 3606 3898 autem
3635 3859 3738 3896 σηι-

2154 3947 2244 4000 nia
2269 3947 2327 3999 in
2351 3945 2524 4016 ﬁgura
2553 3941 2916 4012 contingebant
2955 3939 3062 3995 illis
3096 3954 3114 3993 :
3142 3937 3338 4006 scripta
3366 3945 3489 3990 sunt
3520 3934 3642 3988 enim
3669 3930 3740 3986 ad

2157 4037 2611 4090 commonitionem
2633 4043 2890 4097 nostram,
2918 4032 2973 4084 in
2997 4046 3129 4100 quos
3160 4028 3294 4097 ﬁnes
3322 4024 3621 4081 surculorum
3646 4021 3740 4075 de-

2155 4135 2424 4180 venerunt.
2459 4123 2597 4178 Nolo
2627 4139 2715 4178 vos
2749 4124 3014 4193 ignorare,
3049 4121 3268 4190 fratres,
3310 4117 3553 4189 quoniam
3581 4123 3741 4185 patres

2159 4217 2323 4271 nostri
2355 4231 2531 4269 omitas
2567 4214 2661 4268 sub
2709 4214 2844 4267 nube
2883 4213 3119 4282 fuerunt,
3168 4221 3219 4265 et
3253 4227 3436 4264 omnes
3477 4223 3568 4280 per
3613 4221 3741 4259 mare

2161 4310 2503 4373 transierunt,
2531 4317 2581 4362 et
2605 4322 2781 4362 omnes
2807 4308 2863 4360 in
2891 4306 3074 4377 Moyse
3101 4306 3357 4376 baptizati
3382 4313 3526 4367 sunt,
3548 4302 3602 4355 in
3623 4300 3740 4354 nube

2162 4409 2212 4455 et
2248 4401 2303 4453 in
2339 4400 2475 4453 mari
2502 4412 2522 4450 :
2550 4408 2598 4453 et
2627 4415 2803 4453 omnes
2829 4398 3065 4452 eamdem
3097 4413 3270 4452 escam
3299 4396 3582 4466 spiritalem
3611 4407 3741 4446 man-

464 4485 692 4540 tamina.
729 4485 981 4557 Pugnant
1017 4486 1162 4541 enim
1212 4502 1313 4556 pro
1345 4461 1522 4554 nobis,
1561 4497 1616 4543 et
1662 4489 1764 4559 ipsi
1805 4490 2061 4546 incedunt
2083 4461 2136 4520 D
2162 4491 2503 4555 ducaverunt,
2533 4499 2582 4544 et
2609 4503 2786 4544 omnes
2814 4490 3055 4544 eumdem
3087 4498 3267 4560 potum
3292 4461 3577 4558 spiritalem
3615 4483 3742 4536 bibe-

464 4573 628 4647 primi
669 4585 796 4630 ante
823 4592 924 4633 nos
963 4578 1180 4632 armati.
1207 4576 1358 4648 Ipsos
1387 4579 1534 4634 enim
1571 4595 1671 4636 nos
1705 4581 1966 4636 habentes
1988 4581 2060 4637 ad

467 4667 796 4737 exemplum,
837 4677 892 4724 et
932 4685 1124 4727 eorum
1167 4671 1412 4729 videntes
1458 4689 1556 4744 per
1603 4675 1851 4746 spiritum
1899 4674 2062 4730 fortia

469 4754 635 4822 facta,
683 4773 958 4814 armamur
996 4762 1064 4817 ad
1098 4763 1342 4832 praelium
1385 4766 1646 4835 spiritale,
1677 4774 1734 4822 et
1773 4765 2062 4821 adversum

473 4850 737 4920 Spirttalia
765 4854 1014 4922 nequitia:
1045 4855 1100 4909 in
1121 4857 1436 4914 caelestibus
1465 4859 1805 4915 dimicamus.
1842 4859 1933 4915 Sic
1971 4859 2065 4914 de-

475 4941 638 5011 nique
660 4942 752 5012 qui
777 4942 877 4997 sub
897 4941 1024 4998 Jesu
1051 4944 1200 5002 Nave
1229 4948 1485 5014 militant,
1511 4950 1734 5020 triginta
1754 4959 1810 5004 et
1830 4951 2062 5019 amplius

475 5047 630 5103 reges
659 5034 952 5102 perimunt,
989 5043 1045 5090 et
1083 5045 1254 5093 terras
1298 5055 1488 5096 eorum
1543 5051 1690 5097 sorte
1733 5041 2062 5096 haereditatis

477 5123 769 5194 accipiunt.
794 5124 1040 5196 Depulsis
1080 5142 1310 5198 namque
1349 5132 1682 5201 spiritalibus
1715 5133 1972 5202 nequitiis
1995 5134 2065 5189 de

479 5219 807 5286 coelestibus,
840 5219 1209 5276 haereditatem
1242 5225 1394 5294 regni
1416 5225 1654 5281 caelestis
1675 5223 1807 5280 Jesu
1834 5225 2066 5281 Domino

481 5319 665 5367 nostro
706 5313 978 5368 dividente
1003 5309 1326 5383 percipiunt.
1368 5315 1552 5372 Potest
1581 5327 1638 5373 et
1671 5318 1866 5372 tertius
1892 5317 2069 5372 adhuc

482 5403 832 5473 expositionis
861 5405 1029 5460 videri
1061 5405 1270 5469 modus,
1308 5414 1366 5458 ut
1413 5407 1465 5460 in
1513 5408 1636 5463 ﬁliis
1666 5408 1851 5473 Israel,
1884 5409 1937 5464 id
1964 5417 2066 5476 est,

485 5492 540 5547 in
568 5495 763 5565 populo
787 5496 1061 5565 Ecclesia,
1092 5497 1461 5569 intelligantur
1491 5500 1709 5568 quidam
1747 5517 1868 5557 esse
1911 5504 2070 5572 spiri-

487 5583 643 5650 tales,
710 5595 765 5642 et
824 5589 964 5644 intra
1009 5589 1299 5647 Iordanem
1362 5593 1642 5662 percipere
1702 5596 2072 5651 haereditatem

491 5684 667 5746 terrae,
696 5678 910 5738 ﬂuentis
937 5683 1020 5739 lac
1044 5694 1100 5740 et
1123 5686 1253 5753 mel,
1281 5684 1560 5754 sapientia:
1588 5685 1794 5742 scilicet
1818 5698 1874 5744 et
1897 5687 2071 5744 scien-

2161 4592 2308 4638 runt.
2328 4581 2584 4637 Biberunt
2603 4581 2741 4636 enim
2763 4581 2828 4635 de
2851 4579 3080 4651 spiritali
3101 4589 3449 4650 consequente
3467 4595 3552 4632 eos
3572 4584 3707 4646 petra
3724 4586 3741 4624 ε

2164 4684 2312 4745 petra
2362 4683 2537 4728 autem
2573 4683 2686 4728 erat
2718 4672 2957 4727 Christus
2989 4672 3042 4744 (I
3069 4671 3193 4726 Cor.
3236 4672 3316 4741 χ).
3366 4670 3424 4726 Si
3471 4684 3595 4741 ergo
3633 4681 3745 4738 pars

2166 4766 2408 4822 historia:
2459 4764 2671 4821 itineris
2726 4780 2796 4821 ex
2848 4764 3088 4837 Egypto
3125 4764 3446 4835 spiritaliter
3480 4761 3746 4832 accipitur,

2167 4865 2225 4912 et
2283 4867 2480 4914 caetera
2529 4872 2651 4926 quae
2697 4856 2766 4911 ab
2810 4856 3070 4929 Apostolo
3107 4871 3207 4927 pro
3245 4855 3496 4926 angustia
3555 4864 3749 4922 tempo-

2165 4949 2242 5003 ris
2290 4948 2655 5017 praatermissa
2712 4955 2873 5013 sunt,
2915 4948 3159 5019 ejusdem
3212 4945 3580 5014 intelligentia:
3635 4957 3754 4998 eon-

2168 5040 2475 5094 vincentur.
2525 5039 2592 5094 Et
2637 5040 2693 5094 in
2737 5039 2991 5110 psalmo:
3041 5039 3236 5094 Revela
3279 5038 3459 5093 oculos
3499 5052 3678 5101 meos,
3721 5044 3758 5086 et

2172 5133 2512 5188 considerabo
2545 5132 2808 5186 mirabilia
2838 5132 2902 5186 de
2924 5131 3034 5202 lege
3062 5141 3155 5186 tua
3183 5131 3357 5203 (Psal.
3383 5129 3593 5200 cxvm).
3628 5125 3763 5182 Pau-

2167 5225 2254 5280 lus
2285 5240 2503 5296 quoque
2545 5224 2630 5280 lex
2658 5223 2912 5295 spiritalis
2953 5232 3056 5278 est.
3102 5222 3171 5278 Et
3217 5223 3334 5293 ipse
3377 5218 3685 5275 Dominus:
3718 5215 3764 5271 Si

2173 5320 2449 5374 crederetis
2479 5318 2673 5389 Moysi,
2700 5329 2748 5374 et
2775 5319 2903 5372 mihi
2946 5319 3241 5373 crederetis.
3287 5316 3365 5371 De
3390 5331 3471 5369 nte
3503 5313 3651 5367 enim
3691 5311 3769 5364 ille

2172 5413 2378 5481 scripsit
2406 5411 2588 5482 (Joan.
2618 5412 2695 5481 v).
2725 5411 2793 5466 Et
2825 5409 3174 5482 Evangelium
3201 5407 3500 5464 secundum
3525 5404 3768 5460 Lucam:

2177 5506 2322 5561 Tunc
2375 5508 2628 5577 incipiens
2657 5524 2688 5559 a
2717 5504 2897 5575 Moyse
2937 5514 2988 5558 et
3024 5504 3263 5558 omnibus
3291 5501 3577 5572 prophetis,
3609 5501 3772 5553 inter-

2174 5597 2602 5668 pretabaturillis
2627 5599 2683 5650 in
2709 5598 2911 5650 cunctis
2945 5595 3234 5666 Scripturis
3263 5609 3381 5664 quia
3407 5593 3471 5645 tle
3493 5591 3614 5660 ipso
3643 5588 3776 5640 dicta

2176 5697 2324 5741 erant
2367 5687 2518 5759 (Luc.
2550 5687 2695 5758 ult.).
2734 5688 2904 5760 Igitur
2932 5687 3141 5753 'Judmi,
3179 5684 3390 5757 parvuli
3429 5690 3485 5738 et
3520 5682 3621 5753 qui
3663 5678 3781 5735 soli—
