3890 6340
177 305 270 368 809

870 299 1410 360 ENARRATIONES
1445 301 1516 360 IN
1553 301 1814 362 LIBRUM
1849 301 2316 364 NUMEROBUM.
2351 331 2426 343 —
2459 302 2592 359 LIB.
2629 301 2722 358 IV.

3331 306 3437 364 MO

176 421 291 478 dum
324 414 508 472 cibum
546 411 754 484 glutire
787 422 1082 484 nequeunt,
1115 413 1210 471 sed
1245 415 1424 472 adhuc
1465 414 1602 470 lacte
1645 430 1750 471 nu-
1776 421 1829 482 Α
1855 415 2055 472 tionem
2090 415 2287 471 divinae
2319 412 2456 485 legis
2499 411 2836 478 accedimus,
2867 411 2955 466 vel
2982 425 3104 468 cum
3145 415 3328 472 anima
3372 420 3444 476 de

178 510 399 566 triuntur
450 506 711 574 infantiae,
763 505 943 578 legant
989 509 1329 566 Pharaonem
1377 526 1635 566 carneum
1684 527 1751 566 ac

174 616 316 657 mare
362 599 626 668 Rubrum,
665 613 763 668 per
808 602 952 670 quod
991 601 1062 656 ad
1095 601 1302 657 Indiam
1351 603 1657 674 navigatur,
1695 610 1751 657 et

175 707 362 749 manna
385 692 677 748 coriandro
705 691 900 760 simile,
931 701 988 749 et
1008 694 1193 750 omnia
1217 709 1338 764 quae
1360 697 1563 765 scripta
1601 707 1748 764 sunt,

173 783 386 860 audiant
421 782 826 854 corporaliter:
865 783 1074 855 lepram
1117 786 1401 846 domorum
1446 795 1504 844 et
1543 788 1751 860 lepram

173 876 316 950 pellis
362 883 420 932 et
463 876 734 943 staminis,
785 884 1003 932 taurum
1047 879 1394 945 homicidam,
1445 881 1751 951 jumentum

173 969 415 1025 adulterii
449 985 626 1037 reum,
652 978 708 1025 et
732 968 942 1026 Hebraei
977 981 1201 1043 propter
1227 987 1452 1030 uxorem
1476 983 1532 1030 et
1551 974 1751 1031 libems

171 1061 370 1119 servire
422 1062 722 1132 cupientis,
775 1078 962 1120 aurem
1016 1064 1208 1124 subula
1249 1064 1598 1135 perforatam.
1642 1065 1752 1122 Nos

172 1162 345 1209 autem
393 1152 831 1224 derelinquentes
881 1153 1260 1226 Capharnaum
1279 1197 1295 1222 ,
1338 1172 1532 1228 agrum
1585 1173 1752 1228 quon-

174 1245 283 1299 dam
317 1243 770 1314 pulcherrimum,
804 1254 860 1300 et
897 1261 1020 1301 cum
1047 1243 1176 1302 Jesu
1207 1248 1548 1318 egredientes
1577 1248 1632 1303 in
1663 1248 1754 1304 de—

172 1342 387 1399 sertum,
411 1335 689 1406 pascimur
707 1336 939 1406 panibus
957 1335 1076 1407 ejus
1100 1355 1112 1389 :
1146 1339 1192 1392 si
1221 1337 1540 1408 insipientes
1569 1354 1756 1394 sumus

174 1436 222 1482 et
241 1427 608 1497 iumentorum
630 1429 861 1496 similes,
889 1430 1242 1496 bordeaceis;
1278 1431 1326 1486 si
1352 1429 1616 1486 rationale
1635 1431 1756 1488 ani-

171 1517 290 1581 mal,
325 1518 554 1574 triticeis
575 1527 630 1574 et
653 1533 721 1576 ex
751 1534 921 1592 grano
947 1517 1209 1576 frumenti
1235 1520 1586 1585 commolitis,
1615 1520 1760 1590 quod

170 1605 222 1662 in
253 1616 453 1664 terram
483 1609 683 1665 cadens
711 1618 770 1664 et
789 1619 1066 1668 mortuum
1090 1610 1321 1668 multum
1346 1610 1585 1668 fructum
1618 1621 1760 1667 attu—

169 1697 246 1753 lit.
301 1700 504 1756 Novem
549 1702 723 1774 plagis
760 1717 1017 1773 percussa
1054 1711 1138 1758 est
1185 1700 1452 1773 Egyptus
1487 1722 1501 1758 :
1553 1702 1759 1760 fractus

1850 507 2092 577 corporis
2141 507 2300 578 hujus
2332 505 2666 562 habitatione
2711 504 2960 560 discedit.
3013 504 3096 559 Ad
3153 516 3446 581 utrumque

1849 615 1981 670 ergo
2015 600 2134 655 istae
2160 599 2474 656 mansiones
2494 613 2634 670 quas
2665 613 2811 652 nunc
2835 613 2939 668 per
2967 599 3197 654 verbum
3226 601 3442 659 Domini

1850 691 2062 764 Moyses
2107 691 2363 747 describit
2431 691 2718 760 aspiciunt.
2777 689 2916 745 Nam
2952 691 3021 746 de
3076 691 3182 747 illis
3227 693 3447 763 quidem

1850 783 2225 838 mansionibus
2251 781 2396 853 quod
2449 783 2630 836 anima
2677 795 2906 852 corpore
2947 791 3134 850 exuta,
3183 784 3294 841 imo
3325 800 3448 841 core

1850 887 1984 944 pore
2013 888 2113 930 suo
2140 889 2333 929 rursus
2361 873 2572 939 induta,
2601 872 2839 928 bibitura
2877 883 2983 937 est,
3034 875 3296 931 Dominus
3319 891 3452 948 pro-

1851 965 2124 1021 nuntiavit
2144 964 2202 1020 in
2223 965 2520 1037 Evangelia
2543 964 2766 1021 dicens:
2800 965 2988 1022 Multae
3012 969 3308 1023 mansiones
3327 980 3449 1025 sunt

1853 1059 1994 1130 apud
2027 1057 2246 1113 Patrem
2267 1072 2286 1111 :
2313 1057 2550 1130 alioquin
2579 1059 2805 1114 dicerem
2829 1061 2973 1115 vobis
2995 1075 3014 1114 :
3050 1061 3202 1118 Vado
3223 1073 3274 1119 et
3312 1081 3452 1136 pra:-

1851 1149 2052 1220 parabo
2075 1149 2220 1204 vobis
2240 1151 2569 1206 mansionem
2591 1149 2775 1214 (Joau.
2797 1152 2932 1223 xw).
2955 1152 3095 1208 Sunt
3115 1161 3246 1228 ergo
3266 1157 3452 1212 multae

1855 1240 1961 1298 illae
1995 1241 2313 1298 mansiones
2363 1255 2482 1311 quae
2529 1241 2598 1296 ad
2647 1242 2868 1296 Patrem
2904 1244 3107 1299 ducunt
3129 1257 3150 1299 ε’
3168 1248 3224 1301 in
3255 1247 3453 1318 quibus

1856 1333 2084 1404 singulis
2129 1334 2261 1404 quid
2295 1349 2497 1400 causae,
2529 1334 2660 1403 quid
2702 1333 2958 1391 utilitatis
2988 1337 3180 1392 anima:
3217 1353 3455 1394 commo-

1859 1425 2023 1489 ratio,
2061 1425 2260 1495 quidve
2287 1427 2612 1481 eruditionis
2633 1434 2730 1480 aut
2765 1425 3175 1482 illuminationis
3204 1431 3453 1500 accipiat,

1862 1515 1965 1570 scit
2003 1514 2096 1570 ille
2122 1515 2461 1571 solusfuturi
2494 1517 2676 1573 smculi
2729 1517 2910 1584 Pater,
2948 1519 3041 1590 qui
3071 1519 3146 1574 ait
3166 1522 3240 1576 'de
3263 1531 3461 1577 semet-

1862 1609 1998 1682 ipso,
2030 1610 2159 1680 quia
2179 1625 2274 1681 ego
2302 1626 2418 1665 sum
2439 1612 2631 1665 ostium
2675 1611 2859 1683 (Joan.
2886 1610 2966 1681 Χ).
3015 1611 3186 1666 Nemo
3218 1615 3358 1668 venit
3385 1613 3459 1669 ad

1862 1696 2082 1752 Patrem
2114 1701 2220 1753 nisi
2240 1717 2334 1772 per
2361 1717 2444 1758 me
2466 1701 2648 1772 (Joan.
2695 1702 2831 1774 xw).
2867 1702 2970 1770 Qui
3008 1701 3260 1759 fortassis
3288 1706 3344 1760 in
3374 1704 3462 1762 liis

165 1792 378 1851 Pharao
422 1806 482 1851 ut
525 1796 825 1856 dimitteret
871 1795 1127 1867 populum
1152 1795 1305 1862 r-Dei,‘
1349 1797 1422 1852 ad
1459 1805 1765 1854 extr-uinum
1792 1793 1841 1853 Β
1865 1791 2098 1862 singulis
2134 1792 2509 1848 mansionibus
2535 1794 2830 1864 unicuique
2875 1794 3072 1849 anima:
3115 1796 3314 1849 ostium
3345 1794 3461 1864 ﬂet,

159 1887 526 1958 primogenita
555 1887 814 1956 perdidit,
841 1895 902 1942 ut
922 1888 1282 1960 primogenita
1303 1888 1516 1946 Israelis
1531 1890 1762 1946 Domino

155 1987 539 2036 sacrarentur.
577 1979 679 2045 Qui
719 1981 869 2050 prius
907 1989 1093 2038 tenere
1132 1982 1445 2052 cupiebant,
1497 1981 1765 2038 instanter

161 2068 465 2140 expellunt.
497 2067 898 2124 Exterminator
932 2071 1170 2137 transiit,
1211 2079 1266 2126 et
1304 2078 1509 2126 terram
1557 2070 1761 2127 Gessen

159 2159 500 2230 pastoralem
528 2167 584 2213 et
612 2160 806 2230 pluviis
836 2161 1118 2233 irrigatam
1145 2176 1253 2216 non
1285 2162 1450 2218 audet
1473 2162 1759 2234 attingere.

153 2247 337 2304 Erant
384 2249 530 2304 enim
565 2258 748 2318 postes
791 2265 977 2306 eorum
1025 2252 1150 2322 agni
1202 2267 1398 2310 cruore
1446 2252 1665 2324 signati,
1709 2261 1768 2308 et

156 2355 328 2412 opere
356 2339 756 2408 loquebantur:
796 2341 1079 2412 Signatum
1118 2351 1194 2398 est
1233 2361 1391 2414 super
1439 2361 1536 2400 nos
1587 2344 1764 2401 lumen

158 2431 334 2486 vultus
356 2432 458 2498 tui,
478 2431 700 2487 Domine
722 2430 893 2505 (Psal.
921 2433 1021 2505 ιν).
1057 2434 1211 2490 Unde
1236 2444 1292 2490 et
1317 2435 1621 2506 appellatur
1647 2437 1765 2506 ipsa

148 2522 484 2592 ,solemnitas
529 2522 727 2590 Phase,
785 2539 949 2594 quam
996 2541 1097 2581 nos
1147 2528 1436 2582 transitum
1476 2543 1764 2598 possumus

143 2615 459 2688 appellare,
483 2631 549 2672 eo
579 2618 724 2688 quod
756 2619 821 2672 de
850 2620 1143 2689 pecoribus
1177 2621 1246 2678 ad
1271 2623 1497 2678 meliora
1536 2638 1766 2695 pergen-

143 2715 257 2773 tes,
290 2710 643 2766 tenebrosam
685 2708 981 2783 Egyptum
1022 2714 1408 2785 relinquamus.
1443 2716 1575 2772 Han:
1618 2728 1762 2785 sunt,

153 2797 354 2870 inquit,
414 2812 596 2856 castra
644 2801 880 2871 ﬁliorum
933 2803 1128 2873 Israel,
1165 2809 1258 2878 qui
1306 2810 1500 2878 egressi
1546 2820 1670 2865 sunt
1703 2811 1768 2864 de

148 2899 290 2946 terra
320 2891 556 2963 Αἴθρη)ιὶ
584 2910 678 2964 per
697 2903 900 2950 turmas
930 2914 1078 2962 suas,
1109 2898 1168 2952 in
1192 2915 1355 2952 manu
1383 2898 1559 2969 Moysi
1577 2908 1626 2956 et
1655 2901 1766 2954 Aa-

147 3001 264 3040 ron.
311 2985 478 3054 Quas
528 2985 704 3041 Graeci
741 2987 982 3059 διαμονάς
1027 2999 1244 3055 vocant,
1269 3006 1369 3045 nos
1409 3001 1632 3062 propter
1665 2993 1772 3048 lin-

145 3093 262 3148 guae
301 3079 751 3150 proprietatem,
797 3081 1222 3152 significantius,
1269 3085 1600 3152 mansiones,
1651 3087 1770 3142 sive

1861 1891 1926 1938 ut
1955 1898 2051 1953 per
2077 1884 2256 1954 ipsum
2294 1885 2482 1952 intret,
2532 1895 2589 1942 et
2639 1901 2741 1956 per
2773 1886 2950 1956 ipsum
3001 1895 3179 1954 exeat,
3211 1897 3267 1943 et
3310 1889 3464 1944 inve-

1865 1979 1980 2034 niet
2009 1993 2233 2049 pascua.
2281 1979 2349 2034 Et
2378 1980 2576 2035 iterum
2624 1980 2796 2035 intret
2821 1981 2890 2036 ad
2916 1979 3096 2045 aliam,
3134 1989 3191 2035 et
3221 1980 3345 2036 inde
3369 1987 3372 1992 '
3392 1983 3464 2037 ad

1866 2069 2029 2125 aliam
2077 2071 2437 2136 mansionem,
2491 2087 2774 2144 usquequo
2821 2075 2889 2129 ad
2952 2074 3127 2144 ipsum
3181 2073 3466 2144 perveniat

1863 2160 2106 2218 Patrem.
2154 2163 2215 2219 Si
2242 2180 2372 2220 vero
2394 2167 2462 2221 ad
2491 2168 2812 2234 secundam,
2835 2168 2903 2222 de
2925 2183 3032 2238 qua
3073 2167 3322 2238 superius
3353 2181 3466 2224 me-

1865 2255 2222 2322 moravimus,
2261 2259 2656 2329 expositionem
2713 2257 3021 2326 redeamus,
3075 2267 3130 2315 et
3182 2260 3377 2315 animae
3407 2261 3464 2316 in

1864 2347 1973 2404 hac
1994 2349 2104 2404 vita
2130 2351 2322 2420 positae
2351 2367 2452 2422 per
2476 2352 2591 2408 haec
2620 2345 2988 2424 intelligamus
3014 2353 3312 2422 profectus,
3346 2367 3466 2424 qua:

1865 2454 2132 2495 conversa
2161 2442 2228 2498 de
2256 2443 2444 2514 gentili
2473 2445 2605 2509 vita,
2634 2457 2741 2498 non
2783 2453 2894 2498 tam
2939 2443 3158 2516 Moysen
3192 2459 3354 2516 quam
3387 2443 3465 2501 le-

1865 2547 1989 2602 gem
2021 2533 2140 2600 Dei,
2166 2548 2266 2589 nec
2294 2533 2478 2590 Aaron
2503 2549 2666 2604 quam
2690 2537 3032 2591 sacerdotem
3059 2536 3151 2606 qui
3181 2544 3466 2607 permanet

1869 2627 1928 2683 in
1972 2637 2238 2684 aeternum
2287 2630 2552 2699 sequitur,
2603 2639 2895 2700 antequam
2931 2630 3000 2685 ad
3044 2631 3344 2700 perfectum
3377 2645 3468 2685 ve-

1868 2721 2004 2786 niat,
2045 2723 2102 2776 in
2132 2737 2317 2778 eremo
2353 2723 2585 2788 habitat,
2613 2722 2705 2777 ubi
2747 2722 2957 2778 scilicet
2984 2731 3038 2776 et
3065 2729 3386 2777 exerceatur
3414 2722 3471 2776 in

1826 2839 1828 2844 -
1867 2812 2157 2882 praeceptis
2201 2811 2436 2877 Domini,
2470 2819 2525 2866 et
2551 2811 2643 2867 ubi
2689 2811 2824 2866 ﬁdes
2867 2811 2985 2881 ejus
3013 2825 3112 2880 per
3136 2811 3470 2893 tentationes

1870 2903 2153 2973 probetur.
2185 2902 2287 2960 Ubi
2335 2919 2458 2958 cum
2487 2903 2684 2958 vicerit
2710 2918 2873 2958 unam
2918 2903 3293 2968 tentationem,
3323 2909 3378 2959 et
3403 2903 3471 2957 ii-

1874 2995 1971 3049 des
1997 2995 2114 3064 ejus
2142 2996 2199 3049 in
2224 3009 2286 3050 ea
2315 2995 2481 3050 fuerit
2507 2996 2757 3066 probata,
2787 2997 2916 3052 inde
2942 2995 3090 3050 venit
3116 2993 3182 3049 ad
3207 2994 3390 3061 aliam,
3419 3003 3476 3050 et

1875 3085 2035 3154 quasi
2066 3085 2134 3140 de
2169 3099 2275 3140 una
2331 3085 2615 3140 mansione
2651 3085 2720 3140 ad
2754 3083 2980 3140 alteram
3039 3085 3254 3140 transit.
3289 3084 3354 3140 Et
3397 3083 3475 3139 ibi

149 3169 370 3237 quando
395 3170 470 3225 de
505 3170 753 3226 exercitu
776 3171 998 3239 dicitur,
1031 3183 1215 3230 castra
1256 3177 1651 3234 transtulimus.
1680 3178 1776 3234 Fit‘
1797 3163 1845 3226 C
1875 3191 1998 3231 cum
2046 3177 2345 3232 obtinuerit
2392 3191 2512 3247 quae
2557 3175 2856 3232 acciderint
2901 3184 2956 3233 et
2983 3175 3216 3232 ﬁdeliter
3265 3175 3472 3244 tulerit,
3505 3195 3508 3198 ’

150 3269 336 3317 autem
365 3263 656 3335 catalogus
689 3267 1035 3324 mansionum
1069 3283 1102 3323 a
1145 3269 1323 3339 prima
1346 3286 1519 3341 usque
1543 3272 1613 3326 ad
1644 3271 1770 3327 ulti-

148 3370 319 3422 mam,
367 3365 432 3414 et
485 3368 842 3416 numerantur
888 3361 1050 3418 simul
1097 3363 1457 3436 quadraginta
1502 3366 1640 3422 duae.
1691 3365 1770 3422 De

147 3449 350 3520 quibus
396 3450 692 3508 Mattbaius
731 3453 1020 3523 loquitur:
1061 3455 1138 3508 Ab
1180 3457 1453 3512 Abraham
1499 3475 1661 3530 usque
1699 3457 1769 3512 ad

144 3539 325 3598 David
369 3545 745 3615 generationes
789 3546 1188 3616 quatuordecim
1218 3548 1432 3619 (Matth.
1477 3549 1540 3621 ι),
1581 3551 1637 3604 id
1663 3559 1768 3617 est,

143 3632 312 3688 simul
343 3635 741 3704 generationes
769 3636 1127 3708 quadraginta
1163 3638 1299 3692 dum.
1333 3638 1441 3693 Per
1463 3641 1565 3694 bas
1602 3641 1775 3694 currit

143 3737 312 3779 verus
337 3725 637 3790 Hebraeus,
670 3725 764 3796 qui
793 3726 859 3782 de
885 3734 1028 3782 terra
1059 3727 1292 3782 transire
1321 3727 1542 3782 festinat
1568 3727 1637 3782 ad
1665 3742 1774 3783 coe-

138 3812 277 3882 lum,
312 3823 375 3871 et
400 3813 649 3885 Egypto
678 3817 860 3872 saeculi
899 3817 1175 3882 derelicta,
1223 3827 1424 3874 terram
1477 3819 1774 3890 repromis-

131 3908 322 3962 sionis
349 3907 687 3973 ingreditur.
717 3905 828 3961 Nec
847 3908 1049 3962 mirum
1078 3909 1124 3963 si
1152 3910 1209 3962 in
1238 3909 1331 3964 illo
1355 3911 1571 3966 numeri
1596 3926 1775 3966 sacra-

132 4003 341 4054 mento
389 3995 788 4064 perveniamus
839 3997 909 4051 ad
967 4011 1136 4068 regna
1189 3997 1470 4064 caelorum,
1523 4001 1626 4054 sub
1665 4015 1774 4069 quo

134 4086 428 4144 Dominus
459 4092 630 4154 atque
665 4083 917 4141 Salvator
959 4103 989 4141 a
1033 4088 1212 4159 primo
1236 4090 1549 4158 patriarcha
1584 4106 1774 4162 perve-

137 4178 221 4233 nit
252 4177 328 4233 ad
363 4175 684 4245 Virginem,
708 4177 862 4246 quasi
896 4178 965 4236 ad
994 4176 1308 4247 Iordanem,
1332 4182 1426 4250 qui
1462 4167 1774 4256 plenoigur-

138 4276 252 4345 gite
278 4274 499 4337 ﬂuens,
542 4271 776 4342 Spiritus
807 4274 984 4328 sancti
1010 4275 1198 4344 gratiis
1235 4276 1588 4332 redundabat.
1620 4277 1776 4346 Quod

143 4374 330 4420 autem
359 4364 422 4419 in
462 4377 635 4418 manu
663 4361 835 4433 Moysi
863 4372 918 4419 et
943 4365 1127 4419 Aaron
1153 4380 1406 4434 egressos
1445 4367 1658 4434 scribit,
1691 4368 1776 4422 in-

143 4459 328 4529 tellige
369 4457 566 4527 legem
600 4463 657 4510 et
689 4457 1050 4512 sacerdotium
1083 4475 1095 4510 :
1131 4473 1299 4528 opera
1325 4467 1383 4514 et
1407 4459 1610 4514 cultum
1650 4459 1770 4526 Dei,

145 4564 388 4618 quorum
423 4547 674 4602 alterum
714 4547 886 4602 altero
929 4547 1154 4619 indiget.
1204 4548 1349 4604 Nihil
1380 4550 1525 4604 enim
1554 4550 1776 4620 prodest

143 4658 414 4698 exercere
449 4640 711 4704 virtutes,
741 4638 846 4693 nisi
879 4641 1097 4695 noveris
1141 4640 1488 4708 Creatorem;
1537 4658 1639 4698 nec
1678 4644 1775 4699 Dei

142 4735 437 4790 veneratio
459 4731 690 4804 prolicit
719 4731 787 4785 ad
816 4730 1071 4798 salutem,
1099 4733 1205 4788 nisi
1230 4743 1500 4803 praecepta
1529 4736 1776 4790 condito-

142 4830 218 4884 ris
247 4825 612 4900 impleveris.
655 4824 752 4880 His
780 4824 989 4882 duabus
1026 4827 1418 4893 mansionibus,
1451 4829 1607 4899 quasi
1646 4828 1778 4883 duo-

141 4920 242 4976 bus
294 4919 626 4992 seraphim,
680 4918 737 4972 in
787 4919 1182 4976 confessionem
1236 4929 1439 4976 sancta:
1489 4921 1776 4977 Trinitatis

141 5012 501 5083 erumpimus
532 5008 784 5064 dicentes
812 5025 825 5060 :
855 5005 1103 5075 Sanctus,
1132 5020 1366 5076 sanctus,
1400 5021 1635 5076 sanctus,
1671 5012 1779 5065 Do-

144 5104 318 5160 minus
339 5104 501 5159 Deus
523 5099 778 5156 sabaoth.
805 5099 916 5154 Has
937 5102 1247 5157 mansiones
1266 5102 1476 5173 Moyses
1492 5105 1780 5174 scripsisse

144 5194 344 5252 dicitur
362 5196 538 5267 juxta
569 5199 882 5248 castrorum
897 5191 1038 5256 loca,
1067 5207 1188 5262 quae
1209 5193 1418 5246 Domini
1444 5193 1638 5268 [jussu]
1666 5187 1779 5252 mu-

147 5285 358 5343 tabant.
390 5283 637 5342 Audisti
662 5283 793 5353 quid
826 5283 1044 5354 scripsit
1063 5282 1278 5353 Moyses
1302 5299 1401 5352 per
1435 5285 1658 5340 verbum
1678 5287 1781 5342 Do-

146 5380 300 5437 mini.
316 5381 391 5437 Et
413 5379 565 5452 quid
581 5374 762 5431 voluit
778 5374 1042 5430 Dominus
1062 5375 1180 5429 haec
1203 5373 1392 5429 scribi?
1410 5373 1480 5429 Ut
1496 5375 1779 5445 prodesset

148 5473 340 5543 utique
370 5471 551 5526 nobis
583 5465 795 5536 aliquid
820 5465 1092 5536 scriptura
1122 5466 1239 5521 haec
1271 5467 1616 5522 mansionum
1642 5484 1778 5537 quas

148 5561 408 5620 fecerunt
461 5559 575 5616 lilii
643 5556 829 5612 Israel.
888 5556 1130 5626 Denique
1182 5556 1469 5628 dupliciter
1521 5557 1780 5629 jubemur

148 5657 299 5712 exire
340 5652 676 5712 secundum
706 5647 1004 5718 spiritalem
1050 5649 1457 5720 intelligentiam
1503 5650 1570 5706 de
1613 5649 1782 5722 IEgy-

147 5760 260 5822 pto.
293 5751 400 5807 Vel
439 5760 582 5804 cum
616 5741 981 5810 relinquentes
1009 5743 1263 5810 gentilem
1293 5744 1479 5810 vitam,
1518 5745 1588 5801 ad
1626 5744 1778 5815 agni-

585 5837 870 5900 Pa'rnon.
905 5838 1128 5903 CVIII.

1798 4511 1852 4572 D

1871 3274 2064 3337 pergat
2082 3266 2148 3321 ad
2180 3267 2364 3321 aliam.
2397 3267 2464 3322 Et
2505 3268 2580 3321 ita
2615 3283 2713 3338 per
2745 3267 2953 3338 singula
2987 3275 3322 3323 tentamenta
3347 3267 3477 3324 vitae

1873 3373 1940 3413 ac
1966 3355 2093 3413 fidei
2122 3357 2401 3429 profectus
2431 3360 2743 3415 mansiones
2771 3359 2972 3416 habere
3013 3361 3232 3427 dicitur,
3265 3359 3320 3414 in
3354 3359 3476 3430 qui-

1872 3451 1977 3506 bus
2017 3465 2117 3521 per
2157 3451 2369 3522 singula
2406 3453 2669 3506 virtutum
2719 3461 3038 3520 quaeruntur
3069 3461 3382 3521 augmenta,
3421 3456 3478 3504 et

1875 3542 2134 3611 impletur
2163 3543 2222 3595 in
2251 3542 2360 3596 illis
2399 3542 2529 3595 illud
2557 3542 2702 3610 quod
2746 3543 3010 3611 scriptum
3054 3549 3177 3594 est:
3221 3540 3382 3592 Ibunt
3412 3539 3477 3593 de

1873 3632 2060 3685 uirtute
2091 3632 2148 3684 in
2173 3633 2415 3684 virtutem
2447 3629 2620 3701 (Psal.
2651 3631 2883 3702 LXXXIII)
2910 3647 2924 3695 ;
2975 3643 3256 3700 usquequo
3285 3643 3480 3697 perve-n

1875 3723 2062 3776 niatur
2086 3724 2157 3777 ad
2203 3721 2475 3785 ultimum,
2528 3722 2638 3775 imo
2685 3721 2753 3774 ad
2801 3735 3073 3775 summum
3117 3720 3342 3790 gradum
3367 3721 3480 3774 vir-

1878 3824 2078 3881 tutum,
2110 3822 2164 3870 et
2184 3822 2499 3869 transeatur
2521 3812 2718 3866 flumen
2765 3813 2860 3867 Dei
2900 3827 2964 3868 ac
2989 3813 3258 3883 promissa
3299 3814 3475 3869 susci-

1875 3910 2062 3979 piatur
2091 3908 2406 3965 htereditas.
2457 3905 2688 3974 Profecti
2721 3907 2883 3976 igitur
2927 3907 2989 3959 de
3017 3906 3264 3960 Ramesse
3301 3921 3477 3960 mense

1875 4001 2072 4070 primo,
2101 4001 2285 4071 quinta
2311 3999 2514 4053 decima
2534 3998 2620 4051 die
2646 3997 2836 4052 mensis
2865 3998 3041 4068 primi,
3070 3997 3238 4051 altera
3260 3997 3344 4051 die
3361 4008 3478 4068 post

1879 4088 2077 4158 Phase,
2107 4090 2208 4161 ﬁlii
2256 4090 2428 4145 Israel
2467 4092 2522 4145 in
2569 4106 2730 4144 manu
2759 4089 2987 4156 excelsa,
3020 4090 3313 4146 videntibus
3348 4106 3477 4146 cun-

1877 4184 1974 4237 etis
2011 4182 2300 4254 Egyptiis,
2328 4192 2376 4237 et
2396 4182 2761 4254 sepelientibus
2803 4183 3171 4253 primogenitos
3209 4201 3338 4254 quos
3359 4201 3477 4255 per-

1877 4285 2113 4331 cusserat
2168 4276 2424 4331 Dominus
2464 4275 2609 4347 (nam
2639 4286 2686 4330 et
2733 4277 2788 4330 in
2822 4276 2924 4331 diis
2963 4293 3141 4331 eorum
3173 4290 3475 4333 exercuerat

1877 4367 2172 4438 ultionem),
2222 4368 2579 4421 castrametati
2624 4376 2746 4421 sunt
2787 4367 2841 4419 in
2873 4366 3117 4421 Soccoth.
3150 4367 3412 4421 Ramesse
3443 4386 3474 4422 a

1878 4460 2202 4528 quibusdam
2249 4459 2640 4529 interpretatur
2689 4457 2967 4511 commotio
3017 4456 3336 4523 turbulenta,
3384 4466 3480 4512 aut

1879 4549 2182 4603 amaritudo
2237 4549 2614 4618 commotioque
2667 4549 2840 4601 tinem.
2894 4545 3003 4601 Nos
3052 4554 3231 4602 autem
3295 4549 3476 4604 verius

1880 4641 2262 4694 existimamus
2310 4639 2541 4709 exprimi
2594 4639 2885 4690 tonitruum
2936 4637 3137 4707 gaudii.
3191 4638 3276 4692 Ad
3332 4640 3475 4695 hanc

1879 4732 2094 4795 urbem,
2144 4746 2266 4800 qua:
2314 4731 2370 4784 in
2424 4730 2684 4784 extremis
2717 4728 2935 4800 {Egypti
2987 4730 3185 4786 finibus
3214 4742 3352 4799 erat,
3381 4749 3480 4805 po-

1878 4823 2040 4892 pulus
2068 4829 2429 4893 congregatus
2455 4830 2557 4885 est,
2588 4822 2678 4891 qui
2709 4822 2761 4875 in
2792 4823 3062 4878 desertum
3094 4825 3173 4880 ire
3200 4825 3474 4897 cupiebat,

1879 4933 1946 4973 eo
1971 4918 2114 4988 quod
2141 4915 2432 4971 tumultum
2480 4916 2664 4971 saeculi
2703 4917 3104 4988 derelinquens,
3157 4920 3476 4973 movebatur

1883 5023 1914 5062 a
1940 5008 2088 5063 vitiis
2115 5007 2380 5079 pristinis,
2407 5015 2462 5061 et
2489 5007 2555 5062 ab
2581 5008 2847 5062 exedente
2878 5023 2936 5064 se
2963 5011 3115 5080 prius
3173 5009 3313 5065 tinea
3342 5026 3475 5080 pec-

1882 5111 2152 5166 catorum,
2185 5109 2245 5155 ut
2269 5117 2488 5157 omnem
2518 5103 2935 5158 amaritudinem
2967 5111 3184 5158 vertens
3213 5104 3266 5157 in
3299 5103 3475 5158 dulce-

1881 5191 2084 5257 dinem,
2114 5191 2209 5246 Dei
2257 5205 2446 5247 vocem
2485 5193 2540 5246 in
2577 5191 2707 5247 Sina
2740 5204 2922 5249 monte
2973 5195 3204 5262 desuper
3237 5193 3471 5249 tonantis

1882 5283 2116 5339 audiret.
2151 5282 2308 5351 Quod
2354 5293 2534 5338 autem
2575 5286 2741 5340 verba
2788 5285 2967 5341 divina
2995 5292 3049 5336 et
3078 5282 3285 5350 eloquia
3318 5281 3470 5337 Scri-

1879 5384 2160 5445 pturarum
2215 5375 2270 5430 in
2321 5375 2478 5431 istius
2524 5377 2702 5432 saeculi
2735 5386 2789 5432 et
2819 5373 3004 5430 mundi
3052 5382 3168 5428 rota
3221 5374 3472 5431 tonitruis

1881 5466 2240 5537 appellantur,
2271 5466 2558 5522 Psalmista
2606 5468 2846 5523 declarat
2899 5465 3125 5519 dicens:
3181 5462 3293 5518 Vox
3329 5465 3471 5520 toni-

1879 5558 1988 5612 trui
2017 5559 2072 5612 in
2104 5569 2219 5613 rota
2267 5558 2440 5632 (Psal.
2477 5560 2682 5631 Lxxvt).
2733 5558 2800 5611 Et
2836 5556 2930 5610 Dei
2973 5555 3153 5609 Patris
3196 5571 3381 5610 vocem
3413 5557 3469 5612 in

1878 5646 2150 5718 baptismo
2176 5651 2478 5716 audientes,
2515 5651 2806 5705 tonitruum
2845 5654 3194 5716 putaverunt.
3227 5648 3471 5720 Cumque

1882 5743 2139 5800 commoti
2163 5743 2426 5802 fuerimus
2453 5744 2522 5800 ad
2549 5740 2916 5809 evangelicam
2938 5741 3147 5811 tubam,
3173 5749 3228 5798 et
3247 5741 3469 5800 excitati

2925 5839 3006 5902 26
