3890 6340
450 514 626 569 hiems
646 506 890 582 praeterit
918 514 975 559 et
1021 504 1157 571 abit,
1209 503 1429 574 quando
1454 501 1599 557 veris
1625 502 1909 564 exordium
1934 508 2041 569 est,

451 601 671 675 quando
707 607 854 655 terra
897 596 1157 669 parturit,
1205 595 1423 665 quando
1451 603 1647 651 cuncta
1688 599 2041 649 renovantur.

450 696 521 752 Et
546 693 759 751 erimus
784 690 976 762 quinta
1000 687 1206 744 decima
1252 688 1341 742 die
1379 687 1583 745 mensis
1619 684 1803 757 primi,
1837 685 1892 744 in
1912 700 2043 741 om.

452 787 657 843 stinum
698 782 944 849 Pascha,
998 779 1161 852 pleno
1204 779 1409 835 mensis
1443 778 1668 844 lumine,
1720 786 1845 850 post
1891 792 2045 833 esum

451 879 579 953 agni
605 874 963 939 immaculati,
994 883 1041 929 et
1065 872 1322 928 calceatus
1354 872 1509 945 pedes
1530 871 1775 926 habentes
1802 871 1871 926 de
1897 871 2046 942 Apo-

452 971 610 1037 stolo,
646 978 697 1026 et
745 970 1005 1024 accinctos
1050 966 1306 1037 pudicitia
1345 963 1548 1020 lumbos
1590 962 1805 1035 (Ephes.
1848 959 1947 1036 Vt),
1991 969 2050 1018 et

447 1062 676 1127 baculos
721 1062 778 1117 in
828 1059 1078 1115 manibus
1120 1065 1475 1128 praeparatos.
1528 1056 1787 1123 Quamvis
1812 1056 1959 1112 enim
1988 1056 2047 1115 in

452 1155 690 1227 Λεπρῑο
716 1150 1123 1224 quartadecima
1160 1150 1250 1204 die
1292 1148 1496 1204 mensis
1540 1148 1750 1205 Pascha
1781 1147 2049 1204 facientes

451 1246 852 1304 comederimus
894 1257 1113 1316 agnum,
1157 1248 1340 1297 tamen
1373 1250 1505 1298 tunc
1550 1243 1709 1298 nobis
1752 1242 1846 1297 lux
1883 1242 2046 1313 plena

450 1340 769 1411 completur,
801 1335 1019 1409 quando
1048 1335 1104 1390 in
1127 1349 1291 1389 manu
1316 1334 1534 1391 excelsa
1566 1333 1827 1390 Ramesse
1858 1334 2046 1391 dimit-

455 1432 640 1497 timus,
672 1444 793 1501 qua:
822 1425 1038 1484 excelsa
1070 1425 1288 1493 dicitur,
1318 1426 1406 1482 vel
1437 1426 1580 1497 quod
1600 1425 1896 1497 Egyptum
1922 1442 2048 1497 per-

450 1525 701 1591 cusserit,
734 1523 821 1579 vel
856 1524 1000 1595 quod
1021 1522 1323 1593 protexerit
1346 1522 1512 1579 Israel
1535 1522 1846 1579 videntibus
1882 1522 2049 1595 Egy-

445 1622 605 1695 ptiis:
650 1618 744 1691 qui
786 1618 1129 1674 admirantur
1152 1634 1252 1675 nos
1288 1619 1473 1690 egredi
1503 1619 1569 1674 de
1613 1620 1833 1687 saaculo,
1855 1628 1913 1676 et
1936 1629 2049 1675 tor-

1105 292 1466 352 B.-IABANI
1503 292 1729 353 MAURI
1759 287 2436 353 ARCHEPHIOGBN'P.
2476 287 2761 351 ornum
2796 283 3053 348 ωλι.

452 414 677 476 tonitrui
731 412 954 484 gaudio,
1001 410 1214 467 eximus
1246 409 1300 464 in
1345 421 1532 467 mense
1571 408 1770 479 primo,
1818 406 2034 478 quando
2058 408 2114 472 Α
2136 404 2266 463 derit
2288 410 2511 462 cunctos
2527 404 2621 476 qui
2650 401 2953 476 ignorantia
2969 400 3181 467 vivunt,
3203 406 3259 457 ct
3278 412 3388 465 non
3411 398 3577 461 solum
3597 402 3700 465 ilics

2143 499 2234 570 qui
2270 499 2328 555 in
2354 497 2659 572 ignorantia
2702 495 2877 552 adhuc
2912 500 3061 561 sunt,
3090 494 3187 551 sed
3214 494 3467 566 ingerunt
3494 510 3552 551 se
3581 512 3700 571 sape

2142 595 2229 652 his
2260 595 2427 655 etiam
2473 594 2565 666 qui
2614 597 2953 665 agnoverunt
2995 589 3194 657 Deum,
3244 597 3301 647 et
3337 592 3699 650 nuntiaest

2143 702 2308 759 opera
2330 686 2646 760 ignorantia
2673 694 2941 742 conantur
2973 683 3210 756 operari.
3232 682 3425 755 Neque
3444 684 3583 741 enim
3604 687 3700 743 sine

2145 779 2278 853 ipsis
2303 788 2714 837 consummatur
2739 793 2902 835 omne
2924 785 3231 850 peccatum.
3263 775 3405 839 Nam
3431 792 3551 833 eum
3577 778 3699 835 adul-

2144 874 2345 929 terium
2376 872 2500 944 quis
2529 870 2786 938 admittit,
2813 887 2923 927 non
2962 878 3049 926 est
3090 870 3285 940 utique
3321 868 3443 926 sine
3474 870 3698 929 dum

2146 967 2245 1024 Vel
2274 981 2400 1023 cum
2452 967 2570 1038 ipsa
2598 967 2618 993 '
2646 966 2935 1026 immorata
2979 962 3216 1035 rapitur,
3256 963 3346 1020 vel
3404 962 3701 1035 cumdiripit

2147 1059 2343 1128 aliena,
2371 1066 2430 1115 et
2450 1057 2545 1129 qui
2570 1058 2767 1119 sedens
2801 1058 3066 1115 adversus
3108 1054 3422 1128 proximum
3470 1057 3702 1111 sounde-

2148 1154 2340 1223 traliit,
2367 1161 2424 1210 et
2450 1153 2711 1211 adversus
2734 1152 2906 1210 ﬁlium
2944 1154 3141 1209 matris
3183 1168 3297 1211 sua
3324 1152 3483 1224 ponit
3506 1152 3695 1210 scanda-

2148 1247 2283 1315 lum,
2315 1262 2423 1304 non
2468 1247 2696 1304 estsine
2738 1247 3005 1303 daemone.
3036 1246 3105 1302 Et
3128 1246 3253 1305 ideo
3279 1245 3548 1320 agendum
3578 1246 3699 1303 nobis

2148 1351 2233 1399 est
2278 1355 2349 1399 ne
2393 1340 2538 1399 forte
2589 1340 2968 1413 Egyptiorum
3018 1339 3380 1413 primogenita
3410 1381 3428 1406 ,
3484 1339 3559 1396 vel
3600 1341 3698 1397 deos

2147 1450 2361 1502 eorum,
2393 1449 2531 1506 quos
2556 1433 2818 1491 Dominus
2844 1432 3116 1505 percussit
3149 1439 3205 1488 et
3241 1430 3523 1496 exstinxit,
3546 1445 3606 1487 se
3624 1444 3701 1487 nos

2150 1528 2475 1584 suscitemus
2503 1527 2560 1583 in
2586 1526 2769 1593 nobis,
2798 1525 2845 1580 si
2867 1525 2950 1580 eis
2977 1524 3159 1581 locum
3188 1524 3501 1581 dederimus
3518 1537 3700 1595 operan-

2150 1621 2204 1676 di
2224 1621 2278 1676 in
2308 1620 2465 1676 nobis
2493 1634 2559 1675 ea
2593 1634 2714 1689 qua:
2739 1618 2855 1673 odit
2874 1617 3041 1673 Deus.
3071 1615 3130 1671 Si
3157 1623 3343 1672 autem
3372 1616 3447 1672 ab
3469 1614 3546 1670 bis
3565 1613 3701 1671 omni-

446 1721 687 1787 quenml'
714 1711 915 1766 anidia
942 1725 958 1776 ἶ
987 1716 1043 1765 οι
1069 1717 1261 1781 Postea
1290 1718 1476 1765 ιεηετθ
1515 1711 1794 1782 cupientes
1835 1711 1891 1765 in
1919 1725 2042 1782 per-
2068 1781 2111 1787 _
2148 1716 2250 1772 bus
2272 1715 2649 1773 contineamus
2672 1728 2773 1769 nos
2801 1726 2866 1767 eo
2893 1712 3057 1768 modo
3085 1727 3194 1783 quo
3214 1710 3472 1780 superius
3494 1708 3696 1771 diximus,

446 1781 818 1865 scontionibus
838 1801 1190 1869 suﬂ'ocantur,
1204 1804 1423 1873 quando
1442 1811 1498 1858 et
1519 1802 1761 1881 Egyptii
1777 1781 2043 1874 sepeliant
2068 1781 2119 1847 Β
2156 1810 2307 1868 dabit
2328 1810 2628 1864 vindictam
2656 1806 2918 1864 Dominus
2956 1806 3014 1860 in
3052 1781 3307 1861 omnibus
3331 1802 3446 1859 diis
3466 1800 3696 1872 Egyptia-

444 1898 842 1981 primogenitos
874 1911 1042 1963 suos;
1067 1904 1124 1952 et
1169 1906 1351 1967 patres
1401 1898 1599 1953 mortui
1650 1899 1882 1954 terrenis
1925 1915 2054 1970 ope-

446 1992 603 2048 ribus
632 1989 951 2060 opprimunt
976 1997 1222 2044 mortuos
1246 1988 1406 2046 filios.
1442 1988 1572 2045 Mihi
1602 1990 1856 2046 videntur
1881 1989 2055 2064 Egy-

445 2086 687 2158 ptiorum
721 2081 1082 2154 primogenita
1114 2082 1363 2153 dogmata
1412 2096 1537 2138 esse
1583 2082 2051 2154 philosophorum,

444 2178 642 2250 quibus
686 2175 943 2246 deceptos
991 2173 1238 2229 homines
1268 2183 1432 2245 atque
1485 2174 1727 2229 irretitos
1772 2176 2048 2231 tenebant.

443 2270 574 2337 Quae
597 2285 721 2325 cum
752 2266 922 2323 lsrael
952 2266 1108 2321 vivus
1134 2265 1403 2337 effugerit,
1446 2267 1791 2322 circumdant
1822 2268 2052 2325 mortuis

445 2362 582 2426 suis,
609 2376 677 2414 ne
702 2358 1020 2415 exeuntium
1046 2358 1331 2412 imitentur
1352 2358 1681 2429 exemplum.
1714 2358 1886 2414 Porro
1905 2360 2051 2429 quod

443 2452 712 2521 sequitur,
742 2449 802 2503 ln
834 2449 936 2503 diis
963 2463 1152 2503 eorum
1190 2447 1319 2502 fecit
1337 2449 1562 2519 judicia,
1592 2450 1707 2505 sive
1730 2457 1791 2504 ut
1815 2449 2048 2522 Septua-

442 2544 593 2615 gin’ta
626 2541 1045 2605 transtulerunt,
1080 2538 1329 2605 ultiones,
1360 2540 1494 2596 illud
1523 2540 1736 2597 Hebraei
1764 2550 2052 2600 autumant

441 2638 587 2709 quod
614 2644 774 2692 nocte
799 2651 905 2708 qua
928 2649 1182 2709 egressus
1206 2643 1289 2690 est
1311 2635 1561 2706 populus,
1589 2638 1770 2692 omnia
1796 2637 1852 2692 in
1879 2637 2049 2710 Egy-

437 2736 534 2800 pto
574 2726 778 2798 templa
830 2728 1107 2783 destructa
1166 2733 1312 2791 sunt,
1369 2726 1487 2781 sive
1534 2735 1683 2782 motu
1721 2734 1902 2794 terrae,
1932 2728 2049 2783 sive

438 2825 588 2875 tactu
636 2819 945 2874 fulminum.
1002 2817 1337 2890 Spiritaliter
1388 2827 1571 2874 autem
1622 2820 1855 2876 dicimus
1899 2820 2047 2894 quod

439 2911 847 2981 egredientibus
888 2910 1047 2966 nobis
1088 2895 1155 2966 ex
1184 2909 1421 2982 Egypto
1464 2926 1713 2967 errorum
1753 2911 1895 2968 idola
1924 2928 2045 2968 corr

438 3013 622 3073 ruant,
656 3013 712 3062 et
762 3005 942 3062 omnis
978 3019 1363 3075 perversarum
1408 3005 1782 3061 doctrinarum
1829 3005 2042 3061 cultura

436 3100 739 3172 quatiatur.
774 3097 882 3153 Alii
932 3099 1286 3170 quaerendum
1330 3107 1523 3168 putant
1576 3100 1848 3170 quomodo
1896 3097 2042 3155 Deus

2155 1921 2298 1967 rum,
2312 1918 2612 1975 poenasque
2631 1917 2700 1957 ex
2722 1909 2908 1957 nostra
2926 1898 3306 1956 emendatione
3322 1904 3383 1954 et
3403 1894 3698 1953 conversion

2154 1997 2477 2071 suscipiunt.
2506 1993 2946 2058 Proliciscentes,
2977 1990 3173 2061 inquit,
3208 1988 3309 2045 lilii
3350 1986 3514 2044 lsrael
3536 1986 3594 2042 de
3620 1984 3698 2038 lla-

2153 2106 2351 2156 messc,
2380 2087 2753 2145 castrametati
2785 2094 2911 2142 sunt
2949 2085 3006 2139 in
3049 2082 3275 2139 Socoth.
3321 2079 3697 2137 Secundam!-

2154 2181 2256 2238 sio.
2294 2182 2352 2235 ln
2393 2181 2497 2237 hac
2534 2185 2777 2248 coquunt
2807 2190 2975 2248 panes
3024 2188 3264 2246 azymos,
3291 2178 3348 2228 et
3376 2171 3586 2243 primum
3611 2177 3699 2224 ten-

2154 2276 2289 2332 dunt
2311 2271 2682 2337 tabernacula,
2706 2271 2847 2325 unde
2868 2284 2935 2325 ex
2954 2283 3014 2324 re
3028 2267 3184 2325 locus
3199 2279 3402 2321 nomen
3412 2260 3599 2333 accepit.
3614 2256 3700 2315 So-

2153 2370 2282 2426 coth
2320 2368 2519 2440 quippe
2544 2366 2937 2437 interpretatur
2965 2363 3021 2418 in
3060 2361 3245 2434 lingua
3274 2367 3456 2416 nostra
3496 2354 3700 2409 taban-

2153 2461 2273 2517 cula
2301 2459 2416 2515 sive
2445 2458 2689 2513 tentoria.
2731 2456 2801 2511 Et
2826 2456 2894 2510 ab
2922 2454 3029 2510 hoc
3073 2452 3309 2524 septimo
3351 2463 3525 2506 messe
3549 2446 3698 2517 quinta

2152 2553 2364 2608 decima
2393 2551 2480 2605 die
2524 2549 2729 2621 mensis
2781 2546 3098 2605 solemnitas
3126 2541 3695 2600 Tabernacnlommest.

2152 2645 2288 2702 Cum
2327 2660 2457 2714 ergo
2485 2642 2781 2697 exlerimus
2830 2656 2899 2696 ex
2946 2638 3205 2711 Egypto,
3240 2636 3477 2709 primum
3501 2634 3697 2688 tabem-

2150 2737 2330 2795 culum
2362 2735 2596 2809 figimus,
2633 2733 2913 2790 sciendum
2957 2731 3115 2786 nobis
3139 2727 3213 2783 ad
3239 2728 3492 2784 ulteriora
3512 2732 3698 2796 μωρο-

2151 2830 2428 2886 diendum.
2482 2825 2633 2882 'l‘unc
2674 2826 2819 2880 enim
2866 2840 2975 2879 non
3019 2822 3367 2878 comedimus
3394 2818 3699 2875 defermento

2150 2919 2398 2995 Egypti,
2430 2918 2494 2972 de
2521 2919 2776 2989 fermento
2818 2914 3044 2971 malitia’
3068 2923 3119 2968 et
3157 2912 3424 2984 nequitias,
3557 2903 3701 2963 vesci-

2148 3030 2271 3070 mur
2303 3014 2503 3084 azymis
2553 3011 2871 3067 sinceritatis
2916 3019 2966 3064 et
3006 3009 3240 3063 veritatis
3289 3006 3349 3081 (l
3368 3005 3482 3062 Cor.
3511 3002 3589 3076 v);
3614 3000 3698 3055 Do-

2150 3105 2284 3162 mini
2328 3112 2599 3176 przcccpta
2626 3118 2790 3175 Opere
2820 3108 3271 3158 consummantes
3301 3118 3315 3153 :
3364 3096 3539 3154 Cauete
3559 3112 3586 3149 α
3611 3093 3699 3163 fer-

434 3163 732 3247 vindictam
762 3190 928 3245 faciat
949 3163 1014 3243 in
1053 3163 1351 3256 dzcmones,
1376 3206 1501 3245 cuni
1549 3163 1738 3261 uiique
1789 3188 2044 3245 vindictae
2068 3163 2118 3231 ε
2149 3163 2747 3253 menmium-imorum
2793 3193 2944 3267 (Luc.
2974 3189 3097 3263 xu).
3140 3190 3200 3246 hi
3244 3191 3350 3247 hac
3378 3189 3520 3245 nobis
3544 3181 3701 3257 praci-

437 3284 552 3339 dies
577 3293 633 3337 ct
654 3282 843 3352 judicii
892 3282 1133 3336 nondum
1181 3282 1413 3337 venerit.
1467 3280 1577 3336 Sed
1604 3282 1746 3336 hanc
1782 3297 1885 3354 ego
1912 3290 2043 3357 puto

435 3376 491 3430 in
514 3375 786 3430 dccmones
815 3373 934 3428 fieri
962 3373 1282 3440 vindictam,
1330 3389 1453 3428 cum
1500 3375 1546 3429 is
1571 3374 1665 3445 qui
1705 3374 1775 3429 ab
1800 3374 1910 3430 illis
1940 3376 2039 3429 de-

434 3473 625 3537 ceptus
655 3465 835 3520 fuerat
858 3471 915 3519 ut
960 3464 1106 3520 idola
1154 3464 1378 3529 coleret,
1420 3480 1517 3536 per
1544 3466 1772 3521 verbum
1824 3464 2042 3522 Domini

435 3572 754 3624 conversus,
782 3556 954 3612 Deum
981 3557 1129 3624 colit,
1152 3564 1208 3612 et
1230 3572 1297 3612 ex
1318 3557 1436 3629 ipso
1456 3572 1619 3628 Opere
1646 3558 2037 3628 conversionis,

438 3652 672 3708 vindicta
704 3652 760 3706 in
790 3667 915 3707 eum
955 3651 1050 3721 qui
1076 3652 1366 3721 deceperat
1395 3651 1573 3706 datur.
1617 3650 1881 3708 Similiter
1910 3660 1967 3706 et
1993 3651 2041 3707 si

434 3745 482 3801 is
501 3746 595 3818 qui
620 3745 959 3802 daamonibus
1003 3745 1265 3815 deceptus
1312 3742 1492 3799 fuerat
1542 3744 1615 3799 ad
1658 3743 2040 3801 fornicandum

430 3846 777 3896 convertatur
796 3841 866 3896 ad
891 3839 1230 3911 pudicitiam,
1252 3838 1441 3911 diligat
1466 3839 1793 3903 castitatem,
1826 3854 2040 3896 errasse

430 3949 491 3988 se
517 3931 732 4000 defleat,
763 3931 1102 4005 paenitentia:
1143 3931 1313 4002 ipsius
1366 3930 1623 4002 lacrymis
1664 3931 1844 3986 uritur
1872 3939 1927 3985 et
1954 3930 2038 3986 in-

432 4025 683 4080 cenditur
707 4024 940 4090 daimon,
973 4033 1027 4078 et
1054 4024 1133 4079 sic
1164 4022 1403 4079 vindicta
1431 4025 1590 4078 datur
1617 4022 1672 4077 in
1701 4023 2038 4094 dcecptionis

430 4125 732 4172 auctorem.
760 4114 1027 4170 Similiter
1055 4117 1218 4170 etiam
1249 4116 1295 4171 si
1321 4115 1444 4186 quis
1468 4115 1535 4170 de
1564 4116 1821 4186 superbia
1844 4115 1911 4171 ad
1936 4117 2038 4171 hu-

428 4208 736 4272 militatem,
768 4208 836 4261 de
864 4206 1081 4260 luxuria
1101 4208 1169 4262 ad
1206 4209 1602 4278 parcimoniam
1631 4210 1837 4275 redeat,
1863 4218 1918 4263 et
1938 4224 2038 4278 per

424 4298 544 4356 haec
569 4298 780 4371 singula
824 4298 1098 4354 daamones
1126 4298 1218 4369 qui
1248 4315 1307 4353 se
1337 4300 1390 4353 in
1421 4299 1533 4354 hrrc
1580 4299 1906 4370 deceperant
1932 4299 2034 4355 lla—

423 4391 587 4471 gellat
611 4399 668 4449 et
692 4391 923 4449 cruciat.
963 4389 1191 4458 Quantis
1216 4405 1310 4444 cos
1356 4390 1557 4459 putatis
1609 4391 1694 4461 agi
1724 4392 2034 4460 tormentis,

2146 3292 2294 3363 pitur
2315 3290 2595 3347 mansione
2622 3298 2684 3345 ut
2700 3303 2918 3359 semper
2939 3301 3213 3344 memores
3237 3285 3405 3343 simus
3425 3275 3704 3356 egression‘u

2145 3397 2213 3437 ex
2236 3381 2495 3453 Egypto,
2528 3390 2589 3436 ut
2618 3382 2957 3437 celebremus
2995 3378 3307 3440 transitum,
3336 3377 3391 3432 id
3434 3384 3536 3441 est,
3562 3373 3702 3444 phase

2144 3476 2361 3532 Domini
2382 3492 2401 3551 ς,
2431 3483 2493 3530 ut
2517 3476 2882 3547 primogenita
2928 3474 3103 3530 nostri
3149 3472 3291 3529 uteri
3316 3476 3710 3536 cunctarumque

2144 3567 2411 3623 virtutum
2434 3582 2534 3638 pro
2557 3566 2937 3639 primogenitis
2959 3563 3183 3638 IEgypti
3202 3580 3317 3635 qua:
3333 3576 3581 3633 percussa
3607 3561 3714 3612 sunt

2144 3659 2376 3715 Domino
2401 3674 2807 3714 consecremus.
2848 3657 2919 3711 Et
2943 3658 3165 3729 profecti
3196 3665 3259 3710 de
3293 3652 3495 3719 Socotlz,
3523 3657 3719 3703 castra-

2144 3752 2333 3807 metati
2358 3759 2481 3805 sunt
2508 3752 2563 3804 in
2594 3750 2812 3814 Etham,
2836 3766 2957 3821 qua:
2992 3759 3067 3804 est
3086 3750 3138 3801 in
3158 3756 3371 3801 extremo
3394 3738 3715 3796 solitudinis.

2144 3842 2331 3898 Tertia
2359 3841 2570 3896 mansio
2598 3841 2823 3897 oliertur
2849 3848 2972 3911 post
3008 3835 3356 3902 tabernacula,
3381 3834 3444 3890 in
3486 3847 3595 3904 qua
3619 3829 3716 3903 pri-

2143 3956 2298 3998 mum
2326 3939 2541 3995 videtur
2584 3938 2845 3994 Dominus
2897 3945 3062 3993 nocte
3111 3936 3167 3991 in
3195 3934 3441 3990 columna
3468 3929 3637 3992 nubis,
3660 3932 3710 3980 ut

2144 4031 2422 4119 praecedat
2447 4030 2707 4102 populum
2736 4038 2791 4083 et
2816 4028 2922 4083 (lux
2958 4029 3032 4084 sit
3083 4026 3314 4119 itineris.
3360 4016 3709 4119 Ethampobis

2142 4107 2413 4180 consonat
2463 4121 2719 4192 fortitudo
2776 4121 2893 4176 sive
2920 4119 3196 4191 perfectio,
3245 4118 3312 4174 de
3363 4122 3533 4188 quaet
3559 4107 3712 4163 David

2134 4212 2290 4275 canit
2318 4236 2330 4271 :
2366 4216 2446 4271 Tu
2480 4214 2727 4286 dirupisti
2776 4214 2964 4285 ﬂuvios
2994 4213 3197 4268 Etham
3242 4210 3419 4284 (Psai.
3440 4204 3640 4277 nam),
3668 4201 3715 4257 id

2141 4320 2245 4378 est,
2272 4310 2447 4367 fortis.
2481 4309 2715 4365 Grandis
2737 4316 2823 4363 est
2843 4308 3107 4371 fortitudo
3133 4305 3437 4379 Egyptum
3456 4301 3710 4363 dimittere,

2142 4413 2198 4459 et
2228 4404 2285 4459 in
2315 4413 2559 4458 extrema
2589 4402 2879 4457 solitudine
2904 4400 3253 4457 commorari.
3296 4384 3381 4455 Ex
3410 4414 3513 4470 quo
3546 4391 3713 4452 intelli-

424 4486 470 4542 si
499 4498 664 4555 quem
708 4481 931 4537 videant
972 4479 1271 4591 secpndnm
1302 4481 1528 4536 verbum
1555 4481 1771 4538 Domini
1817 4484 2035 4539 vendere
2058 4528 2114 4591 Β
2141 4495 2322 4567 simus
2343 4493 2524 4549 locum
2561 4493 2762 4551 socci],
2787 4494 2963 4549 adhuc
3004 4491 3163 4561 jura
3191 4491 3427 4575 Egypu
3471 4491 3615 4546 fuisse
3642 4499 3714 4540 rc-

324 4600 341 4653 ε
426 4576 607 4629 omnia
635 4589 734 4629 sua
767 4591 884 4646 quis
912 4572 1161 4646 possidet,
1192 4581 1239 4626 et
1262 4573 1390 4628 dare
1414 4574 1751 4648 pauperibus,
1780 4585 1828 4629 et
1847 4575 2028 4632 tollere

326 4664 341 4691 ί
422 4682 630 4720 crucem
660 4682 815 4720 suam
841 4676 889 4720 et
937 4667 1084 4739 sequi
1114 4664 1426 4721 Christum?
1453 4665 1604 4738 (Luc.
1636 4667 1817 4742 xviii.)
1850 4667 2027 4740 Super

349 4819 352 4823 ,
421 4758 608 4817 omnia
634 4774 763 4814 vero
810 4758 892 4815 eis
938 4767 1023 4814 est
1072 4767 1465 4816 tormentorum
1518 4775 1739 4831 genera,
1773 4770 1830 4818 ct
1862 4778 2027 4833 super

337 4842 346 4880 ³
419 4860 613 4911 omnes
635 4869 850 4925 pinnas,
905 4857 951 4912 si
980 4872 1141 4927 quem
1192 4857 1411 4913 videant
1455 4857 1622 4913 verbo
1673 4857 1770 4913 Dei
1802 4873 2025 4930 operam

420 4943 574 5013 dare,
626 4945 909 5002 scientiam
940 4948 1134 5003 divinae
1187 4948 1324 5022 legis
1368 4956 1424 5003 et
1468 4951 1730 5022 mysteria
1781 4949 2026 5023 Scriptu-

419 5050 610 5092 rarum
635 5035 864 5093 intentis
892 5037 1086 5093 studiis
1113 5040 1519 5109 perquirentem
1550 5058 1562 5093 :
1596 5040 1650 5093 in
1698 5041 1803 5096 hoc
1827 5056 2024 5097 eorum

418 5128 673 5191 omnibus
703 5130 721 5150 '
754 5128 992 5185 ﬂammis
1020 5138 1127 5198 est,
1170 5132 1225 5184 in
1265 5131 1353 5187 his
1388 5139 1502 5187 toto
1549 5140 1783 5189 uruntur
1830 5133 2021 5189 incen-

418 5226 529 5292 dio,
556 5224 816 5296 quoniam
843 5224 1064 5297 quidem
1115 5223 1435 5294 ignorantiae
1489 5227 1728 5284 tenebris
1753 5227 2022 5284 humanas

417 5318 851 5375 obscuraverant
895 5325 1130 5385 mentes,
1176 5325 1233 5373 et
1282 5334 1379 5388 per
1426 5320 1540 5375 haec
1588 5320 1937 5377 obtinuerant
1962 5328 2023 5376 ut

416 5410 561 5468 Deus
581 5411 801 5493 quidem
830 5410 1195 5485 ignoraretur,
1230 5412 1296 5466 ad
1326 5412 1469 5482 ipsos
1498 5430 1623 5469 vero
1644 5412 1814 5468 divini
1840 5414 2017 5470 cultus

418 5503 597 5560 studia
648 5503 1099 5565 transferrentur.
1138 5502 1268 5571 Qua:
1304 5515 1467 5575 putas
1521 5508 1581 5561 in
1609 5506 1727 5562 illos
1779 5507 2017 5562 vindicta

2140 4589 2347 4661 giones.
2377 4587 2436 4642 In
2466 4604 2530 4643 eo
2560 4588 2709 4643 enim
2736 4587 2881 4658 quod
2913 4588 3131 4652 dicitur,
3171 4586 3264 4656 qui
3296 4598 3391 4644 est
3416 4586 3471 4642 in
3497 4579 3714 4641 extremis

2139 4681 2341 4737 ﬁnibus
2396 4681 2728 4748 solitudinis,
2784 4680 3094 4737 ostenditur
3142 4679 3291 4735 inter
3351 4679 3582 4736 conﬁnia
3619 4687 3714 4730 esse

2135 4773 2309 4830 eremi
2334 4780 2390 4828 ct
2415 4771 2657 4845 Egypti.
2705 4771 3011 4827 Notandum
3042 4778 3223 4827 autem
3251 4773 3417 4842 quod
3444 4771 3547 4827 alia
3585 4764 3715 4825 editio

2134 4880 2236 4937 pro
2261 4864 2456 4919 Etham
2478 4863 2691 4917 But/tan
2734 4864 2919 4920 habet.
2962 4863 3177 4918 Buthan
3206 4877 3354 4935 ergo
3381 4861 3624 4920 convallis
3646 4872 3719 4931 ap-

2133 4957 2389 5033 pellatur.
2438 4957 2684 5013 Diximus
2732 4958 2879 5013 enim
2917 4959 3180 5013 virtutum
3231 4958 3298 5014 in
3354 4960 3449 5017 liis
3483 4967 3720 5028 esset)»

2129 5047 2355 5105 fectum.
2388 5046 2575 5104 Virtus
2602 5057 2786 5107 autem
2835 5066 2946 5106 non
2985 5050 3093 5111 nisi
3144 5053 3416 5109 exercitu
3473 5062 3531 5115 et
3573 5050 3724 5105 labore

2130 5139 2494 5211 conquiritur.
2546 5138 2659 5197 Nec
2710 5147 2921 5195 tantum
2974 5141 3033 5195 in
3078 5143 3380 5212 prosperis
3414 5137 3727 5217 quantumin

2128 5232 2373 5299 adversis
2406 5233 2689 5307 probatur.
2746 5234 2977 5295 Venitur
3023 5250 3157 5309 ergo
3205 5234 3285 5293 ad
3340 5230 3730 5303 convallemJn

2126 5324 2463 5382 convallibus
2483 5334 2669 5382 autem
2697 5334 2752 5381 et
2777 5325 3130 5387 inferioribus
3167 5324 3319 5384 locis
3352 5324 3731 5399 certamen]!!-

2123 5417 2284 5475 betur
2309 5420 2601 5474 adversum
2644 5418 2923 5475 diabolum
2970 5429 3025 5487 et
3072 5422 3404 5483 contrarias
3440 5428 3731 5505 potestates.

2122 5508 2180 5564 In
2211 5511 2548 5569 convallibus
2577 5528 2708 5586 ergo
2746 5528 2889 5587 agon
2914 5513 3187 5583 gerendus
3214 5524 3335 5582 est,
3364 5526 3431 5577 et
3459 5518 3519 5579 in
3545 5509 3735 5585 conval-

420 5593 598 5660 datur,
629 5610 752 5669 quae
793 5595 1027 5654 infertur
1054 5595 1136 5653 eis
1178 5593 1396 5652 ﬂamma
1440 5610 1749 5667 poenarum,
1782 5613 1907 5653 cum
1930 5599 2014 5652 vi-
2119 5604 2265 5663 libus
2286 5608 2637 5678 pugnandum
2672 5615 2780 5667 est.
2826 5607 3076 5679 Denique
3108 5615 3165 5669 et
3194 5608 3502 5673 Abraham
3545 5612 3599 5666 in
3625 5606 3736 5665 talk

421 5685 551 5747 dent
592 5688 707 5743 haec
750 5689 958 5747 lumine
1005 5689 1253 5746 veritatis
1304 5689 1529 5760 aperiri,
1576 5695 1634 5744 ct
1668 5688 1877 5746 fraudis
1906 5704 2019 5747 sua:

348 5836 351 5841 ,
421 5778 651 5834 nebulas
669 5794 766 5848 per
787 5782 1119 5852 agnitionem
1142 5782 1280 5853 legis
1316 5780 1513 5838 divina:
1552 5782 1792 5838 nudari?
1837 5783 2019 5841 Possi-

2124 5694 2436 5750 Salinarum
2466 5696 2731 5769 pugnavit
2756 5696 3049 5755 adversum
3077 5697 3363 5755 barbaros
3391 5715 3586 5775 reges,
3608 5706 3661 5756 et
3678 5692 3737 5754 ibi

2122 5787 2409 5845 victoriam
2456 5800 2785 5849 consecutus
2809 5798 2917 5857 est.
2962 5789 3255 5867 Descendit
3285 5809 3443 5854 vero
3468 5796 3647 5854 viator
3666 5791 3739 5848 hit
