3890 6340
178 339 277 404 813

887 338 1424 405 ENARRATIONES
1457 338 1526 396 IN
1564 338 1825 400 LIBRUM
1861 337 2326 402 NUMERORUII.
2365 369 2438 386 -~
2474 341 2605 400 LIB.
2644 339 2734 400 IV.

3337 347 3444 405 8η

179 465 358 516 noster
379 457 446 514 ad
475 470 570 512 eos
599 454 690 526 qui
725 454 781 514 in
804 457 1090 528 profundis
1117 465 1170 514 et
1199 458 1260 514 in
1286 457 1433 521 imis,
1460 471 1568 511 non
1594 461 1656 510 ut
1685 454 1756 510 ibi
1784 457 1837 522 Α
1860 462 2212 526 temperetur,
2273 457 2487 514 dicente
2550 457 2875 526 Scriptura:
2928 454 3063 522 Qua
3116 459 3184 514 ad
3236 469 3448 533 tempus

179 550 502 615 deuoretur,
529 549 624 606 sed
669 557 727 604 ut
772 548 846 604 ibi
878 551 1159 606 victoriam
1203 557 1586 617 consequatur.
1614 547 1759 603 Prae-

178 658 426 714 paremus
460 643 616 700 nobis
658 642 1055 710 fortitudinem,
1085 659 1424 702 assumamus
1458 641 1757 712 perfectum

178 736 355 799 robur,
406 744 466 791 ut
513 737 654 791 inter
698 751 945 792 errorum
997 737 1248 792 tenebras
1295 746 1350 792 et
1389 735 1758 792 etmfusionem

177 829 346 885 noctis
371 829 612 888 scientiae
642 829 844 886 Christi
870 831 1050 886 lumen
1078 838 1369 902 appareat:
1405 832 1520 886 dies
1548 845 1760 902 quoque

177 927 357 976 noster
380 921 577 977 nubem
605 922 802 977 haheat
827 932 1219 992 protegentem,
1254 930 1313 976 ut
1333 922 1422 977 his
1439 922 1669 976 ducibus
1693 921 1760 974 ad

175 1017 419 1067 sanetam
447 1019 649 1068 terram
672 1014 957 1083 pervenire
994 1015 1290 1072 valeamus.
1343 1011 1676 1084 Profectique
1699 1012 1761 1067 de

176 1097 364 1156 Etham
381 1114 628 1158 uenerunt
647 1114 832 1160 contra
850 1101 1221 1168 Philtaltirotlt,
1246 1119 1363 1174 qua:
1384 1103 1593 1173 respicit
1613 1101 1760 1156 Beel-

175 1193 385 1263 sephon,
408 1203 455 1248 et
473 1197 831 1251 mstrmtati
852 1206 973 1250 sunt
998 1206 1180 1250 contra
1203 1194 1530 1265 Hagdalum.
1553 1195 1759 1261 Quarta

179 1286 388 1344 mansio
415 1285 796 1353 Pbihahiroth,
824 1303 948 1358 quae
972 1290 1363 1360 interpretatur
1391 1307 1448 1344 os
1481 1288 1756 1344 nobilitant.

177 1377 301 1445 Quas
329 1380 589 1436 scribitur
639 1396 742 1451 per
790 1380 1030 1435 litteram
1078 1381 1229 1443 beth,
1252 1393 1306 1444 ι.
1336 1379 1568 1446 Quidam
1622 1379 1762 1432 male

176 1469 354 1526 hiroth
380 1471 534 1527 villas
578 1482 771 1541 putant
805 1488 820 1528 :
848 1489 1110 1542 errorque
1137 1473 1459 1528 manifestus
1486 1481 1588 1538 est,
1622 1471 1765 1541 quod

176 1577 272 1633 pro
310 1566 629 1635 supradicto
676 1567 944 1622 elemento
982 1590 1012 1620 ν
1048 1565 1290 1620 litteram
1320 1565 1519 1636 legant.
1552 1565 1767 1622 Beelse-

175 1654 314 1722 phon
334 1655 390 1711 in
419 1655 660 1728 linguam
686 1667 926 1713 nostram
945 1657 1176 1712 vertitur
1204 1657 1462 1711 Dentium
1485 1657 1762 1728 aquilonis,

173 1753 264 1799 aut
313 1763 561 1803 ascensus
617 1749 860 1819 specula,
919 1757 1018 1803 aut
1072 1749 1270 1804 habens
1319 1767 1536 1804 arcana.
1597 1750 1765 1806 Porro

1858 549 2083 618 pingues
2125 549 2256 604 facit
2305 551 2490 606 fauces
2539 559 2680 616 tuas,
2709 549 3007 605 novissime
3042 566 3173 607 vero
3210 558 3448 612 amarius

1857 638 1983 694 felle
2012 640 2272 696 invenies.
2305 640 2640 713 Profectiqtte
2667 641 2731 695 de
2755 640 2914 695 Iern
2931 653 3180 698 venerunt
3206 645 3262 699 in
3285 646 3448 716 Elim,

1859 732 1950 786 tibi
1977 744 2129 787 erant
2149 734 2422 789 duodecim
2442 734 2610 805 fontes
2637 751 2917 805 aquarum,
2944 744 2993 790 et
3026 735 3218 806 palmae
3245 749 3453 809 septua-

1859 827 2026 896 ginta,
2049 827 2224 897 ibique
2261 829 2620 881 castrametati
2646 836 2788 880 sunt.
2834 827 2996 884 Vides
3029 838 3154 900 post
3182 833 3448 888 amaritu-

1861 916 2038 982 dines,
2067 927 2190 988 post
2226 920 2551 989 asperitates
2597 919 2974 985 tentatiennln,
3008 935 3129 990 qua;
3153 929 3207 977 te
3234 937 3452 981 animus

1861 1009 2164 1078 suscipiunt
2187 1010 2308 1065 loca
2328 1011 2354 1063 ?
2380 1009 2496 1065 Non
2524 1011 2761 1065 venisses
2786 1011 2854 1064 ad
2881 1011 3112 1080 palmas,
3138 1015 3242 1070 nisi
3272 1023 3452 1071 tenta-

1861 1102 2070 1154 tionum
2117 1101 2510 1158 amaritudincs
2550 1101 2880 1170 pertulisses.
2937 1101 3050 1158 Nec
3102 1107 3346 1163 venisses
3388 1108 3455 1164 ad

1862 1189 2203 1246 dulcedinem
2250 1189 2502 1254 fontium,
2568 1191 2672 1245 nisi
2734 1207 2854 1260 quae
2895 1194 3077 1249 tristia
3130 1197 3348 1252 fuerant
3396 1207 3453 1254 et

1863 1296 2058 1352 aspera
2091 1297 2427 1354 superasses.
2469 1284 2588 1340 Non
2634 1287 2880 1356 quoiam
2921 1288 3048 1343 ﬁnis
3095 1291 3164 1345 sit
3211 1293 3266 1346 in
3295 1295 3457 1350 terris

1863 1373 1952 1429 his
1973 1385 2028 1430 et
2063 1376 2330 1446 perfectio
2356 1385 2696 1443 cunctorum,
2749 1380 2846 1434 sed
2869 1380 3212 1449 dispensator
3257 1386 3459 1440 anima-

1867 1480 1994 1519 rum
2018 1466 2158 1522 Deus
2189 1468 2245 1521 in
2295 1469 2414 1536 ipso
2455 1469 2649 1526 itinere
2697 1470 2974 1525 interserit
2999 1471 3274 1529 laboribus
3293 1477 3457 1530 etiam

1868 1556 2116 1623 quadarn
2146 1554 2450 1628 refrigeria,
2503 1559 2699 1628 quibus
2735 1559 2907 1615 refota
2953 1563 3132 1617 anima
3163 1566 3462 1635 promptior

1868 1646 2056 1702 redeat
2107 1648 2174 1702 ad
2227 1649 2466 1718 reliquos
2499 1649 2730 1706 labores.
2785 1651 2925 1706 Elim
2973 1663 3155 1709 tamen
3204 1656 3464 1725 interpre-

1868 1745 2018 1792 tatur
2053 1741 2262 1796 arietes.
2318 1742 2532 1798 Arietos
2558 1743 2725 1799 duces
2773 1751 2898 1799 Sunt
2922 1761 3167 1816 gregum.
3199 1747 3304 1814 Qui
3333 1755 3460 1804 sunt

170 1833 379 1906 Hagdal
413 1839 724 1910 magnitudo
753 1839 839 1894 vel
871 1841 1055 1894 turris.
1085 1841 1376 1911 Assumpta
1409 1842 1573 1910 igitur
1610 1842 1764 1897 forti—
1787 1833 1838 1896 B
1867 1834 2034 1891 duces
2063 1838 2246 1908 gregis
2279 1837 2486 1892 Christi
2533 1840 2638 1894 nisi
2669 1839 2934 1911 Apostoli,
2969 1842 3060 1912 qui
3103 1852 3232 1897 sunt-
3257 1851 3311 1898 et
3336 1843 3464 1899 duo-

168 1928 383 1996 tudine,
416 1931 774 1986 debilitantur
799 1933 854 1986 in
884 1932 1136 1998 Domino,
1176 1941 1232 1988 et
1275 1935 1607 2004 Beelsephon
1637 1934 1763 1994 idoli

164 2035 373 2077 arcana
429 2026 828 2080 contemnimus
849 2067 863 2091 ,
913 2026 1172 2096 illiusque
1213 2028 1676 2098 magniﬁcentiam
1714 2035 1768 2082 et

166 2113 426 2169 turritam
456 2116 763 2184 superbiam
792 2116 1144 2174 declinamus.
1167 2118 1286 2173 Non
1306 2120 1451 2174 enim
1475 2129 1557 2175 est
1579 2123 1650 2175 ab
1675 2135 1767 2175 au—

164 2212 284 2261 stro
313 2205 466 2260 unde
489 2205 750 2264 Dominus
778 2210 947 2274 venit,
982 2218 1036 2264 et
1064 2224 1095 2263 a
1119 2210 1348 2264 meridie
1375 2211 1430 2264 in
1471 2227 1574 2281 qua
1604 2227 1768 2283 spon-

162 2306 259 2350 sus
283 2296 555 2355 recumbit
581 2298 637 2350 in
685 2297 943 2365 tioribus;
999 2300 1094 2355 sed
1141 2315 1428 2370 possessor
1473 2305 1762 2374 aquilonis,

162 2387 312 2442 venti
336 2386 702 2457 frigidissimi,
725 2406 756 2448 ι
776 2407 890 2461 quo
911 2395 1280 2452 exardeseunt
1301 2397 1445 2456 mala
1473 2413 1640 2468 super
1662 2406 1767 2455 ter-

167 2495 303 2534 ram.
333 2480 441 2547 Qui
480 2496 607 2540 eum
643 2484 720 2540 sit
752 2484 1162 2557 frigidissimus,
1201 2491 1422 2546 nomine
1459 2491 1650 2547 dexter
1671 2507 1767 2548 vo-

165 2580 346 2637 catur,
401 2571 544 2632 falso
593 2575 702 2636 sibi
747 2593 1031 2636 assumens
1081 2583 1406 2644 vocabulum
1452 2584 1672 2641 virtutis
1703 2600 1769 2640 ac

165 2660 428 2730 dexterae,
455 2681 584 2726 cum
631 2675 777 2725 tota
815 2670 887 2726 sit
917 2671 977 2727 in
1021 2671 1267 2731 sinistro.
1316 2674 1387 2732 Et
1436 2675 1658 2747 profecti
1704 2675 1768 2729 de

162 2753 543 2826 Philtahiroth,
568 2765 892 2820 transierunt
917 2784 1014 2837 per
1031 2769 1260 2824 medium
1280 2787 1426 2824 mare
1447 2772 1508 2824 in
1528 2771 1765 2824 deserto:

159 2858 206 2904 et
231 2851 650 2910 ambulaverunt
693 2857 834 2911 viam
881 2860 1041 2913 trium
1088 2862 1294 2916 dierum
1325 2863 1385 2917 in
1429 2863 1766 2918 solitudinem

159 2939 372 3009 Etham,
408 2953 468 2998 et
497 2949 858 3005 castrametati
893 2960 1014 3006 sunt
1044 2952 1098 3005 in
1127 2952 1306 3008 Mora.
1332 2955 1538 3021 Quinta
1558 2955 1768 3010 mansio

165 3031 333 3101 tiara,
356 3053 487 3108 quae
515 3037 908 3110 interpretatur
927 3046 1249 3100 amaritudo.
1283 3047 1406 3102 Non
1425 3057 1678 3118 poterant
1700 3049 1768 3105 ad

163 3121 330 3183 Rubri
359 3130 540 3186 maris
565 3133 808 3203 gurgites
828 3137 1136 3205 pervenire,
1173 3147 1230 3195 et
1277 3139 1616 3197 Pharaonem
1639 3157 1764 3198 cum

165 3233 258 3276 suo
291 3224 550 3280 exercitu
576 3201 782 3284 videre
813 3201 1150 3300 pereuntem,
1190 3233 1293 3289 nisi
1335 3244 1624 3304 postquam
1669 3237 1765 3292 ha-
1792 3201 1838 3270 ο

163 3311 394 3372 buerant
417 3318 476 3374 in
505 3332 604 3376 ore
627 3319 955 3389 nobilitates,
991 3332 1046 3382 et
1075 3326 1130 3380 in
1177 3325 1394 3381 honuni
1427 3325 1767 3384 confessione

165 3407 416 3468 virtutes.
441 3410 577 3470 Post
612 3412 1058 3481 praedicationem
1075 3415 1380 3488 Eva-geli,
1415 3427 1542 3488 post
1571 3420 1756 3474 taber-

164 3501 359 3558 nacula
416 3503 948 3574 transmigrantium,
996 3516 1118 3577 post
1166 3517 1506 3578 assumptum
1551 3510 1767 3564 fortitu—

164 3588 372 3658 dinem,
396 3603 525 3661 post
554 3594 915 3652 confessionis
936 3598 1296 3664 nobilitatem,
1319 3600 1554 3668 pericula
1579 3616 1768 3656 rursus

161 3693 488 3738 occurrunt.
516 3684 670 3744 Unde
699 3685 958 3742 discimus
982 3688 1256 3744 cavendas
1279 3704 1495 3759 semper
1521 3690 1765 3756 insidias,

161 3780 212 3826 et
241 3774 615 3836 invocantium
648 3779 1076 3836 misericordiam
1119 3779 1238 3848 Dei,
1289 3789 1352 3836 ut
1396 3783 1769 3852 insequentem

157 3860 520 3920 Pharaonem
553 3871 822 3935 possimus
871 3871 1129 3943 eﬁugere,
1175 3882 1231 3929 et
1265 3875 1424 3929 nobis
1455 3875 1516 3928 in
1540 3875 1770 3945 spiritali

150 3954 442 4024 baptismo
475 3958 794 4016 sullocetur.
821 3963 1070 4033 Egressis
1100 3967 1168 4020 de
1196 3967 1335 4020 mari
1359 3966 1543 4022 Rubro
1570 3982 1770 4022 occur-

151 4047 224 4100 rit
252 4062 492 4102 eremus
539 4049 664 4117 Sur,
709 4067 830 4121 qua:
873 4064 930 4110 et
961 4057 1193 4112 solitudo
1229 4059 1425 4113 Emam
1463 4060 1678 4114 dicitur.
1710 4059 1769 4116 in

157 4152 264 4206 qua
326 4138 524 4194 tribus.
579 4141 768 4199 diebus
824 4145 1188 4216 ingredientes
1218 4190 1240 4215 ,
1293 4166 1404 4204 non
1464 4151 1770 4208 habuerunt

161 4245 404 4301 aquam;
463 4239 524 4286 et
571 4237 892 4303 perveniunt
923 4240 1000 4294 ad
1035 4239 1262 4307 Marem,
1313 4257 1434 4311 quas
1479 4258 1544 4298 es
1575 4244 1771 4299 amari-

167 4325 349 4380 tudine
374 4340 586 4380 nomen
618 4330 846 4398 accepit.
893 4330 1138 4388 Habebat
1166 4331 1292 4390 fons
1327 4351 1542 4404 arulam,
1572 4343 1628 4391 et
1651 4336 1767 4398 dui-

166 4417 409 4474 cedinetn
461 4433 578 4474 non
627 4419 877 4476 habebat.
943 4422 1248 4480 Marmor-at
1295 4427 1522 4497 populus
1577 4428 1766 4484 videns

168 4522 353 4578 aquas,
408 4517 466 4565 et
522 4519 718 4580 potare
746 4528 852 4567 non
903 4515 1195 4571 sustinens.
1248 4517 1496 4588 Intelligo
1534 4516 1761 4584 Marnas,

167 4613 330 4669 aquas
348 4602 664 4658 occidentis
693 4603 906 4660 litterae.
934 4605 1144 4672 Quibus
1179 4609 1232 4662 si
1274 4609 1602 4663 immittatur
1634 4626 1763 4664 con—

167 4691 322 4750 fessio
345 4698 556 4762 crucis,
585 4705 640 4752 et
660 4699 930 4765 passionis
958 4699 1252 4755 Dominicas
1281 4712 1620 4756 sacramenta
1641 4704 1764 4772 jun-

165 4798 374 4857 guntur,
409 4807 584 4848 omne
612 4792 758 4859 quod
786 4793 1097 4862 impotabile
1126 4802 1184 4848 et
1209 4795 1364 4850 triste
1392 4795 1678 4849 videbatur
1700 4810 1765 4849 ac

167 4878 414 4947 rigidum,
443 4889 702 4938 vertetur
738 4883 796 4938 in
825 4883 1184 4940 dulcedinem.
1221 4884 1375 4940 Unde
1409 4892 1468 4940 et
1502 4885 1762 4955 scriptum

165 4979 241 5023 est
265 4988 277 5024 ς
305 4971 622 5035 Constituit
645 4971 790 5029 Deus
811 4975 1006 5043 populo
1039 4975 1212 5046 legem
1237 4984 1292 5032 et
1314 4977 1540 5046 judicia,
1569 4984 1626 5030 et
1647 4984 1764 5031 ten-

169 5064 294 5120 tavit
317 5080 468 5124 eum.
508 5066 620 5126 Ubi
671 5067 818 5120 enim
849 5069 1160 5137 magnitudo
1189 5071 1394 5138 gratiae,
1444 5071 1518 5125 ibi
1549 5069 1760 5140 mugiti-

169 5157 287 5212 tudo
329 5159 712 5218 discriminis.
755 5159 866 5216 Nec
913 5161 1176 5216 terrearis
1216 5163 1262 5216 si
1313 5170 1437 5232 post
1476 5163 1761 5217 victoriam

169 5249 344 5306 venias
371 5254 444 5308 ad
473 5250 930 5318 amaritudinem,
959 5253 1086 5322 quia
1115 5267 1304 5308 verum
1334 5254 1534 5323 pascha
1565 5254 1764 5310 facien-

171 5344 263 5407 ωε,
308 5357 506 5414 azyma
556 5357 690 5399 cum
719 5343 1170 5398 amaritudinibus
1214 5345 1518 5408 comedunt,
1563 5353 1623 5400 et
1645 5353 1764 5400 ten-

172 5433 294 5490 tttu'o
333 5437 754 5506 probationem,
782 5435 1033 5506 probatio
1072 5451 1205 5494 vero
1251 5453 1424 5508 spem,
1477 5452 1604 5508 spes
1623 5439 1765 5508 parit

173 5526 416 5588 salutem.
451 5530 632 5599 Apud»
665 5529 904 5586 medicos
951 5543 1166 5598 quoque
1215 5530 1460 5599 quaedam
1486 5529 1762 5584 antidonts

175 5622 361 5680 noxios
403 5623 682 5686 inaniores
723 5629 1036 5691 temperans
1061 5636 1130 5676 es
1176 5621 1538 5676 amaritudine
1590 5621 1766 5676 nomi-

178 5718 352 5780 natur,
382 5729 514 5786 quzn
556 5711 735 5770 dulcis
778 5713 1084 5770 ostenditur
1125 5714 1416 5770 restituens
1456 5714 1761 5770 sanitatem.

101 5855 116 5868 ,
183 5801 270 5860 Sic
295 5823 330 5864 θ
349 5805 663 5870 contrario,
687 5804 931 5873 voluptas
971 5811 1136 5875 atque
1175 5804 1390 5860 luxuria
1411 5805 1770 5864 amaritudine

1870 1928 2044 1984 decim
2070 1928 2248 1984 fontes
2269 1931 2294 1983 ll
2317 1929 2516 1984 Verum
2544 1933 2803 2002 quoniam
2827 1949 2934 1988 non
2974 1933 3148 1988 solum
3176 1934 3461 1990 duodecim

1868 2020 2030 2092 elegit
2053 2021 2309 2076 Dentium
2328 2028 2386 2076 et-
2407 2022 2655 2078 Salvator
2674 2031 2878 2090 noster,
2905 2023 3070 2080 sedet
3091 2026 3226 2080 alios
3253 2034 3465 2096 septua-

1868 2112 2037 2183 ginta,
2093 2113 2302 2167 idcirco
2350 2129 2458 2168 non
2494 2115 2668 2169 solum
2720 2116 3004 2172 duodecim
3037 2115 3236 2184 fontes,
3269 2119 3364 2173 sed
3410 2123 3465 2176 et

1868 2204 2210 2274 septuaginta
2256 2207 2482 2262 arbores
2531 2207 2850 2263 scribuntur
2889 2221 3008 2264 esse
3041 2208 3365 2281 palmarum.
3396 2208 3466 2268 Et

1867 2294 1972 2365 ipsi
2001 2297 2148 2351 enim
2180 2298 2410 2368 apostoli
2458 2299 2828 2356 nominantur.
2888 2299 2986 2356 Sie
3021 2311 3076 2356 et
3106 2302 3222 2372 ipse
3267 2302 3466 2361 Paulus

1868 2388 2020 2454 dicit,
2055 2405 2177 2444 cum
2225 2391 2296 2445 de
2337 2390 2738 2446 resurrectione
2781 2389 3088 2446 Salvatoris
3127 2400 3460 2462 exponeret:

1876 2478 2038 2534 Visus
2081 2490 2157 2536 est
2185 2481 2309 2547 illis,
2341 2483 2536 2554 inquit,
2585 2484 2828 2540 undecim
2850 2499 2869 2537 :
2918 2486 3112 2540 deinde
3147 2488 3396 2558 apparuit
3413 2495 3463 2543 et

1870 2574 2110 2628 omnibus
2141 2577 2394 2646 apostolis
2421 2576 2474 2649 (1
2502 2576 2627 2631 Cor.
2656 2578 2768 2648 xv).
2800 2578 2858 2633 in
2879 2594 2988 2649 quo
3008 2581 3248 2636 ostendit
3270 2594 3392 2637 esse
3410 2588 3466 2637 et

1869 2665 2007 2721 alios
2028 2669 2304 2739 apostolos
2329 2671 2570 2739 exceptis
2606 2670 2710 2725 illis
2738 2672 3041 2726 duodecim.
3076 2671 3204 2726 Haec
3230 2671 3462 2727 δηιωηὶ-

1869 2767 1956 2813 tas
1979 2769 2101 2829 post
2131 2763 2570 2830 amaritudinem,
2598 2765 2716 2819 haec
2740 2772 2792 2820 te
2821 2765 3038 2835 requies
3061 2774 3183 2835 post
3201 2765 3461 2833 laborem,

1870 2849 1988 2903 haec
2012 2859 2066 2905 te
2086 2854 2257 2922 gratia
2282 2863 2405 2923 post
2438 2855 2792 2909 tentationem
2823 2855 3101 2925 suscipiet.
3138 2853 3250 2910 Sed
3263 2865 3318 2911 et
3340 2858 3467 2914 inde

1871 2945 2096 3012 egressi,
2121 2944 2292 2999 ﬁxere
2314 2947 2548 3000 tentoria
2571 2961 2736 3017 super
2753 2962 2904 3002 mare
2919 2946 3200 3001 Rubrum:
3230 2945 3468 3018 Profecti

1869 3035 1934 3087 de
1960 3034 2123 3100 Elim,
2148 3038 2505 3090 casti-metari
2519 3046 2648 3091 sunt
2668 3037 2742 3092 ad
2758 3053 2908 3092 mare
2921 3035 3176 3092 Rubrum.
3194 3031 3339 3094 Mare
3354 3038 3466 3095 Κτι-
3539 3047 3558 3062 ⁶

1865 3129 2027 3186 brum
2040 3131 2183 3202 quod
2209 3130 2477 3188 Hebraice
2503 3132 2703 3189 dicitur
2709 3149 2829 3204 1am
2852 3133 2981 3205 επιρὴ
3009 3142 3113 3224 ηπ)
3139 3142 3218 3194 ων.
3235 3135 3465 3206 septima

1869 3229 2080 3285 mansio
2105 3237 2188 3286 est
2216 3250 2228 3284 :
2269 3239 2326 3286 et
2353 3231 2618 3300 quan'itur
2651 3232 2921 3301 quomodo
2957 3239 3082 3301 post
3109 3231 3466 3304 transmigra-

1869 3322 2073 3378 tiOuem
2102 3325 2272 3378 maris
2303 3322 2478 3378 Rubri
2507 3331 2562 3379 et
2591 3321 2758 3379 fontis
2792 3321 2940 3378 Mara
2972 3331 3026 3379 et
3061 3322 3199 3379 Elim
3245 3338 3465 3380 rursum

1871 3417 1942 3470 ad
1967 3431 2118 3471 mare
2149 3415 2394 3470 Rubrum
2423 3415 2696 3481 venerint,
2727 3415 2835 3470 nisi
2868 3413 3006 3470 ferte
3037 3415 3092 3470 in
3119 3414 3316 3470 itin‘ere
3335 3427 3464 3484 per-

1869 3509 2120 3578 gentibus
2166 3509 2316 3562 sinus
2361 3508 2582 3578 quidam
2630 3507 2796 3561 maris
2834 3508 3092 3571 occurrit,
3121 3506 3275 3573 juxta
3305 3519 3466 3572 quem

1869 3600 2239 3652 castrametati
2267 3606 2409 3652 sunt.
2433 3598 2598 3652 Aliud
2614 3607 2695 3652 est
2713 3598 2858 3652 enim
2886 3597 3113 3651 transire
3137 3609 3307 3660 mare,
3323 3593 3468 3650 aliud

1869 3689 1927 3742 in
1954 3690 2204 3758 proximo
2227 3689 2390 3759 figere
2419 3689 2785 3744 tabernacula.
2836 3688 2915 3741 Ex
2958 3687 3154 3756 quibus
3180 3700 3466 3740 monemur

1870 3781 2034 3836 etiam
2079 3789 2204 3850 post
2234 3781 2598 3852 evangelicum
2644 3780 2986 3850 disciplinam
3011 3787 3066 3834 ct
3092 3778 3242 3834 cibos
3270 3778 3468 3834 dulcis-

1871 3871 2040 3927 simos
2070 3871 2488 3943 triumphorum,
2523 3885 2784 3942 apparere
2819 3871 2974 3926 nobis
3003 3871 3270 3925 interdum
3296 3887 3466 3938 mare,

1871 3970 1926 4017 ct
1953 3965 2226 4032 prmterita
2264 3963 2577 4018 discrimina
2622 3963 2752 4034 poni
2796 3963 2865 4017 ob
2895 3962 3096 4018 oculos.
3149 3963 3466 4031 Quanquam
3557 4017 3562 4020 .

1871 4055 2056 4110 multa:
2086 4055 2404 4110 differentia:
2435 4057 2506 4110 sit
2539 4057 2768 4110 transire
2792 4071 2963 4120 mare,
3009 4063 3063 4109 et
3104 4069 3254 4109 mare
3280 4054 3469 4125 procul

1872 4149 2138 4217 aspicere.
2172 4148 2409 4202 Verbum
2435 4147 2552 4216 jam
2577 4149 2731 4218 sup/1,
2766 4145 2908 4217 apud
2930 4144 3205 4212 lichrzcos,
3239 4159 3305 4199 cx
3328 4145 3467 4200 mari

1870 4246 1926 4293 et
1951 4240 2116 4294 rubro
2144 4240 2501 4308 compositum
2541 4246 2642 4294 est.
2688 4239 2834 4309 Suplt
2865 4247 3044 4293 autem
3073 4246 3128 4293 et
3160 4239 3382 4293 rubrum
3413 4245 3469 4293 et

1868 4338 2080 4407 scirpus
2137 4345 2378 4392 vocatur.
2435 4335 2587 4392 Unde
2637 4349 2927 4405 possumus
2993 4333 3262 4402 suspicari
3322 4333 3466 4402 quod

1863 4429 2115 4484 Venerint
2183 4429 2251 4483 ad
2337 4427 2585 4498 paludem
2651 4427 2939 4496 quamdam
3009 4430 3066 4476 et
3133 4422 3308 4475 lacum
3373 4420 3467 4490 qui

1869 4528 2089 4576 carecto
2120 4528 2174 4574 et
2213 4519 2394 4588 juncis
2421 4519 2612 4587 plenus
2659 4516 2840 4570 fuerit.
2873 4513 3036 4580 Quod
3063 4520 3242 4566 autem
3273 4527 3465 4567 omnes

1871 4610 2322 4680 congregationes
2349 4623 2614 4676 aquarum
2657 4605 2938 4674 Scriptura
2972 4609 3155 4656 sancta
3200 4611 3349 4657 mare
3371 4617 3466 4656 v0-

1872 4715 1979 4768 cet,
2010 4701 2152 4755 nulla
2188 4701 2453 4755 dubitatio
2497 4707 2600 4754 est.
2643 4695 2770 4752 Haec
2796 4694 3006 4751 mansio
3052 4696 3106 4749 in
3133 4695 3317 4750 Exodo
3359 4712 3466 4750 non

1872 4795 2118 4858 habetur,
2146 4793 2240 4846 scd
2266 4793 2530 4862 scriptum
2553 4797 2634 4846 est
2659 4805 2760 4860 pro
2781 4804 2844 4844 ea
2865 4789 3006 4858 quod
3028 4788 3094 4843 de
3119 4787 3260 4842 mari
3283 4786 3466 4844 Rubro

1870 4884 2120 4939 venerint
2145 4883 2214 4939 ad
2236 4885 2508 4938 desertum
2538 4881 2657 4949 Sin,
2692 4895 2811 4951 qua!
2839 4889 2922 4935 est
2945 4881 3087 4936 inter
3114 4881 3257 4936 Elim
3297 4889 3353 4935 et
3377 4865 3463 4934 Si-

1872 4980 1983 5045 nai,
2015 4978 2203 5050 quinta
2235 4978 2443 5033 decima
2493 4977 2579 5031 die
2629 4975 2833 5030 mensis
2883 4974 3106 5030 secundi
3141 4972 3463 5044 egressionis

1871 5083 2059 5124 eorum
2081 5086 2147 5125 ex
2172 5068 2428 5140 Egypto,
2456 5068 2514 5122 id
2539 5074 2637 5131 est,
2666 5067 2941 5138 trigesima
2972 5065 3147 5136 prima
3176 5072 3460 5136 postquam

1871 5160 2074 5231 egressi
2101 5167 2226 5214 sunt
2252 5159 2318 5213 de
2355 5160 2634 5213 Ramesse.
2672 5156 2742 5211 Et
2763 5158 2992 5229 profecti
3011 5155 3080 5210 de
3095 5155 3232 5208 mari
3259 5151 3459 5217 Rubro,

1872 5251 2232 5305 castrametati
2250 5257 2372 5302 sunt
2394 5250 2448 5302 in
2469 5249 2667 5304 deserto
2692 5248 2807 5305 Sin.
2836 5248 3037 5304 Octava
3060 5245 3290 5309 mansio,
3313 5243 3459 5309 licet,

1867 5343 2022 5414 juxta
2071 5343 2316 5397 ordinem
2371 5339 2565 5408 Exodi,
2618 5343 2843 5413 septima
2896 5342 2985 5395 sit.
3035 5335 3142 5392 Sed
3181 5335 3461 5391 'scie’ndum

1871 5435 2018 5504 quod
2036 5434 2213 5488 omnis
2243 5445 2416 5502 usque
2439 5432 2513 5486 ad
2536 5440 2776 5486 montem
2799 5429 2950 5483 Sinai
2990 5439 3205 5481 eremns
3233 5422 3328 5478 Sin
3361 5437 3461 5478 vo-

1871 5535 2045 5590 cetur,
2075 5534 2134 5580 et
2165 5540 2233 5581 ex
2266 5532 2377 5581 tota
2418 5524 2694 5595 provincia
2735 5523 2901 5576 etiam
2931 5521 3082 5574 locus
3111 5517 3272 5572 unius
3308 5531 3462 5570 man-

1872 5621 2042 5676 sionis
2067 5632 2262 5674 nomen
2287 5621 2576 5689 acceperit.
2610 5616 2701 5672 Sic
2729 5620 2782 5668 et
2805 5611 2960 5665 Moab
2987 5617 3096 5664 tam
3126 5607 3274 5663 urbis
3296 5619 3460 5679 quam

1872 5711 2167 5785 provinciae
2181 5727 2376 5768 nomen
2401 5719 2503 5768 est.
2530 5710 2587 5764 In
2612 5709 2713 5762 hac
2739 5702 3025 5759 solitudine
3051 5703 3291 5773 quinque
3313 5717 3463 5757 man-

1876 5807 2058 5864 siones
2082 5813 2226 5863 sunt.
2255 5803 2375 5860 lam
2420 5802 2590 5872 Suph.
2619 5800 2685 5855 de
2712 5811 2814 5866 qua
2843 5811 3003 5866 supra
3048 5795 3306 5862 diximus,
3339 5807 3458 5850 θη*
3538 5843 3547 5851 .
