3890 6340
460 355 570 415 8Ιῦ

1109 349 1170 405 Β.
1213 346 1472 408 MBAN!
1507 345 1731 406 MAUPd
1765 340 2442 402 ARClllEP.-MOGUNT.
2483 339 2770 401 OPEBUM
2803 336 2985 398 PARS
3019 336 3062 394 l.

3613 338 3699 396 8l6

456 479 582 526 ms
605 462 724 529 Sin,
748 459 1068 531 etanhca,
1090 467 1148 515 et
1172 460 1326 524 Alus,
1347 468 1404 516 et
1427 457 1736 529 Raphidim,
1761 455 1830 512 de
1853 452 2050 526 quibus
2076 454 2131 520 Α
2155 451 2375 509 adducit
2415 449 2714 522 Sephoram
2745 458 2803 508 et
2828 458 3090 519 utrosque
3105 443 3259 531 ﬁlios
3285 460 3301 510 ;
3333 443 3426 512 dat
3450 447 3702 530 consilium

457 557 743 626 loquemur
785 554 845 610 in
888 552 1360 622 consequentibus.
1417 549 1514 604 Sin
1556 557 1738 604 autem
1784 546 2052 615 interpre-

458 657 609 708 tatur
651 646 818 702 rubus
840 644 929 702 vel
959 643 1159 698 odium.
1204 642 1447 709 Quorum
1498 648 1791 710 utrumque
1828 635 1962 692 facit
1985 634 2053 690 ad

457 736 1090 811 mysticosintellectus.
1144 734 1263 802 Quo
1314 742 1602 804 postquam
1641 730 1958 788 venerimus.
1986 726 2054 784 ad

455 847 584 887 eum
629 830 809 886 locum
864 828 934 885 de
975 842 1084 898 quo
1134 825 1293 881 nobis
1333 825 1405 881 sit
1462 823 1724 879 Dominus
1750 821 2052 884 locuturus,

457 923 670 994 grande
695 921 883 976 odium
926 932 1236 974 mereamur
1285 915 1514 970 inimici.
1553 913 1704 969 Tunc
1751 911 2055 968 videbimus

458 1015 652 1072 ardere
677 1012 908 1072 rubrum
938 1017 1124 1066 etnon
1167 1007 1456 1074 comburi;
1505 1003 1831 1061 inﬂammari
1871 999 2055 1056 Eccle-

455 1103 602 1162 siam
627 1099 1117 1174 persecutionibus,
1159 1106 1216 1153 et
1247 1112 1392 1163 eam,
1442 1095 1698 1165 loquente
1727 1093 1785 1147 in
1815 1090 1907 1148 illa
1952 1091 2056 1144 Do-

457 1194 630 1259 mino,
655 1208 766 1250 non
792 1191 994 1262 perire.
1021 1189 1091 1244 Et
1111 1197 1240 1244 nota
1270 1187 1416 1258 quod
1441 1187 1498 1241 in
1532 1195 1724 1242 octava
1745 1182 2052 1246 mansione,

458 1285 515 1342 in
547 1299 655 1356 qua
691 1281 985 1339 toreularia
1019 1287 1206 1334 nostra
1240 1287 1368 1334 sunt
1392 1278 1556 1351 (unde
1579 1284 1636 1332 et
1663 1284 1888 1332 octavus
1915 1272 2057 1345 psal—

456 1392 582 1434 mus
601 1375 712 1432 hoc
751 1373 906 1430 titulo
934 1371 1289 1444 praenotatur)
1319 1371 1594 1428 desertum
1623 1370 1870 1440 capimus
1910 1365 2052 1430 rubi,

458 1466 588 1538 quia
610 1465 793 1538 plures
822 1463 920 1519 lilii
955 1463 1184 1519 desertae
1214 1462 1386 1534 magis
1408 1476 1572 1531 quam
1603 1459 1718 1529 ejus
1743 1475 1864 1531 qua:
1892 1458 2058 1513 habet

458 1557 657 1612 virum.
682 1555 752 1610 Et
787 1553 1012 1626 profecti
1038 1553 1102 1607 de
1122 1553 1325 1606 deserto
1353 1549 1449 1605 Sin
1472 1550 1832 1606 castrametati
1854 1557 1976 1604 sunt
2002 1548 2060 1601 in

456 1649 700 1721 Daphca.
745 1646 900 1702 Nona
949 1645 1181 1702 mansio.
1229 1644 1345 1700 Hoc
1373 1659 1570 1700 nomen
1598 1641 1741 1712 apud
1777 1640 2054 1704 Hebraeos,

453 1748 685 1818 κροῦμα,
715 1740 773 1795 id
798 1745 902 1805 est,
929 1736 1167 1810 pulsatio
1193 1736 1411 1792 dicitur.
1459 1734 1620 1792 Juxta
1657 1734 1802 1805 quod
1853 1733 1929 1788 ait
1955 1733 2061 1788 Do-

2153 542 2492 616 septuaginta
2513 544 2824 609 seniorum;
2858 550 2914 597 et
2937 541 2993 596 in
3025 527 3210 612 typum
3238 531 3495 610 Ecclesiae
3601 535 3690 613 geri-

2154 636 2298 692 tibus
2320 644 2684 706 congregataa,
2715 633 2849 706 legis
2888 632 3194 690 imminutio
3222 630 3515 702 Evangelio
3539 646 3701 704 sugge-

2155 735 2310 784 rente
2339 726 2661 798 completur.
2693 724 2929 780 Pulchre
2971 731 3160 779 autem
3201 721 3476 777 dissolutio
3504 737 3565 776 ac
3590 724 3702 776 sani-

2154 827 2234 874 tas
2287 819 2506 889 fortium
2563 817 2855 888 Baphidim
2887 816 3103 884 dicitur,
3138 814 3224 871 vel
3246 823 3470 886 propter
3515 811 3701 886 dissipa-

2158 917 2270 962 tum
2301 907 2548 976 Amalec,
2578 907 2663 962 vel
2689 916 2913 979 propter
2944 907 3237 963 sanitatem
3261 904 3445 960 Israel.
3478 902 3533 959 Si
3557 917 3700 961 autem

2155 1000 2532 1056 remissionem
2559 1013 2818 1054 manuum
2841 997 3001 1068 juxta
3024 995 3193 1069 Syros
3217 994 3506 1068 Raphidim
3522 996 3695 1064 dicitur,

2157 1091 2401 1146 dicemus
2431 1100 2654 1161 propter
2683 1088 2947 1146 offensam
3001 1087 3206 1159 populi,
3255 1088 3382 1158 quia
3426 1097 3602 1142 contra
3624 1089 3698 1142 Do-

2155 1183 2363 1240 minum
2403 1189 2767 1249 murmurant,
2800 1182 2891 1236 isti
2943 1180 3063 1236 loco
3091 1195 3291 1235 nomen
3329 1179 3580 1249 positum.
3608 1177 3700 1234 Hec

2159 1275 2431 1346 tangimus
2449 1276 2630 1346 potius
2652 1289 2818 1346 quam
2846 1273 3186 1343 exponimus,
3213 1271 3460 1327 breviter
3487 1272 3701 1326 indicasse

2159 1369 2397 1424 contenti
2428 1369 2570 1437 quod
2597 1376 2721 1438 post
2767 1366 3096 1422 fermentum
3128 1365 3262 1422 Alus
3305 1375 3363 1420 et
3391 1364 3609 1420 Massam
3638 1379 3700 1420 ec-

2159 1459 2360 1525 clesiae,
2391 1459 2600 1514 soleant
2644 1456 2964 1528 multiplicia
2994 1457 3302 1512 daemonum
3334 1457 3603 1511 adversum
3627 1469 3701 1508 nos

2161 1560 2498 1610 tentamenta
2554 1565 2900 1622 consurgere.
2959 1548 3030 1604 Et
3063 1547 3287 1620 profecti
3343 1548 3408 1601 de
3447 1545 3700 1618 Raphidim,

2163 1654 2342 1700 castra
2388 1653 2678 1716 posuerunt
2710 1644 2767 1697 in
2815 1641 3099 1696 solitudine
3129 1639 3301 1695 Sinai.
3341 1637 3476 1695 Hmc
3505 1638 3701 1694 duodeci-

2158 1753 2252 1792 ma
2289 1743 2406 1793 est:
2466 1735 2650 1790 statim
2686 1733 2783 1790 tibi
2825 1733 3008 1787 veniat
3063 1733 3120 1787 in
3148 1741 3332 1788 mente
3389 1730 3697 1801 apostolorum

459 1833 682 1910 minus:
735 1826 957 1883 Pulsate
1001 1837 1051 1882 et
1098 1828 1361 1898 aperietur
1406 1827 1568 1881 vobis.
1606 1826 1670 1881 ln
1697 1825 1838 1881 libro
1874 1832 2056 1878 autem
2083 1818 2132 1882 B
2161 1842 2442 1884 numerus.
2473 1826 2592 1884 Una
2620 1827 2688 1882 de
2711 1823 2979 1896 pluribus,
3005 1824 3103 1878 sed
3129 1822 3304 1892 major
3327 1822 3568 1878 omnibus
3589 1839 3602 1888 ;
3622 1836 3697 1874 nou

455 1922 859 1984 .llebraicorum
892 1919 1175 1976 nominum
1209 1920 1564 1976 adhtesionem
1606 1920 2062 1988 remissionemque

466 2013 868 2070 transtulimus.
901 2011 1056 2078 Quod
1082 2011 1342 2068 lectorem
1369 2012 1592 2068 turbare
1618 2026 1728 2067 non
1751 2011 1931 2078 debet,
1963 2024 2064 2065 nec

453 2113 622 2177 ,putet
650 2118 751 2160 nos
780 2102 1036 2158 distantia
1073 2102 1334 2158 scribere.
1378 2101 1456 2156 lbi
1485 2101 1630 2156 enim
1657 2101 1812 2172 juxta
1838 2099 1892 2154 id
1919 2097 2066 2170 quod

459 2197 624 2270 vulgo
656 2196 891 2251 habetur
937 2194 1227 2261 edidimus,
1271 2195 1317 2250 si
1354 2195 1593 2250 medium
1635 2194 1905 2250 scribatur
1950 2207 2067 2247 ver-

457 2289 592 2352 bum
615 2303 716 2360 per
750 2286 882 2342 beth
909 2285 1224 2347 :litteram.
1257 2286 1357 2342 Hic
1383 2295 1566 2342 autem
1593 2285 1650 2340 in
1677 2284 1944 2342 Hebraico
1972 2297 2066 2337 vo-

455 2380 670 2448 lumine
697 2381 963 2452 scriptum
992 2380 1171 2452 reperi
1204 2395 1303 2450 per
1347 2380 1453 2449 phe
1471 2387 1534 2444 5,
1563 2378 1708 2448 quod
1737 2377 2066 2434 elementum

466 2473 642 2544 magis
667 2473 1032 2543 pulsationem
1060 2486 1225 2540 quam
1250 2471 1517 2542 glutinum
1553 2477 1729 2526 sonat.
1754 2469 2067 2539 Sensusque

451 2574 551 2632 ,est
577 2565 928 2620 manifestus.
953 2562 1085 2619 Post
1106 2579 1368 2634 responsa
1397 2563 1632 2630 Domini,
1661 2571 1786 2633 post
1813 2571 2068 2618 octavum

461 2672 773 2723 numerum,
823 2655 1240 2712 resurrectionis
1294 2653 1496 2710 Christi
1548 2654 1838 2726 incipimus
1888 2667 2069 2709 sacra-

455 2759 652 2826 .menta
680 2749 919 2821 pulsare.
956 2747 1292 2820 Profectique
1327 2748 1392 2802 de
1426 2747 1669 2818 Daphca,
1711 2745 2070 2802 castrametati

450 2852 588 2918 sunt
617 2843 675 2896 in
701 2841 854 2896 Aius.
880 2841 1102 2896 Decima
1125 2841 1337 2896 mansio
1367 2841 1422 2894 in
1451 2840 1640 2896 Exodo
1665 2855 1776 2895 non
1804 2839 2057 2894 habetur.

451 2932 828 3002 _Crediturque
851 2932 908 2988 in
942 2932 1036 2986 Sin
1067 2945 1253 2988 eremo
1283 2929 1572 2998 contineri,
1597 2930 1786 2986 eodem
1810 2933 2070 2982 narrante

357 3059 376 3074 ο
464 3009 606 3080 libro
631 3042 645 3080 :
680 3021 930 3093 Profecto
953 3033 1028 3079 est
1048 3023 1216 3078 omnis
1245 3022 1527 3077 multitudo
1551 3013 1785 3091 ﬁliorum
1807 3018 1980 3074 Israel
2006 3017 2069 3071 de

455 3134 634 3184 eremo
659 3115 777 3182 Sin,
803 3133 896 3188 per
939 3118 1239 3172 mansiones
1278 3133 1428 3182 suas,
1466 3116 1626 3186 juxta
1663 3131 1721 3169 os
1759 3111 1993 3178 Domini,
2021 3118 2070 3166 et

455 3181 714 3280 auerterunt
741 3179 1027 3276 Raphidim
1049 3205 1246 3278 (Exod.
1273 3179 1423 3280 χιιι).
1461 3179 1544 3260 lix
1582 3219 1691 3276 quo
1725 3203 2072 3274 perspicuum
2099 3179 2145 3244 C

455 3305 553 3378 est
572 3297 756 3367 plures
779 3298 1089 3352 mansiones
1114 3297 1275 3352 unius
1294 3297 1532 3368 regionis
1564 3295 1826 3351 vocabulo
1855 3295 2073 3350 demon-

471 3391 658 3460 strari.
690 3389 1196 3460 lnterpretaturque
1243 3389 1377 3444 Alus
1423 3389 1773 3460 fermentum:
1805 3385 1945 3458 quod
1973 3384 2072 3439 tol-

464 3484 580 3542 lens
619 3483 832 3550 mulier,
877 3483 1201 3538 commiscuit
1247 3482 1437 3552 farina:
1501 3482 1630 3538 satis
1672 3480 1858 3544 tribus,
1907 3480 2072 3534 donec

473 3577 886 3650 fermentaretur
927 3584 1092 3630 totum
1125 3573 1342 3648 (Matth.
1370 3573 1515 3644 xm).
1547 3574 1608 3628 lu
1637 3573 1743 3630 bac
1783 3572 2074 3630 solitudine

469 3675 782 3725 murmurat
832 3666 1062 3739 populus
1118 3674 1342 3738 pr0pter
1391 3666 1617 3732 famem,
1667 3672 1722 3724 et
1775 3678 2073 3720 conversus

465 3761 688 3833 respicit
701 3761 761 3816 in
773 3760 918 3818 nube
926 3758 1118 3832 procul
1136 3759 1367 3830 gloriam
1385 3756 1506 3824 Dei,
1519 3757 1832 3828 accepitque
1844 3767 2074 3825 vespere

451 3851 822 3922 coturnicem,
863 3857 918 3905 et
959 3865 1125 3905 mane
1166 3848 1394 3904 alterius
1429 3847 1553 3912 diei,
1587 3861 1807 3901 manna.
1838 3846 1907 3900 Et
1940 3853 2072 3900 nota

451 3942 532 4004 ,in
558 3945 844 4000 mansione
873 3942 1085 4014 decima
1111 3940 1440 4014 fermentum
1485 3939 1614 4010 poni
1641 3958 1654 3993 :
1686 3947 1742 3995 et
1766 3946 1892 4012 post
1918 3953 2071 3994 esum

444 4023 458 4025 _
474 4037 724 4092 carnium
745 4050 948 4090 manna
969 4034 1136 4089 tribui
1148 4032 1467 4106 implerique
1490 4031 1852 4104 Scripturam,
1868 4031 2072 4088 Panem

471 4127 788 4198 angelorum
808 4125 1158 4180 manducavit
1170 4127 1353 4181 homo.
1377 4123 1614 4195 Profecti
1627 4125 1692 4179 de
1702 4124 1853 4192 Alus,
1869 4133 2072 4178 castra-

469 4217 654 4272 metali
675 4223 796 4269 sunt
825 4215 882 4266 in
905 4213 1212 4283 Raphidim,
1243 4224 1291 4269 et
1311 4232 1418 4269 non
1451 4225 1564 4269 erat
1593 4232 1731 4285 aqua
1752 4216 1825 4268 ibi
1853 4213 2067 4285 populo.

453 4355 456 4364 ,
472 4305 770 4362 Undecima
783 4300 996 4358 mansio
1007 4308 1110 4356 est.
1128 4300 1299 4367 Quam
1311 4303 1489 4358 violen
1498 4314 1576 4358 ter
1589 4306 1942 4373 interpretata
1950 4321 2001 4358 ιιι
2015 4306 2072 4360 in

453 4399 612 4466 Ilibro
629 4397 1025 4454 Hebraicorum
1049 4394 1330 4450 nominum
1356 4397 1554 4464 reperi,
1588 4397 1714 4450 vidit
1739 4414 1795 4450 os
1816 4399 2071 4469 stt/ﬁciens

451 4473 566 4558 teis,
599 4499 692 4545 aut
717 4499 896 4555 certe,
934 4487 1120 4543 vitium
1150 4487 1257 4542 oris
1283 4487 1537 4557 fortium;
1563 4488 1865 4560 meliusque
1897 4498 2074 4546 trans-

396 4746 402 4754 ‘
467 4669 628 4742 juxta
657 4670 1044 4741 proprietatem
1070 4670 1267 4741 lingua:
1294 4669 1466 4742 Syra),
1523 4673 1761 4728 remissio
1790 4692 2063 4730 manuum.

401 4755 403 4758 ’
463 4763 607 4835 ¹Ηεικι
629 4770 684 4816 et
707 4763 764 4816 in
788 4763 973 4817 Exodo
1002 4763 1200 4834 legitur
1225 4772 1346 4834 post
1372 4763 1762 4835 profectionem
1793 4768 1858 4822 de
1884 4783 2069 4824 eremo

476 4852 598 4912 Sin.
631 4851 901 4920 Quaeritur
930 4853 985 4906 in
1033 4868 1098 4908 ea
1124 4855 1354 4925 populus
1383 4857 1453 4911 ob
1475 4856 1726 4913 ardorem
1780 4860 1920 4924 sitis,
1947 4858 2070 4914 fons

478 4948 548 5005 de
571 4955 726 5018 petra
756 4944 937 4999 Horeb
969 4947 1204 5017 erumpit
1228 4956 1284 5002 et
1311 4947 1531 5018 proﬂuit
1557 4966 1572 5014 ;
1601 4951 1914 5006 tentationis
1937 4967 2069 5022 quo-

453 5055 609 5116 mque,
648 5037 702 5091 id
731 5044 816 5093 est
844 5051 994 5090 masa
1022 5048 1151 5097 non
1194 5040 1422 5094 sortitus
1458 5050 1544 5096 est
1579 5053 1798 5096 nomen.
1860 5041 2071 5114 Moyses

455 5127 819 5204 _ascendit_in
843 5134 1107 5194 montem,
1134 5125 1290 5184 Jesus
1340 5140 1531 5186 contra
1580 5133 1802 5189 Amalec
1851 5135 2068 5189 militat.

481 5222 566 5276 Ad
624 5219 802 5276 crucis
861 5218 1078 5289 signum
1135 5231 1423 5289 superatur
1474 5223 1766 5292 inimicus;
1828 5227 2072 5283 remissis

483 5312 695 5368 orantis
743 5309 1014 5377 manibus,
1063 5311 1237 5365 hostis
1291 5314 1465 5370 victor
1517 5317 1837 5388 insequitur.
1907 5318 2075 5376 Sedet

481 5399 697 5474 Moyses
721 5417 883 5474 super
932 5400 1163 5471 lapidem
1195 5401 1260 5456 de
1282 5401 1562 5472 Zacharia,
1599 5411 1693 5480 qui
1727 5421 1934 5483 septem
1969 5413 2068 5466 ha-

483 5492 649 5548 bebat
694 5493 904 5560 oculos,
943 5501 999 5548 et
1036 5494 1091 5549 in
1143 5491 1411 5548 Samuelis
1448 5497 1720 5555 volumine
1773 5505 2071 5575 appellatur

486 5581 861 5654 Abenhaazer,
919 5585 975 5640 id
1024 5595 1128 5654 est,
1188 5586 1327 5657 lapis
1357 5589 1650 5658 adjutorii;
1682 5602 1739 5648 et
1782 5605 2070 5668 utramque

491 5689 710 5731 manum
740 5678 879 5748 ejus,
909 5679 1093 5737 Aaron
1117 5688 1179 5752 et
1199 5681 1296 5748 Ur,
1327 5683 1381 5738 id
1405 5693 1512 5750 est,
1540 5696 1818 5744 montanus
1843 5690 2075 5748 lucidus-

493 5783 592 5820 aue
618 5778 940 5828 sustentant.
968 5774 1189 5832 Devicto
1220 5777 1535 5837 adversario
1565 5786 2066 5853 supervenitJetro:

2163 1930 2449 1994 separatur
2473 1919 2528 1974 in
2544 1919 2754 1980 ordine,
2791 1918 2886 1974 sed
2907 1915 3172 1988 praecellit
3192 1917 3246 1971 in
3263 1916 3480 1970 merito.
3506 1913 3573 1969 Ad
3597 1914 3697 1966 hanc

2164 2012 2579 2088 quadragesima
2629 2009 2862 2080 septima
2914 2009 3001 2065 die
3065 2008 3417 2080 perveniunt,
3471 2005 3696 2076 Scriptura

2167 2111 2380 2166 dicente
2413 2127 2425 2162 :
2461 2107 2641 2162 Mense
2671 2106 2824 2162 tertio
2865 2105 3177 2177 egressionis
3205 2105 3446 2174 ﬁliorum
3484 2099 3626 2155 Israel
3654 2097 3698 2152 dt

2166 2202 2423 2274 Egypto,
2454 2203 2510 2256 in
2533 2200 2619 2255 die
2663 2201 2764 2256 hac
2791 2199 3114 2254 transierunt
3134 2199 3190 2253 in
3213 2197 3537 2253 solitudinem
3560 2193 3696 2258 Sinni,

2163 2308 2275 2355 etc.
2310 2301 2388 2355 De
2415 2313 2524 2370 quo
2557 2312 2721 2368 supra
2742 2297 2802 2352 in
2829 2294 3069 2352 secundo
3119 2292 3279 2348 libro.
3312 2291 3504 2362 plenius
3525 2284 3699 2359 exposi-

2168 2407 2286 2454 tum
2329 2405 2434 2452 est.
2467 2396 2540 2450 Et
2581 2393 2802 2466 profecti
2865 2392 2930 2446 de
2964 2389 3248 2446 solitudine
3268 2385 3441 2453 Sinni,
3472 2396 3700 2440 castrame-

2157 2492 2265 2546 ~tati
2291 2489 2492 2545 suntin
2533 2485 2788 2558 sepulcris
2834 2482 3292 2553 concupiscentiis.
3341 2479 3512 2536 Tertia
3536 2475 3697 2531 decima

2171 2583 2399 2648 mansio,
2453 2579 2606 2650 cujus
2636 2594 2835 2635 nomen
2884 2593 3009 2633 cum
3043 2574 3489 2645 interpretatione
3543 2570 3698 2626 editum

2170 2682 2277 2740 est,
2303 2675 2443 2744 apud
2473 2672 2732 2728 Hebraeos
2756 2669 3077 2741 appellatur,
3109 2665 3364 2722 Cibarotlt
3409 2669 3606 2722 balance.
3627 2659 3700 2714 Est

2171 2776 2356 2822 autem
2378 2780 2573 2822 sensus
2592 2764 2682 2820 ille
2711 2764 2780 2820 de
2798 2761 3092 2832 Evangelio
3120 2759 3267 2830 quod
3287 2757 3449 2816 Jesus
3462 2756 3700 2826 baptizatus

2174 2857 2359 2912 statim
2389 2874 2426 2910 a
2462 2856 2651 2926 spiritu
2690 2855 2880 2908 ductus
2924 2862 2998 2907 est
3047 2853 3105 2905 in
3140 2851 3429 2917 desertum,
3453 2861 3491 2904 et
3516 2845 3700 2901 tentaba-

2171 2957 2261 3004 tur
2301 2966 2335 3001 a
2359 2946 2571 3002 diabolo
2594 2945 2810 3018 (Matth.
2840 2945 2938 3019 iv).
2969 2944 3159 3014 Itaque
3211 2951 3268 2998 et
3321 2943 3483 2999 Israel
3527 2947 3625 3011 post
3643 2936 3702 2991 la-

2174 3041 2441 3098 miliarem
2471 3055 2596 3096 cum
2633 3039 2864 3096 Domino
2912 3052 3246 3103 sermonem,
3299 3047 3562 3108 postquam
3581 3031 3700 3100 juxta

2175 3144 2418 3193 montem
2471 3133 2624 3191 Sinai
2654 3141 3026 3190 commoratus
3054 3141 3140 3189 est
3173 3147 3324 3188 anno
3363 3147 3466 3188 uno
3486 3137 3536 3185 et
3556 3125 3702 3182 diebus

2177 3236 2432 3298 quatuor,
2461 3227 2602 3283 mira
2644 3227 2997 3296 dispositione
3057 3232 3369 3282 castrorum
3395 3233 3613 3294 egressus
3639 3223 3706 3270 est

2175 3321 2232 3376 in
2258 3320 2610 3376 solitudinem
2664 3318 2908 3386 Pharon,
2960 3334 3082 3390 qua:
3137 3319 3518 3388 interpretatur
3555 3321 3709 3380 onagtr

2173 3419 2272 3467 aut
2301 3411 2507 3481 feritas.
2543 3410 2732 3482 Ibique
2756 3411 3062 3467 succumbit
3090 3411 3250 3466 malae
3272 3410 3452 3467 bestia
3475 3403 3709 3462 fastidiens

2176 3504 2456 3561 caelestem
2511 3519 2733 3574 panem,
2777 3511 2833 3560 et
2861 3503 3247 3575 Egyptiorum
3298 3516 3482 3558 carnes
3527 3494 3709 3554 deside-

2176 3613 2328 3665 rans,
2361 3597 2580 3666 quando
2612 3596 2813 3652 multos
2838 3597 3079 3652 subitum
3112 3595 3319 3650 voravit
3342 3591 3654 3654 incendium,
3673 3591 3718 3641 et

2175 3688 2550 3744 intercedente
2577 3686 2783 3757 Moyse,
2813 3688 3042 3742 humum
3066 3701 3226 3741 vorax
3249 3683 3450 3739 ﬂama
3483 3693 3723 3734 consum-

2174 3782 2303 3852 psit.
2335 3781 2408 3834 Et
2427 3780 2650 3852 profecti
2684 3781 2748 3835 de
2779 3779 3032 3850 sepulcris
3061 3774 3488 3848 concupiscentia,
3536 3779 3723 3826 castra-

2173 3873 2356 3926 metati
2388 3881 2509 3926 sunt
2543 3871 2600 3926 in
2647 3869 2930 3926 Haserotlt.
2965 3871 3166 3940 Quarta
3189 3869 3392 3926 decima
3420 3865 3626 3920 mansio
3649 3871 3718 3918 est

2172 3961 2233 4018 in
2260 3962 2550 4018 solitudine
2583 3962 2824 4029 Pbaran,
2854 3977 2975 4033 qua:
3002 3965 3056 4018 in
3105 3963 3244 4017 atria
3269 3959 3514 4016 vertitur.
3547 3957 3602 4011 ln
3631 3956 3715 4010 hac

2173 4054 2358 4110 Aaron
2397 4063 2454 4110 et
2479 4053 2649 4111 Maria
2686 4064 2910 4126 propter
2959 4055 3355 4125 Ethiopissam
3401 4059 3567 4108 conm
3589 4046 3714 4115 Moy-

2174 4161 2273 4204 sen
2317 4155 2694 4212 murmurant,
2755 4156 2811 4203 et
2839 4148 2895 4203 in
2932 4156 3118 4219 typum
3153 4147 3256 4203 zeli
3291 4146 3533 4202 adversus
3555 4136 3719 4193 Eccle-

2174 4244 2315 4300 siam
2343 4244 2410 4300 de
2455 4242 2706 4312 gentibus
2739 4253 3148 4315 congregatim,
3203 4241 3436 4314 populus
3457 4239 3720 4296 ludasorun

2174 4334 2341 4403 lepraa
2383 4334 2547 4389 sorde
2604 4334 2971 4404 perfunditur,
3018 4350 3123 4390 nec
3152 4334 3293 4389 redit
3331 4334 3402 4390 ad
3452 4331 3722 4388 tabernacu-

2174 4422 2289 4478 lum
2314 4430 2374 4478 ut
2406 4423 2696 4492 pristinam
2722 4425 2950 4495 recipiat
2979 4424 3268 4479 sanitatem
3307 4424 3482 4480 donec
3506 4426 3721 4477 statutum

393 4515 399 4580 ξ
453 4509 566 4558 ωε,
599 4509 692 4545 ant
717 4509 896 4555 certe,
934 4509 1120 4543 viuum
1150 4509 1257 4542 oris
1283 4509 1537 4557 laruam;
1564 4509 1865 4560 meliusque
1897 4509 2074 4546 trans-
2175 4516 2529 4587 plenitudinis
2558 4519 2799 4590 genuum
2847 4526 3060 4588 tempus
3092 4517 3341 4588 impleat.
3375 4517 3448 4572 Et
3466 4513 3652 4586 ,ποίαις
3675 4509 3725 4561 δε

393 4587 402 4598 “
471 4582 670 4646 fertur,
700 4579 978 4634 dissolutio
1022 4577 1260 4647 fortium,
1296 4579 1383 4633 vel
1411 4580 1614 4634 sanitas
1648 4580 1888 4652 fortium,
1929 4582 2066 4649 sive,
2179 4605 2464 4652 nummi
2496 4609 2853 4652 mummﬂm
2901 4617 3023 4652 mm
3044 4608 3102 4652 in
3129 4607 3378 4652 ﬂamma
3411 4607 3517 4652 pm
3537 4617 3631 4652 mm
3656 4615 3725 4652 ευ-

2178 4605 2466 4672 Haseroth,
2496 4609 2853 4662 castrametati
2901 4617 3023 4662 sunt
3044 4608 3102 4662 in
3124 4607 3379 4662 Bellium.
3411 4607 3517 4662 Pro
3537 4617 3631 4676 quo
3656 4615 3726 4656 su-

2180 4714 2279 4770 pra
2306 4699 2364 4754 in
2392 4699 2498 4754 hoc
2525 4701 2718 4755 eodem
2746 4700 2884 4756 libro
2940 4699 3172 4771 legimus
3201 4719 3214 4753 :
3253 4699 3557 4770 Postquam
3589 4692 3726 4765 prole-

2177 4799 2306 4846 ctus
2357 4800 2443 4846 est
2484 4790 2716 4861 populus
2737 4790 2808 4846 de
2856 4790 3116 4857 Aseroth,
3151 4791 3536 4848 castrametati
3558 4781 3726 4844 suntin

2163 4883 2473 4940 soli-tudine
2520 4883 2754 4940 Pharan.
2811 4883 2940 4940 Haec
2965 4894 3053 4942 est
3079 4895 3263 4940 autem
3323 4887 3522 4958 quinta
3569 4879 3729 4936 deum

2183 4975 2420 5031 mansio.
2454 4976 2524 5031 Et
2552 4977 2848 5034 notandum
2877 4978 3027 5047 quod
3067 4978 3318 5048 reliquas
3345 4978 3644 5034 mansiones
3663 4970 3734 5026 (ἰε-

2178 5080 2299 5121 cem
2321 5075 2377 5121 et
2406 5082 2622 5132 novem,
2654 5083 2888 5136 quarum
2919 5085 3065 5125 nunc
3107 5069 3365 5126 breviter
3392 5059 3738 5138 catalogus“

2180 5158 2462 5226 scribitur,
2488 5174 2518 5212 a
2546 5159 2780 5215 Rethma
2837 5176 3010 5232 usque
3038 5162 3106 5216 ad
3149 5161 3525 5236 Asiongaber,
3575 5159 3624 5215 id
3661 5162 3740 5216 est.

2152 5265 2352 5319 usque
2403 5251 2472 5305 ad
2521 5253 2855 5307 tricesimam
2907 5255 3201 5310 secundam
3265 5258 3630 5317 mansionem,
3667 5245 3743 5304 sub

2182 5341 2400 5397 Pharau
2436 5343 2744 5400 solitudinis
2791 5345 3014 5400 nomine
3069 5347 3450 5404 contineatur.
3491 5348 3549 5403 ln
3582 5343 3743 5416 quibus

2179 5432 2435 5489 universa
2451 5449 2584 5503 quae
2614 5435 2822 5506 scripta
2847 5445 2975 5492 sunt
3001 5437 3237 5493 diversis
3265 5441 3611 5511 temporibus
3629 5439 3747 5506 σωκ

2181 5526 2464 5582 sentimus.
2490 5524 2606 5581 Hoc
2632 5536 2716 5582 est
2741 5528 2810 5583 de
2834 5527 3123 5584 duodecim
3169 5529 3621 5600 exploratoribus
3647 5520 3750 5580 mis-

2169 5616 2258 5671 .sis
2286 5616 2354 5672 ad
2402 5623 2608 5672 terram
2632 5628 2904 5687 sanctam,
2933 5629 2990 5677 et
3035 5621 3178 5677 botri
3205 5622 3276 5676 ab
3324 5638 3400 5679 ea
3427 5622 3686 5679 relatio:
3709 5615 3748 5668 ill

2180 5708 2346 5778 ligno,
2375 5707 2443 5762 de
2463 5713 2893 5769 murmuratione
2917 5714 3101 5785 populi
3127 5713 3462 5772 Iudaeorum
3485 5712 3752 5789 gigantum!

2181 5799 2444 5868 impetum
2473 5801 2896 5875 retormidantis,
2923 5814 2979 5861 et
3014 5822 3114 5878 per
3138 5806 3255 5877 ejus
3310 5825 3568 5881 pugnam
3595 5812 3755 5866 castra
