3890 6340
187 379 284 440 817

874 363 1412 426 ENARRATIONES
1449 361 1520 423 IN
1557 361 1818 423 LIBRUM
1853 355 2320 422 NUﬂERORUM.
2361 391 2434 406 -—
2468 362 2598 422 LIB.
2642 361 2735 420 Π.

3345 367 3454 426 818

189 459 406 548 Amalec
423 491 426 494 ’
445 501 476 542 a
500 477 608 558 quo
662 491 969 555 superatur,
1034 483 1100 538 de
1137 481 1350 538 Dathan
1389 491 1444 538 et
1477 482 1683 538 Ahlron
1707 487 1762 537 et
1788 471 1844 546 Α
1865 481 2036 536 frenis
2059 481 2128 535 ad
2154 481 2454 538 Ecclesiam
2483 482 2856 546 retrahuntur,
2889 482 3122 538 etthre's
3147 493 3288 554 quas
3316 490 3452 543 ante

189 583 301 639 [iliis
325 579 485 646 Core,
512 586 568 634 et
588 577 828 632 vindicta
855 576 912 630 in
940 590 1036 631 eos
1063 575 1291 647 prolata,
1320 576 1386 630 de
1407 574 1559 645 virga
1578 574 1762 628 Aaron

186 675 536 752 germinante,
569 680 624 727 et
649 671 818 725 vitula
853 667 971 725 rufa
1011 670 1067 723 in
1115 667 1488 724 holocaustum
1539 679 1764 722 concre-

185 778 324 829 mata
376 776 432 825 et
486 766 672 823 cinere
707 762 1037 836 aspersiOnis
1065 779 1080 817 :
1109 777 1230 834 quae
1283 760 1466 816 omnia
1512 775 1676 831 supra
1702 759 1763 814 in

184 863 315 918 libro
348 858 596 930 exposita
633 862 780 912 sunt.
812 853 1046 910 Rethma
1075 851 1408 908 transfertur
1437 851 1642 906 sonitus
1671 847 1759 905 vel

181 953 478 1025 iuniperus,
515 961 828 1020 quanquam
867 945 1117 1017 plerique
1162 941 1408 1019 ἄρκευθον
1435 943 1578 1012 apud
1617 941 1766 997 Grae-

185 1061 265 1101 cos
285 1041 438 1097 aliud
474 1054 643 1112 genus
665 1037 875 1094 arboris
902 1035 1217 1110 signiﬁcare
1237 1035 1585 1092 contendant.
1609 1033 1764 1089 Juni-

182 1153 366 1210 perum
398 1141 578 1190 autem
607 1140 664 1188 et
679 1131 889 1203 primus
918 1130 1184 1202 graduum
1212 1128 1451 1199 psalmus
1465 1127 1624 1198 juxta
1656 1125 1763 1184 He-

181 1229 418 1286 braicam
475 1226 760 1282 veritatem
799 1229 978 1288 sonat,
1017 1221 1109 1277 ubi
1149 1222 1412 1292 scriptum
1453 1228 1577 1276 est:
1621 1219 1762 1286 Quid

183 1324 328 1379 detur
354 1323 447 1376 tibi
470 1329 559 1375 aut
586 1320 713 1392 quid
763 1328 1060 1390 apponatur
1086 1315 1178 1370 tibi
1199 1318 1267 1371 ad
1323 1315 1563 1386 linguam
1615 1313 1766 1367 dolorl

183 1433 284 1470 sam
335 1410 509 1485 (Psal.
534 1410 730 1483 exui)?
759 1411 827 1466 Et
866 1409 1144 1478 PrOpheta
1168 1408 1463 1478 respondet
1495 1424 1506 1458 :
1541 1404 1766 1474 Sagitta:

182 1509 394 1579 potentis
426 1517 615 1572 acutw,
648 1522 768 1559 cum
796 1501 1112 1557 carbonibus
1144 1500 1518 1570 juniperorum
1547 1496 1764 1570 (Ibid.).

182 1598 279 1653 Pro
316 1614 424 1668 quo
459 1598 602 1674 apud
636 1612 736 1652 nos
783 1595 1002 1666 legitur,
1053 1591 1407 1646 desolatoriis.
1446 1587 1645 1645 Fertur
1673 1604 1768 1643 au-

183 1690 284 1742 te'm
313 1689 519 1759 lignum
564 1689 670 1742 hoc
708 1687 888 1756 ignem
916 1684 1084 1739 multo
1115 1692 1362 1752 tempore
1413 1694 1762 1748 conservare,

182 1786 236 1832 ut
264 1794 437 1849 pruna
463 1778 510 1832 si
537 1793 604 1831 ex
661 1775 778 1844 ejus
823 1776 1008 1830 cinere
1045 1783 1232 1844 operta
1260 1773 1444 1839 fuerit,
1497 1788 1668 1842 usque
1696 1771 1765 1826 ad

1867 571 2218 643 reliquerant,
2246 587 2467 629 rursum
2491 575 2702 630 intrare
2719 573 3003 628 festinant.
3036 571 3191 627 Unde
3207 574 3455 644 profecti;

1868 663 2224 718 castrametati
2256 673 2376 718 sunt
2400 666 2459 718 in
2488 672 2662 718 monte
2689 662 2913 734 Sapher.
2941 663 3214 720 Vicesima
3244 668 3458 723 mansio

1866 751 2258 824 interpretatur
2285 753 2647 824 pulchritudo,
2675 764 2732 809 et
2783 754 2839 808 in
2892 763 3078 809 monte
3133 755 3346 810 decoris
3371 764 3458 814 est

1868 846 2182 902 constituta.
2212 847 2290 902 De
2319 863 2424 918 qua
2453 855 2508 903 et
2557 848 2739 918 quarti
2795 849 2990 905 decimi
3020 849 3218 920 psalmi
3249 850 3457 922 princia

1866 938 2017 1010 pium
2043 947 2201 994 sonat
2229 955 2242 992 :
2291 939 2533 1007 Domine,
2584 942 2700 1011 quis
2731 940 2988 997 habitabit
3020 944 3078 997 in
3111 943 3456 1000 tabernaculo

1868 1041 1978 1096 tuo,
2011 1040 2101 1085 aut
2125 1032 2244 1102 quis
2270 1033 2554 1103 requiescet
2603 1033 2658 1088 in
2686 1043 2860 1090 monte
2911 1045 3095 1091 sancto
3149 1044 3240 1092 tuo
3276 1036 3456 1109 (Psal.

1869 1126 1982 1196 xiv)
2012 1123 2036 1178 ?
2078 1123 2210 1179 Vide
2259 1125 2388 1194 quid
2416 1126 2628 1195 prosint
2659 1126 2814 1182 frena
2845 1145 2859 1181 :
2892 1143 2923 1182 a
2960 1128 3110 1184 vitiis
3141 1143 3244 1185 nos
3273 1139 3459 1186 retra-

1867 1217 2025 1281 hunt,
2060 1215 2414 1271 introducunt
2467 1216 2532 1270 ad
2559 1217 2824 1272 virtutum
2873 1219 3088 1284 choros,
3121 1229 3175 1275 et
3209 1221 3266 1276 in
3293 1220 3457 1277 Chrid-

1869 1315 1954 1362 sto
1985 1314 2170 1362 monte
2194 1307 2582 1378 pulcherrimo,
2614 1309 2862 1365 habitare
2891 1310 3116 1366 faciunt.
3143 1311 3270 1379 Iste,
3298 1312 3458 1383 juxta

1869 1396 2080 1463 Daniel,
2107 1397 2241 1468 lapis
2267 1399 2471 1453 excisus
2495 1399 2562 1453 de
2589 1409 2764 1455 monte
2787 1402 2900 1456 sine
2928 1401 3196 1468 manibus,
3221 1403 3459 1458 crevitin

1872 1497 2099 1543 montem
2132 1505 2404 1560 magnum,
2458 1499 2508 1544 et
2554 1491 2782 1563 implevit
2818 1507 3024 1548 omnem
3072 1501 3267 1548 terram
3293 1493 3458 1566 (Dan;

1871 1579 1934 1649 ιι)
1963 1597 1976 1632 :
2014 1579 2144 1645 Iste,
2172 1580 2327 1652 juxta
2379 1580 2652 1648 Ezechiel,
2685 1581 2972 1639 vulneravit
2999 1585 3288 1656 principem
3316 1583 3461 1655 Tyri.

1869 1669 1950 1724 Ad
1975 1668 2138 1748 istum
2170 1672 2223 1726 in
2273 1671 2411 1726 lsaia
2439 1681 2492 1727 et
2550 1672 2772 1729 Michaza
2820 1677 3001 1748 populi
3051 1676 3334 1732 conﬂuunt
3381 1672 3461 1731 dit

1870 1773 2056 1819 centes
2089 1783 2103 1818 :
2150 1762 2348 1831 Venite,
2390 1766 2736 1836 as_cendamus
2785 1769 2842 1823 in
2877 1781 3104 1824 montem
3134 1769 3373 1836 Domini,
3413 1778 3464 1823 et

177 1886 377 1925 annum
408 1868 713 1939 perveniat.
773 1865 854 1920 Ex
908 1880 1016 1936 quo
1048 1865 1307 1919 discimus
1337 1875 1460 1934 post
1508 1863 1760 1935 sepulcra
1788 1856 1837 1918 Β
1865 1857 1936 1911 ad
1959 1859 2174 1911 domum
2200 1859 2298 1912 Dei
2323 1857 2489 1912 Iacob
2517 1874 2535 1910 :
2563 1870 2612 1915 et
2639 1863 2974 1918 annuntiabit
2998 1864 3144 1918 nobis
3171 1865 3283 1918 vias
3309 1879 3461 1931 suas,

173 1960 629 2030 concupiscentiae
675 1965 729 2012 ct
755 1956 1020 2012 vestibula
1044 1957 1278 2011 transire
1313 1971 1415 2011 nos
1451 1955 1517 2010 ad
1558 1955 1764 2026 lignum

177 2053 322 2122 quod
379 2051 552 2106 multo
583 2059 823 2120 tempore
865 2049 1096 2104 calorem
1146 2057 1318 2114 tenet,
1367 2055 1427 2102 ut
1455 2049 1626 2103 simus
1657 2047 1765 2101 fer-

173 2151 366 2198 ventes
402 2142 616 2212 spiritu,
660 2148 712 2195 et
743 2141 890 2195 claro
918 2140 1096 2194 sonitu
1121 2138 1474 2209 Evangelium
1497 2139 1552 2192 in
1594 2136 1764 2191 altum

171 2232 414 2288 exaltata
468 2245 598 2285 voce
644 2230 854 2284 Domini
907 2230 1284 2300 praedicemus.
1347 2226 1764 2299 Profectiquetle

174 2321 418 2386 Ret/ama,
443 2322 797 2375 castrametati
818 2329 940 2374 sunt
959 2321 1015 2374 in
1045 2319 1318 2374 Remmom
1340 2317 1567 2373 Phares.
1593 2317 1764 2373 Sexta

172 2413 380 2468 decima
407 2411 641 2478 mansio,
698 2427 818 2481 quae
865 2411 1260 2482 interpretatur
1287 2410 1480 2466 Graeco
1507 2423 1763 2466 sermone

169 2511 325 2585 'poco't;
351 2507 608 2569 ἀποκοπή,
650 2501 845 2558 Latine
874 2503 1004 2556 mali
1039 2503 1219 2585 punici
1260 2503 1470 2567 divisio,
1500 2503 1644 2572 quod
1671 2501 1763 2556 alii

171 2583 372 2652 malum
405 2605 691 2666 granatum
739 2602 957 2650 vocant.
993 2583 1184 2664 Cujns'
1215 2594 1427 2650 arboris
1466 2593 1680 2648 fructus
1708 2593 1766 2648 in

172 2686 473 2758 Scripturis
528 2686 817 2756 dupliciter
880 2685 1188 2757 accipitur:
1231 2695 1326 2740 aut
1397 2685 1453 2739 in
1503 2683 1766 2741 Ecclesiae

169 2779 390 2851 gremio,
423 2795 545 2849 qua:
577 2792 796 2834 omnem
822 2779 1037 2833 turbam
1063 2778 1401 2832 credentium
1431 2793 1531 2833 suo
1560 2776 1767 2832 cortice

168 2873 310 2943 tegit,
381 2880 484 2926 aut
539 2871 595 2925 in
643 2869 910 2926 varietate
961 2871 1425 2938 consonantiaque
1479 2870 1762 2933 virtutum,

158 2963 304 3033 juxta
328 2961 472 3017 illud
501 2961 646 3031 quod
687 2961 952 3032 scriptum
988 2967 1116 3016 est:
1171 2959 1536 3014 Multitudinis
1587 2967 1765 3013 autem

162 3056 494 3112 credentium
543 3063 656 3109 erat
705 3071 798 3108 eor
822 3071 988 3109 unum
1015 3054 1295 3109 et.anima
1320 3070 1432 3108 una
1483 3051 1624 3125 (Act.
1651 3051 1751 3125 tv).

162 3147 353 3220 Sicque
380 3148 599 3204 diversi
626 3157 752 3203 sunt
779 3147 976 3218 singuli
1007 3148 1232 3218 gradus,
1277 3153 1337 3202 ut
1355 3162 1548 3203 omnes
1571 3146 1764 3202 eadem

1870 1959 1917 2003 et
1967 1947 2351 2005 ambu'labimus
2403 1952 2460 2005 in
2503 1953 2700 2008 semitis
2728 1955 2844 2025 ejus
2881 1954 3017 2026 (Isa.
3051 1955 3136 2027 ιι).
3171 1953 3240 2009 Et
3270 1957 3463 2027 egressi

1869 2042 1933 2095 de
1955 2051 2128 2095 monte
2155 2042 2355 2113 Sepher
2379 2054 2626 2098 venerunt
2645 2046 2702 2099 in
2743 2046 2943 2101 Arada.
2986 2045 3256 2102 Vicesima
3281 2047 3464 2116 prima

1869 2133 2080 2188 mansio
2113 2133 2347 2189 vertitur
2376 2135 2433 2189 in
2462 2135 2798 2193 miraculum.
2849 2138 3023 2205 Quam
3071 2139 3298 2210 pulcher
3328 2137 3464 2193 ordo

1868 2223 2232 2294 profectuum,
2257 2241 2420 2296 quam
2447 2229 2665 2298 egregia
2692 2237 2909 2284 textura
2941 2230 3306 2286 credentium.
3331 2229 3465 2286 Post

1866 2330 2001 2386 Opus
2048 2317 2239 2372 lateris
2287 2316 2652 2385 inl‘renamur,
2707 2330 2832 2390 post
2856 2321 3042 2378 frenos
3070 2324 3122 2377 in
3161 2323 3463 2378 Ecclesiam

1866 2407 2281 2475 introducimur,
2315 2417 2438 2480 post
2468 2411 2862 2468 habitationem
2919 2414 3178 2470 Ecclesia!
3209 2414 3278 2468 ad
3305 2413 3466 2469 Chri-

1868 2507 2010 2554 stum
2037 2501 2095 2554 in
2121 2509 2363 2556 montem
2409 2501 2758 2560 ascendimus
2787 2523 2798 2559 :
2836 2506 2892 2560 in
2923 2521 3030 2577 quo
3061 2507 3247 2577 positi,
3282 2515 3466 2576 stupe-

1869 2606 1990 2648 mus
2010 2600 2173 2662 atque
2200 2595 2466 2649 miramur
2492 2605 2550 2649 ut
2574 2603 2761 2658 noster
2790 2599 2844 2654 in
2865 2600 3117 2656 laudibus
3138 2600 3256 2669 ejus
3279 2613 3463 2654 sermo

1869 2693 2178 2756 superetur,
2224 2686 2618 2742 invenientiun
2657 2689 2713 2744 in
2743 2706 2808 2745 eo
2842 2708 2958 2761 qua:
2982 2708 3074 2745 nec
3101 2689 3284 2744 oculus
3312 2689 3466 2754 vidit,

1870 2792 1960 2830 nec
2016 2777 2163 2831 auris
2198 2777 2418 2843 audivit,
2466 2793 2560 2831 nec
2586 2780 2641 2833 in
2690 2797 2782 2834 cor
2833 2781 3059 2834 hominis
3111 2779 3465 2833 ascenderunt

1872 2863 1959 2936 (ΙΙ
1991 2863 2114 2920 Cor.
2154 2865 2238 2938 ιι).
2270 2866 2402 2922 Inde
2436 2869 3238 2938 proﬁciscentes,’castrametati
3265 2879 3386 2925 sunt
3411 2869 3467 2925 in

1873 2953 2158 3011 Maceloth.
2200 2957 2473 3013 Vicesima
2501 2960 2739 3015 secunda
2790 2945 3002 3016 mansio
3028 2961 3084 3014 in
3115 2971 3273 3014 cattus
3299 2951 3468 3015 verti-

1870 3057 1982 3106 tur.
2030 3050 2091 3105 ln
2123 3051 2227 3106 hac
2255 3051 2403 3106 enim
2462 3053 2716 3109 consistit
2755 3052 3046 3109 multitudo
3099 3051 3463 3120 credentium,

1871 3141 2114 3197 Ecclesia
2143 3143 2565 3213 primitivorum,
2596 3145 2860 3201 virtutum
2887 3145 3133 3201 omnium
3160 3160 3469 3202 consonan-

159 3255 418 3312 compage
458 3247 766 3294 teneantur.
808 3237 960 3294 Unde
998 3239 1192 3311 egressi
1212 3248 1460 3295 venerunt
1481 3239 1538 3293 in
1556 3237 1756 3293 Lebna.
1791 3226 1836 3290 C
1870 3237 1968 3291 tia.
2009 3235 2163 3293 Tunc
2196 3252 2324 3292 vere
2351 3253 2643 3308 possumus
2667 3240 2848 3296 dicere
2882 3259 2894 3294 :
2922 3239 3060 3294 Ecce
3081 3255 3243 3311 quam
3269 3239 3465 3294 bonum

162 3332 406 3404 Septima
446 3332 658 3388 decima
711 3333 944 3396 mansio,
976 3347 1140 3402 quam
1176 3333 1232 3388 in
1260 3331 1448 3386 lateres
1473 3345 1763 3402 possumus

162 3430 397 3483 vertere.
445 3425 599 3482 Licet
649 3427 872 3496 quidam
923 3425 1109 3480 Lebna
1165 3423 1578 3490 transferentes,
1618 3424 1764 3480 male

165 3519 450 3574 candorem
503 3517 847 3586 interpretati
900 3523 1046 3570 sunt.
1080 3515 1336 3584 Legimus
1362 3514 1650 3585 IEgyptios
1679 3514 1762 3568 la-

164 3615 308 3667 teres
334 3613 393 3666 in
422 3611 634 3674 Exodo,
679 3624 814 3679 quos
840 3607 1074 3679 pupulas
1115 3608 1324 3662 faciens
1350 3608 1632 3678 ingemuit.
1663 3607 1766 3662 Le-

163 3702 340 3771 gimus
374 3703 436 3756 in
462 3700 747 3766 Malachia,
795 3714 896 3770 pro
931 3700 1130 3769 quibus
1158 3698 1392 3754 ldumaea
1447 3700 1763 3765 destructis,

161 3792 366 3864 lapides
396 3793 591 3864 politos
633 3807 900 3863 reponere
929 3793 1122 3846 nititur
1146 3810 1158 3845 :
1214 3799 1272 3847 et
1296 3791 1513 3846 laterem
1543 3789 1599 3844 in
1629 3790 1767 3846 Eze-

157 3885 325 3947 chiel,
351 3884 413 3937 in
450 3897 560 3950 quo
580 3883 818 3936 obsessae
849 3882 1148 3937 Jerusalem
1170 3882 1383 3952 pictura
1411 3882 1762 3938 describitur.

154 3974 238 4028 Ex
269 3972 481 4041 quibus
515 3971 773 4026 discimus
799 3971 855 4024 in
892 3971 1090 4025 itinere
1115 3971 1274 4024 istius
1299 3972 1445 4036 vitm,
1474 3978 1531 4024 et
1573 3971 1640 4024 de
1659 3970 1766 4025 alio

156 4066 212 4121 in
245 4065 405 4119 aliud
447 4063 683 4118 transitu
738 4077 883 4117 nunc
928 4077 1028 4117 nos
1055 4077 1324 4127 crescere,
1369 4077 1515 4117 nunc
1565 4061 1765 4118 decre-

158 4171 340 4223 scere,
375 4163 438 4211 et
467 4165 588 4225 post
644 4155 890 4209 ordinem
929 4153 1360 4209 ecclesiasticum
1394 4168 1536 4224 saepe
1561 4155 1629 4209 ad
1687 4154 1766 4208 la-

161 4256 337 4306 terum
363 4262 562 4318 opera
607 4247 1018 4318 transmigrare.
1051 4245 1121 4301 Et
1164 4246 1230 4300 de
1257 4245 1436 4300 Lebna
1479 4258 1766 4302 castrame-

162 4341 254 4394 tati
280 4349 411 4394 sunt
430 4340 491 4392 in
518 4337 704 4392 Ressa.
734 4336 941 4392 Octava
989 4337 1201 4392 decima
1251 4338 1466 4392 mansio
1498 4337 1552 4392 in
1581 4338 1763 4407 frenas

161 4433 414 4486 vertitur.
480 4428 540 4484 Si
577 4429 724 4483 enim
765 4437 890 4498 post
940 4429 1250 4499 proiectum
1283 4444 1502 4484 rursum
1558 4431 1629 4484 ad
1657 4430 1763 4486 luti

163 4536 325 4592 opera
381 4521 794 4585 descendimus,
859 4519 1166 4576 infrenandi
1189 4536 1398 4588 sumus,
1453 4530 1511 4576 et
1567 4538 1764 4579 rursus

1869 3338 1919 3384 et
1943 3347 2102 3402 quam
2119 3331 2418 3400 jucundum
2448 3331 2687 3386 habitare
2737 3333 2927 3403 fratres
2977 3333 3033 3386 in
3083 3348 3250 3387 unum
3286 3328 3464 3404 (Psal.

1869 3423 2100 3494 cxxxu).
2167 3422 2234 3478 Et
2275 3423 2537 3479 Dominus
2587 3422 2720 3480 facit
2771 3425 2932 3479 unius
2986 3425 3156 3479 moris
3192 3425 3248 3478 in
3281 3422 3463 3478 domo.

1870 3515 2205 3585 Profectique
2229 3514 2294 3567 de
2329 3514 2615 3580 Maceloth,
2675 3517 3035 3569 castrametati
3073 3523 3195 3569 sunt
3222 3515 3280 3567 in
3319 3512 3461 3566 Tha-

1869 3604 2017 3656 hath.
2059 3603 2331 3657 Vicesima
2359 3604 2521 3658 tertia
2550 3603 2762 3659 mansio
2793 3611 2976 3673 potest
3015 3611 3072 3657 et
3096 3603 3278 3657 subter
3305 3599 3468 3656 intel-

1870 3695 1988 3765 ligi.
2037 3694 2146 3750 Sed
2197 3695 2393 3750 melius
2439 3712 2684 3766 pavorem
2718 3695 3230 3766 iiuterpretabimur.
3274 3693 3467 3750 .Venl-

1871 3789 1941 3844 sti
1975 3787 2044 3842 ad
2079 3785 2402 3852 Ecclesiam,
2450 3785 2743 3842 ascendisti
2794 3786 2865 3842 ad
2919 3794 3161 3840 montem
3208 3784 3466 3855 pulcher-

1871 3883 2091 3945 rimum,
2127 3887 2352 3949 stupore
2381 3886 2434 3934 et
2481 3878 2745 3935 miraculo
2776 3877 2981 3934 Christi
3033 3877 3468 3950 magnitudinem

1871 3973 2168 4030 conﬁteris.
2199 3972 2363 4027 Vides
2389 3971 2465 4027 ibi
2519 3971 2720 4026 multos
2746 3971 2965 4027 virtutis
2992 3980 3098 4026 tua:
3133 3971 3329 4037 socios,
3356 3969 3470 4026 noli

1870 4066 2039 4121 altum
2063 4079 2253 4135 sapere
2284 4064 2379 4120 sed
2423 4065 2575 4120 time.
2611 4066 2873 4121 Dominus
2901 4066 3049 4120 enim
3082 4065 3344 4141 ‘superbis
3381 4077 3471 4121 re—

1870 4156 2035 4221 sistit,
2065 4154 2361 4210 humilibus
2394 4163 2575 4209 autem
2605 4156 2696 4210 dat
2722 4157 2976 4228 gratiam.
3027 4156 3096 4211 Et
3120 4156 3211 4227 qui
3231 4172 3288 4212 se
3318 4155 3468 4212 exal-

1871 4257 1969 4312 tat,
2024 4247 2205 4303 videat
2232 4263 2300 4302 ne
2357 4248 2534 4302 cadat.
2589 4248 2851 4306 Potentes
2907 4258 3159 4321 potenter
3189 4259 3468 4307 tormenta

1865 4339 2160 4409 patientur.
2192 4339 2379 4394 Timor
2425 4339 2688 4395 virtutum
2735 4349 2941 4407 custos,
2999 4349 3056 4396 et
3101 4345 3367 4399 securitas
3394 4345 3466 4401 ad

1866 4430 2074 4501 lapsum
2096 4430 2290 4486 facilis.
2318 4431 2472 4487 Unde
2493 4438 2550 4486 et
2580 4431 2634 4486 in
2663 4434 2896 4501 quodam
2920 4432 3149 4501 psalmo,
3173 4442 3465 4502 postquam

1864 4522 2138 4593 Propheta
2164 4522 2418 4576 dixerat:
2454 4522 2716 4576 Dominus
2758 4521 2891 4591 regit
2927 4537 3030 4586 me,
3062 4530 3110 4575 et
3156 4521 3288 4576 nihil
3328 4523 3462 4577 mihi

161 4615 275 4684 vagi
302 4622 476 4683 atque
504 4611 818 4681 praecipites
845 4609 1253 4681 Scripturarum
1287 4613 1606 4669 retinaculis
1632 4615 1766 4669 diri-
1791 4618 1845 4676 D
1870 4617 2050 4679 deerit,
2083 4617 2139 4668 in
2165 4614 2277 4668 loco
2299 4629 2511 4683 pascua:
2549 4614 2622 4667 ibi
2651 4630 2733 4667 me
2760 4610 3054 4678 collocavit,
3097 4610 3279 4687 jungit
3306 4615 3464 4672 timo-

160 4702 336 4771 gendi.
372 4700 495 4757 Hoc
551 4699 796 4765 verbum,
845 4708 1109 4769 quantum
1174 4703 1438 4756 memoria
1495 4705 1761 4775 suggerit,

155 4803 424 4860 nusquam
449 4791 510 4845 in
560 4788 858 4860 Scripturis
880 4791 1090 4846 sanctis
1128 4791 1273 4862 apud
1318 4790 1581 4849 Hebraeos
1609 4795 1765 4850 inve-

157 4882 298 4938 nisse
336 4900 430 4939 me
457 4883 624 4946 novi,
648 4883 854 4952 absque
873 4883 1012 4939 libro
1035 4885 1347 4957 apocrypha
1375 4887 1469 4955 qui
1499 4901 1530 4941 a
1551 4886 1762 4944 Graecis

154 4978 510 5052 Μαρηᾶνισις
551 4974 871 5045 appellatur.
897 4976 973 5030 lbi
999 4977 1054 5030 in
1083 4976 1442 5035 aedificatione
1471 4981 1638 5036 turris
1664 4998 1764 5053 pro

162 5068 330 5123 stadio
347 5070 611 5139 ponitur,
633 5068 688 5122 in
717 5081 824 5137 quo
849 5078 1172 5123 exercentur
1198 5071 1406 5141 pugiles
1431 5080 1488 5126 et
1514 5074 1758 5141 athletae,

166 5164 219 5212 et
243 5174 538 5216 cursorum
573 5157 836 5212 velocitas
889 5158 1295 5228 comprobatur.
1327 5160 1471 5217 Dicit
1519 5172 1575 5218 et
1603 5163 1760 5219 Psal-

169 5251 322 5306 mista
347 5271 361 5306 :
392 5251 468 5306 In
491 5253 648 5322 {rem
678 5249 927 5305 maxillas
956 5267 1137 5304 eorum
1182 5254 1497 5323 constringe,
1537 5258 1626 5325 qui
1655 5273 1761 5311 non

169 5347 540 5415 appromimant
564 5344 635 5398 ad
674 5352 727 5398 te
747 5342 922 5415 (Psal.
952 5343 1127 5417 xxxi).
1171 5342 1240 5398 Et
1269 5344 1561 5415 Apostolus
1594 5365 1607 5401 :
1653 5346 1762 5403 Ne-

169 5434 306 5488 scitis
328 5437 596 5506 quaniam
617 5435 708 5503 qui
743 5434 802 5487 in
830 5433 1003 5488 stadio
1049 5444 1291 5502 currunt,
1320 5453 1501 5492 omnes
1551 5439 1762 5509 quidem

169 5533 407 5592 currunt,
453 5523 552 5579 sed
599 5539 734 5578 unus
779 5525 968 5595 accipit
1018 5524 1255 5580 bravium
1279 5527 1306 5581 7
1355 5525 1444 5582 Sic
1485 5531 1678 5584 currite
1709 5541 1766 5586 ut

171 5618 630 5689 comprehendatis
679 5616 733 5690 (Ι
772 5614 894 5673 Cor.
949 5620 1050 5691 ιχ).
1103 5619 1174 5675 Et
1198 5622 1422 5693 profecti
1473 5625 1537 5680 de
1576 5624 1764 5693 Ressa,

173 5713 537 5768 καταπιειωὶ
572 5713 778 5766 suntin
827 5710 1099 5768 Ceelatha.
1133 5713 1285 5770 Nona
1317 5717 1523 5772 decima
1554 5720 1767 5776 mansio

172 5797 575 5874 interpretatur
629 5801 885 5859 Ecclesia.
946 5803 1082 5875 Vagi
1147 5807 1484 5864 currentium
1536 5823 1762 5879 gressus

1874 4724 1990 4764 rem
2019 4707 2112 4776 qui
2140 4713 2324 4761 custos
2350 4704 2701 4759 beatitudinis
2725 4712 2810 4760 est
2839 4714 2894 4759 et
2915 4703 3079 4772 infert
3117 4724 3129 4761 :
3176 4705 3340 4779 Virga
3369 4718 3462 4764 tua

1872 4811 1918 4855 et
1947 4799 2163 4854 baculus
2199 4807 2342 4860 tuus,
2374 4799 2490 4868 ipsa
2523 4813 2604 4851 me
2652 4795 2922 4851 consolata
2952 4807 3094 4852 sunt.
3131 4798 3200 4854 Et
3229 4809 3312 4855 est
3340 4813 3463 4856 sen-

1873 4910 1967 4950 sus
1996 4910 2009 4946 :
2045 4891 2181 4946 Dum
2222 4897 2490 4945 tormenta
2511 4888 2765 4955 formido,
2797 4891 3011 4946 servavi
3032 4893 3262 4963 gratiam
3295 4908 3464 4963 quam

1875 4998 2212 5054 acceperam,
2241 4980 2320 5036 De
2347 4980 2590 5035 Tha/tam
2639 4983 3001 5037 castrametati
3025 4993 3150 5039 sunt
3179 4984 3235 5040 in
3265 4983 3459 5040 Thare.

1875 5077 2144 5134 Vicesima
2171 5081 2363 5144 quarta
2395 5074 2606 5130 mansio
2634 5093 2646 5129 :
2677 5091 2841 5146 quam
2869 5078 3112 5134 nonnulli
3153 5088 3374 5136 vertunt
3401 5082 3461 5136 in

1871 5169 2132 5222 malitiam
2157 5167 2242 5222 vel
2266 5167 2322 5220 in
2371 5174 2661 5236 pasturam.
2719 5165 2830 5223 Nec
2856 5177 3124 5236 errarent,
3152 5170 3198 5224 si
3240 5184 3339 5241 per
3366 5171 3461 5228 ain

1870 5269 1915 5348 γ
1945 5261 2182 5315 litteram
2234 5258 2589 5313 scriberetur.
2632 5257 2788 5316 Nune
2840 5276 2971 5316 vero
3021 5276 3144 5316 cum
3195 5263 3458 5332 aspiratio

1871 5350 2068 5420 duplex
2091 5349 2145 5403 in
2183 5356 2426 5404 extrema
2453 5350 2524 5404 sit
2577 5349 2804 5422 syllaba,
2853 5350 3055 5406 erroris
3084 5366 3246 5406 causa
3276 5354 3456 5408 mani-

1872 5442 2009 5498 festa
2063 5450 2164 5496 est.
2219 5437 2334 5495 Hoc
2386 5441 2574 5496 eodem
2633 5443 2894 5498 vocabulo
2920 5449 2976 5498 et
3005 5443 3207 5498 eisdem
3257 5441 3458 5503 litteris

1868 5535 2128 5605 scriptum
2159 5534 2376 5589 invenio
2406 5546 2608 5606 patrem
2658 5535 2947 5604 Abraham,
2977 5535 3069 5606 qui
3123 5535 3179 5590 in
3205 5539 3454 5607 supradi-

1865 5634 1954 5683 cto
2005 5628 2313 5699 apocrypho
2359 5625 2633 5684 Geneseos
2661 5626 2957 5692 volumine,
3007 5625 3214 5684 abactis
3268 5631 3452 5689 corvis

1866 5718 1956 5773 oui
1984 5717 2262 5773 hominum
2283 5717 2558 5773 frumenta
2583 5715 2890 5782 vastabant,
2935 5715 3210 5775 abactoris
3236 5717 3321 5776 vel
3353 5724 3445 5780 de-

1865 5811 2101 5885 pulsoris
2128 5811 2356 5869 sortitus
2385 5818 2471 5868 est
2491 5821 2709 5866 nomen.
2742 5805 2930 5877 Itaque
2956 5816 3011 5867 et
3037 5827 3136 5869 nos
3165 5811 3447 5871 imitemur
