3890 6340
910 372 1450 438 BNARBA‘I‘IONES
1485 370 1554 430 IN
1590 364 1856 428 LIBRUM
1890 362 2367 426 maneam.
2396 387 2473 406 --
2502 362 2635 421 LIB.
2670 360 2785 421 IV.-

202 504 417 567 ‘stansio
457 514 621 558 nune'
664 496 946 555 tricesima
991 494 1155 551 tertia
1199 506 1329 549 esse
1379 490 1615 547 dicatur.
1667 483 1777 541 Sed
1800 483 1858 547 Λ
1877 497 2079 539 nomen
2102 480 2324 547 Horme,
2350 478 2411 537 id
2434 486 2543 546 est,
2567 477 2881 534 anathema.
2910 476 3118 533 Eadem
3139 476 3327 535 dicere
3342 478 3478 537 mihi

204 596 485 659 sciendum
533 589 679 662 quod
706 589 983 661 priorper
1006 582 1551 644 sameubalitteram
1586 577 1783 635 scribi-

205 698 311 758 tur;
340 688 846 755 interpretaturde
867 678 1028 734 rebus
1052 678 1169 733 sive
1210 675 1413 729 aditu».
1443 671 1573 727 Haec
1598 678 1783 727 autem

202 798 297 859 per
318 779 457 838 sede
478 785 539 843 ν,
569 781 630 830 et
649 772 887 830 vertitur
914 772 974 827 in
1014 769 1348 825 mandatum.
1371 765 1617 835 lliudque
1635 762 1782 859 quod

198 856 453 949 iungitur,
468 867 663 934 Cedet,
678 880 785 921 non
798 864 1113 936 utplerique
1125 861 1636 918 existimantsancta

204 946 305 1034 turi
316 965 639 1023 sedmsrsta
648 962 763 1019 sive
776 956 1054 1019 translate.
1072 955 1328 1026 Legimus
1343 954 1397 1008 in
1411 952 1609 1009 Genesi
1622 946 1777 1024 (Cap.

203 1061 427 1131 nxvm)
444 1059 599 1131 juxta
624 1056 948 1114 Hebraicam
971 1054 1281 1117 veritatem,
1304 1050 1395 1107 ubi
1421 1049 1589 1106 ludas
1610 1062 1781 1105 mere-

201 1156 387 1212 tricem
409 1160 605 1225 putans
620 1152 876 1213 Thamar,
894 1149 1036 1203 dona
1065 1146 1405 1211 transmittit,
1418 1153 1475 1201 et
1498 1152 1779 1216 sequester

201 1253 482 1305 numerum
532 1246 852 1314 interrogat,
889 1241 979 1297 tibi
1012 1250 1088 1296 est
1118 1239 1333 1303 cadeta,
1366 1239 1471 1294 hoc
1498 1246 1585 1295 est
1626 1252 1777 1295 seor-

205 1342 327 1398 tum,
390 1332 547 1403 cuius
602 1332 819 1387 habitus
850 1346 881 1384 a
920 1329 1143 1385 cmteris:
1192 1326 1412 1383 feminis
1459 1326 1779 1383 immutatus

259 1433 299 1479 t.
323 1423 383 1479 In
410 1424 598 1481 multis
620 1434 837 1493 quoque
860 1422 994 1476 locis
1016 1420 1122 1475 hoc
1149 1419 1293 1474 idem
1323 1418 1646 1488 "aperimus.
1678 1416 1780 1473 Sin

193 1440 299 1569 tu.
323 1440 383 1479 ιη
410 1440 598 1481 multis
620 1440 837 1493 quoque
860 1440 994 1476 mets
1018 1440 1122 1475 noc
1149 1440 1293 1474 mem
1324 1440 1646 1488 repemuus.
1679 1440 1780 1473 ml

236 1523 379 1570 atem
428 1523 617 1571 sancta
648 1516 1062 1581 interpretatur,
1092 1508 1204 1567 κατ’
1230 1511 1532 1583 ἁντίφρασιν
1564 1516 1651 1564 est
1698 1508 1781 1563 in-

199 1606 570 1677 telligendum,
612 1605 888 1675 quomodo
925 1603 1115 1659 Parcae
1161 1602 1421 1659 dicuntur
1446 1603 1516 1659 ab
1539 1617 1606 1659 eo
1633 1601 1780 1672 quod

196 1696 421 1752 minime
447 1703 679 1767 parcant
730 1714 744 1749 :
775 1704 832 1750 et
853 1695 1077 1760 bellum,
1108 1694 1255 1764 quod
1297 1706 1639 1765 nequaquam
1667 1693 1778 1751 bel-

1886 591 1997 631 non
2025 582 2111 631 est
2132 574 2365 645 pigrum,
2394 571 2703 644 legentibus
2742 569 3139 635 necessarium,
3164 570 3476 640 quodsent-

1883 680 1985 738 per
2012 666 2281 721 humanus
2298 671 2484 741 status
2525 663 2583 718 in
2602 660 2765 732 hujus
2791 659 2978 717 smeuli
3006 659 3095 716 via
3120 658 3380 727 ﬂuctuet,
3422 673 3480 721 et

1882 754 2024 812 alius
2052 755 2110 810 in
2156 752 2319 821 valle,
2359 753 2497 809 alius
2538 752 2598 807 in
2638 765 2868 822 campo,
2922 750 3063 807 alius
3107 751 3378 808 moriatur
3419 751 3478 809 in

1881 857 2069 904 monte
2110 863 2127 901 :
2157 862 2259 903 nec
2304 846 2359 902 in
2404 852 2593 902 monte
2637 843 2982 916 simpliciter,
3030 845 3130 902 sed
3174 844 3232 901 in
3275 844 3480 902 montis

1881 950 2088 1008 monte,
2133 940 2190 996 id
2226 947 2332 1006 est,
2360 940 2418 994 in
2443 937 2660 995 excelso
2685 939 2914 995 vertice.
2945 937 3192 1011 Cumque
3238 953 3343 996 nos
3378 938 3478 997 Dei

1881 1031 2085 1089 auxilio
2133 1032 2426 1087 destitutos
2478 1030 2651 1087 hostis
2688 1030 2969 1098 invaserit,
3010 1032 3337 1105 duxeritque
3378 1046 3476 1089 ca-

1877 1124 2076 1197 ptivos,
2111 1138 2221 1178 non
2257 1138 2540 1193 speremus
2564 1121 2816 1188 salutem,
2855 1122 3166 1179 sediterum
3194 1138 3477 1181 armemu-

1879 1218 1951 1274 ad
1977 1216 2245 1289 prmlium.
2276 1215 2466 1271 Potest
2494 1214 2615 1270 ﬁeri
2662 1223 2724 1269 ut
2767 1215 3051 1271 vincamus
3076 1216 3169 1272 ubi
3202 1216 3336 1273 victi
3379 1231 3476 1274 stt-

1876 1327 2036 1378 mus;
2065 1319 2123 1368 et
2170 1312 2227 1366 in
2254 1311 2447 1366 eodem
2480 1310 2602 1367 loco
2632 1310 3065 1381 triumphemus,
3112 1311 3169 1367 in
3202 1325 3314 1383 quo
3359 1308 3474 1369 ful-

1880 1420 2004 1461 mus
2032 1410 2157 1458 ante
2185 1402 2405 1472 captivi.

1957 1495 2029 1550 Et
2076 1495 2300 1567 profecti
2330 1494 2397 1549 de
2438 1502 2614 1548 monte
2658 1492 2799 1561 Hor,
2851 1494 3215 1551 conmutasti
3256 1502 3381 1552 sunt
3415 1495 3478 1553 in

1882 1589 2157 1647 Selmona.
2193 1586 2345 1644 Unde
2370 1588 2566 1660 egressi
2592 1597 2845 1643 venerunt
2874 1590 2932 1644 in
2961 1585 3199 1644 Phineus
3224 1587 3322 1643 Hae
3357 1588 3478 1646 due

1878 1682 2211 1745 mansiones,
2265 1680 2545 1753 trigesima
2569 1680 2762 1750 quinta
2787 1688 2847 1737 et
2885 1680 3167 1753 trigesima
3194 1687 3372 1748 sexta,
3420 1680 3477 1738 in

190 1789 307 1847 lum
332 1792 442 1858 sit;
473 1799 530 1846 et
555 1790 733 1855 lucus,
750 1790 897 1859 quod
924 1789 1150 1844 minime
1166 1788 1364 1844 luceat.
1392 1787 1451 1843 in
1481 1789 1584 1844 hac
1609 1788 1774 1843 etiam

1878 1775 2071 1830 ordine
2108 1773 2352 1829 historia:
2380 1788 2489 1827 non
2537 1772 2912 1839 inveniuntur,
2961 1773 3058 1829 sed
3094 1772 3363 1843 scriptum
3389 1780 3476 1829 est

186 1856 477 1939 mansione
523 1856 977 1937 moritur—Maria
1025 1888 1081 1937 et
1127 1880 1426 1961 sepelitur:
1455 1888 1512 1936 et
1553 1889 1774 1951 propter

1878 1879 1976 1936 pro
1996 1864 2078 1920 eis
2107 1878 2123 1917 :
2155 1863 2374 1935 Egressi
2400 1870 2528 1917 sunt
2553 1862 2621 1919 de
2642 1871 2827 1918 monte
2852 1861 2987 1931 Hor,
3014 1877 3114 1934 per
3139 1862 3284 1919 viam
3307 1864 3478 1921 maris

185 1990 365 2047 aqua
417 1974 865 2031 contradictionis
907 1974 1118 2046 Moyses
1165 1982 1221 2028 et
1261 1973 1443 2029 Aaron
1494 1972 1774 2030 oii‘endunt

182 2067 391 2133 Deam;
414 2075 473 2121 et
500 2066 858 2137 prohibentur
878 2068 1111 2123 transire
1136 2066 1453 2123 Jonianem.
1484 2068 1773 2141 Missisque

181 2162 401 2218 nuntiis
425 2161 495 2216 ad
518 2160 713 2226 Edent;
740 2161 1001 2216 transitus
1036 2162 1242 2232 petitur
1288 2176 1392 2217 nec
1424 2163 1769 2232 impetratur.

172 2251 316 2319 Quis
343 2252 570 2307 timeret
603 2262 725 2321 post
758 2261 941 2307 tantos
967 2251 1246 2322 profectus
1273 2267 1526 2308 murmur
1560 2254 1768 2326 populi;

177 2351 234 2399 et
256 2343 526 2399 oﬂensam
566 2344 973 2415 magistrorum,
1028 2350 1085 2399 et
1107 2346 1209 2400 vim
1240 2347 1507 2402 transitus
1535 2347 1774 2419 denega-

182 2434 409 2491 tos‘lBt
464 2442 592 2489 nota
646 2435 788 2504 quod
847 2442 973 2504 post
1022 2442 1257 2491 mortem
1313 2439 1673 2508 prophetissae
1716 2442 1773 2497 et

184 2541 357 2597 aquam
418 2528 870 2585 contradictionis
923 2529 1219 2585 ldumazutii
1288 2538 1546 2588 carneum
1608 2538 1771 2605 atque

186 2628 462 2676 terrenum
502 2620 741 2677 transire
776 2636 887 2676 non
924 2623 1152 2691 possint;
1188 2630 1247 2679 et
1286 2638 1409 2679 eum
1442 2625 1629 2681 multis
1654 2642 1776 2697 pre-

181 2710 337 2768 cibus
368 2719 428 2767 et
463 2721 665 2768 conatu
698 2712 845 2769 viam
879 2729 990 2770 non
1040 2715 1350 2785 impetrent,
1390 2717 1487 2772 sed
1524 2716 1773 2788 egrediaé

182 2814 272 2862 tur
306 2808 485 2866 Edoni
521 2810 791 2867 adversus
824 2814 919 2867 eos
952 2812 1008 2866 in
1044 2813 1218 2869 multo
1253 2814 1455 2885 popuio
1483 2812 1540 2870 et
1564 2815 1619 2869 in
1650 2826 1771 2869 tua-'-

180 2908 252 2955 ntt
286 2900 441 2957 ﬁmi.
482 2902 869 2972 interpretatio
912 2918 1130 2975 quoque
1151 2905 1389 2961 nominis
1411 2898 1574 2961 morti
1604 2912 1663 2961 et
1685 2906 1771 2961 of;

176 2996 362 3065 tensae,
386 3005 446 3054 et
467 2991 688 3069 negatio
725 2996 977 3053 transiuit
1017 2994 1293 3054 convenit;
1317 2997 1421 3056 Ubi
1451 2999 1596 3055 enim
1616 2994 1772 3055 man;

175 3090 382 3157 datum,
399 3089 480 3146 ibi
495 3098 778 3161 peceatum
792 3104 810 3157 ς
823 3091 916 3146 ubi
929 3088 1235 3162 peccatum,
1251 3088 1325 3147 ibi
1341 3091 1544 3148 uﬂensa
1561 3108 1575 3159 ;
1591 3091 1682 3148 ubi
1694 3092 1770 3149 οβ

174 3183 349 3251 tensa,-
367 3183 447 3241 ibi
469 3198 640 3239 mors.
664 3182 789 3239 liter:
803 3190 890 3240 est
912 3184 1122 3240 mansio
1145 3184 1211 3241 de
1237 3198 1343 3256 qua
1362 3183 1651 3241 Psalmista
1673 3199 1765 3242 ca-

171 3276 250 3331 nit
280 3290 295 3331 :
332 3274 719 3331 Cornmovebit
750 3274 1012 3331 Dominus
1040 3275 1315 3332 desertum
1340 3275 1534 3333 Gades.

226 3364 569 3438 Egi-migra
622 3366 689 3421 de
724 3365 915 3434 Cedas,
968 3369 1329 3424 castrametati
1356 3378 1481 3424 sunt
1509 3371 1565 3425 in
1590 3372 1765 3426 monte

170 3459 309 3528 Hor,
341 3463 405 3519 iit
450 3462 701 3517 extrahi:
731 3462 924 3531 fidibus
966 3472 1125 3517 terra
1175 3463 1368 3519 Edam.
1417 3464 1765 3536 Ascenditque

168 3554 351 3610 Ant-un
381 3552 634 3610 sacerdos
662 3562 890 3608 montem
920 3552 1038 3607 Hor
1072 3554 1288 3625 jubenle
1322 3554 1572 3620 Domino,
1616 3566 1663 3609 et
1693 3552 1765 3610 ibi

166 3654 413 3701 mortuus
462 3653 540 3699 est
570 3644 710 3698 nnnd
740 3644 1143 3715 quadragesimo
1191 3645 1499 3715 egressionis
1534 3645 1766 3714 ﬁliorum

164 3734 344 3791 Israel
373 3748 446 3790 ea:
476 3734 731 3806 zEgypto,
762 3748 936 3789 mense
962 3733 1163 3805 quinto,
1195 3734 1368 3805 prima
1417 3733 1501 3789 die
1530 3736 1724 3789 mensis
1750 3775 1765 3802 ,

163 3840 287 3883 cum
318 3829 465 3882 esset
502 3834 764 3880 annorum
792 3830 998 3881 centum
1029 3827 1211 3896 viginti
1243 3827 1425 3880 trium.
1456 3824 1768 3900 Audiuimus

159 3916 524 3974 Chanamrns
552 3932 642 3969 res:
671 3916 838 3981 Anni,
867 3917 957 3985 qui
992 3912 1261 3970 habitabat
1294 3918 1362 3971 sit!
1390 3919 1681 3984 meridiem,
1713 3921 1769 3975 in

153 4015 372 4063 terram
429 4002 693 4059 Chanaan
757 4005 955 4059 venisse
1005 4004 1155 4074 Eﬁlios
1209 4006 1402 4061 Israel.
1465 4006 1769 4080 Trigesima

156 4102 367 4169 quarta
408 4096 629 4150 matiam
682 4104 786 4162 est,
828 4100 990 4165 quam
1045 4096 1292 4168 pictique
1339 4098 1772 4169 interpretantur

161 4191 385 4256 tamen;
414 4202 527 4244 nec
545 4197 816 4256 errarent,
850 4189 899 4244 si
926 4192 1025 4260 per
1046 4187 1218 4259 Alep’li
1240 4201 1282 4249 tt
1303 4188 1542 4247 litteram
1564 4191 1771 4247 scribe-

160 4293 340 4340 retur.
372 4281 489 4338 Alii
518 4278 738 4352 pellem;
770 4287 825 4336 et
873 4281 976 4350 ipsi
1001 4288 1193 4336 verum
1224 4281 1503 4348 dicerent,
1550 4282 1597 4337 si
1628 4286 1773 4337 esset

162 4376 266 4432 Ain
291 4386 333 4440 ν
370 4373 641 4447 positum.
672 4370 929 4426 Nunttulli
960 4371 1237 4440 foramen;
1266 4371 1414 4442 quod
1459 4381 1647 4443 posset
1676 4387 1771 4428 θοι

164 4468 292 4538 cipi,
325 4467 375 4522 si
406 4450 557 4521 Betti
581 4470 622 4525 :t
647 4503 663 4530 ,
695 4464 920 4523 haberet
944 4463 1294 4520 elementum.
1327 4463 1463 4521 Cum
1489 4474 1670 4521 autem
1694 4466 1771 4522 les

1851 1955 2069 2020 'Bubri,
2099 1963 2155 2009 et
2180 1955 2572 2011 circumierunt
2601 1962 2805 2010 terram
2827 1953 3019 2011 Edom.
3048 1954 3132 2011 Ex
3156 1970 3267 2026 quo
3290 1963 3477 2012 osten-

1876 2047 2025 2104 ditur
2051 2047 2108 2102 in
2120 2047 2321 2103 ﬁnibus
2334 2057 2501 2118 atque
2515 2048 2750 2103 circuitu
2772 2055 2932 2103 terra:
2950 2047 3122 2103 Edoni
3138 2062 3233 2104 eas
3241 2048 3469 2119 positas.

1874 2139 1991 2197 Nec
2038 2139 2341 2196 secundum
2392 2152 2602 2194 morem
2647 2140 2867 2212 legitur,
2912 2136 3150 2210 Profecti
3183 2140 3249 2195 de
3296 2147 3473 2196 morae

1873 2233 2019 2302 Har,
2053 2243 2232 2288 castra
2258 2233 2441 2288 metati
2469 2242 2592 2288 sunt
2620 2234 2679 2288 in
2701 2230 2979 2298 Selmona,
3005 2232 3122 2289 sive
3145 2232 3202 2286 in
3223 2232 3469 2305 Phineu;

1872 2328 1971 2386 sed
2000 2335 2127 2399 post
2149 2326 2417 2383 ambitum
2450 2336 2612 2382 terra:
2650 2327 3045 2399 ldumteorum,
3086 2326 3235 2382 venit
3264 2326 3333 2380 ad
3371 2340 3470 2381 ex-

1874 2427 2113 2477 tremum
2158 2427 2215 2476 et
2276 2420 2354 2475 ait
2393 2434 2408 2474 :
2459 2417 2698 2489 Profecti
2738 2419 2838 2489 ﬁlii
2863 2417 3058 2485 Israel,
3109 2420 3472 2474 castrametati

1874 2520 1997 2569 sunt
2026 2512 2085 2567 in
2116 2509 2308 2566 Oboth.
2336 2511 2451 2568 Nec
2478 2511 2614 2567 dixit
2656 2510 2883 2582 profecti
2925 2517 3055 2566 sunt
3081 2510 3148 2566 de
3191 2509 3284 2565 illo
3310 2510 3365 2564 in
3404 2508 3470 2564 il-

1872 2604 1989 2661 lum
2014 2604 2211 2670 locum,
2244 2606 2375 2676 quia
2411 2606 2546 2661 duas
2574 2606 2890 2661 mansiones
2917 2603 3134 2661 silentio
3160 2602 3469 2676 praetermi-

1872 2704 2046 2755 serat.
2072 2696 2219 2765 Quas
2244 2696 2301 2752 in
2328 2697 2716 2769 supputatione
2743 2704 3008 2762 tacuerat,
3040 2694 3220 2750 reddit
3241 2694 3297 2749 in
3319 2707 3469 2749 sum-

1871 2805 1986 2847 ma.
2013 2790 2197 2845 Prima
2223 2790 2434 2845 mansio
2463 2787 2745 2856 Selmona,
2788 2788 3180 2858 interpretatur
3223 2787 3471 2856 imagun-

1874 2880 2017 2938 cula.
2050 2880 2305 2937 Secunda
2334 2881 2548 2938 Phinon
2575 2880 2900 2935 diminutive
2932 2896 2989 2934 os
3016 2880 3086 2935 ab
3111 2892 3230 2945 ore,
3260 2893 3369 2934 non
3397 2879 3465 2934 ab

1871 2986 2019 3039 osse,
2068 2971 2332 3042 intellige.
2364 2971 2425 3026 In
2471 2970 2557 3025 bis
2606 2969 2790 3025 Aaron
2833 2976 3082 3037 mortuo,
3126 2976 3471 3025 murmurant

1872 3071 2065 3122 contra
2112 3063 2402 3119 Dotninum
2445 3071 2503 3118 et
2546 3061 2800 3133 Moysen;
2841 3077 3042 3117 manna
3080 3060 3395 3129 fastidiunt;
3435 3075 3468 3117 ιι

1873 3156 2220 3229 serpentibus
2242 3155 2631 3222 vulnerantur;
2664 3162 2719 3211 et
2738 3155 2795 3211 in
2823 3163 3010 3227 typum
3036 3153 3357 3221 Salvatoris,
3373 3152 3467 3224 qui

1794 3230 1843 3296 (ἶ
1871 3264 2061 3308 verum
2084 3250 2504 3323 [antiquumque
2547 3256 2858 3319 serpentem
2902 3248 2957 3303 in
2987 3246 3235 3319 patibulo
3275 3246 3468 3302 trium-
3496 3248 3515 3257 '

1864 3350 2078 3421 pbavit,
2109 3348 2310 3404 diaboli
2341 3356 2547 3404 venena
2575 3353 2922 3417 superantur.
2958 3344 3113 3402 Unde
3140 3351 3199 3402 et
3216 3344 3466 3416 imagun-

1867 3443 2010 3509 cuia,
2043 3456 2172 3498 vera
2205 3454 2574 3513 expressaque
2620 3439 2800 3510 imago
2844 3437 2943 3493 Dei
2975 3436 3123 3505 Filii,
3152 3438 3463 3507 passionem

1866 3534 1984 3603 ejus
2011 3536 2250 3599 intuens,
2282 3540 2663 3595 conservatur,
2690 3538 2747 3585 et
2775 3530 2923 3599 quod
2947 3529 3113 3585 corde
3133 3530 3340 3595 credit,
3370 3542 3466 3585 ore

1867 3623 2212 3693 pronuntiat,
2238 3623 2426 3693 legens
2451 3622 2583 3677 illud
2614 3620 2861 3690 Apostoli
2891 3638 2904 3673 :
2937 3616 3109 3675 Corde
3135 3619 3370 3674 creditur
3395 3617 3465 3674 ad

1861 3715 2162 3787 justitiam;
2185 3730 2277 3768 ore
2295 3724 2472 3768 autem
2492 3712 2748 3781 confessio
2772 3712 2832 3779 fit
2849 3710 2919 3764 ad
2937 3710 3161 3765 salutem
3185 3709 3462 3781 (Bonna).

1942 3807 2278 3879 Profectique
2299 3807 2365 3861 de
2390 3806 2623 3873 Phinon,
2646 3806 3007 3860 castrametnti
3044 3813 3166 3860 sunt
3187 3805 3244 3860 in
3269 3804 3462 3861 Oberlt.

1870 3902 2170 3973 Trigesima
2202 3901 2433 3973 septima
2462 3900 2674 3954 mansio
2704 3907 2789 3954 est
2814 3898 2869 3953 in
2895 3896 3100 3964 Obotb,
3129 3913 3251 3969 quae
3291 3898 3463 3953 verti—

1869 4007 1964 4053 tur
1993 3998 2046 4051 in
2073 4010 2254 4068 magos
2283 3996 2398 4051 sive
2427 3995 2482 4049 in
2510 3994 2795 4065 pythones,
2839 3991 3153 4063 signiﬁcans
3190 3991 3465 4062 spiritales

1871 4097 2156 4159 serpentes
2193 4095 2248 4144 et
2279 4094 2427 4142 artes
2455 4084 2733 4142 maleﬁcas
2757 4086 2826 4140 ad
2847 4083 2989 4139 bella
3011 4099 3108 4139 nos
3128 4096 3462 4155 provocare:

1872 4192 2008 4251 quas
2051 4194 2150 4250 per
2177 4179 2419 4233 divinam
2462 4176 2859 4248 protectionem
2891 4175 2948 4230 in
2984 4175 3231 4231 custodia
3280 4174 3464 4231 cordis

1873 4284 2136 4343 superare
2181 4269 2460 4326 debemus.
2508 4268 2578 4322 Et
2605 4269 2671 4322 de
2706 4266 2875 4323 Obotll
2910 4276 3158 4323 venerunt
3184 4268 3239 4321 in
3266 4264 3466 4323 Jeaba-

1872 4369 1993 4435 rint,
2053 4384 2172 4440 quas
2219 4375 2295 4421 est
2344 4366 2400 4420 in
2452 4365 2647 4436 ﬁnibus
2711 4362 3092 4417 Houbitarum.
3159 4360 3463 4431 Trigesima

1870 4470 2062 4519 octava
2100 4461 2334 4527 mansio,
2367 4476 2581 4515 acervos
2610 4457 2847 4528 lapidum
2874 4455 3260 4510 transeuntium
3283 4458 3460 4509 sonat.

165 4567 324 4628 gatur
350 4570 479 4630 per,
503 4554 637 4615 Hert
657 4555 828 4625 magis
840 4571 993 4610 mm
1011 4554 1330 4628 intelligitur
1350 4564 1407 4613 et
1432 4555 1535 4627 legi
1552 4564 1764 4630 potest:
1792 4594 1848 4655 Β
1873 4554 2014 4610 Sunt
2038 4554 2212 4609 sancti
2250 4546 2459 4622 lapides
2500 4551 2589 4620 qui
2621 4548 2915 4605 volvuntur
2939 4558 3107 4617 super
3130 4554 3354 4655 terram,
3382 4547 3462 4604 le-

163 4650 431 4707 Ascetidit
459 4648 654 4703 Aaron
680 4645 937 4703 sacerdos
964 4647 1019 4702 in
1045 4648 1247 4704 montis
1270 4656 1537 4715 mentem,
1564 4650 1620 4706 id
1661 4656 1766 4717 est,

164 4741 221 4797 in
242 4742 523 4798 verticem
550 4739 773 4794 montis:
797 4737 878 4794 Ex
903 4750 1011 4809 quo
1037 4739 1203 4796 etiam
1229 4741 1562 4797 advertimus
1586 4757 1695 4796 non
1718 4742 1775 4797 in

163 4832 407 4893 monteni
435 4830 791 4906 simpliciter,
822 4832 916 4889 sed
944 4833 1001 4889 in
1029 4840 1216 4890 monte
1242 4832 1443 4889 montis
1464 4835 1774 4905 pontiﬁcem

165 4936 476 4996 mattulam,
508 4932 579 4984 ut
620 4926 817 4997 dignus
844 4926 996 4983 locus
1017 4927 1229 4983 meritis
1255 4926 1400 4983 illius
1428 4927 1772 4983 demonstra-

166 5028 337 5080 retur.
370 5014 624 5079 ﬁcritur
649 5025 829 5075 autem
855 5024 923 5075 eo
947 5028 1086 5074 anno
1117 5035 1225 5090 quo
1257 5031 1429 5077 novus
1444 5021 1673 5092 populus
1688 5034 1775 5075 re-

166 5112 562 5186 promissionis
585 5112 890 5167 intraturus
902 5118 1039 5177 erat,
1058 5111 1113 5164 in
1130 5112 1388 5166 ettremis
1401 5111 1597 5166 ﬁnibus
1615 5119 1773 5166 teme

166 5206 573 5273 Hernicorum;
605 5208 662 5258 et
686 5198 893 5274 plangit
914 5208 1038 5256 eum
1062 5200 1292 5271 populus
1316 5201 1539 5271 triginta
1562 5200 1771 5257 diebus.

168 5297 347 5356 Ratun
375 5296 694 5371 plangitur;
719 5290 877 5349 Iesus
903 5304 1013 5348 non
1045 5288 1336 5363 plangitur;
1386 5291 1444 5346 In
1490 5289 1611 5360 lege
1656 5291 1778 5347 des;

169 5394 369 5448 census
420 5390 496 5447 ad
532 5380 746 5443 lnt‘éros
789 5392 891 5441 :et
926 5385 985 5439 in
1030 5380 1322 5455 Evangelio
1347 5383 1417 5439 ad
1460 5384 1776 5453 paradisum

171 5478 619 5555 transmigratio;
644 5475 811 5533 Audit
836 5486 1051 5548 quoque
1070 5474 1407 5532 Chananeus
1431 5474 1574 5547 quod
1602 5476 1779 5533 venis-

172 5578 257 5632 set
282 5574 457 5632 lsrael
485 5581 548 5631 et
594 5572 652 5628 in
679 5571 797 5628 loco
827 5568 1226 5643 exploratorum
1252 5570 1345 5626 ubi
1391 5569 1663 5642 quondam
1700 5568 1780 5627 of-

173 5664 418 5725 fendisse
442 5663 714 5744 populum
743 5669 990 5731 noverat,
1020 5662 1187 5720 infert
1214 5662 1482 5736 praelium,
1529 5673 1585 5721 et
1610 5665 1781 5737 capti-

175 5770 303 5816 vum
330 5759 488 5817 ducit
513 5754 686 5815 Israel
713 5764 1010 5828 rursusque
1044 5756 1098 5812 in
1124 5756 1315 5814 eodem
1342 5757 1462 5814 loco
1485 5766 1692 5830 pugnat
1710 5770 1779 5811 ex

175 5858 328 5914 vnto.
357 5850 566 5914 Victor
590 5848 851 5933 vincitur,
876 5840 1011 5907 victi
1040 5857 1318 5923 eruperant.
1358 5842 1779 5924 Appellaturque

1876 4660 1991 4708 ves,
2019 4641 2196 4715 politi,
2228 4649 2283 4697 et
2314 4640 2652 4696 rotunditate
2680 4652 2781 4694 sua
2828 4644 3073 4692 rutarum
3101 4635 3353 4695 cursibus
3391 4640 3464 4696 si-

1876 4732 2056 4790 miles.
2089 4735 2229 4788 Sunt
2256 4739 2312 4787 et
2362 4730 2453 4785 alii
2498 4744 2635 4800 quos
2660 4728 2923 4799 propheta
2973 4726 3113 4782 tollit
3140 4728 3207 4784 de
3234 4729 3345 4797 via,
3394 4740 3464 4787 ne
3520 4764 3526 4768 ι

1877 4824 2269 4881 ambulantium
2302 4823 2356 4877 in
2406 4836 2471 4877 eo
2498 4819 2776 4876 oﬂ‘endant
2820 4820 3005 4892 pedes.
3052 4818 3157 4890 Qui
3202 4827 3329 4878 sunt
3372 4822 3463 4878 isti

1877 4918 2255 4975 ambulantes?
2280 4916 2479 4987 Utique
2500 4918 2741 4973 viatores
2760 4928 2815 4972 et
2837 4926 3231 4988 praetereuntes
3252 4919 3344 4989 qui
3367 4924 3464 4989 per

1879 5010 2025 5067 istud
2074 5010 2330 5066 szeculum
2380 5010 2449 5065 ad
2493 5007 2628 5064 alias
2675 5010 2984 5066 mansiones
3034 5011 3271 5068 transire
3315 5010 3463 5067 festi-

1881 5117 2031 5165 nant.
2063 5106 2214 5177 Quod
2238 5116 2421 5162 autem
2450 5107 2667 5174 dicitur,
2696 5107 2752 5161 in
2771 5106 2964 5175 ﬁnibus
2988 5106 3149 5162 Moab
3179 5116 3359 5162 contra
3379 5122 3464 5160 so-

1882 5199 1947 5255 lis
1977 5209 2170 5264 ortum,
2196 5196 2434 5253 ostendit
2460 5198 2615 5269 juxta
2643 5194 2902 5266 litteram,
2934 5199 3081 5270 quod
3107 5199 3386 5265 hucusque
3408 5194 3461 5252 in

1883 5290 2084 5347 ﬁnibus
2131 5298 2288 5345 teme
2316 5286 2674 5346 ldumaaorum
2702 5288 2938 5357 fuerint;
2988 5295 3045 5343 et
3069 5294 3214 5343 nunc
3244 5288 3464 5344 veniant

1884 5378 1955 5439 ad
1989 5382 2250 5438 terminus
2277 5378 2452 5450 Moab,
2484 5384 2549 5440 de
2578 5384 2683 5439 alia
2709 5381 2987 5455 provincia
3013 5380 3081 5435 ad
3104 5379 3265 5435 aliam
3288 5386 3465 5436 trans-

1884 5481 2097 5541 euntes,
2147 5474 2290 5530 sicut
2317 5474 2373 5529 in
2402 5477 2771 5547 superioribus
2800 5472 2917 5543 jam
2952 5471 3156 5527 dictum
3187 5477 3288 5526 est.
3338 5469 3454 5527 Non

1881 5566 2027 5623 enim
2052 5575 2265 5638 semper
2293 5568 2383 5622 uni
2415 5568 2604 5623 virtuti
2629 5566 2803 5622 danda
2841 5572 2927 5620 est
2966 5576 3165 5634 opera;
3195 5562 3289 5619 sed
3317 5560 3459 5618 sicut

1882 5658 2145 5728 scriptum
2193 5667 2279 5717 est
2316 5677 2329 5713 :
2365 5658 2523 5714 Ibunt
2552 5658 2616 5712 de
2662 5657 2852 5711 virtute
2892 5656 2948 5710 in
2991 5657 3234 5712 virtutem
3280 5653 3455 5730 (Ptol.

1880 5752 2133 5829 txxxm),
2165 5756 2230 5812 de
2255 5756 2361 5812 alia
2383 5750 2768 5811 transeundum
2791 5756 2875 5806 est
2897 5750 2966 5806 ad
2991 5750 3151 5805 aliam
3171 5769 3183 5806 :
3204 5751 3330 5824 quia
3354 5752 3458 5807 lue-

1880 5856 2005 5910 rent
2029 5848 2155 5919 sibi,
2178 5857 2235 5906 et
2254 5849 2349 5925 fita
2374 5850 2518 5907 inter
2545 5861 2604 5905 se
2627 5860 2782 5904 nexae
2803 5844 2949 5915 sunt,
2982 5849 3044 5899 ut
3080 5842 3173 5915 qui
3213 5857 3320 5899 una
3361 5857 3452 5899 ca-
