3890 6340
445 352 554 432 82's
574 388 579 395 .

1096 372 1160 429 B.
1198 354 1461 428 mm
1487 356 2060 429 autumantur.
2101 358 2412 425 locum.
2451 360 2739 426 orsum
2772 365 2981 441 mus
3012 366 3056 424 ι.

3595 376 3705 436 su.

443 493 643 558 ruerit,
669 484 920 547 omnibus
948 478 1249 547 careat."Et
1274 494 1453 547 tamen
1479 488 1949 548 transire'de'alia’
1964 486 2032 543 ad
2059 484 2203 550 'A'de
2238 486 2510 554 Isracl,’et
2544 486 2817 557 percutiet
2840 486 3137 556 principes:
3159 482 3445 552 Meam-ct
3476 492 3693 549 vastant

440 584 605 641 aliam
634 574 848 640 eorum
898 592 983 639 est
1029 584 1248 655 proprie
1292 583 1387 654 qui
1429 582 1560 640 solis
1590 580 1818 654 iustitiae
1846 588 2030 637 ortum

438 676 808 735 considerant.
850 670 1188 749 Profectique
1208 674 1275 730 de
1292 674 1587 741 Jeabarim,
1616 676 1782 744 ﬁxere
1805 675 2031 730 tentoria

437 764 818 838 in’Dibongad.
870 764 1172 840 Trigesima
1202 762 1344 823 noni
1370 769 1603 833 mansio,
1636 766 2035 838 interpretatur

439 842 654 930 [uiliter
676 854 939 913 intellecta
958 860 1194 915 tentatio.
1223 858 1332 915 Pro
1358 859 1462 914 hac
1489 859 1543 914 in
1570 857 1763 914 Ordine
1788 854 2031 914 historia

442 944 889 1020 aliter'scriptum
920 948 1120 1021 reperi.
1166 946 1460 1021 Postquam
1483 949 1626 1005 enim
1655 948 2029 1005 cas'trametati

440 1042 571 1097 sunt
596 1039 653 1095 in
678 1036 977 1108 Ieabarim,
1008 1040 1065 1096 in
1095 1040 1292 1097 ﬁnibus
1320 1040 1477 1097 Moab
1506 1048 1695 1097 contra
1722 1050 1904 1097 ortum
1934 1052 2030 1097 so—

438 1126 537 1199 lis,‘
557 1126 756 1205 legitur
784 1146 799 1187 :
832 1132 967 1188 Inde
991 1133 1211 1203 profecti
1240 1141 1383 1198 sunt,
1415 1138 1463 1187 et
1493 1132 1815 1186 diverterunt
1837 1131 1906 1185 ad
1927 1140 2033 1186 tor-

439 1222 639 1280 rentem
663 1220 876 1279 Zareth.
924 1223 997 1278 Et
1023 1227 1088 1279 de
1112 1224 1211 1279 hoc
1237 1223 1347 1279 loco
1375 1224 1784 1294 proﬁciscentes,
1822 1224 2026 1278 castra-

435 1314 622 1369 métati
648 1324 771 1370 sunt
795 1324 941 1370 trans
967 1314 1169 1382 Arnon,
1210 1332 1327 1385 qua!
1352 1323 1427 1370 est
1453 1313 1507 1369 in
1533 1313 1814 1369 solitudine
1838 1315 2028 1383 finium

436 1402 754 1474 Amorraei,
784 1422 846 1461 eo
892 1407 1034 1479 quod
1081 1404 1265 1462 Arnon
1302 1408 1359 1461 in
1394 1406 1632 1461 terminis
1661 1409 1729 1462 sit
1766 1407 2028 1463 Moabita-

438 1504 567 1552 παπ
595 1505 646 1551 et
688 1497 1137 1564 Amorrha'orum,
1167 1508 1272 1555 etc.
1318 1496 1450 1554 Post
1488 1494 1785 1570 Dibongad,
1822 1499 2034 1571 geritur

436 1585 638 1643 bellum
668 1596 860 1644 contra
890 1588 1033 1646 Seon
1063 1602 1245 1661 regem
1268 1589 1734 1656 Amorrhzeorum,
1759 1597 1815 1646 et
1836 1590 1918 1663 0g
1942 1604 2030 1644 re-

437 1686 560 1751 gem
603 1682 814 1749 Basan;
857 1692 913 1738 et
945 1681 1205 1739 discimus
1244 1684 1389 1753 quod
1430 1698 1555 1739 cum
1600 1683 1913 1739 venerimus
1960 1684 2030 1739 ad

437 1776 734 1841 summum,
768 1782 823 1830 et
868 1774 936 1830 de
961 1774 1111 1831 fonte
1155 1774 1463 1847 principum
1503 1790 1801 1849 regumque
1827 1776 2030 1832 biberi-

2135 578 2275 635 ﬁlios
2302 578 2460 645 Seth,
2487 582 2544 634 et
2569 579 2686 634 erit
2703 577 2875 633 Edam
2904 576 3195 633 hereditas
3217 578 3360 649 eius.
3389 576 3688 641 Furnium

2133 680 2256 727 cum
2280 671 2495 727 ﬁliabus
2520 670 2759 736 Μίδα,
2784 677 2845 725 et
2878 667 3119 727 Phineas
3132 668 3283 726 ﬁlms
3304 669 3547 738 Eleazar,
3572 676 3689 732 sda-

2134 770 2221 821 tus
2250 765 2430 819 zelum
2457 762 2693 829 Domini,
2714 762 2939 818 Ζηνὶπὶ
2958 772 3015 818 et
3038 771 3285 819 scortum
3302 763 3685 825 Madianitsmm

2130 859 2367 931 pugiune
2380 859 2670 929 transﬁgit.
2690 857 2847 914 Unde
2873 865 2931 913 et
2954 858 3167 929 accepit
3192 859 3693 930 plenilunium

2132 962 2258 1005 nam
2280 950 2627 1016 memoriam,
2641 949 3126 1004 amumvictimm.
3146 948 3481 1007 Numen-atus
3500 969 3683 1013 rursum

2129 1040 2384 1111 populus,
2410 1046 2767 1094 numerantur
2804 1046 2885 1093 et’
2914 1038 3142 1105 Levita,
3173 1040 3685 1115 ut'interieotispes-

2131 1133 2305 1200 simis,
2355 1146 2529 1189 novus
2574 1133 2672 1188 Dei
2722 1131 2953 1204 populus
3008 1142 3317 1190 censeatur.
3350 1135 3685 1207 interpellant

2131 1225 2370 1297 quinque
2394 1225 2520 1280 tiliae
2547 1223 2843 1295 Salph'aad,
2872 1231 2931 1278 et
2966 1221 3172 1291 iudicio
3221 1225 3443 1281 Domini
3494 1228 3683 1284 heredi»

2131 1324 2300 1373 tatem
2332 1317 2608 1387 accipiunt
2635 1316 2780 1371 inter
2808 1314 3007 1372 fratres
3024 1330 3181 1384 sitos,
3225 1331 3330 1373 nec
3377 1317 3629 1378 fetui-eas
3657 1337 3682 1378 ι

2129 1409 2475 1482 possessione
2520 1408 2617 1465 Dei
2665 1424 2830 1465 sexus
2878 1410 3206 1466 excluditur.
3256 1410 3418 1469 Iesus
3468 1412 3683 1485 Moysiia

2130 1510 2316 1560 monte
2337 1502 2597 1568 succedit,
2626 1509 2683 1557 et
2712 1502 2875 1557 discit
2901 1516 2932 1558 a
2976 1502 3096 1573 lege
3135 1517 3259 1573 quae
3292 1506 3685 1576 spirits-literat-

2131 1594 2277 1651 i'erre
2305 1592 2500 1650 debeat
2529 1595 2585 1649 in
2613 1593 2842 1649 ecclesia
2872 1610 2884 1648 :
2921 1594 3160 1663 primum
3210 1596 3441 1665 quidem
3482 1613 3567 1668 per
3591 1601 3683 1654 si“.

2132 1685 2287 1759 gulos
2306 1686 2454 1753 dies;
2490 1687 2685 1743 deinde
2709 1688 2839 1758 quid
2867 1689 3114 1755 sabbato,
3164 1691 3299 1761 quid
3346 1693 3406 1747 in
3454 1693 3677 1760 Kalendis,

2136 1777 2264 1847 quid
2291 1778 2348 1833 in
2372 1777 2605 1844 Pascha,
2632 1779 2763 1848 quid
2790 1780 2844 1833 in
2872 1779 3211 1846 Pentecoste,
3240 1782 3375 1852 quid
3414 1783 3681 1840 iniNeome-

435 1880 583 1931 mus,
615 1864 969 1922 ascendentes
1004 1866 1077 1922 ad
1104 1877 1346 1923 montem
1387 1864 1624 1941 Phasga,
1674 1884 1784 1925 non
1830 1869 2026 1926 debes-
2054 1856 2109 1917 Β
2128 1852 2220 1923 1nia
2253 1868 2455 1925 mensis
2483 1870 2721 1940 septimi,
2751 1869 2881 1939 quid
2910 1870 2964 1925 in
2992 1869 3199 1941 jejunio
3246 1871 3494 1943 ejusdem
3520 1877 3680 1931 ensis

437 1974 563 2014 mus
603 1960 804 2015 elevari
854 1960 907 2016 in
938 1952 1403 2032 superbiam,'sed
1441 1963 1778 2031 propositam
1804 1958 1967 2017 nobis
1995 1976 2026 2018 c

436 2051 714 2108 contrario
740 2050 1086 2109 solitudinem
1109 2052 1442 2109 noverimus.
1470 2050 1613 2108 Ante
1640 2050 2029 2109 eontritionem

437 2143 684 2200 elevatur
710 2162 805 2202 cor
834 2146 959 2215 viri,
985 2156 1041 2203 et
1068 2155 1195 2203 ante
1222 2148 1451 2220 gloriam
1482 2146 1826 2203 bumiliatur.

516 2233 668 2293 Unde
712 2238 925 2309 egressi,
960 2220 1327 2293 ‘castrametati
1364 2248 1488 2294 sunt
1521 2240 1578 2292 in
1618 2236 1810 2293 Almon
1837 2236 2033 2295 Debla-

439 2320 689 2387 th‘aiema.
707 2331 1129 2404 Quadragesima
1143 2332 1354 2389 mansio
1363 2331 1596 2387 vertitur
1609 2330 1662 2387 in
1680 2342 2032 2404 contemptum

437 2418 755 2497 plhgarum,‘
784 2425 897 2479 sive
924 2424 1341 2497 opprobriorum.
1373 2424 1441 2480 Et
1477 2440 1575 2496 per
1606 2425 1749 2480 hanc
1774 2424 2033 2481 discimus

441 2502 625 2577 omnia
649 2514 824 2575 dulcia
848 2528 905 2574 et
929 2514 1213 2577 illecebras
1239 2520 1574 2591 voluptatum
1599 2516 1655 2575 in
1682 2519 1878 2575 saeculo
1903 2537 2031 2576 con-

439 2611 782 2677 temnendas,
810 2628 911 2667 nec
937 2608 1196 2667 inebriari
1228 2627 1328 2667 nos
1356 2612 1554 2668 debere
1583 2611 1710 2666 vino
1738 2612 1946 2678 mundi,
1973 2610 2032 2667 in

437 2704 546 2775 quo
574 2711 659 2758 est
675 2702 912 2758 luxuria.
945 2701 1050 2758 Mel
1086 2720 1193 2759 non
1220 2700 1444 2759 offertur
1469 2703 1524 2757 in
1574 2702 1860 2759 sacrificiis
1885 2701 1984 2758 Dei
2015 2719 2030 2757 :

440 2780 499 2877 et
520 2778 714 2850 caetera
740 2811 860 2866 quae
881 2794 1058 2850 dulcia
1090 2796 1387 2859 continent,
1420 2810 1529 2849 non
1554 2794 1739 2851 lucent
1766 2795 1823 2850 in
1850 2795 2035 2850 taber-

440 2882 638 2940 naculo
654 2903 669 2953 ;
703 2884 799 2941 sed
827 2883 1005 2941 oleum
1052 2884 1427 2957 purissimum,
1453 2884 1599 2956 quod
1628 2885 1695 2941 de
1720 2883 1875 2941 olivae
1898 2898 2031 2956 pro-

439 2977 614 3033 fertur
634 2976 1016 3034 amaritudine.
1042 2975 1145 3033 Mel
1170 2976 1316 3031 enim
1370 2972 1598 3032 distillat
1625 2972 1693 3031 de
1720 2972 1880 3031 labiis
1908 2988 2032 3029 mu—

438 3069 592 3125 lieris
614 3069 937 3124 meretricis.
963 3066 1043 3123 De
1064 3083 1172 3139 quo
1198 3076 1333 3138 puto
1366 3066 1521 3136 juxta
1579 3065 1840 3137 mysticos
1869 3062 2035 3119 intel-

439 3150 615 3218 lectus
648 3169 897 3235 gustasse
916 3158 1208 3225 Ionathan,
1242 3166 1299 3214 et
1327 3166 1473 3214 sorte
1517 3155 1917 3227 deprehensum
1939 3155 2033 3210 vix

2129 1958 2217 2015 die
2262 1960 2492 2027 decimo,
2541 1961 2673 2030 quid
2720 1962 2776 2016 in
2833 1960 3169 2035 Sceuopegia
3216 1967 3441 2035 quando
3486 1966 3680 2039 figuntur

2129 2049 2499 2117 tabernacula,
2529 2053 2721 2123 quinto
2757 2054 2971 2109 decirno
3016 2054 3105 2110 die
3144 2056 3353 2111 mensis
3408 2059 3674 2129 sapt-addi.

2131 2143 2377 2200 Uxorum
2397 2150 2454 2199 et
2480 2143 2718 2199 filiarum
2745 2154 2895 2206 vota.
2925 2146 3132 2216 absque
3152 2149 3485 2205 auctoritate
3505 2157 3675 2221 pum

2132 2240 2188 2294 et
2220 2234 2463 2293 virorum
2483 2250 2666 2302 causa,
2699 2246 3102 2304 memorantur;
3136 2240 3342 2296 bellum
3387 2250 3549 2298 contra
3570 2241 3666 2296 lis-

2132 2329 2393 2394 dianitas,
2419 2335 2475 2385 et
2502 2338 2653 2386 mors
2671 2328 2841 2383 divini
2867 2328 3087 2385 Balaam
3128 2336 3183 2385 et
3202 2332 3418 2402 praedas
3441 2332 3611 2394 divisio,
3627 2338 3676 2385 et

2135 2422 2337 2478 oblatio
2360 2436 2426 2479 ex
2454 2434 2519 2478 ea
2548 2422 2602 2477 in
2626 2421 2982 2479 tabernaculo
3011 2421 3129 2477 Dei.
3158 2422 3383 2479 Primus
3432 2424 3590 2480 Ruben
3623 2429 3687 2477 et-

2135 2516 2278 2582 Ga‘d,
2303 2522 2359 2572 et
2382 2510 2608 2572 dimidia
2633 2516 2808 2572 tribus
2854 2516 3135 2585 Manassae,
3190 2525 3389 2572 contra
3441 2516 3674 2573 Iordanem

2134 2610 2191 2664 in
2218 2623 2403 2665 eremo
2427 2608 2830 2680 possessionem
2861 2610 3155 2681 accipiunt.
3187 2608 3433 2666 Plurima
3460 2610 3580 2665 enim
3603 2608 3677 2661 lia-

2134 2701 2335 2757 hebant
2374 2702 2649 2771 iumenta,
2680 2708 2735 2757 et
2760 2702 2993 2759 necdum
3026 2705 3094 2759 ad
3120 2704 3176 2759 id
3230 2714 3489 2760 venerant
3510 2711 3680 2773 utposo

2137 2802 2260 2849 sent
2290 2792 2541 2849 habitare
2594 2806 2717 2849 cum
2773 2794 2996 2864 templo.
3037 2792 3280 2851 Docetur
3329 2797 3533 2868 populus
3555 2793 3675 2847 utin

2137 2894 2283 2943 terra
2311 2894 2499 2942 sancta
2527 2885 2673 2942 idola
2702 2887 3045 2953 destruat,et
3073 2887 3259 2943 nullus
3287 2886 3357 2943 de
3378 2888 3527 2960 priori
3548 2882 3680 2941 babi-

2138 2976 2343 3033 tatione
2374 2986 2642 3034 servetur.
2668 2976 3019 3035 Describitur
3046 2974 3176 3032 olim
3219 2978 3407 3049 cupita
3431 2972 3676 3047 provincia.

2137 3076 2193 3127 et
2213 3070 2443 3125 duarum
2465 3068 2630 3125 semis
2659 3069 2904 3125 tribuum
2948 3068 3244 3125 haedinis
3288 3076 3569 3140 separatur.
3592 3063 3681 3120 Nu-

2137 3174 2423 3235 merantur
2442 3166 2684 3223 tribuum
2705 3160 2983 3239 principes
3006 3164 3100 3237 qui
3126 3173 3334 3222 terram
3372 3174 3586 3223 sanctam
3602 3161 3679 3216 de-

394 3240 403 3247 ’
438 3250 624 3324 populi
655 3230 910 3321 precibus
948 3248 1257 3305 liberatum.
1315 3248 1471 3316 Quod
1519 3256 1701 3303 autem
1744 3240 2032 3319 opprobria

2134 3230 2302 3316 beant
2333 3258 2580 3314 introire.
2612 3230 2983 3327 Quadraginta
3007 3230 3143 3314 duas
3180 3258 3351 3315 urbes
3386 3270 3500 3314 cum
3528 3254 3685 3312 subur-

444 3342 839 3400 contemnenda
865 3342 996 3407 sint,
1018 3348 1075 3397 et
1116 3338 1164 3397 si
1196 3338 1333 3397 falsa
1362 3340 1715 3411 objiciuntur,
1741 3340 2039 3397 beatitudi-

446 3449 573 3490 nem
598 3441 847 3505 pareant,
885 3432 1137 3489 Salvator
1187 3416 1709 3505 plenissime‘docet.
1743 3431 1815 3487 Et
1842 3435 2041 3505 egressi

446 3529 513 3583 de
536 3525 729 3582 Almon
752 3524 1171 3592 Deblathaiema,
1205 3534 1453 3580 venerunt
1478 3526 1548 3579 ad
1576 3528 1777 3580 montes
1797 3524 2035 3593 Abarim,

441 3624 631 3674 contra
670 3614 847 3672 Nubo.
880 3614 1309 3688 Quadragesima
1358 3616 1532 3690 prima
1569 3616 1781 3672 mansio
1807 3617 2040 3672 vertitur

439 3700 499 3766 in
524 3714 737 3765 montes
766 3708 1180 3773 transeuntium,
1200 3704 1264 3763 'et
1289 3710 1373 3763 est
1395 3716 1585 3762 contra
1617 3706 1819 3763 montis
1841 3704 2036 3762 faciem

440 3784 611 3869 Nabo,
634 3800 729 3857 ubi
752 3786 984 3856 moritur
1011 3806 1067 3855 et
1096 3794 1615 3871 sepelitur‘Moyses,
1666 3804 1817 3854 terra
1843 3794 2035 3868 repro-

440 3888 718 3949 missionis
753 3900 880 3947 ante
918 3892 1245 3964 Conspecta.
1284 3886 1439 3945 Nabo
1484 3891 1881 3961 interpretatur
1906 3904 2035 3944 con-

440 3980 632 4051 clusio,
659 3984 719 4039 in
755 3998 864 4055 qua
895 3984 1083 4039 ﬁnitur
1110 3983 1217 4050 lex,
1250 3990 1305 4040 et
1333 3982 1441 4039 no'n
1487 3983 1764 4041 invenitur
1783 3982 1900 4054 ejus
1921 3994 2039 4038 me-

440 4078 636 4135 moria.
666 4077 839 4133 Porro
893 4079 1070 4150 gratia
1100 4076 1365 4150 evangelii
1414 4076 1620 4148 absQue
1655 4075 1766 4132 ullo
1794 4074 2038 4133 tenditur

442 4171 586 4225 loco.
610 4156 679 4222 Ῑη
702 4185 907 4222 omnem
933 4178 1130 4223 terram
1152 4170 1313 4223 exivit
1342 4187 1500 4224 sonus
1544 4171 1683 4241 ejus,
1735 4179 1783 4223 et
1819 4169 1876 4224 in
1904 4169 2035 4238 ﬁnes

443 4256 585 4313 orbis
614 4267 769 4335 terra:
798 4256 950 4311 verba
980 4254 1123 4311 illius
1148 4255 1323 4327 (Psal.
1352 4260 1497 4331 vin).
1552 4260 1834 4330 Simulque
1859 4261 2037 4315 consi-

443 4338 573 4406 dera
608 4349 755 4422 quod
780 4342 1049 4404 habitatio
1085 4350 1485 4404 transeuntium
1513 4351 1568 4405 in
1612 4350 1889 4405 montibus
1933 4351 2037 4405 sita

442 4444 537 4510 sit,
563 4449 620 4498 et
642 4442 820 4501 adhuc
847 4440 1097 4514 profectu
1123 4438 1383 4512 indigeat.
1438 4438 1572 4496 Post
1625 4448 1837 4496 montes
1891 4441 2036 4496 enim

440 4528 726 4610 plurimos,
781 4536 851 4594 ad
902 4536 1235 4609 campestria
1282 4536 1440 4593 Moab
1464 4543 1519 4591 et
1542 4532 1794 4591 Iordanis
1831 4533 2034 4593 ﬂuenta

442 4627 845 4695 descendimus,
863 4632 956 4703 qui
972 4631 1362 4701 interpretatur
1378 4626 1677 4687 descensio;
1696 4628 1839 4686 Nihil
1860 4631 2029 4699 enim,
2056 4611 2113 4672 D

443 4710 505 4776 ut
525 4720 717 4777 crebro
742 4716 1000 4789 diximus,
1028 4730 1141 4779 tam
1171 4721 1537 4801 periculosum
1556 4730 1823 4792 estquam
1847 4721 2031 4793 gloria:

449 4811 719 4882 cupiditas
742 4820 797 4866 et
817 4812 1097 4886 jactantia,
1134 4806 1188 4869 et
1239 4814 1453 4869 animus
1500 4810 1835 4871 conscientia
1858 4816 2033 4872 virtu-

446 4914 565 4981 tum
587 4914 820 4981 tumens.

486 4978 855 5067 ‘Profectique
911 4996 976 5050 de
1016 4998 1277 5053 montibus
1339 4999 1577 5065 Abarim,
1613 5000 1934 5054 transierunt
1960 4997 2031 5053 ad

448 5080 762 5165 campestria
814 5084 971 5142 Moab
1012 5106 1167 5159 super
1210 5088 1499 5147 Iordanem
1564 5098 1746 5147 contra
1794 5089 2028 5147 Iericho.

448 5180 635 5253 Ibique
677 5179 1031 5234 castrametati
1056 5166 1174 5232 sunt
1210 5181 1274 5234 de
1300 5182 1707 5247 ,Bethiesimoth,
1755 5198 1918 5253 usque
1961 5180 2033 5236 ad

445 5270 765 5335 Bethsittim,
790 5268 844 5322 in
868 5266 1194 5341 planioribus
1226 5268 1351 5324 locis
1400 5268 1775 5327 Moabitarum.
1804 5271 1867 5327 In
1893 5286 2031 5343 qua-

451 5363 756 5432 dragesima
784 5363 1019 5418 secunda
1043 5377 1164 5432 qua:
1186 5368 1429 5417 extrema
1459 5367 1667 5422 mansio
1692 5375 1795 5431 est,
1824 5367 2029 5423 cursim

450 5471 571 5527 quae
592 5464 744 5535 gesta
773 5457 881 5513 sint
906 5470 1210 5513 narremus.
1254 5453 1520 5512 Residens
1548 5458 1605 5513 in
1632 5474 1695 5513 ea
1722 5461 1971 5532 populus,
1997 5475 2029 5515 a

453 5538 635 5605 divino
653 5550 873 5607 Balaam
888 5566 1049 5623 quem
1069 5552 1323 5607 mercede
1344 5551 1678 5608 conduxerat
1696 5552 1862 5611 Balac
1887 5554 2030 5610 ﬁlius

455 5642 688 5713 Sephor,
715 5647 811 5701 Dei
837 5647 1177 5710 benedicitur
1194 5645 1440 5715 jussione
1485 5654 1541 5702 et
1566 5647 1875 5705 maledictio
1905 5665 2029 5705 mu—

455 5742 602 5788 tatur
627 5736 682 5789 in
706 5734 912 5791 laudes.
942 5737 1107 5793 Audit
1130 5754 1291 5796 voces
1316 5737 1638 5806 Domini,,et
1677 5738 1904 5812 profano
1935 5758 2031 5798 ore

458 5833 679 5881 resonat
706 5845 717 5881 :
742 5826 959 5883 Orietur
983 5829 1137 5887 stella
1159 5846 1226 5888 ex
1255 5830 1446 5899 Iacob,
1467 5839 1524 5889 et
1552 5842 1839 5900 consurget
1869 5833 2034 5891 homo

2140 3351 2297 3407 banis
2324 3350 2437 3406 suis
2461 3364 2635 3421 usque
2656 3348 2726 3405 ad
2747 3348 2897 3405 mille
2941 3362 3139 3421 passus
3166 3365 3269 3423 per
3294 3351 3566 3407 circuitum
3602 3341 3685 3400 Le-

2139 3442 2265 3499 vita:
2283 3440 2579 3513 accipiunt,
2611 3450 2693 3497 tot
2714 3456 2945 3498 numero
2976 3442 3119 3512 'quot
3163 3447 3221 3497 et
3264 3443 3383 3498 istic
3406 3447 3529 3496 sunt
3556 3450 3688 3494 mau-

2141 3532 2341 3592 siones.
2368 3534 2438 3590 Et
2464 3534 2737 3591 adduntur
2760 3535 3116 3607 fugitivorum
3164 3548 3260 3590 sex
3304 3533 3418 3588 alia:
3443 3530 3688 3593 civitates,

2140 3636 2252 3683 tres
2283 3629 2427 3683 intra
2452 3625 2769 3695 Iordanem,
2800 3635 2855 3683 et
2879 3634 2992 3683 tres
3018 3637 3166 3682 trans
3182 3625 3483 3689 Iordanem,
3514 3631 3569 3676 ut
3588 3621 3692 3675 sint

2140 3716 2301 3776 simul
2324 3720 2686 3793 quadraginta
2707 3722 2853 3775 octo.
2878 3718 2983 3787 Qui
3010 3714 3337 3791 fugitivorum
3359 3710 3573 3782 suscipi,
3599 3709 3693 3780 qui

2139 3796 2371 3867 interfici
2403 3811 2653 3877 debeant,
2678 3820 2735 3869 et
2760 3826 2937 3884 usque
2966 3811 3035 3868 ad
3054 3814 3273 3866 mortem
3297 3804 3571 3878 pontiﬁcis
3584 3818 3694 3859 ma-

2138 3902 2229 3973 gni
2247 3904 2537 3958 reservari.
2566 3899 2822 3959 Succedit
2844 3900 3318 3959 Deuterouomium
3336 3895 3568 3953 secunda
3589 3893 3684 3959 lex,

2138 3994 2521 4053 modiatorium
2572 3994 2880 4067 Evangelii;
2942 3992 3126 4064 ibique
3167 3990 3408 4048 breviter
3464 3987 3685 4044 discimus

2138 4106 2260 4159 qua:
2290 4090 2432 4144 inter
2457 4086 2695 4155 Pbarau,
2725 4087 2931 4161 Tophel
2958 4094 3013 4143 et
3034 4084 3244 4152 Laban,
3274 4094 3331 4141 et
3353 4081 3612 4143 Hascroth,
3636 4080 3689 4131 et

2138 4181 2255 4237 loca
2288 4197 2453 4237 aurea
2485 4180 2699 4252 abiecto
2721 4177 2860 4236 Iuda
2911 4176 3307 4243 infelicissimo,
3341 4172 3574 4231 undecim
3596 4168 3693 4224 die-

2136 4275 2239 4330 bus
2265 4274 2352 4329 via
2379 4272 2446 4330 de
2471 4272 2652 4330 Horeb
2678 4289 2778 4345 per
2799 4272 2947 4329 viam
3002 4274 3206 4329 montis
3254 4271 3404 4328 Seon
3443 4260 3601 4338 usque
3638 4261 3696 4318 ad

2137 4367 2503 4435 Cadesbarne,
2544 4366 2758 4439 Moyses
2807 4367 3007 4439 populo
3052 4366 3125 4422 sit
3176 4366 3422 4431 locutus,
3460 4372 3511 4419 et
3543 4367 3694 4416 extre-

2137 4466 2286 4517 mum
2333 4466 2494 4515 canat
2535 4459 2825 4523 canticum,
2859 4458 2914 4514 in
2944 4472 3054 4528 quo
3080 4457 3433 4528 apertissime
3463 4461 3693 4526 synagoga

2126 4551 2443 4623 projicitur,
2490 4558 2547 4607 et
2587 4549 2829 4607 Ecclesia
2878 4547 3112 4604 Domino
3163 4544 3480 4617 copulatur.
3533 4539 3701 4611 impin-

2137 4652 2329 4715 guatus
2358 4651 2433 4697 est
2462 4650 2511 4697 et
2536 4643 2862 4696 incrassatus
2891 4654 2953 4695 ac
2978 4637 3255 4703 diiatatus,
3283 4646 3345 4692 es
3385 4628 3703 4691 recalcitrarit

2135 4732 2354 4789 dilectus
2372 4750 2390 4799 ;
2409 4740 2458 4788 et
2481 4731 2673 4788 oblitus
2699 4739 2773 4785 est
2792 4724 2894 4785 Dei
2910 4728 3189 4785 salvatoris
3209 4725 3297 4780 sui
3326 4724 3516 4799 (Dent.
3536 4716 3704 4785 xxxiii.

2134 4824 2204 4882 Et
2228 4822 2423 4880 iterum
2452 4841 2466 4878 :
2497 4820 2775 4877 Generatio
2802 4821 3028 4891 pessinm
3055 4826 3152 4883 est,
3181 4813 3285 4885 ﬁlii
3320 4812 3577 4871 inauditi
3596 4805 3708 4876 :iri

2135 4914 2209 4970 ad
2234 4914 2625 4971 cmulatiOnem
2658 4926 2741 4966 me
2761 4916 3170 4983 prouocauerunt
3195 4908 3256 4962 in
3283 4923 3356 4962 eo
3377 4907 3473 4978 qui
3497 4916 3597 4959 non
3619 4902 3707 4953 erat

2136 5004 2313 5070 Deus;
2346 5004 2687 5058 irritaverant
2715 5014 2799 5056 me
2825 5002 2882 5055 in
2907 4996 3216 5070 scuptiiibus
3247 4998 3398 5051 suis.
3444 4994 3521 5049 Εϊ
3539 5006 3622 5062 ego
3648 5000 3717 5039 ιε·

2137 5097 2250 5151 lare
2294 5095 2490 5166 faciam
2519 5108 2606 5151 eos
2646 5093 2909 5159 nationes,
2947 5102 2997 5146 et
3044 5097 3230 5145 contra
3269 5098 3496 5159 gentem
3531 5080 3716 5139 uultum

2134 5188 2357 5243 irritabo
2394 5185 2532 5243 illos.
2563 5182 2972 5243 Benedicuntur
3012 5180 3337 5245 ﬂlliisrael,
3370 5189 3431 5236 et
3464 5187 3647 5233 rursus
3676 5171 3720 5225 in

2134 5278 2357 5335 Simone
2385 5277 2552 5334 Iudas
2572 5277 2916 5334 miserandus
2952 5271 3285 5331 excluditur.
3312 5262 3725 5332 Ascendit!”-

2135 5385 2222 5427 ses
2258 5371 2326 5427 ad
2377 5379 2617 5426 montem
2653 5369 2807 5426 Nabo
2859 5370 2914 5425 in
2972 5366 3183 5423 vertice
3233 5363 3494 5437 Phasga,
3530 5360 3620 5434 qui
3656 5360 3728 5413 est

2136 5473 2325 5521 contra
2367 5460 2603 5529 Iericho,
2634 5470 2691 5517 et
2719 5459 2958 5517 ostendit
2986 5457 3038 5514 ei
3067 5456 3343 5512 Dominus
3383 5468 3607 5511 omnem
3633 5446 3729 5503 ter

2137 5575 2254 5615 ram
2273 5558 2498 5625 Galaad,
2521 5571 2693 5628 usque
2714 5553 2781 5610 ad
2808 5554 2925 5609 Dan
2955 5560 3011 5607 et
3034 5549 3356 5621 Nephtalim
3383 5557 3445 5605 et
3464 5543 3729 5618 prraim,

2136 5660 2193 5707 et
2223 5649 2523 5715 Manasses,
2553 5657 2608 5703 et
2650 5647 2963 5702 universam
3006 5650 3208 5698 terram
3240 5637 3420 5705 Iuda,
3464 5649 3640 5709 usque
3675 5629 3757 5691 ad.

2137 5758 2287 5798 mare
2318 5755 2570 5811 magnum
2599 5747 2788 5795 contra
2814 5744 3095 5801 austrum;
3125 5741 3180 5790 et
3208 5734 3512 5803 regionem
3538 5740 3731 5797 campe-

2137 5838 2309 5889 strem
2352 5826 2587 5896 Iericho,
2618 5832 2872 5887 cunctam
2897 5825 3174 5884 civitatem
3206 5822 3539 5895 palniarum
3582 5822 3737 5886 usque
