3890 6340
210 304 307 362 815

904 293 1444 355 ENARRATIONES‘
1474 294 1543 350 ΙΝ
1579 291 1838 353 LIBRUM
1875 293 2335 354 NUMERORUM.
2376 282 2448 339 ὲ-
2483 295 2610 356 LIB.
2650 295 2743 355 IV.

3348 300 3458 360 816

210 420 392 491 Segor.
423 416 558 484 Quis
575 421 753 487 potest
765 418 926 469 tanta
945 429 1107 470 nosse
1129 413 1420 486 mysteria?
1445 411 1578 478 Quis
1600 412 1654 468 in
1679 427 1774 466 εχ-
1800 413 1858 474 Α
1877 410 2093 466 Pharan
2124 412 2430 470 solitudinis
2455 415 2672 472 nomine
2700 413 3010 472 continetur
3038 414 3340 487 impletum,
3369 421 3452 476 vi-

207 510 390 566 tremis
415 508 552 580 legis
579 515 634 562 et
659 505 821 574 hujus
842 506 969 561 vitae
1001 505 1202 562 ﬁnibus
1226 506 1553 561 constitutus
1579 503 1773 560 intelli-

1876 504 2101 560 deamus
2129 506 2270 574 quod
2297 506 2437 561 infra
2467 508 2731 578 scriptum
2758 515 2860 563 est.
2892 507 3225 578 Reversique
3269 509 3452 580 explo-

205 603 278 674 git
295 615 511 671 semper
531 598 636 654 sibi
659 612 778 653 esse
808 597 1172 667 pugnandum,
1202 606 1258 652 et
1293 605 1420 652 tunc
1447 597 1660 668 plenam
1693 595 1775 652 τί·
1872 604 2084 654 ratores
2125 605 2286 652 terrae
2328 607 2450 668 post
2477 599 2835 670 quadraginta
2865 597 3002 666 dies,
3033 600 3181 662 omni
3233 601 3453 672 regione

204 693 426 749 ctoriam
458 690 594 754 dari,
627 691 677 746 si
716 688 881 744 fuerit
911 691 966 743 in
1005 690 1426 760 campestribus?
1458 688 1515 744 Si
1543 689 1601 743 in
1637 687 1773 743 Abel
1871 689 2402 754 circuita,venerunt
2425 691 2494 746 ad
2519 691 2736 763 Moysen
2765 699 2819 746 et
2837 691 3044 758 Aaron,
3066 700 3122 746 et
3146 693 3213 748 ad
3233 709 3450 750 omnem

202 786 428 850 Sethim,
465 785 611 853 quod
660 783 1044 852 interpretatur
1089 782 1260 838 luctus
1302 783 1597 852 spinarum,
1645 779 1773 836 ileat
1871 791 2070 837 emtum
2094 781 2330 836 ﬁliorum
2349 781 2537 848 Israel,
2563 783 2620 836 in
2645 783 2916 838 desertum
2937 783 3174 851 Pharan,
3197 787 3342 857 quod
3364 794 3452 842 est

199 876 414 945 antiqua
435 882 676 945 peccata,
701 882 756 928 et
775 873 958 943 Spinas
983 887 1104 941 quae
1127 871 1532 928 sulfoeaverunt
1557 886 1769 926 semen-

201 976 299 1022 tem
318 967 477 1022 verbi
504 966 623 1031 Dei,
649 964 805 1020 etde
830 965 1028 1034 quibus
1052 965 1324 1035 Propheta
1361 964 1493 1018 dicit
1519 981 1531 1018 :
1581 961 1768 1017 Versa-

200 1066 276 1112 tus
299 1074 420 1111 sum
445 1057 504 1110 in
528 1057 760 1120 miseria,
788 1055 912 1108 dum
939 1055 1220 1124 con/igitur
1243 1055 1392 1125 spina
1433 1053 1559 1106 mihi
1587 1050 1762 1124 (Psal.

196 1150 358 1221 xui).
387 1149 502 1205 Nec
524 1149 788 1204 silendum
817 1149 1071 1213 arbitror,
1097 1148 1240 1217 quod
1278 1147 1497 1216 quidam
1519 1160 1766 1216 qumren-

194 1243 313 1297 dum
362 1248 576 1311 putant,
621 1241 931 1296 mansiones
969 1241 1325 1310 quadraginta
1374 1239 1493 1294 dum
1531 1237 1765 1292 ﬁliorum

191 1333 347 1390 Israel
383 1333 438 1387 in
465 1332 772 1396 solitudine,
810 1346 931 1400 quae
963 1332 1054 1385 hic
1081 1333 1137 1384 in
1184 1331 1372 1384 ultima
1408 1330 1532 1384 libri
1567 1328 1767 1385 Nume-

192 1438 371 1478 rorum
391 1433 547 1493 parte
567 1431 974 1493 computantur,
999 1429 1135 1490 quot
1153 1420 1236 1474 vel
1260 1419 1458 1489 quibus
1481 1419 1590 1474 sint
1612 1418 1768 1474 annis

189 1517 448 1584 aptandas,
495 1515 795 1586 longissimi
840 1515 986 1572 illius
1035 1513 1246 1570 itineris
1283 1528 1392 1582 quo
1435 1512 1502 1566 ab
1532 1510 1766 1583 Egypto

186 1621 356 1675 usque
383 1607 451 1661 ad
477 1615 684 1662 terram
709 1605 1150 1675 repromissionis
1176 1603 1266 1658 ille
1308 1603 1537 1674 populus
1571 1603 1766 1673 ageba-

182 1703 285 1750 tur.
315 1696 426 1752 Sed
456 1697 542 1752 bis
571 1697 708 1753 satis
737 1710 1056 1764 responsum
1080 1710 1198 1750 esse
1221 1694 1432 1750 mstimo
1455 1694 1509 1748 in
1537 1693 1762 1762 epistola

1868 870 1926 924 in
1959 870 2150 926 Gades.
2183 871 2290 926 Sed
2319 871 2372 926 in
2403 872 2817 928 Deuteronomio
2838 873 3047 946 Moyses
3068 875 3186 946 ipse
3208 875 3449 946 loquitur

1867 964 2065 1034 populo
2097 963 2276 1033 capite
2306 963 2482 1032 primo
2530 981 2541 1016 :
2589 960 2818 1033 Cumque
2862 965 3125 1020 venissetis
3157 966 3210 1020 in
3250 965 3446 1022 Gades-

1867 1058 2054 1123 barne,
2088 1057 2199 1110 dixi
2253 1056 2435 1112 vobis:
2473 1054 2696 1110 Venistis
2746 1057 2814 1110 ad
2856 1068 3081 1113 montem
3123 1060 3443 1128 Amorrhwi,

1864 1165 2017 1220 quem
2059 1146 2314 1201 Dominus
2356 1145 2500 1200 Deus
2542 1154 2716 1199 noster
2740 1146 2963 1201 daturus
2991 1157 3066 1204 est
3111 1150 3275 1203 nobis.
3317 1148 3445 1205 Vide

1866 1247 2060 1294 terram
2087 1255 2244 1310 quam
2271 1237 2530 1292 Dominus
2561 1235 2700 1290 Deus
2728 1244 2848 1292 tuus
2882 1237 3026 1291 dabit
3054 1239 3144 1292 tibi
3173 1255 3190 1294 :
3223 1241 3443 1296 ascende

1867 1339 1915 1385 et
1941 1328 2144 1400 posside
2195 1345 2330 1382 eam.
2389 1328 2458 1382 Et
2487 1328 2774 1383 accessistis
2823 1327 2892 1382 ad
2935 1344 3016 1382 me
3054 1345 3252 1396 omnes,
3289 1341 3443 1401 atque

1869 1420 2119 1476 dixistis:
2164 1419 2312 1473 Mitte
2359 1420 2494 1473 uiros
2541 1420 2631 1490 qui
2687 1419 3010 1474 considerent
3056 1427 3285 1486 terram,
3333 1431 3440 1476 etc.

1868 1512 2021 1579 Quod
2083 1520 2260 1567 autem
2313 1513 2560 1568 eamdem
2613 1512 2950 1568 mansionem
3009 1513 3247 1569 secundo
3303 1528 3444 1568 anno

1866 1604 2066 1675 egressi
2118 1603 2186 1658 de
2232 1601 2468 1675 {Egypto
2511 1603 2762 1670 adierint,
2795 1618 2826 1658 a
2858 1619 2963 1673 qua
3004 1612 3182 1660 tamen
3221 1613 3445 1676 peccato

1865 1692 2313 1748 murmurationis
2363 1701 2508 1748 retro
2559 1694 2823 1759 converti,
2869 1709 2933 1748 ac
2978 1694 3148 1748 multo
3203 1703 3444 1765 tempore

176 1788 336 1844 Bedm
363 1789 688 1859 presbyteri,
729 1801 893 1856 quam
921 1786 990 1842 ad
1037 1786 1217 1840 Accan
1265 1785 1566 1840 antistitem
1599 1799 1763 1854 super
1789 1784 1836 1844 B
1861 1791 1986 1853 post
2026 1783 2303 1838 desertum
2338 1784 2457 1853 vagi
2502 1798 2708 1849 errare,
2759 1793 2814 1838 et
2852 1784 3054 1852 passim
3087 1783 3282 1840 cadere
3328 1801 3444 1840 me-

175 1877 282 1933 bac
308 1893 371 1932 re
396 1877 762 1947 conscripsit:
793 1891 954 1946 quam
973 1874 1215 1946 profecto
1239 1891 1306 1930 ex
1329 1875 1565 1930 maxima
1586 1882 1757 1944 parte,

173 1970 232 2024 in
261 1971 370 2025 hoc
425 1980 612 2026 nostro
637 1969 894 2040 opusculo
918 1985 1018 2039 pro
1047 1969 1152 2025 hac
1172 1969 1467 2038 quaestione
1505 1969 1760 2025 solvenda

171 2059 486 2128 ponendam
537 2074 656 2116 esse
719 2060 1048 2115 censuimus.
1115 2058 1306 2114 Castra
1370 2059 1621 2114 videlicet
1673 2059 1759 2113 vel

167 2149 486 2206 mansiones
550 2151 787 2214 easdem,
849 2151 1011 2204 trium
1081 2150 1452 2205 tantummodo
1522 2165 1759 2222 congrue

169 2255 460 2296 annorum.
511 2239 677 2294 Primi
713 2241 963 2295 videlicet
991 2248 1048 2295 et
1083 2241 1326 2308 secundi,
1357 2250 1412 2296 et
1455 2243 1756 2313 quadrage-

173 2330 291 2385 simi
317 2330 646 2400 egressionis
663 2346 731 2386 ex
753 2329 991 2402 Egypto
1011 2349 1024 2384 :
1045 2347 1274 2403 quorum
1290 2333 1374 2402 pri
1382 2349 1499 2388 mus
1513 2334 1756 2390 continet

175 2437 344 2478 annus
365 2422 671 2478 mansiones
701 2432 849 2478 certa
871 2425 1222 2482 distinctione
1245 2426 1548 2481 duodecim.
1573 2426 1756 2481 Prima

175 2513 430 2569 Ramesse
453 2515 646 2584 quinta
672 2516 880 2572 decima
907 2518 994 2572 die
1013 2518 1176 2588 primi
1204 2518 1407 2573 mensis
1431 2519 1752 2586 ingressam,

175 2602 415 2660 ultimam
461 2604 808 2661 solitudinem
854 2606 1004 2662 Sinai
1033 2607 1209 2678 prima
1237 2608 1324 2663 die
1355 2608 1502 2662 tertii
1549 2609 1754 2665 mensis

175 2692 425 2758 additam,
472 2703 529 2750 et
568 2709 668 2764 per
716 2696 970 2752 undecim
1016 2712 1233 2752 menses
1285 2700 1569 2754 continuos
1618 2715 1752 2754 con-

172 2781 405 2838 struendi
446 2785 810 2852 tabernaculi,
849 2796 902 2843 et
940 2785 1193 2844 docenda:
1229 2789 1363 2858 legis
1417 2792 1591 2862 gratia
1646 2791 1750 2846 mi-

171 2872 305 2927 nime
339 2873 610 2930 relictam.
668 2874 910 2942 Quarum
949 2877 1201 2934 videlicet
1249 2880 1560 2948 quindecim
1601 2896 1752 2936 man-

169 2964 388 3033 sionum,
423 2983 626 3024 novem
664 2969 1004 3027 solummodo
1045 2972 1185 3030 liber
1221 2972 1395 3028 Exodi
1430 2973 1751 3029 nominatim

169 3059 493 3126 exprimens,
533 3069 756 3118 caeteras
796 3071 911 3120 tres
951 3065 1051 3120 sub
1092 3065 1292 3122 deserti
1324 3064 1420 3120 Sin
1448 3065 1590 3136 quod
1629 3076 1751 3120 esse

1862 1877 2092 1938 ruerint,
2123 1883 2353 1930 testatur
2380 1875 2586 1947 Moyses
2614 1876 2669 1930 in
2699 1876 2820 1931 istis
2859 1876 3317 1947 consequentibus
3359 1878 3441 1932 di-

1861 1983 1990 2023 cens
2039 1985 2052 2021 :
2084 1966 2306 2023 Sedistis
2336 1967 2483 2038 Eergo
2524 1968 2577 2021 in
2627 1965 2955 2022 Cadesbarne
2995 1968 3160 2023 multo
3188 1978 3435 2040 tempore.

1859 2057 2194 2130 Profectique
2240 2059 2382 2125 inde,
2414 2059 2644 2114 venimus
2681 2061 2736 2113 in
2765 2059 3118 2126 solitudinem,
3147 2079 3263 2133 quis
3294 2063 3437 2117 ducit

1857 2150 2094 2232 admare
2120 2150 2374 2217 Rubrum,
2407 2153 2540 2205 sicut
2564 2152 2693 2205 mihi
2717 2151 2925 2207 dixerat
2953 2151 3210 2206 Dominus
3237 2162 3285 2207 et
3337 2153 3440 2207 cir-

1857 2245 2112 2298 cuivimus
2156 2253 2383 2299 montem
2431 2243 2549 2300 Seir
2591 2245 2755 2298 multo
2805 2256 3031 2317 tempore
3062 2246 3241 2320 (Deut.
3274 2247 3334 2321 1).
3371 2248 3439 2302 Ει

1856 2336 1996 2392 infra
2042 2355 2054 2390 :
2090 2336 2338 2409 Tempore
2381 2346 2554 2393 autem
2600 2355 2702 2410 quo
2747 2338 3127 2394 ambulavimus
3155 2341 3220 2395 de
3241 2339 3438 2396 Gades-

1856 2429 2035 2494 barne,
2065 2447 2224 2502 usque
2258 2431 2326 2485 ad
2369 2432 2649 2486 transitum
2687 2434 2930 2487 torrentis
2972 2430 3188 2501 Zareth,
3222 2435 3435 2506 triginta

1855 2529 1967 2574 octo
1981 2537 2237 2575 annorum
2251 2521 2372 2590 fuit,
2392 2521 2553 2575 donec
2569 2532 2958 2577 consumeretur
2980 2523 3147 2578 omnis
3169 2526 3433 2594 generatio

1853 2609 2120 2664 hominum
2135 2610 2442 2666 bellatorum
2456 2612 2519 2666 de
2534 2614 2740 2678 castris,
2757 2614 2890 2668 sicut
2898 2616 2928 2684 j
2933 2614 3434 2670 uraveratDominus

1855 2699 2034 2770 (Deut.
2069 2703 2150 2774 ιι).
2207 2705 2406 2760 Zareth
2433 2714 2611 2761 autem
2639 2721 2833 2762 nomen
2879 2717 2963 2762 est
3002 2707 3321 2774 mansionis,
3367 2709 3434 2763 de

1854 2792 1958 2848 illis
1979 2794 2099 2848 dico
2124 2796 2479 2865 quadraginta
2499 2797 2726 2863 duabus,
2743 2799 2835 2853 sed
2863 2813 3058 2853 nomen
3087 2799 3342 2853 torrentis
3365 2799 3436 2853 ad

1853 2897 2034 2953 quem,
2074 2885 2215 2940 sicut
2245 2885 2300 2942 in
2331 2885 2691 2942 Numerorum
2717 2888 2989 2944 volumine
3012 2888 3228 2961 legitur,
3262 2898 3437 2946 trans-

1851 2990 2038 3045 gressa
2067 2977 2324 3033 vicesima
2347 2989 2537 3033 octava
2579 2981 2861 3036 mansione
2892 2980 3110 3037 nomine
3135 2977 3431 3048 Jeabarim,

1850 3075 2136 3122 venerunt.
2171 3065 2344 3135 Quem
2372 3067 2760 3140 relinquentes,
2819 3070 3014 3140 inquit,
3062 3072 3432 3126 castrametati

169 3145 356 3212 dicitur
392 3150 541 3205 inter
603 3151 742 3208 Elim
784 3161 840 3209 et
896 3153 1068 3222 Sinai,
1132 3156 1395 3211 vocabulo
1452 3157 1748 3212 indiscrete
1775 3141 1822 3204 (ἶ
1847 3167 1980 3228 sunt
2005 3159 2061 3214 in
2089 3158 2298 3225 Arnen,
2349 3176 2467 3232 qua:
2494 3169 2580 3218 est
2625 3162 2681 3217 in
2708 3162 2943 3229 deserto,
2973 3170 3029 3217 et
3069 3163 3340 3234 prominet
3374 3162 3430 3217 in

167 3241 436 3308 praeteriit.
482 3240 763 3319 Secundus
798 3260 972 3303 annus
1016 3247 1398 3317 complectitur
1435 3249 1745 3303 mansiones

165 3327 350 3400 viginti
382 3342 438 3389 et
465 3349 655 3392 unam.
694 3335 901 3403 Quibus
925 3338 980 3392 in
1012 3338 1204 3396 ordine
1250 3339 1490 3395 historiae
1531 3339 1745 3395 cunctis

167 3417 536 3483 indill‘ercnter
590 3427 692 3482 sub
738 3427 1048 3483 solitudinis
1097 3430 1311 3484 Pbaran
1346 3431 1566 3488 nomine
1595 3446 1744 3485 com-

164 3511 466 3582 prehensis,
503 3514 681 3586 prima
707 3517 882 3572 solum
916 3519 1158 3574 secunda
1185 3528 1241 3574 et
1267 3521 1480 3587 ultima,
1506 3523 1610 3576 hoc
1635 3530 1739 3589 est,

162 3601 404 3670 sepulcra
453 3606 934 3676 concupiscentiae,
988 3608 1255 3664 llaseroth
1302 3619 1355 3665 ει
1403 3609 1596 3678 Gades,
1645 3626 1744 3667 suo

160 3688 560 3764 distinguuntur
596 3712 664 3751 ex
694 3699 932 3754 nomine.
966 3697 1072 3754 Sed
1099 3699 1154 3754 in
1203 3699 1452 3770 catalogo
1501 3702 1742 3757 mansio-

156 3795 284 3836 num
304 3786 518 3852 pariter
541 3801 730 3841 omnes
754 3797 886 3858 quot
912 3805 1139 3844 numero
1168 3789 1386 3856 fuerint,
1412 3789 1497 3844 vel
1522 3807 1628 3862 quo
1643 3808 1743 3847 no-

156 3871 308 3928 mine
359 3873 542 3939 dictaa,
592 3876 875 3947 diligenter
913 3880 1234 3934 ostenditur.
1285 3881 1521 3948 Quarum
1566 3885 1741 3954 prima

157 3963 391 4029 mansio,
424 3964 532 4020 hoc
561 3978 665 4033 est,
701 3967 962 4039 Sepulcra
989 3969 1466 4040 Goncupiscentize,
1507 3957 1740 4030 secundo

158 4070 338 4116 mense
370 4060 617 4130 ejusdem
649 4065 876 4120 secundi
900 4066 1050 4132 anui,
1084 4067 1345 4122 vicesimo
1375 4069 1612 4125 secundo
1652 4071 1739 4126 die

157 4152 354 4208 mensis
385 4152 637 4210 introita.
670 4156 829 4212 Anno
860 4159 1006 4213 enim
1057 4161 1315 4230 secundo,
1348 4169 1408 4216 ut
1456 4161 1738 4232 Scriptura

159 4240 298 4309 dicit,
331 4261 524 4305 mense
571 4253 830 4317 secundo,
869 4253 1127 4308 vicesimo
1168 4255 1255 4309 die
1296 4257 1517 4324 mensis,
1550 4272 1734 4312 move-

160 4341 276 4420 runt
304 4346 488 4394 castra
531 4342 598 4398 de
644 4344 862 4404 deserto
912 4343 1091 4411 Sinai;
1126 4353 1180 4401 et
1221 4347 1491 4414 recubuit,
1536 4347 1731 4420 inquit,

160 4418 315 4479 nubes
367 4428 423 4482 in
473 4431 760 4487 solitudine
810 4433 1055 4500 Pharan;
1105 4434 1444 4508 profectique
1491 4418 1629 4494 sunt
1665 4441 1733 4496 de

160 4522 331 4572 monte
357 4519 602 4591 Domini,
627 4527 772 4580 viam
801 4530 961 4582 trium
989 4514 1218 4594 dierum,
1264 4531 1436 4586 donec
1480 4533 1733 4589 venirent

161 4609 220 4664 ad
244 4612 417 4674 locum
443 4622 768 4687 mansionis,
792 4639 914 4693 qum
927 4625 1126 4678 merito
1138 4626 1319 4696 pepuli
1345 4642 1539 4682 carnes
1562 4627 1734 4700 Egy-

160 4699 287 4766 Ptias
312 4708 700 4779 desiderantis,
722 4712 1103 4785 Sepulcrorum
1128 4716 1608 4788 Cpncupiscentim,
1637 4699 1733 4773 nO~

165 4803 276 4878 {nell
308 4807 536 4874 accepit.
577 4806 780 4861 Ultima
810 4816 989 4864 autem
1037 4809 1231 4866 borum
1272 4811 1503 4877 mansio,
1535 4811 1589 4866 id
1616 4819 1728 4878 est,

163 4875 336 4953 cades.
368 4907 477 4960 qno
505 4897 598 4953 die
628 4896 714 4951 vel
734 4912 918 4954 mense
943 4897 1182 4966 ejusdem
1206 4901 1335 4954 anni
1369 4901 1441 4955 sit
1464 4901 1725 4973 ingressa,

164 4980 254 5060 ῥοῦ
299 4978 523 5053 dicitur;
581 4988 677 5042 sed
711 4995 893 5044 tamen
923 4989 1067 5058 quia,
1115 4999 1171 5044 et
1193 4990 1310 5060 ipsa
1355 4991 1410 5046 in
1438 4992 1728 5049 solitudine

162 5055 357 5127 Pharon
385 5076 512 5144 sita,
546 5083 675 5151 quia
701 5083 893 5138 eodem
923 5055 1066 5138 anno
1094 5055 1260 5140 fuerit
1282 5087 1486 5152 addita,
1513 5104 1620 5142 non
1645 5096 1727 5146 ta-

164 5161 317 5242 cetur.
349 5163 628 5240 Scriptum
660 5179 744 5225 est
765 5171 950 5226 enim:
985 5171 1054 5225 Et
1083 5172 1308 5242 populus
1335 5191 1437 5228 non
1461 5185 1534 5229 est
1554 5186 1726 5231 motus

165 5240 219 5332 de
244 5246 329 5302 illo
368 5255 501 5324 loco,
531 5262 697 5317 donec
742 5271 978 5316 revocata
1018 5240 1215 5329 Maria,
1261 5263 1521 5332 profectus
1563 5275 1638 5320 est
1663 5266 1726 5320 de

169 5327 407 5399 Hascrotlt
432 5349 558 5417 fixis
587 5353 822 5408 tentoriis
847 5354 903 5408 in
925 5353 1126 5408 deserto
1146 5327 1384 5418 Plin-rati,
1409 5355 1497 5408 ubi
1520 5355 1723 5411 locutus

167 5431 236 5516 9ft
259 5426 509 5495 Dominus
535 5445 605 5499 ad
632 5443 872 5514 Moysen,
903 5445 1078 5499 dicens
1105 5459 1122 5497 .'
1153 5445 1304 5500 Mitte
1333 5447 1466 5500 viros
1486 5447 1576 5516 qui
1597 5464 1723 5502 con-

167 5509 372 5608 siderent
398 5533 594 5585 terram
620 5509 874 5587 Chanaan
897 5533 1083 5605 (Nam.
1115 5533 1235 5605 xu).
1267 5534 1420 5603 Quod
1448 5551 1514 5592 ne
1540 5538 1722 5608 proxi-

265 5618 379 5702 Ροεξ
400 5614 668 5678 Haseroth
695 5625 974 5681 mansione
994 5626 1207 5696 jussum
1230 5606 1721 5702 factumque'pute-

171 5685 264 5755 ωτι
289 5699 380 5756 δεά
405 5710 585 5774 potius
605 5713 932 5788 intelligatur
960 5685 1017 5772 in
1037 5717 1225 5776 ultima
1252 5685 1470 5789 earum:
1483 5685 1603 5794 quis
1621 5721 1723 5781 sub

1847 3251 2043 3306 ﬁnibus
2074 3249 2396 3308 Amorrltaei.
2431 3253 2583 3321 Quod
2608 3256 3024 3327 quadragesimo
3052 3273 3197 3314 anno
3215 3272 3428 3331 gestum

1845 3341 2030 3412 fuisse,
2056 3359 2163 3400 non
2188 3344 2338 3401 latet.
2364 3346 2466 3413 Qui
2488 3347 2738 3405 videlicet
2763 3365 2936 3406 annus
2964 3351 3416 3424 quadragesimus

1843 3433 1986 3489 idem
2016 3443 2070 3489 et
2102 3435 2346 3501 ultimus,
2378 3437 2706 3506 longissimae
2728 3454 2825 3509 per
2853 3441 3126 3496 desertum
3151 3443 3252 3496 vim
3277 3459 3430 3497 man-

1844 3526 2025 3580 siones
2051 3527 2290 3581 continet
2313 3543 2540 3583 numero
2588 3529 2796 3585 decem.
2835 3530 3080 3597 Quorum
3122 3531 3298 3602 prima
3342 3540 3427 3588 est

1843 3630 2042 3684 magno
2081 3616 2331 3671 laborare
2363 3620 2609 3688 repetita,
2638 3621 2828 3674 eadem
2856 3621 2972 3690 ipsa
2998 3621 3173 3677 Gades
3221 3623 3425 3678 deserti

1845 3704 1941 3760 Sin
1972 3724 1984 3760 :
2021 3722 2184 3776 quam
2211 3715 2337 3762 ante
2365 3708 2585 3778 triginta
2615 3719 2740 3764 octo
2769 3725 2942 3766 annos
2976 3719 3037 3766 ut
3065 3712 3270 3768 dictum
3304 3726 3418 3782 est,

1841 3797 1997 3868 culpa
2023 3798 2487 3866 przevaricationis
2513 3800 2782 3870 exigente,
2813 3807 2937 3872 post
2959 3819 3018 3860 se
3057 3805 3258 3860 reversi
3297 3805 3424 3860 reli-

1840 3898 2091 3958 querant.
2125 3890 2202 3945 De
2233 3905 2340 3959 qua
2368 3891 2443 3946 ita
2474 3891 2738 3962 scriptum
2769 3902 2852 3948 est
2900 3912 2913 3948 :
2971 3892 3328 3968 Veneruntque
3356 3899 3425 3967 ﬁ-

1839 3980 1898 4034 lii
1925 3979 2120 4048 Israel,
2152 3990 2199 4035 et
2224 3983 2391 4036 omnis
2432 3982 2713 4038 multitudo
2747 3985 2810 4040 de
2851 3986 3054 4041 deserto
3089 3986 3208 4056 Sin,
3244 4004 3418 4044 mense

1838 4073 2042 4142 primo;
2074 4081 2123 4126 et
2148 4074 2339 4127 mansit
2360 4073 2583 4144 populus
2613 4077 2667 4130 in
2696 4077 2885 4132 Gades.
2915 4077 3228 4150 Mortuaque
3256 4090 3332 4135 est
3351 4080 3422 4134 ibi

1838 4163 2038 4229 Maria,
2066 4174 2116 4218 et
2138 4164 2340 4235 sepulta
2361 4175 2437 4219 est
2468 4165 2522 4218 in
2544 4166 2722 4221 eodem
2746 4167 2878 4222 loco.
2907 4167 3140 4240 Cumque
3165 4169 3418 4242 indigeret

1836 4270 1973 4324 aqua
2009 4256 2251 4326 populus,
2281 4260 2517 4314 coierunt
2555 4260 2832 4315 adversum
2867 4260 3086 4332 Moysen
3115 4273 3164 4316 et
3210 4264 3411 4331 Aaron,

1833 4352 1888 4400 et
1917 4356 2113 4402 caetera
2140 4363 2310 4418 usque
2336 4349 2405 4404 ad
2431 4349 2489 4404 id
2515 4351 2660 4420 quod
2689 4351 2953 4422 scriptum
3003 4360 3090 4404 est
3128 4364 3142 4402 :
3181 4349 3311 4404 Haec
3337 4361 3414 4406 est

1834 4452 1972 4507 aqua
1995 4425 2444 4505 contradiEtionis,
2474 4440 2561 4493 ubi
2577 4441 2787 4512 jurgati
2807 4448 2928 4492 sunt
2969 4438 3069 4508 ﬁlii
3098 4437 3269 4492 Israel
3298 4456 3419 4493 con-

1835 4536 1918 4580 tra
1953 4527 2260 4594 Dominum,
2295 4539 2343 4583 et
2372 4529 2730 4598 sanctiﬁcatus
2766 4539 2841 4583 est
2867 4530 2923 4583 in
2958 4530 3033 4584 eis
3063 4528 3249 4603 (Num.
3294 4532 3412 4600 xx).

1831 4617 2244 4688 Notandumque
2293 4621 2436 4689 quod
2495 4620 2686 4674 eadem
2741 4619 2915 4675 Gades
2979 4627 3034 4675 et
3086 4621 3141 4676 in
3197 4622 3417 4678 deserto

1835 4703 2050 4764 Pharon
2073 4725 2191 4766 esse
2222 4718 2277 4765 et
2305 4711 2359 4763 in
2389 4711 2601 4765 deserto
2635 4710 2728 4766 Sin
2784 4711 3064 4786 Scriptura
3087 4715 3247 4770 sitam
3277 4717 3418 4772 refe-

1833 4808 1936 4854 rat.
1972 4799 2127 4856 Uude
2173 4800 2492 4870 conjiciatur
2525 4811 2786 4858 consueto
2830 4820 2979 4860 more
3027 4804 3287 4874 locorum,
3318 4824 3416 4879 pa-

1830 4892 1964 4948 riter
1997 4893 2194 4949 deserti
2221 4894 2458 4961 Pharan,
2500 4895 2590 4950 ubi
2626 4895 2799 4951 Gades
2831 4905 2934 4964 cst,
2974 4900 3284 4970 specialiter
3315 4899 3416 4956 Sin

1828 4983 2109 5054 appellari.
2154 4984 2249 5040 Sin
2285 4995 2462 5041 autem
2492 5003 2598 5042 non
2621 4988 2737 5056 ipsa
2765 4998 2846 5044 est
2871 4989 3045 5048 Gades
3083 5009 3244 5062 quam
3283 5009 3410 5049 mox

1828 5087 2170 5150 transgresso
2191 5079 2328 5132 mari
2346 5078 2552 5144 Rubro,
2578 5080 2715 5135 inter
2729 5080 2869 5138 Elim
2893 5093 2948 5139 et
2963 5083 3113 5139 Sinai
3133 5095 3412 5155 pertrans-

1827 5170 1959 5236 iere,
1999 5171 2095 5225 sed
2133 5169 2237 5224 alia
2273 5185 2494 5241 prorsus
2529 5171 2756 5246 aliisque
2800 5178 2940 5249 apud
2972 5176 3227 5233 Hebraeos
3275 5178 3411 5233 scri-

1827 5270 1921 5331 pta
1972 5260 2271 5316 elementis.
2319 5261 2561 5318 Secunda
2585 5281 2712 5323 vero
2741 5267 2980 5337 ejusdem
3008 5267 3410 5338 quadragesimi

1829 5353 1957 5408 anni
1987 5354 2196 5409 mansio
2226 5362 2310 5410 est
2355 5371 2508 5413 mons
2537 5357 2667 5426 Hor,
2707 5361 2760 5414 in
2788 5375 2894 5431 quo
2945 5359 3199 5414 occubuit
3223 5360 3406 5418 Aaron

1826 5445 2004 5515 prima
2038 5445 2125 5498 die
2162 5446 2363 5502 mensis
2407 5449 2601 5519 quinti.
2652 5449 2850 5505 Ultima
2879 5447 3206 5517 campestria
3247 5447 3405 5505 Moab

1826 5551 1988 5608 super
2009 5534 2298 5594 Jordanem
2340 5549 2526 5596 contra
2549 5539 2786 5604 Jericho,
2817 5539 2907 5593 ubi
2930 5538 3405 5596 Deuteronomium

1823 5633 2148 5690 meditantes
2195 5644 2532 5701 manserunt,
2601 5649 2767 5704 usque
2822 5633 2948 5690 dum
3005 5642 3130 5707 post
3169 5645 3404 5694 mortem

1824 5723 2016 5798 Moysi,
2053 5725 2216 5786 Josue
2261 5729 2415 5797 duce,
2443 5728 2616 5801 prima
2641 5727 2728 5784 die
2769 5727 2963 5786 decimi
3005 5729 3229 5800 mensis,
3258 5731 3405 5790 sicca
