3890 6340
148 365 246 437 stt

843 351 1382 422 manumanus
1407 356 1483 415 IN
1522 353 1783 415 LIBRUM
1821 349 2286 419 Numantina.
2324 344 2398 404 ά-
2432 359 2562 417 uo.
2601 360 2705 419 tv.-

3301 371 3409 427 850

145 487 353 561 ingessi
384 479 592 554 [herilis
621 489 818 535 terram
844 477 1133 542 Chanaan,
1159 484 1208 529 et
1251 475 1308 528 in
1347 473 1724 543 possessionem
1753 473 1808 536 Α
1829 474 2133 530 orientalem
2185 479 2395 548 plagam
2427 479 2493 532 de
2550 477 2674 532 villa
2704 477 2863 533 Ianan
2909 473 3171 549 usquead
3205 484 3409 556 Sepha~

146 582 276 638 vellis
305 586 450 633 sane
499 573 768 639 ceciderit,
799 575 884 626 tris
921 572 1114 642 ﬁnibus
1158 568 1546 624 terminabitur.
1574 567 1726 622 Scri-

144 681 285 746 με
326 679 414 726 est
461 668 610 723 enim
648 667 704 721 in
737 664 878 721 libro
908 664 1297 727 Numerorum,
1327 662 1386 715 in
1413 677 1522 729 quo
1546 663 1726 717 omnis

145 776 278 823 tem
317 761 762 832 missionis
795 771 894 830 per
934 769 1165 828 quatuor
1193 757 1381 828 plagas
1405 756 1560 810 brevi
1612 770 1741 810 sera

144 869 296 916 none
321 855 604 910 dividitur.
640 851 780 907 Pars
809 851 1104 906 meridiana
1136 848 1348 918 incipiet
1371 863 1403 899 a
1435 845 1721 900 soldudine

144 949 257 1015 Sin,
279 961 398 1020 quae
431 956 503 1000 est
522 943 679 1015 ,ὅππη
708 944 877 997 Edoni
906 956 925 994 :
950 951 999 995 et
1017 939 1223 995 habebit
1251 940 1501 992 terminos
1545 947 1726 991 contra

145 1043 388 1097 arietum
419 1041 563 1091 mare
586 1036 958 1091 salsissimum.
989 1033 1093 1098 Qui
1111 1031 1409 1086 circuibunt
1439 1028 1725 1083 australem

141 1130 347 1203 plagam
371 1145 466 1200 per
493 1141 768 1181 ascensum
795 1125 1124 1196 Scorpionis,
1161 1123 1238 1176 ita
1283 1131 1339 1175 ut
1372 1130 1642 1174 transeant
1669 1119 1728 1174 in

143 1220 316 1276 Sermo
339 1255 354 1286 ,
402 1229 452 1273 et
491 1219 795 1290 perventh
837 1218 895 1271 in
922 1215 1216 1281 meridiem,
1246 1229 1410 1285 usque
1433 1211 1502 1266 ad
1531 1210 1728 1266 Calese-

142 1312 316 1366 barne.
357 1310 506 1366 Unde
537 1310 867 1380 egrediantur
896 1308 1128 1377 conﬁnia
1173 1305 1242 1359 ad
1289 1303 1468 1360 villam
1521 1302 1729 1356 nomine

138 1403 314 1467 Λάαν,
359 1412 408 1458 et
464 1402 674 1457 tendent
731 1415 897 1471 usque
954 1400 1023 1452 ad
1078 1398 1362 1451 Asemona.‘
1399 1392 1608 1462 Ibitqwe
1639 1403 1732 1460 per

136 1510 321 1576 gyrum
378 1495 634 1549 terminus
683 1492 752 1545 ab
815 1492 1078 1544 Asemona
1138 1503 1301 1558 usque
1333 1485 1404 1538 ad
1449 1491 1734 1538 torrentem

142 1575 382 1656 Egypti,
411 1595 459 1640 et
487 1586 652 1640 maris
685 1583 864 1653 magni
899 1581 1073 1634 littore
1103 1580 1338 1647 ﬁnietur;
1371 1577 1478 1630 Pro
1523 1589 1632 1646 quo
1676 1575 1734 1629 in

135 1679 326 1734 ultima
380 1679 590 1735 visione
642 1675 946 1731 Ezechielis
995 1674 1202 1728 dicitur
1262 1687 1277 1724 :
1331 1664 1504 1739 Plaga
1559 1679 1733 1723 autem

132 1770 412 1836 australis,
443 1771 499 1825 id
519 1778 607 1825 est
632 1767 934 1823 meridiana
952 1803 968 1831 ,
987 1781 1019 1817 a
1042 1764 1274 1816 Thamar
1292 1771 1458 1832 usque
1477 1761 1546 1814 ad
1565 1775 1731 1830 aquas

1828 583 1913 620 ma
1942 603 1956 632 ,
2004 578 2051 620 et
2091 568 2158 623 de
2207 568 2471 638 Sephama
2519 570 2838 625 descendunt
2896 573 3111 628 termini
3152 576 3211 629 in
3249 576 3412 636 Rebla

1787 651 2012 714 contra
2053 661 2249 730 fontem
2299 661 2567 730 Daphnim
2621 676 2639 714 :
2691 660 2827 717 Inde
2882 666 3181 733 pervenient
3229 679 3414 726 contra

1829 753 2079 808 orientem
2104 754 2174 808 ad
2203 771 2347 809 mare
2373 755 2644 820 Cen-cretii,
2681 765 2730 810 et
2761 758 2970 812 tendent
2997 775 3160 831 usque
3182 761 3254 814 ad
3278 759 3408 817 Jor-

1828 845 2016 900 danem
2038 863 2058 912 ;
2084 856 2135 901 et
2163 849 2232 902 ad
2263 848 2510 903 ultimum
2565 842 2853 906 salsissime
2896 851 3210 908 claudentur
3248 860 3406 914 mari.

1827 937 1871 992 A
1907 938 2016 992 line
2059 938 2225 1009 igitur
2259 941 2698 1011 septentrionalis
2725 943 2892 1012 plagae
2922 979 2937 1010 ,
2975 945 3079 1000 hoc
3115 956 3199 1000 est
3225 983 3239 1012 ,
3274 950 3414 1004 atrio

1827 1027 2002 1095 Euan,
2020 1031 2248 1084 tendunt
2275 1030 2410 1086 lines
2430 1047 2600 1101 usque
2621 1033 2687 1086 ad
2711 1032 2996 1103 Sephama,
3015 1051 3174 1104 quam
3197 1036 3410 1094 Hebraei

1826 1121 2111 1192 Apamiam
2161 1132 2463 1177 nominant.
2522 1123 2590 1178 Et
2637 1125 2705 1179 de
2754 1124 3023 1195 Sephama
3076 1127 3414 1185 descendunt

1829 1215 2045 1268 termini
2075 1215 2128 1268 in
2180 1215 2349 1268 Rcbla
2373 1255 2389 1278 ,
2443 1231 2561 1284 quae
2596 1232 2740 1270 nunc
2769 1216 2940 1288 Syriae
2971 1229 3194 1275 vocatur
3217 1222 3409 1277 Antio-

1830 1308 1972 1363 chia.
2009 1308 2080 1362 Et
2113 1316 2176 1362 ut
2223 1308 2365 1363 scias
2409 1308 2636 1364 Rehlsm
2690 1309 2833 1365 hanc
2877 1311 3187 1381 significare
3215 1315 3424 1369 urbem“

1832 1413 1951 1471 qua:
1987 1401 2214 1455 nuncin
2257 1402 2414 1472 Syria
2439 1401 2587 1456 C(eie
2623 1402 2959 1457 nobilissima
2987 1412 3074 1458 est
3097 1445 3111 1468 ,
3143 1407 3414 1476 sequitur,

1833 1501 2020 1547 contra
2046 1491 2250 1548 fontem
2272 1510 2432 1562 quem
2453 1496 2798 1565 perspicuum
2815 1507 2896 1550 est
2912 1497 3219 1568 signiﬁcare
3245 1497 3419 1568 Daph—

1835 1587 1948 1642 nim
1979 1626 1994 1653 ,
2038 1587 2103 1642 de
2142 1601 2248 1657 quo
2278 1586 2426 1641 fonte
2460 1589 2767 1658 supradicta
2797 1589 2927 1643 urbs
2953 1589 3106 1658 aquis
3135 1590 3415 1644 almndau-

1835 1679 2060 1733 tissimis
2105 1677 2322 1732 fruitur.
2372 1679 2519 1744 lude,
2575 1680 2769 1749 inquit,
2821 1682 3145 1750 perveniunt
3202 1682 3420 1736 termini

1834 1777 2023 1829 contra
2054 1775 2322 1829 orientem
2371 1777 2437 1828 ad
2467 1789 2616 1828 mare
2645 1774 2911 1828 Ceuereth
2937 1815 2951 1839 ,
2982 1774 3036 1829 id
3067 1783 3176 1838 est,
3212 1775 3281 1829 ad
3309 1781 3420 1828 sta-

133 1861 374 1917 Maslbor
399 1862 622 1933 (Emit.
654 1859 777 1929 ult.)
804 1900 818 1922 ,
852 1859 905 1912 id
923 1866 1032 1922 est,
1065 1854 1530 1911 contradictionisa
1558 1852 1729 1908 Cadcs

1835 1879 2000 1938 gnum
2043 1864 2366 1920 Tiberiadis.
2407 1865 2555 1918 Mare
2583 1877 2765 1919 autem
2801 1865 3002 1920 dicitur
3046 1881 3169 1919 cum
3220 1865 3420 1919 haheat

129 1968 351 2025 quoque
379 1963 436 2009 et
479 1963 696 2008 torrens
723 1963 897 2022 usque
927 1952 995 2006 ad
1038 1965 1192 2004 mare
1240 1957 1529 2019 magnum,
1584 1946 1730 2017 quod

129 2051 419 2120 signiﬁcat
444 2047 764 2102 latissimam
795 2043 1132 2099 latitudinem
1183 2040 1278 2096 Sin
1311 2081 1326 2107 ,
1378 2040 1522 2111 quod
1573 2040 1730 2110 juxta

125 2144 307 2197 Bdom
336 2183 350 2208 ,
379 2145 440 2196 et
473 2142 528 2195 in
559 2141 694 2194 mari
735 2139 920 2193 Rubro
947 2135 1237 2191 terminum
1263 2134 1492 2188 circuire
1511 2173 1524 2198 ,
1551 2141 1609 2186 et
1635 2145 1734 2202 per

125 2247 421 2289 ascensum
452 2231 768 2304 Scorpionis
795 2238 851 2283 et
890 2239 990 2298 per
1030 2228 1207 2282 Senna
1234 2233 1290 2279 et
1322 2223 1670 2279 Cadesbarne
1700 2257 1716 2290 ,

125 2333 184 2381 et
209 2325 413 2379 atrium
441 2324 558 2379 sive
601 2303 782 2376 villam
827 2320 1013 2374 Addsr
1037 2327 1091 2373 et
1135 2319 1403 2373 Asemona
1430 2316 1721 2387 pervenire

126 2433 304 2490 usque
331 2418 400 2472 ad
432 2424 725 2472 torrentem
759 2414 1013 2486 Egypti,
1057 2414 1148 2484 qui
1174 2412 1330 2483 juxta
1368 2413 1559 2468 urbem
1597 2412 1731 2467 Rhi-

133 2525 466 2569 nocoruram
506 2512 642 2565 mari
685 2508 878 2563 inﬂuit.
918 2507 1022 2562 Hic
1073 2515 1205 2562 Vero
1261 2507 1528 2561 terminus
1561 2506 1732 2578 plagae

130 2605 390 2661 australis
425 2604 614 2675 incipit
647 2619 678 2658 a
709 2603 952 2657 Thamar
975 2642 990 2667 ,
1043 2605 1168 2671 little
1191 2602 1323 2657 urbs
1351 2601 1405 2655 in
1439 2600 1732 2657 solitudine

126 2709 231 2766 est,
279 2713 441 2770 quam
476 2708 535 2753 et
565 2694 822 2753 Salomon
855 2697 1008 2752 miris
1034 2697 1289 2767 operibus
1324 2697 1635 2762 exstruxit,
1675 2703 1731 2750 et

128 2792 298 2845 hodie
340 2790 593 2861 Palmyra
641 2795 985 2859 nuncupatur
1011 2829 1024 2855 ,
1064 2785 1440 2858 Hebraicoqu‘e
1479 2801 1732 2843 sermone

129 2880 380 2936 Thamar
399 2878 620 2946 dicitur,
647 2891 767 2951 quze
790 2881 846 2936 in
871 2879 1052 2951 lingua
1077 2889 1262 2936 nostra
1290 2879 1525 2950 palmam
1551 2883 1729 2945 sonat,

127 2987 311 3046 usque
338 2975 409 3030 ad
437 2987 608 3046 aquas
651 2972 1103 3028 contradictionis
1131 2972 1328 3038 Cadcs,
1360 2985 1522 3043 quam
1553 2971 1606 3026 in
1633 2970 1730 3025 de-

127 3064 288 3124 serto
319 3075 440 3124 esse
480 3073 587 3122 non
621 3063 842 3122 dubium
881 3073 1000 3132 cst;
1052 3072 1108 3120 et
1163 3067 1376 3119 torrens
1424 3063 1732 3133 ingrediens

124 3171 288 3218 mare
335 3167 592 3234 magnum
625 3204 640 3227 ,
693 3157 798 3215 hoc
849 3159 992 3230 quod
1051 3157 1270 3230 Egypti
1321 3155 1728 3227 Paltmtinmque

1835 1958 2018 2013 dulces
2055 1969 2256 2027 aquas,
2313 1955 2467 2025 juxta
2527 1956 2726 2011 idioma
2785 1955 3189 2026 Scripturarum
3224 1995 3240 2019 ,
3297 1969 3418 2024 quae

1831 2051 2282 2121 cnngregationes
2312 2063 2574 2118 aquarum
2622 2049 2895 2118 appellunt
2937 2049 3128 2103 maria.
3183 2048 3250 2102 Et
3299 2055 3418 2102 ten—

1833 2147 1980 2207 dent,
1999 2144 2374 2213 iuquit,usque
2403 2142 2467 2196 ad
2489 2140 2794 2204 lordanem,
2822 2150 2877 2195 et
2897 2141 2964 2196 ad
2992 2140 3242 2194 ultimum
3272 2139 3423 2194 clau—

1832 2237 2030 2292 demtu-
2053 2235 2189 2288 mari
2223 2232 2462 2298 Mortuo;
2486 2233 2592 2297 vel,
2622 2243 2684 2287 ut
2709 2232 2798 2287 alii
2821 2242 3034 2302 putant,
3053 2233 3234 2304 lingua
3256 2230 3424 2287 maris

1835 2329 2027 2394 Rubri,
2059 2330 2112 2383 in
2143 2329 2298 2398 cujus
2325 2327 2506 2382 littore
2535 2325 2726 2380 Achila
2767 2325 2940 2396 posita
2976 2334 3078 2380 est.
3134 2323 3420 2394 Prtecepit-

1831 2427 1929 2493 que
1956 2419 2159 2490 Moyses
2185 2417 2308 2489 ﬁliis
2337 2417 2510 2472 Israel
2538 2418 2754 2472 dicens:
2783 2416 2915 2473 Ηαέ
2952 2419 3050 2471 erit
3095 2425 3235 2470 terra
3263 2427 3423 2486 quam

1831 2513 2160 2586 possidebitis
2205 2523 2369 2578 sorte,
2415 2523 2462 2567 et
2502 2527 2659 2585 quam
2692 2512 2853 2582 jussit
2882 2511 3002 2566 dari
3030 2509 3288 2564 Dominus
3331 2527 3425 2565 no-

1832 2619 1945 2663 vem
1973 2608 2229 2674 tribubus,
2265 2619 2313 2661 et
2337 2607 2570 2661 dimidia:
2598 2607 2775 2660 tribui.
2809 2605 2995 2659 Tribus
3023 2608 3156 2659 enim
3187 2603 3424 2674 ﬁliorum

1833 2699 2051 2766 Ruben,
2108 2713 2200 2770 per
2256 2697 2488 2768 familias
2536 2714 2660 2751 suas
2687 2737 2700 2763 ,
2741 2707 2788 2751 et
2841 2681 3004 2750 tribus
3032 2693 3265 2763 ﬁliorum
3306 2691 3423 2746 (lad

1826 2793 1986 2863 juxta
2014 2793 2384 2862 cognationum
2415 2801 2686 2844 mimorum
2718 2831 2732 2856 ,
2780 2788 3054 2858 mediaque
3096 2785 3264 2840 tribus
3305 2783 3426 2837 Ma-

1837 2891 2015 2948 nasse,
2058 2883 2113 2937 id
2142 2890 2235 2946 est,
2280 2883 2399 2936 (law
2439 2882 2594 2934 semis
2641 2880 2838 2943 tribus,
2876 2886 3185 2947 acceperunt
3224 2883 3425 2952 portent

1834 2979 1986 3031 suam
2018 2983 2166 3027 trans
2189 2970 2478 3026 Iordanem
2505 2978 2688 3024 contra
2711 2967 2926 3022 Iericho
2950 3005 2966 3032 ,
3009 2965 3080 3019 ad
3122 2961 3422 3019 occidenta—

1834 3067 1934 3121 tem
1972 3057 2203 3138 plagam.
2231 3063 2290 3118 In
2325 3061 2494 3133 priori
2516 3060 2664 3115 enim
2690 3057 2954 3113 divisione
2979 3063 3247 3112 terrarum
3275 3059 3428 3107 trans

1835 3159 2126 3215 Iordanem
2165 3171 2266 3228 per
2297 3147 2518 3226 Moysen
2573 3153 2783 3208 duabus
2832 3149 3082 3204 tribubus
3129 3145 3320 3201 Ruben
3370 3151 3427 3199 et

124 3254 428 3326 praetendit
453 3243 748 3307 littoribth.
785 3249 1042 3320 Sequitur
1067 3248 1121 3305 in
1151 3249 1290 3304 libm
1316 3245 1678 3303 Numerorum
1711 3266 1724 3302 :
1759 3242 1806 3306 C
1835 3250 1974 3318 Gell,
2006 3259 2060 3305 et
2088 3247 2324 3304 dimidim
2377 3244 2545 3302 tribui
2592 3243 2843 3298 Manasse
2880 3250 3022 3297 terra
3065 3238 3237 3295 divisa
3289 3244 3371 3292 est
3404 3252 3422 3303 ;

127 3344 313 3418 Plaga
341 3355 515 3400 autem
543 3341 881 3398 occidentalis
935 3357 967 3395 a
1017 3341 1154 3395 mari
1181 3353 1372 3411 magno
1416 3340 1648 3410 incipiet,
1680 3345 1734 3394 et

127 3446 249 3511 ipso
285 3441 390 3510 fine
415 3439 692 3494 claudatur
718 3479 732 3501 ,
772 3435 875 3491 hoc
911 3441 1016 3499 est,
1043 3450 1074 3488 a
1095 3435 1233 3488 mari
1261 3443 1433 3503 usque
1461 3434 1529 3488 ad
1557 3435 1730 3489 mare.

124 3529 168 3585 Α
195 3533 455 3586 torrente
481 3528 736 3584 videlicet
759 3523 1174 3588 Rhinocorurre,
1191 3523 1353 3591 quiin
1367 3513 1504 3576 mari
1537 3522 1730 3588 inﬂuit,

124 3633 311 3691 usque
351 3615 420 3674 ad
449 3621 574 3674 etim
621 3616 800 3671 locum
831 3613 928 3668 ubi
963 3617 1048 3668 est
1093 3613 1289 3666 Emath
1331 3612 1462 3665 urbs
1519 3611 1732 3681 Syrtes,

124 3717 295 3787 cujus
327 3713 382 3767 in
407 3711 510 3767 hac
531 3706 689 3782 plaga
715 3715 770 3764 et
791 3719 987 3763 nomen
1011 3706 1165 3777 ponit
1182 3704 1456 3766 Ezechiel;
1481 3709 1535 3758 et
1553 3704 1731 3774 plaga,

122 3807 412 3878 inquiens,
447 3800 649 3867 maris,
674 3813 822 3856 mare
849 3807 1106 3872 magnum
1133 3813 1164 3853 a
1199 3793 1435 3854 confinio
1464 3808 1560 3868 per
1595 3797 1739 3852 dire-

121 3909 310 3963 ctum,
338 3899 506 3952 donec
534 3898 720 3950 venias
744 3895 958 3957 Emath,
989 3907 1108 3962 quae
1129 3899 1272 3947 nunc
1301 3891 1600 3961 Epiphania
1629 3903 1732 3946 n0-

123 3991 386 4050 minatur
419 4030 434 4054 ,
482 3981 548 4041 ab
600 3981 869 4040 Antiocho
919 3982 1300 4038 crudelissimo
1333 3987 1686 4053 tyrannorum
1715 4020 1730 4046 ,

125 4080 358 4140 nomine
389 4085 744 4133 commutato.
771 4074 904 4130 Nam
942 4079 1358 4147 cognomentum
1387 4073 1571 4127 imbuit
1601 4075 1732 4143 Epi—

124 4175 366 4246 phanes.
395 4163 568 4222 Porro
599 4166 667 4221 ad
708 4164 1188 4238 septentrionalem,
1219 4165 1414 4233 inquit,
1444 4171 1666 4233 partem,
1700 4175 1734 4218 a

85 4273 88 4276 ’
121 4266 270 4320 mari
309 4277 498 4333 magno
537 4260 745 4314 termini
774 4259 1054 4328 incipient,
1099 4257 1456 4327 pervenientes
1482 4265 1643 4324 usque
1663 4253 1732 4307 ad

125 4366 366 4413 montem
393 4354 732 4418 altissimum,
761 4371 792 4405 a
815 4365 917 4422 quo
953 4349 1122 4405 venies
1162 4351 1217 4403 in
1249 4347 1442 4402 Emath
1480 4361 1640 4417 usque
1661 4345 1732 4399 ad

128 4451 388 4506 terminos
439 4447 668 4504 Sedada.
715 4443 974 4515 Ibuntque
1015 4443 1243 4512 conﬁnia
1291 4453 1452 4512 usque
1499 4439 1567 4494 ad
1627 4439 1724 4493 lea

1838 3345 1980 3400 intra
2008 3340 2300 3397 lordanem
2344 3345 2550 3404 autem,
2594 3333 2782 3409 [inter]
2807 3332 2979 3388 illium
3003 3331 3124 3386 Non
3152 3329 3337 3395 Josue,
3368 3333 3426 3384 et

1835 3435 2156 3492 Eleazarum
2193 3431 2363 3488 ﬁlium
2397 3431 2600 3486 Aaron.
2633 3427 2801 3484 ludas
2829 3425 3070 3498 possedit
3096 3423 3162 3478 ab
3190 3430 3376 3477 austro
3407 3457 3424 3487 ,

1837 3533 1894 3583 et
1937 3526 2194 3596 Ephraim
2225 3533 2281 3579 et
2307 3524 2553 3578 Manasse
2582 3521 2757 3575 tribus
2788 3517 3010 3573 dimidia
3051 3513 3120 3568 ab
3144 3512 3422 3582 aquilone.

1836 3615 2031 3674 Postea
2082 3627 2210 3670 vero
2236 3615 2303 3669 de
2342 3611 2454 3669 Silo
2488 3611 2668 3667 missis
2702 3606 3140 3679 exploratoribus
3185 3618 3283 3673 per
3310 3601 3424 3656 sin-

1838 3711 1993 3785 gntus
2022 3709 2195 3763 tribus
2220 3747 2233 3772 ,
2266 3715 2321 3761 et
2364 3699 2729 3772 descriptione
2775 3710 2937 3754 terra:
2977 3695 3137 3750 allata
3164 3695 3232 3749 ad
3259 3691 3424 3747 Iosue

1837 3783 1892 3858 et
1919 3799 2166 3866 Eleazar,
2192 3795 2470 3865 Beniamin
2485 3793 2637 3863 Juxta
2658 3787 2850 3846 Iudam
2874 3789 2942 3843 ab
2968 3791 3175 3850 austro,
3198 3783 3423 3852 etjuxta

1836 3892 2094 3965 Ephraim‘
2122 3899 2178 3947 et
2221 3888 2496 3945 dimidiam
2549 3886 2750 3940 tribum
2780 3882 3028 3936 Manasse
3058 3877 3268 3947 accepit
3300 3889 3426 3946 pos.

1839 3963 2161 4041 sessionem.
2197 3979 2450 4035 Secunda
2482 3977 2657 4030 tribus
2698 3969 2916 4028 Simeon
2946 3968 3157 4040 accepit
3199 3963 3426 4022 hmredi-

1838 4081 2007 4131 tatem
2037 4075 2091 4129 ht
2121 4072 2264 4128 tribu
2294 4067 2429 4124 Juda
2457 4099 2471 4136 δ
2502 4077 2562 4122 ut
2603 4066 2921 4137 impleretur
2964 4061 3108 4133 quod
3162 4059 3422 4129 scriptum

1838 4175 1923 4222 est
1955 4165 2021 4220 de
2060 4161 2189 4218 Levi
2235 4153 2290 4218 ei
2329 4159 2570 4215 Simcou.
2625 4157 2871 4212 Dividam
2919 4167 3005 4209 eos
3049 4154 3104 4206 in
3134 4149 3300 4205 Iacob
3325 4189 3341 4215 ,
3374 4155 3422 4203 et

1836 4263 2130 4332 dispergam
2171 4272 2257 4332 eos
2290 4255 2343 4310 in
2381 4251 2551 4308 Israel
2573 4250 2727 4323 (Gen.
2772 4247 2939 4321 χιιχ).
2971 4248 3153 4302 Tertia
3181 4243 3421 4299 Zabulou

1836 4331 2111 4410 Galilaeam
2149 4331 2390 4418 aceepit,
2423 4340 2475 4399 in
2508 4357 2612 4415 qua
2644 4349 2727 4398 est
2759 4357 2914 4397 mons
2944 4339 3183 4395 ’I‘bnhor.
3215 4338 3419 4402 Quarta

1833 4439 2214 4506 lssaehar,ubi
2236 4445 2319 4492 est
2339 4434 2553 4490 Jezrael
2571 4447 2744 4503 usque
2779 4432 2848 4485 sd
2878 4428 3189 4482 Jordauem.
3220 4423 3420 4490 Quinta

129 4545 340 4616 phrona
389 4549 436 4596 et
492 4541 668 4595 villam
726 4514 903 4592 Euan.
951 4533 1022 4591 Hi
1059 4544 1212 4590 erant
1253 4535 1461 4590 termini
1489 4536 1544 4588 in
1572 4541 1722 4606 parte
1755 4581 1805 4616 ﬁ,
1833 4535 1994 4601 Azer,
2029 4543 2199 4602 usque
2245 4529 2314 4584 ad
2361 4533 2604 4582 montem
2641 4519 2952 4578 Carmelum
2980 4557 2996 4582 ,
3039 4517 3130 4587 qui
3173 4514 3421 4570 imminet

130 4599 423 4709 aquilonis.
476 4626 675 4690 Dicunt
730 4618 942 4687 Hebraei
994 4629 1470 4700 septentrionalem
1509 4599 1730 4699 plagam
1755 4599 1808 4661 D
1837 4599 2201 4694 mari-malim
2230 4661 2245 4686 ,
2277 4620 2588 4690 Tyrumque
2626 4623 2681 4670 et
2727 4611 3004 4709 Sidonem.
3041 4609 3206 4664 Sexta
3243 4605 3414 4677 Neph-

131 4731 380 4799 incipere
412 4743 442 4782 a
473 4726 608 4781 mari
636 4733 860 4796 magno,
916 4723 1059 4792 quod
1087 4719 1413 4785 Palmstinac,
1439 4717 1730 4774 thuices

129 4831 183 4876 et
214 4820 395 4892 Syriae
422 4835 542 4890 quae
573 4817 874 4890 appellatur
901 4817 1064 4881 κοίλη,
1092 4815 1406 4886 Ciliciteque
1445 4813 1733 4886 praetendit

131 4913 432 4978 littoribus,
461 4921 516 4967 et
542 4925 638 4982 per
664 4910 958 4982 Egyptum
995 4908 1168 4963 tendit
1200 4909 1267 4964 ad
1297 4907 1545 4980 Libyam.
1576 4901 1730 4974 Quod

134 5015 322 5061 autem
355 5005 582 5070 dicunt,
629 5023 647 5054 ‹
680 5001 1056 5077 pervenicules
1113 5000 1376 5056 terminos
1438 5015 1608 5070 usque
1663 4997 1732 5053 ad

135 5105 385 5154 montem
433 5087 794 5160 altissimum,
849 5115 867 5146 ι
933 5093 986 5146 id
1038 5085 1252 5147 Hebraei
1305 5099 1590 5150 autumant
1644 5089 1731 5146 vel

133 5187 408 5242 Anianum
447 5195 682 5242 montem
734 5183 1041 5255 significare
1067 5224 1080 5247 ,
1135 5181 1218 5234 vel
1255 5177 1493 5236 Taurum
1531 5223 1544 5247 ,
1583 5179 1732 5251 quod

136 5281 298 5335 nobis
321 5281 537 5335 videtur
559 5279 757 5332 verius.
781 5277 1046 5345 lbuntque
1073 5274 1268 5344 inquit,
1302 5272 1533 5327 conﬁnia
1560 5287 1731 5342 usque

133 5373 208 5428 ad
259 5371 565 5442 Zephrona,
602 5369 952 5441 quamobrem
986 5355 1144 5421 hodie
1174 5364 1433 5436 Zipheum
1463 5359 1719 5435 oppidum

135 5464 345 5519 Cilicia:
399 5467 615 5517 vocant.
674 5458 826 5528 Quod
879 5468 1056 5512 autem
1107 5455 1350 5527 sequitur
1382 5498 1394 5522 ,
1435 5477 1451 5508 (
1488 5463 1543 5511 et
1597 5455 1722 5512 villa

136 5557 312 5621 Euan,
357 5575 375 5608 ι
407 5571 507 5624 pro
528 5569 634 5623 quo
666 5554 717 5607 in
750 5547 973 5606 Hebrato
1003 5551 1263 5619 scriptum
1292 5555 1397 5613 est,
1426 5548 1727 5618 Aserenan,

139 5650 286 5720 quod
314 5649 702 5718 interpretatur
730 5645 924 5700 atrium
964 5641 1127 5697 fontis
1149 5685 1162 5708 ,
1219 5643 1482 5699 terminus
1510 5653 1591 5698 est
1622 5641 1727 5698 Da-

139 5743 331 5797 musci.
365 5729 432 5796 Et
468 5739 534 5796 ab
562 5739 826 5811 Aquilone
875 5737 1044 5808 itaque
1094 5735 1162 5792 ad
1215 5737 1524 5809 aquilonem
1571 5737 1728 5808 plaga

141 5819 605 5912 Septentrionalis.
634 5819 1140 5901 Inde-metabuntur,
1168 5830 1365 5908 inquit,
1392 5829 1524 5904 ﬁnes
1545 5837 1733 5888 contra

1832 4718 2044 4783 thalim,
2085 4715 2137 4769 in
2169 4711 2412 4777 Galilzea,
2453 4724 2622 4778 usque
2650 4707 2718 4760 ad
2747 4703 3057 4768 Jordanem,
3091 4702 3180 4757 ubi
3208 4709 3292 4758 est
3323 4700 3419 4756 Ti-

1831 4809 2017 4864 bcrias
2051 4845 2065 4870 ,
2119 4813 2239 4872 qum
2275 4797 2404 4854 olim
2452 4795 2829 4868 appellabatur
2859 4791 3144 4849 Coner'eth.
3181 4791 3420 4864 Septima

1833 4899 1968 4960 Dan,
1995 4907 2165 4964 usque
2192 4893 2259 4948 ad
2278 4889 2510 4961 Joppen,
2539 4887 2628 4942 ubi
2662 4893 2789 4942 sunt
2821 4891 2997 4940 turres
3031 4884 3332 4947 Acbiloau;
3365 4887 3420 4936 et

1835 4993 2111 5051 Emmaus,
2141 4995 2196 5042 et
2221 4985 2400 5041 Selebi
2433 4996 2553 5056 quae
2586 4987 2728 5036 nunc
2767 4979 3072 5050 appellatur
3104 4974 3377 5046 Nicopolis
3401 5011 3418 5042 ,

1833 5083 1962 5138 licet
1993 5088 2179 5150 postea
2208 5074 2502 5147 legerimus
2527 5073 2669 5143 quod
2706 5072 2952 5142 ceperint
2981 5071 3104 5135 sibi,
3138 5077 3420 5123 transcen-

1831 5174 1909 5229 sis
1937 5171 2057 5225 aliis
2102 5169 2380 5231 tribubus,
2415 5166 2604 5221 urbem
2639 5165 2833 5219 Lesam
2864 5164 2918 5219 in
2948 5163 3092 5218 tribu
3113 5161 3226 5215 Dan
3251 5195 3265 5225 ,
3296 5173 3416 5226 qua!

1832 5265 1994 5322 hodie
2022 5259 2322 5332 appellatur
2341 5259 2570 5314 Paucas.
2601 5257 2727 5314 Haec
2745 5257 2948 5314 locutio
2964 5269 3127 5325 quam
3152 5253 3412 5306 habemus

1833 5362 1888 5417 in
1945 5358 2195 5414 manibus
2219 5395 2233 5424 ,
2272 5353 2520 5411 umbram
2574 5353 2738 5411 habet
2782 5352 3086 5407 futurorum
3127 5348 3414 5402 bonorum.

1833 5452 2184 5521 Consequens
2225 5448 2439 5503 videtur
2495 5453 2550 5502 et
2602 5443 2969 5502 necessarium
2998 5480 3013 5505 ,
3072 5438 3252 5493 omnia
3299 5451 3419 5505 quas

1836 5542 1992 5616 quasi
2020 5543 2086 5599 de
2114 5541 2277 5597 rebus
2307 5538 2539 5596 terrenis
2588 5535 2971 5592 describuntur
3017 5530 3072 5584 in
3123 5529 3260 5599 lege,
3292 5537 3410 5582 um»

1837 5638 1962 5692 bras
2001 5643 2121 5690 esse
2147 5635 2410 5689 bonorum
2446 5630 2782 5693 caelestium;
2812 5624 3097 5694 omnisque
3125 5623 3420 5679 haereditas

1837 5735 1998 5785 terrae
2023 5725 2185 5794 illitis,
2214 5741 2334 5799 qua:
2359 5728 2412 5782 in
2435 5726 2617 5781 Judiea
2647 5725 2789 5775 terra
2817 5723 3004 5774 sancta
3024 5725 3080 5772 et
3104 5723 3250 5773 terra
3274 5717 3416 5774 bona

1833 5822 2156 5907 appellatur,
2189 5822 2366 5896 imago
2401 5818 2784 5903 sitqbonornm
2809 5810 3146 5885 Caelestum,
3183 5815 3418 5890 Quorum
