3890 6340
494 373 617 437 m

1132 372 1194 426 Β.
1231 355 1486 426 uanam
1523 361 1746 424 MAURI
1783 344 2106 420 Anchise.
2141 344 2456 418 uocum.
2495 351 2784 414 ornnuu
2815 349 3006 410 rans
3041 351 3088 409 ιι

3631 359 3744 418 83‘

492 497 608 552 haec
649 487 885 544 diximus
935 469 1055 554 quae
1102 475 1158 536 in
1205 479 1369 536 terris
1396 477 1537 536 bona
1565 483 1936 533 memorantur
1960 481 2078 528 um-
2102 471 2158 536 Κ
2179 471 2344 527 habet
2369 471 2455 526 lex
2481 471 2788 540 futurorum
2819 471 3116 535 bonorum,
3148 477 3205 525 et
3231 470 3523 542 exemplari
3550 481 3604 529 et
3629 489 3729 533 un.

494 587 647 640 bram
695 588 858 648 atque
889 573 1182 645 imaginem
1212 580 1419 628 tenere.
1469 569 1640 625 Nemo
1690 567 1901 623 dubitat
1933 564 2079 636 quod

493 678 549 732 in
578 684 724 730 terra
751 670 936 727 Judtea
968 665 1146 722 omnis
1172 663 1321 718 locus
1343 705 1358 728 ,
1408 661 1585 716 omnis
1605 674 1780 724 mons,
1804 658 1982 713 omnis
2003 655 2083 711 ci-

492 773 632 827 vitas
653 777 709 824 et
727 768 902 832 vicus,
925 762 1092 820 certis
1115 759 1418 831 quibusque
1443 753 1721 812 vocabulis
1741 753 2076 824 designetur:

493 882 594 922 nec
620 871 704 920 est
734 861 874 916 ullus
905 857 1128 914 omnino
1153 853 1272 909 sine
1314 849 1531 905 nomine
1569 847 1722 902 locus
1747 887 1763 913 ,
1805 845 1903 899 sed
1952 857 2081 914 pro-

492 957 628 1029 priis
692 951 903 1026 singula
971 962 1200 1020 quaeque
1249 941 1697 1014 appellationibus
1749 938 2077 1029 designata:

493 1027 645 1105 verbi
682 1045 878 1119 gratia,
908 1041 1104 1113 quibus
1133 1043 1226 1092 aut
1251 1031 1540 1090 Chananaei
1584 1031 1639 1084 in
1681 1029 1792 1085 suis
1837 1027 1990 1119 locis,
2018 1033 2082 1119 ut

494 1116 767 1195 Phereziei
784 1129 1198 1189 nihilominusin
1220 1126 1354 1191 suis,
1375 1120 1782 1189 Amorrbaaique
1800 1128 1894 1172 aut
1912 1116 2076 1180 Evazi,

495 1231 578 1286 vel
617 1227 780 1285 etiam
825 1223 1032 1280 Hebraei
1073 1219 1501 1276 nominarentur.
1530 1213 1608 1268 Ita
1636 1225 1764 1282 ergo
1786 1209 2092 1265 secundum

497 1321 821 1378 sententiam
848 1315 1026 1383 Pauli,
1064 1314 1156 1385 qui
1185 1311 1434 1367 umbram
1487 1315 1542 1362 et
1580 1303 1858 1373 exemplar
1888 1301 2081 1358 coeles-

501 1419 633 1472 tium
671 1413 804 1469 dicit
842 1426 964 1466 esse
1010 1417 1274 1470 terrena,
1305 1403 1538 1458 fortasse
1567 1399 1624 1454 in
1655 1397 1965 1454 cmlestibus
1990 1409 2082 1450 re-

497 1507 746 1580 gionibus
777 1511 936 1560 erunt
965 1502 1208 1556 locorum
1233 1495 1548 1552 diﬁ‘erentiat
1587 1490 1837 1580 nomine:
1873 1484 2085 1580 Descri-

496 1577 644 1654 bitur
666 1612 796 1670 ergo
822 1595 1048 1650 verbum
1077 1591 1175 1644 Dei
1202 1589 1256 1643 in
1282 1588 1399 1657 lege
1426 1583 1608 1639 divina
1627 1589 1789 1636 terra:
1810 1577 2083 1670 Judaxeet

497 1694 615 1748 haec
637 1667 829 1746 referri
861 1687 1060 1743 debent
1083 1685 1151 1739 ad
1179 1681 1467 1753 imaginem
1493 1675 1817 1732 ccelestium.
1843 1673 1900 1726 In
1927 1667 2082 1727 caelis

496 1794 676 1838 autem
708 1781 987 1837 evidenter
1015 1791 1133 1831 esse
1162 1771 1460 1828 Jerusalem
1488 1769 1696 1829 civitas,
1728 1765 1794 1820 ab
1825 1761 2080 1834 Apostolo

2176 568 2290 622 brte
2330 565 2676 631 deserviunt,
2722 563 3026 619 antestium
3063 563 3156 633 qui
3201 563 3257 618 in
3277 563 3396 636 lege
3425 566 3725 641 deserviunt,

2177 665 2232 715 et
2257 674 2401 714 nunc
2428 672 2527 728 per
2554 657 2830 729 speculum
2869 663 2926 712 et
2969 655 3024 711 in
3049 655 3338 729 aenigmate
3363 699 3378 723 ,
3413 665 3544 716 tunc
3575 672 3732 720 autem

2179 750 2317 806 facie
2345 751 2413 805 ad
2439 749 2655 814 faciem,
2684 749 2774 818 qui
2803 757 2992 803 tamen
3007 749 3379 815 merebuntur,
3393 757 3726 812 conversatio-

2180 857 2305 898 nem
2350 842 2625 897 habebunt
2651 842 2707 896 in
2746 841 2920 896 caelis.
2954 840 3013 896 Si
3039 857 3170 911 ergo
3189 858 3289 914 per
3319 850 3721 916 consequentiam

2181 949 2364 990 rerum
2405 942 2459 988 et
2492 933 2910 1003 promissionum
2963 931 3168 990 ﬁndere
3213 936 3501 992 transferri
3545 954 3634 994 nos
3672 941 3724 996 de

2180 1027 2342 1082 terris
2367 1034 2581 1097 oportet
2605 1027 2671 1081 ad
2697 1026 2914 1092 ctelum,
2953 1035 3086 1097 puto
3115 1029 3264 1096 quod
3296 1031 3350 1084 in
3373 1030 3510 1101 ipsis
3534 1033 3721 1089 caelesti-

2179 1118 2279 1174 bus
2307 1117 2442 1173 locis
2466 1115 2625 1173 Jews
2654 1125 2841 1172 noster
2867 1117 3127 1174 Dominus
3152 1159 3167 1183 ,
3201 1133 3311 1174 non
3361 1121 3563 1192 absque
3595 1126 3721 1178 meri-

2181 1219 2357 1265 torum
2405 1217 2551 1264 sorte
2587 1223 3024 1278 unumquemque
3059 1210 3112 1263 in
3159 1210 3250 1264 illa
3293 1211 3380 1265 vel
3426 1213 3485 1266 in
3524 1213 3596 1266 illa
3619 1216 3718 1270 ouili

2180 1311 2336 1372 parte
2375 1307 2429 1355 et
2459 1301 2791 1355 habitatione
2821 1301 3138 1356 constituat.
3174 1300 3281 1357 Sed
3324 1303 3474 1358 sicut
3495 1306 3638 1358 multa
3657 1317 3719 1360 est

2182 1393 2483 1448 dill'erentia
2509 1391 2564 1446 in
2599 1393 2792 1456 terris,
2823 1393 2974 1446 verbi
3016 1393 3193 1464 gratia
3214 1434 3229 1458 ,
3264 1393 3516 1450 habitare
3538 1397 3586 1450 in
3617 1396 3717 1452 locis

2185 1486 2424 1541 fecundis
2451 1495 2505 1541 et
2534 1485 2766 1556 copiosis
2793 1500 2857 1540 ac
2885 1486 3042 1541 bonis
3063 1487 3314 1542 omnibus
3337 1489 3708 1556 abundantibus,

2182 1577 2273 1632 ubi
2304 1587 2359 1633 et
2387 1575 2530 1633 aeris
2558 1580 2846 1648 temperies
2881 1588 2937 1631 et
2961 1578 3195 1632 eruditio
3224 1579 3507 1634 hominum
3533 1596 3589 1635 ac
3611 1582 3712 1637 libe-

2184 1671 2321 1726 ralia
2357 1671 2608 1727 instituta
2651 1685 2758 1726 non
2789 1673 3017 1738 desunt;
3049 1681 3104 1727 et
3133 1673 3293 1742 longe
3321 1672 3474 1726 aliud
3501 1682 3575 1728 est
3602 1675 3712 1728 1ηδὶ-

2185 1769 2304 1816 tare
2329 1769 2420 1815 aut
2443 1761 2500 1815 in
2521 1760 2655 1816 locis
2677 1760 2982 1816 infecundis
3024 1769 3079 1816 et
3117 1777 3302 1817 rerum
3338 1764 3560 1831 penuria
3595 1777 3712 1832 squa-

1002 1879 1157 1920 mons
1196 1862 1346 1918 Sion.
1390 1860 1741 1927 Consequens
1780 1831 1946 1924 igitur
1997 1860 2079 1909 est
2109 1831 2162 1890 Β
2184 1853 2307 1908 lidis
2331 1894 2346 1919 ,
2387 1861 2480 1907 aut
2509 1861 2644 1907 :estu
2669 1853 2920 1916 torridis,
2952 1859 3046 1908 aut
3071 1850 3272 1924 frigore
3295 1853 3526 1924 geluque
3548 1831 3708 1924 torpen-

495 1969 554 2016 ut
579 1961 718 2016 sicut
739 1960 857 2015 aliae
879 1958 1127 2014 civitates
1150 1954 1297 2009 circa
1320 1949 1620 2005 Jerusalem
1640 1956 1914 2001 terrenam
1937 1945 2090 2010 sitae,

495 2062 547 2110 et
578 2053 681 2110 vici
707 2096 720 2121 ,
764 2060 817 2108 et
849 2051 1076 2106 diversa:
1116 2061 1343 2118 quaeque
1373 2044 1646 2113 regiones,
1679 2041 1753 2095 ita
1775 2045 1830 2094 et
1854 2038 1943 2093 illa
1968 2051 2081 2094 etes

494 2145 650 2201 lestis
672 2143 994 2210 Jerusalem,
1041 2142 1335 2198 secundum
1367 2137 1657 2207 imaginem
1683 2142 2024 2188 terrenarum
2062 2172 2078 2200 ,

493 2236 691 2292 habeat
718 2233 863 2290 circa
889 2249 949 2290 se
987 2241 1044 2288 et
1068 2233 1204 2288 alias
1235 2231 1485 2286 civitates
1525 2235 1580 2282 et
1608 2226 1778 2292 vicos,
1809 2225 2082 2280 diversas-

495 2347 600 2404 que
624 2331 892 2404 regiones,
930 2330 984 2384 in
1029 2329 1227 2401 quibus
1265 2325 1497 2398 populus
1523 2323 1617 2378 Dei
1641 2331 1696 2377 et
1722 2334 1883 2375 verus
1912 2317 2078 2373 Israel

496 2438 593 2494 per
626 2420 810 2476 Jesum
867 2437 1086 2490 verum,
1137 2420 1290 2491 cujus
1340 2418 1429 2472 ille
1475 2414 1629 2472 Jesus
1673 2413 1819 2470 Nave
1871 2411 2082 2468 ferebat

496 2512 810 2584 imaginem,
836 2510 1178 2567 collocandus
1205 2519 1308 2576 est,
1341 2507 1554 2578 quando
1591 2515 1658 2564 .et
1705 2506 2080 2561 baereditatem

496 2601 660 2657 sortis
708 2603 1122 2666 distributione,
1180 2603 1234 2657 id
1273 2610 1354 2656 est
1384 2599 1700 2655 meritorum
1743 2598 2079 2667 contempla-

497 2693 675 2761 tione,
731 2702 815 2749 est
861 2679 1135 2766 capturus.
1179 2691 1236 2747 Si
1276 2705 1404 2762 ergo
1447 2706 1592 2746 nunc
1639 2689 1896 2744 Dominus
1950 2687 2082 2743 dicit

495 2783 551 2838 in
591 2784 972 2840 distributione
995 2793 1174 2849 terrae,
1214 2783 1366 2838 verbi
1393 2781 1586 2853 gratia,
1620 2780 1883 2835 terminos
1906 2777 2080 2834 tribus

495 2875 640 2932 illius
669 2892 788 2934 esse
825 2878 960 2933 istos
983 2919 997 2943 ,
1046 2884 1099 2933 et
1124 2875 1345 2932 alterius
1370 2875 1534 2938 alios,
1564 2887 1634 2928 ne
1659 2871 1798 2928 forte
1823 2871 2080 2943 quoniam

495 2967 704 3025 diversa
734 2979 894 3027 erant
917 2971 1109 3026 merita
1137 2985 1325 3026 eorum
1352 2967 1444 3039 qui
1481 2963 1856 3022 hmreditatem
1886 2977 2080 3019 conse-

498 3062 610 3117 cuti
642 3070 770 3118 sunt
798 3064 953 3132 regni
1000 3063 1282 3118 caelorum.
1337 3061 1547 3118 Idcirco
1593 3058 1649 3114 in
1695 3057 1780 3112 bis
1829 3055 2080 3110 tribubus

497 3155 894 3219 observantes,
933 3151 1111 3208 dirimi
1153 3150 1373 3222 jubetur
1436 3151 1540 3204 ista
1572 3145 1848 3203 distinctio
1899 3144 2082 3200 termi—

496 3258 691 3296 norum
725 3283 740 3308 ,
796 3249 858 3296 ut
913 3241 1147 3297 sciamus
1199 3257 1320 3298 esse
1389 3242 1490 3296 has
1547 3239 1865 3294 meritorum
1925 3235 2078 3293 (ηπε-

498 3332 701 3387 rentias
763 3332 818 3386 in
860 3346 1183 3401 unoquoque
1231 3332 1616 3386 observandas.
1675 3325 1840 3384 Verbi
1883 3331 2077 3400 gratia,

503 3423 593 3492 qui
649 3421 725 3476 ita
783 3419 1118 3492 negligenter
1148 3419 1391 3486 vixerit,
1434 3429 1496 3476 ut
1553 3436 1652 3490 pro
1707 3418 1813 3474 ﬁde
1864 3419 2083 3490 quidem

503 3528 600 3570 sua
626 3521 901 3568 mereatur
929 3512 1116 3566 haberi
1147 3510 1291 3567 inter
1315 3509 1457 3567 ﬁlios
1476 3510 1664 3577 Israel,
1688 3525 1788 3580 pro
1811 3511 2086 3583 negligen-

501 3605 574 3658 tia
604 3618 735 3658 vero
765 3603 891 3658 vitae
921 3611 1198 3673 gestorum
1225 3602 1436 3658 desidia
1458 3643 1473 3669 ,
1507 3604 1564 3658 in
1603 3603 1747 3658 tribu
1775 3603 1966 3658 Ruben
1991 3611 2086 3659 aut

500 3694 638 3762 Gad,
677 3703 772 3750 aut
808 3693 1030 3749 dimidia
1062 3694 1206 3749 tribu
1238 3693 1482 3750 Manasse
1508 3695 1701 3750 debeat
1739 3694 2006 3765 reputari,
2028 3701 2084 3749 et

497 3791 606 3843 non
641 3787 784 3842 intra
812 3783 1126 3854 Jordanem,
1162 3787 1257 3843 sed
1283 3795 1438 3843 extra
1468 3803 1592 3844 eum
1624 3797 1824 3843 sortem
1855 3788 2084 3843 haeredi-

498 3877 628 3934 tatis
666 3878 932 3948 accipere.
983 3877 1135 3933 Alius
1162 3891 1294 3933 vero
1331 3877 1422 3948 qui
1463 3892 1522 3932 se
1556 3877 1934 3933 emendatione
1959 3877 2084 3932 vitae

497 3975 551 4024 et
580 3969 932 4025 conversione
956 3968 1220 4039 propositi
1251 3967 1417 4024 talem
1444 3969 1760 4034 reddiderit,
1789 3978 1850 4023 ut
1884 3984 2083 4025 secun-

499 4058 626 4113 dum
657 4073 792 4128 quas
823 4059 969 4114 solus
1001 4059 1144 4115 Deus
1189 4061 1338 4115 novit
1384 4061 1655 4126 rationes,
1700 4067 1794 4116 aut
1836 4061 1890 4116 in
1939 4063 2084 4118 tribu

498 4143 658 4213 Juda,
704 4159 799 4204 aut
830 4151 884 4204 in
921 4152 1066 4205 tribu
1094 4151 1396 4221 Beniamin,
1424 4154 1476 4208 in
1506 4170 1612 4223 qua
1640 4154 1755 4225 ipsa
1782 4153 2084 4211 Jerusalem

500 4249 558 4297 et
587 4243 842 4311 templum
874 4243 967 4296 Dei
999 4251 1160 4311 atque
1191 4244 1364 4298 altare
1389 4247 1666 4310 consistit,
1697 4247 1892 4301 debeat
1917 4263 2080 4318 repu-

501 4334 625 4403 tari,
653 4339 708 4390 et
766 4333 904 4389 alius
953 4333 1006 4388 in
1038 4332 1163 4402 alia,
1211 4343 1374 4404 atque
1435 4335 1573 4390 alius
1634 4337 1690 4391 in
1725 4339 1851 4393 alia.
1884 4339 1952 4392 Et
1979 4340 2083 4396 hoc

499 4430 660 4486 modo
695 4429 811 4485 haec
840 4444 960 4499 qua:
1007 4443 1151 4484 nunc
1193 4430 1249 4485 in
1305 4427 1441 4484 libro
1486 4428 1844 4485 Numerorum
1880 4431 2080 4502 scripta

2107 3193 2162 3257 ρ.

2183 1945 2348 2009 tibus,
2375 1944 2461 1998 vel
2490 1950 2636 1998 certe
2661 1943 2753 1999 ubi
2781 1943 2940 1998 nullae
2971 1944 3137 2014 leges,
3170 1945 3264 1998 sed
3295 1945 3542 1999 immanis
3565 1953 3610 1999 et
3629 1945 3707 2000 fera

2181 2027 2460 2092 barbaries
2491 2077 2504 2100 ,
2556 2035 2648 2090 ubi
2694 2033 2834 2089 bella
2863 2049 3078 2105 semper
3106 2043 3160 2088 et
3200 2049 3480 2104 nunquam
3527 2035 3705 2104 requies.

2181 2128 2248 2182 Et
2277 2128 2392 2182 haec
2418 2142 2525 2182 non
2549 2126 2670 2180 sine
2695 2125 2905 2180 occulta
2938 2127 3170 2196 quadam
3201 2125 3298 2180 Dei
3347 2125 3703 2196 dispensatione,

2181 2226 2236 2273 et
2267 2219 2454 2288 iudicii
2492 2216 2609 2285 ejus
2659 2218 2872 2287 iustitia
2921 2218 3213 2287 unicuique
3274 2218 3707 2273 decernuntur:et

2181 2311 2258 2365 ita
2284 2311 2339 2364 in
2368 2309 2473 2364 illis
2509 2309 2644 2364 locis
2671 2310 2777 2364 erit
2799 2309 3004 2378 aliquid
3037 2309 3166 2375 tale,
3201 2297 3261 2364 εἳ
3291 2310 3349 2364 in
3374 2311 3502 2366 nullo
3525 2325 3706 2382 prorsus

2184 2403 2359 2458 inanis
2403 2402 2668 2456 habeatur
2713 2402 2767 2455 in
2820 2401 2983 2456 terris
3035 2402 3230 2456 umbra
3281 2403 3576 2457 caelestium.
3616 2401 3708 2456 Erit

2183 2511 2330 2569 ergo,
2364 2504 2425 2551 ut
2449 2495 2702 2560 diximus,
2748 2501 2803 2550 et
2849 2495 2922 2548 ibi
2960 2495 3139 2565 aliqua
3183 2495 3382 2550 civitas
3435 2495 3626 2567 refugii,
3661 2500 3705 2548 et

2181 2589 2285 2645 erit
2315 2589 2418 2642 alia
2447 2589 2499 2642 in
2523 2589 2760 2652 deserto,
2787 2586 2930 2641 sicut
2954 2586 3126 2641 Bosor
3147 2585 3202 2640 in
3223 2585 3702 2641 bereditateliuben.

2181 2679 2372 2734 Ruben
2403 2680 2594 2734 civitas
2639 2692 2760 2734 esse
2813 2677 2869 2731 in
2917 2677 3138 2732 deserto
3188 2678 3418 2732 dicitur.
3449 2676 3607 2732 Sedet
3627 2673 3706 2728 alia

2181 2768 2536 2824 nihilominus
2570 2767 2950 2837 cOnsequenda
2997 2767 3086 2821 vel
3121 2767 3394 2836 capienda
3429 2775 3513 2821 est.
3537 2764 3645 2830 Quia
3669 2762 3707 2816 si

2181 2862 2324 2918 Deus
2374 2877 2496 2918 cum
2535 2861 2873 2932 disperderet
2930 2860 3073 2916 ﬁlios
3121 2861 3296 2916 Adam
3325 2903 3342 2927 ,
3396 2861 3556 2917 statuit
3597 2858 3708 2912 lines

2181 2957 2421 3028 gentium
2464 2972 2484 3006 ε
2519 2957 2815 3011 secundum
2866 2969 3153 3010 numerum
3209 2955 3516 3026 angelorum
3557 2952 3703 3016 Dei,»

2180 3048 2266 3103 vel
2293 3088 2308 3114 ,
2339 3055 2400 3101 ut
2427 3047 2485 3102 in
2509 3047 2630 3102 aliis
2655 3046 3060 3116 exemplaribus
3102 3047 3336 3117 legimus
3361 3087 3377 3112 ,
3426 3065 3446 3098 ι
3474 3044 3708 3101 secundum

2185 3153 2471 3194 numerum
2520 3138 2755 3194 ﬁliorum
2795 3137 2960 3194 Israel
3005 3137 3061 3191 in
3119 3137 3275 3192 initio
3323 3138 3520 3202 mundi,
3547 3156 3564 3188 ι
3585 3135 3709 3188 etita

2183 3235 2414 3304 dispersi
2461 3241 2588 3290 sunt
2643 3232 2737 3288 ﬁlii
2785 3231 2930 3286 illius
2983 3229 3178 3293 Adam,
3227 3231 3373 3285 sicut
3411 3228 3494 3284 vel
3540 3227 3712 3284 illam

2181 3327 2378 3387 merita
2404 3366 2419 3391 ,
2476 3325 2563 3380 vel
2636 3325 2807 3394 ipsius
2879 3322 3009 3376 Adae
3087 3321 3466 3392 contemplatio
3517 3315 3714 3390 postula-

2182 3421 2278 3478 bat
2303 3461 2318 3486 ,
2370 3417 2502 3490 quid
2547 3419 2794 3474 dicemus
2821 3415 3066 3473 futurum
3102 3431 3230 3472 cum
3264 3414 3531 3471 novissimi
3556 3413 3714 3472 Adam,

2183 3512 2276 3583 qui
2302 3511 2487 3568 nonin
2510 3510 2749 3566 animam
2779 3510 3078 3574 viventem,
3107 3510 3206 3563 sed
3238 3509 3295 3564 in
3337 3507 3571 3579 spiritum
3611 3501 3722 3556 vivi-

2184 3607 2435 3662 ﬁcantem
2473 3603 2650 3660 lactus
2675 3612 2781 3669 est,
2825 3603 3054 3673 coeperit
3081 3600 3220 3658 ﬁlios
3245 3601 3536 3670 dispergere
3557 3595 3723 3649 divina

2185 3697 2443 3768 dignatio,
2469 3711 2578 3750 non
2601 3696 2660 3749 in
2693 3694 2866 3760 initio,
2894 3694 2991 3749 sed
3015 3693 3072 3748 in
3095 3692 3198 3746 ﬁne
3221 3689 3421 3752 mundi;
3447 3693 3499 3741 et
3527 3700 3628 3740 non
3665 3692 3728 3738 ut

2183 3790 2306 3846 illos
2349 3790 2442 3858 qui
2491 3788 2545 3841 in
2591 3786 2766 3842 Adam
2801 3800 2991 3841 omnes
3032 3781 3219 3840 mortui
3262 3788 3405 3844 sunt,
3431 3778 3530 3832 sed
3551 3785 3615 3832 ut
3639 3790 3724 3830 eos

2183 3882 2275 3953 qui
2303 3882 2359 3935 in
2388 3878 2605 3934 Christo
2633 3892 2824 3933 omnes
2848 3875 3105 3932 viviﬁcati
3130 3883 3270 3940 sunt,
3306 3872 3421 3927 sine
3450 3869 3610 3925 dubio
3633 3868 3724 3923 erit

2183 3972 2430 4044 quaedam
2454 3970 2650 4026 divisio
2687 3978 2744 4024 et
2779 3967 3090 4024 distributio
3125 3966 3269 4030 talis,
3296 3978 3415 4034 qua:
3441 3977 3546 4017 non
3571 3959 3719 4016 solum

2182 4079 2282 4136 pm
2331 4065 2544 4120 meritis
2585 4077 2706 4132 quae
2746 4062 3160 4131 dispensentur,
3208 4059 3304 4114 sed
3340 4065 3396 4112 et
3429 4068 3518 4126 pro
3561 4051 3724 4108 novis-

2183 4158 2307 4214 simi
2336 4156 2524 4218 Adam,
2556 4156 2611 4210 in
2639 4169 2745 4224 quo
2776 4168 2968 4210 omnes
2988 4152 3301 4208 viviﬁcandi
3331 4151 3576 4210 dienam,
3605 4158 3721 4198 con-

2183 4247 2532 4318 templatione
2579 4246 2853 4315 pensanda
2897 4244 2986 4298 sit.
3039 4242 3151 4298 Sed
3196 4242 3322 4313 quis
3366 4251 3593 4296 nostrum
3621 4233 3724 4289 talis

2182 4347 2287 4403 est,
2319 4346 2378 4392 ut
2408 4339 2476 4392 ab
2507 4336 2815 4406 huiusmodi
2843 4335 3230 4391 distributione
3258 4335 3328 4388 ad
3357 4333 3499 4387 illam
3527 4326 3722 4384 ecclesiis

2182 4429 2516 4486 hatreditatis
2562 4435 2765 4483 sortem
2805 4426 2992 4481 venire
3036 4425 3362 4480 mereatur?
3385 4423 3514 4491 Quis
3538 4421 3598 4474 ita
3619 4419 3724 4471 liceo

500 4520 830 4587 referuntur,
863 4521 1207 4578 adumbratio
1235 4523 1480 4592 quaedam
1523 4523 1631 4578 sint
1673 4522 1868 4579 futurae
1917 4526 2081 4582 sortis
2105 4544 2160 4604 Β
2185 4531 2272 4578 tus
2305 4522 2409 4577 erit
2433 4561 2448 4586 ,
2479 4519 2630 4589 cujus
2655 4534 2774 4574 sors
2799 4517 3102 4574 Jerusalem
3148 4517 3360 4581 veniet.
3393 4524 3454 4570 ιιι
3480 4514 3547 4570 Sil
3567 4505 3722 4604 ὢξῴ

501 4613 556 4666 in
583 4611 735 4667 caelis
759 4655 773 4678 ,
808 4606 994 4670 eorum
1023 4617 1286 4672 duntaxat
1313 4617 1402 4687 qui
1438 4632 1537 4687 per
1577 4615 1759 4672 Jesum
1791 4617 2079 4677 Dominum

503 4718 568 4757 ac
596 4701 927 4761 Saivatorem
956 4716 1198 4764 nostrum
1243 4709 1646 4774 lizereditatem,
1681 4716 1741 4763 ut
1787 4709 2025 4765 diximus
2057 4752 2074 4777 ,

501 4793 718 4863 eapiant
748 4798 895 4866 regni
923 4799 1202 4855 caelorum.
1231 4799 1329 4866 Ibi,
1361 4801 1543 4866 credo,
1569 4799 1854 4871 diligenter
1885 4801 2078 4857 obser-

501 4886 773 4941 vabuntur
797 4890 958 4944 etiam
980 4890 1104 4958 ista,
1142 4909 1261 4963 quze
1288 4894 1379 4950 hic
1411 4893 1826 4960 adumbrantur,
1854 4895 2078 4964 privile-

502 4979 588 5050 gia
615 4981 953 5036 sacerdotum
977 5024 990 5047 ,
1021 4985 1213 5053 quibus
1245 4987 1423 5042 vicina
1451 5000 1682 5057 quaeque
1709 4985 1934 5040 urbibus
1959 4985 2077 5041 loca

503 5077 558 5126 et
583 5072 714 5140 ipsis
740 5071 1006 5128 moenibus
1019 5073 1225 5141 juncta,
1254 5079 1530 5149 segregari
1555 5077 1880 5132 mandantur
1901 5093 1932 5130 a
1953 5075 2079 5134 ﬁliis

502 5159 695 5216 Israel.
719 5159 946 5218 Videtur
997 5164 1313 5232 quibusdam
1363 5169 1504 5236 quod
1560 5167 1898 5237 singulorum
1943 5181 2080 5236 quo-

503 5267 736 5323 rumque
781 5254 1020 5309 siderum
1069 5255 1268 5323 positio
1297 5298 1311 5323 ,
1336 5267 1390 5313 et
1415 5266 1609 5327 costus,
1643 5260 1838 5315 civitas
1861 5259 1965 5314 dici
1991 5259 2080 5315 vel

506 5344 694 5401 haberi
743 5347 912 5416 possit
959 5348 1014 5402 in
1049 5347 1207 5403 coelo.
1242 5347 1394 5416 Quod
1428 5368 1526 5423 ego
1577 5353 1796 5423 quidem
1851 5352 2080 5409 delinire

506 5452 613 5493 non
645 5440 836 5495 audeo.
871 5439 1038 5495 Video
1067 5439 1210 5494 enim
1258 5454 1470 5496 omnem
1519 5454 1826 5500 creaturam
1881 5445 1935 5500 in
1989 5461 2084 5516 spe

508 5531 726 5604 quidem
770 5541 990 5604 propter
1039 5547 1163 5589 eum
1200 5533 1293 5603 qui
1335 5533 1561 5603 subiecit
1587 5551 1706 5592 esse
1737 5536 2035 5608 subiectam
2065 5578 2081 5605 ,

504 5633 841 5692 exspectare,
869 5632 924 5679 et
969 5633 1149 5682 tamen
1201 5623 1506 5681 libertatem
1553 5626 1609 5680 in
1655 5629 2083 5699 redemptionem

507 5715 737 5774 ﬁliorum
763 5707 941 5778 Israel
977 5723 1095 5779 sine
1138 5723 1300 5779 dubio
1348 5729 1404 5777 et
1439 5721 1751 5792 praeclarius
1779 5723 1981 5794 aliquid
2019 5737 2084 5780 ac

507 5804 791 5870 sublimius
817 5815 1051 5884 operari.
1091 5813 1150 5872 Si
1180 5828 1329 5886 ergo,
1387 5819 1450 5870 ut
1500 5811 1735 5871 diximus
1769 5855 1785 5882 ,
1827 5814 2080 5873 umbram

2185 4614 2440 4686 templum
2476 4612 2570 4668 Dei
2597 4621 2696 4676 est,
2731 4612 2838 4666 imo
2863 4619 2920 4665 et
2945 4611 3060 4679 ipse
3081 4609 3156 4663 sit
3174 4607 3271 4662 Dei
3303 4604 3595 4678 templum?
3625 4598 3726 4667 Quis

2182 4710 2257 4764 ita
2298 4707 2490 4761 beatus
2527 4712 2649 4768 est,
2683 4710 2744 4757 ut
2783 4703 2858 4757 ibi
2902 4701 3020 4756 dies
3064 4698 3234 4755 festos
3290 4708 3425 4772 agat
3463 4697 3547 4752 ubi
3597 4692 3724 4747 altare

2182 4800 2420 4855 divinum
2447 4797 2718 4868 perpetuis
2756 4796 2971 4866 ignibus
3000 4794 3247 4850 adoletur
3267 4794 3295 4846 7
3329 4793 3469 4861 Quis
3491 4792 3560 4847 ita
3580 4789 3726 4843 beatus

2179 4899 2264 4947 est
2289 4891 2379 4960 qui
2423 4888 2752 4944 sacriﬁcium
2779 4903 2934 4943 suum
2958 4895 3014 4942 et
3043 4887 3336 4942 incensum
3379 4882 3642 4941 suavitatis
3662 4891 3729 4930 su-

2181 5000 2281 5056 pra
2329 4980 2478 5037 illum
2527 4983 2707 5052 ignem
2755 4987 2922 5050 ponat
2970 4979 3038 5034 de
3075 4994 3184 5048 quo
3219 4979 3455 5034 dicebat
3498 4975 3730 5032 Salvator.

2185 5074 2367 5143 Ignem
2397 5072 2511 5125 veni
2537 5069 2780 5124 mittere?
2799 5068 2953 5141 (Luc.
2986 5069 3068 5140 π.)
3098 5068 3231 5135 Quis
3283 5069 3371 5123 ita
3420 5070 3604 5124 beatus
3633 5069 3730 5118 est.

2183 5165 2276 5236 qui
2311 5164 2387 5219 ibi
2426 5177 2638 5233 semper
2683 5170 2806 5232 agat
2833 5160 3043 5215 Pascha
3068 5200 3083 5226 ,
3123 5160 3178 5215 in
3203 5159 3532 5232 locoquem
3561 5151 3738 5226 elegeﬁl

2183 5257 2444 5313 Dominus
2471 5272 2631 5320 suus;
2663 5255 2736 5310 ibi
2762 5254 3108 5309 Pen-tecostes
3133 5252 3277 5308 diem
3314 5263 3518 5325 gerat,
3550 5261 3604 5306 et
3623 5245 3738 5303 festi-

2182 5351 2404 5408 vitatem
2447 5347 2927 5420 repropitiationis,
2967 5353 3024 5401 et
3052 5345 3548 5402 tabernaculorum
3587 5339 3744 5398 solem-

2183 5446 2410 5500 nitatem
2432 5485 2447 5509 ,
2491 5445 2596 5498 non
2635 5439 2751 5509 jam
2777 5455 2876 5511 per
2903 5440 3173 5502 umbram,
3206 5439 3310 5493 sed
3339 5441 3522 5510 ipsum
3548 5435 3748 5507 speciem

2183 5548 2474 5604 rerumque
2511 5531 2839 5587 veritatem?
2869 5527 3003 5596 Quis
3056 5537 3315 5584 nostrum
3365 5530 3569 5602 dignus
3618 5520 3750 5582 babe-

2183 5627 2328 5684 bitur
2348 5639 2469 5681 cum
2507 5625 2679 5679 beata:
2703 5621 2869 5678 sortis
2892 5621 3176 5683 electione,
3209 5634 3345 5675 cum
3377 5617 3750 5676 dividereDeus

2183 5717 2408 5789 cmperit
2449 5714 2588 5770 ﬁlios
2630 5713 2912 5770 novissimi
2963 5712 3175 5777 Adam,
3243 5713 3344 5767 cui
3407 5713 3613 5770 dicat:
3657 5704 3752 5763 Erit

2184 5797 2341 5883 super
2368 5811 2594 5882 quinque
2619 5810 2850 5866 civitates
2873 5813 3182 5879 potestatem
3205 5803 3604 5876 habem'(Luc.
3627 5797 3754 5866 nx);
