3890 6340
161 357 248 414 835
839 349 1374 410 ENARRATIONES
1419 348 1491 406 IN
1527 348 1790 410 LIBRUM
1827 349 2289 416 NUMERORUM.
2329 382 2400 398 -ρ
2438 352 2568 414 LIB.
2608 349 2734 412 IV.’

3303 361 3412 419 854

161 485 244 528 nec
268 464 348 521 cui
376 461 564 520 dicat:
594 460 717 517 Eris
752 479 910 534 super
949 465 1128 522 decem
1153 464 1384 520 civitates
1410 471 1719 534 potestatem
1733 463 1979 538 .A-Lmori,
2009 479 2174 534 quam
2203 464 2478 524 communi
2512 465 2618 522 hac
2642 471 2820 520 morte
2852 462 3096 526 dissolvi.
3147 465 3206 526 Si
3226 480 3406 530 autem

159 562 325 620 habens
350 555 502 629 (Luc.
531 553 679 627 xu);
719 569 822 612 nec
857 557 946 612 cui
989 557 1174 614 dicat:
1207 556 1362 612 Intra
1384 557 1442 610 in
1462 555 1718 626 gaudium

158 652 326 710 domini
346 651 426 704 tui
450 648 672 722 (Ibid.);
696 649 792 704 sed
807 649 894 704 cui
923 649 1072 706 dicat
1095 667 1110 704 :
1129 649 1315 708 Sedete
1342 658 1390 705 et
1405 666 1492 706 vos
1511 665 1716 706 mecum

156 759 288 814 super
311 738 598 796 duodecim
623 739 842 794 thronos
864 779 880 806 ,
913 739 1216 810 judicantes
1246 739 1523 796 duodecim
1549 739 1716 795 tribus

158 831 301 894 Israel
317 829 476 902 (Luc.
515 829 654 902 xm)
677 869 691 896 ,
732 837 788 885 et
818 829 885 884 de
909 829 1106 900 quibus
1135 830 1282 888 dicat
1308 848 1324 884 :
1358 827 1522 886 Pater
1541 869 1562 896 ,
1601 829 1714 886 uolo

155 936 200 982 ut
223 924 298 979 ubi
323 940 444 980 sum
484 940 598 994 ego,
633 932 684 978 et
724 923 813 978 isti
840 923 948 978 sint
983 939 1188 978 mecum
1225 921 1408 994 (Joan.
1438 921 1615 994 xvn);
1661 929 1718 977 et

153 1017 294 1074 etiam
319 1013 459 1072 istos
497 1029 618 1070 esse
648 1030 804 1085 reges
829 1023 889 1070 ut
922 1014 1015 1070 ubi
1055 1030 1157 1086 ego
1183 1030 1308 1070 sum
1350 1029 1450 1072 rex
1479 1029 1709 1085 regum;

153 1108 255 1163 volo
294 1115 347 1162 et
390 1107 524 1164 istos
565 1107 766 1163 habere
807 1107 1258 1173 dominationem,
1298 1115 1438 1164 utet
1464 1124 1565 1179 ego
1591 1123 1711 1166 sum

152 1199 389 1256 Dominus
426 1199 862 1256 dominantium?
902 1197 1057 1254 Beati
1109 1198 1204 1270 qui
1256 1199 1323 1255 ad
1362 1199 1503 1256 hanc
1522 1213 1711 1268 perve-
1744 1258 1753 1266 ,

153 1292 282 1346 ruent
333 1289 728 1345 beatitudinem
791 1304 1079 1346 summam.
1128 1288 1284 1345 Beati
1337 1289 1434 1359 qui
1485 1290 1554 1345 ad
1607 1289 1711 1346 ista

150 1381 547 1436 conscenderint
602 1379 821 1452 fastigia
874 1380 1197 1436 meritorum
1235 1396 1250 1432 :
1287 1387 1344 1434 et
1395 1378 1713 1436 benedictus

149 1471 276 1527 Deus
295 1481 480 1529 noster
497 1473 592 1543 qui
613 1474 732 1528 haec
753 1472 1006 1542 promisit
1021 1471 1373 1542 diligentibus
1395 1487 1471 1527 se.
1496 1471 1562 1526 lli
1589 1478 1716 1528 sunt

145 1577 258 1620 vere
282 1563 414 1632 ipsis
463 1563 636 1620 sacris
677 1563 920 1618 numeris
973 1561 1246 1618 numerati
1294 1561 1436 1632 apud
1492 1561 1664 1620 Deum
1695 1600 1712 1627 ,

143 1655 240 1710 imo
267 1655 366 1726 ipsi
395 1664 523 1712 sunt
545 1671 779 1726 quorum
805 1657 969 1713 etiam
992 1655 1175 1728 capilli
1205 1654 1402 1724 capitis
1439 1653 1712 1714 numerati

137 1754 256 1800 sunt
272 1761 370 1815 per
393 1745 581 1806 Iesum
605 1746 888 1805 Christum
913 1748 1202 1804 Dominum
1237 1754 1506 1804 nostrum.

742 1857 971 1914 CAPUT
1009 1857 1116 1914 XI.‘

645 1928 723 1984 De
753 1930 966 1984 urbibus
993 1930 1200 2000 refugii.

194 2019 340 2090 (Car.
401 2019 593 2091 xxxv.)
645 2020 730 2074 Ait
769 2020 1026 2075 Dominus
1078 2021 1147 2074 ad
1193 2018 1451 2090 Moysen:
1482 2019 1713 2092 Loquere

121 2110 245 2178 filiis
276 2109 481 2177 Israel,
514 2120 562 2166 et
583 2111 721 2166 dices
753 2112 824 2166 ad
849 2128 970 2168 eos:
998 2111 1222 2178 Quando
1255 2115 1567 2183 transgressi
1591 2115 1709 2183 lue-

122 2204 236 2256 ritis
262 2203 560 2259 Iordanem
580 2205 636 2257 in
657 2214 854 2258 terram
883 2204 1162 2271 Chanaan,
1195 2206 1455 2260 decernite
1477 2223 1594 2277 qua:
1615 2224 1711 2262 ur-

123 2292 203 2347 bes
231 2309 342 2347 esse
363 2293 589 2348 debeant
620 2294 674 2347 in
700 2295 952 2364 prwsidia
971 2295 1332 2366 fugitivorum,
1359 2299 1452 2368 qui
1479 2297 1712 2355 nolentes

126 2384 430 2453 sanguinem
468 2383 720 2452 fuderint.
763 2384 832 2442 In
860 2386 1048 2457 quibus
1076 2404 1198 2444 cum
1245 2388 1406 2458 fuerit
1432 2389 1709 2461 profugus,

129 2484 370 2544 cognatus
391 2476 548 2530 occisi
582 2493 702 2530 eum
729 2493 833 2532 non
871 2481 1057 2548 poterit
1100 2481 1334 2538 occidere
1357 2524 1372 2549 ,
1410 2483 1572 2538 donec
1616 2495 1712 2541 stet

130 2569 180 2624 in
202 2581 476 2642 conspectu
511 2573 890 2640 multitudinis,
920 2585 970 2630 et
995 2593 1159 2632 causa
1189 2578 1306 2646 ejus
1317 2578 1606 2648 judicetur.
1631 2579 1713 2635 De

129 2659 244 2727 ipsis
274 2671 451 2716 autem
482 2663 696 2718 urbibus
740 2681 856 2734 quas
880 2665 950 2718 ad
983 2665 1324 2737 fugitivorum
1356 2669 1596 2730 subsidia
1630 2687 1716 2725 se-

128 2763 388 2818 parantur,
423 2763 534 2809 tres
566 2765 719 2810 erunt
746 2765 898 2811 trans
917 2756 1230 2825 Iordanem,
1270 2771 1318 2815 et
1359 2772 1464 2818 tres
1489 2764 1712 2818 interra

130 2842 394 2912 Chanaan,
432 2856 543 2902 tam
587 2848 716 2917 ﬁliis
763 2848 970 2916 Israel,
1026 2868 1185 2923 quam
1224 2853 1440 2908 advenis
1477 2863 1528 2908 et
1567 2869 1716 2924 pero-

125 2939 296 3004 grinis,
327 2946 384 2990 ut
409 2938 685 3010 confugiat
717 2940 786 2994 ad
825 2958 916 2997 eas
935 2943 1026 3012 qui
1057 2942 1237 2998 nolens
1268 2945 1576 3015 sanguinem
1620 2945 1710 3014 fu-

125 3028 264 3084 derit.
307 3029 423 3086 Hoc
454 3035 728 3100 quomodo
747 3034 952 3091 factum
981 3037 1053 3092 sit
1079 3037 1220 3094 liber
1239 3037 1334 3107 qui
1357 3038 1556 3096 dicitur
1581 3037 1714 3096 Iesu

123 3123 255 3181 Nave
283 3129 606 3185 manifestat
628 3131 778 3203 (Cap.
809 3133 930 3200 xx),
957 3149 1083 3189 eum
1107 3145 1502 3192 commemorat
1517 3136 1704 3203 Iosue,

124 3215 338 3275 Domino
360 3218 618 3289 iubente,
661 3238 760 3278 sex
790 3224 1040 3281 civitates
1069 3225 1262 3298 refugii
1288 3227 1582 3286 decernere
1605 3229 1707 3286 ho-

121 3311 320 3370 micidia
361 3318 459 3386 qui
501 3317 853 3375 homicidium
899 3335 1007 3377 non
1055 3331 1247 3392 sponte
1293 3322 1556 3392 fecerunt,
1605 3326 1712 3383 hoe

121 3410 194 3457 est
216 3422 230 3457 :
260 3403 442 3463 Gades
463 3408 522 3462 in
547 3407 768 3466 Galilaa
791 3412 996 3468 montis
1017 3412 1380 3482 Nephthalim,
1407 3414 1627 3474 Sichem
1651 3417 1710 3473 in

118 3503 291 3550 monte
318 3496 607 3568 Ephraim,
649 3508 706 3556 et
733 3500 1068 3568 Cariatarbe,
1093 3505 1212 3574 ipsa
1240 3514 1326 3561 est
1363 3506 1601 3575 Hebron,
1651 3509 1712 3564 in

117 3595 288 3642 monte
312 3587 478 3644 Iuda.
513 3590 584 3646 Et
608 3599 761 3648 trans
788 3592 1080 3650 Jordanem
1106 3605 1296 3652 contra
1319 3599 1712 3656 occidentalem

113 3675 320 3749 plagam
358 3681 604 3748 Iericho,
641 3685 831 3741 urbem
871 3686 1062 3753 Bosor,
1096 3703 1218 3758 quae
1244 3689 1352 3744 sita
1375 3697 1459 3745 est
1481 3691 1534 3745 in
1565 3705 1712 3748 cam-

108 3774 269 3839 pestri
320 3775 619 3834 solitudine
644 3819 659 3844 ,
709 3780 776 3834 de
818 3781 964 3837 tribu
992 3781 1182 3837 Ruben
1213 3801 1226 3836 :
1267 3789 1323 3838 et
1368 3783 1602 3842 Ramoth
1653 3785 1717 3845 in.

106 3858 312 3918 Galaad
353 3865 427 3920 de
455 3867 601 3922 tribu
631 3867 768 3935 Gad,
813 3878 870 3925 et
899 3870 1106 3926 Gaulon
1129 3873 1188 3928 in
1211 3873 1410 3940 Baran,
1440 3875 1510 3931 de
1562 3875 1710 3932 tribu

104 3951 378 4010 laniasse.
421 3954 524 4012 Hae
546 3958 794 4015 civitates
836 3963 1144 4017 constitutae
1175 3972 1302 4019 sunt
1344 3965 1556 4021 cunctis
1584 3965 1712 4024 ﬁliis

101 4043 292 4112 lsrael,
332 4053 393 4100 et
433 4048 663 4105 advenis
707 4050 798 4119 qui
825 4051 1146 4108 habitabant
1180 4055 1324 4110 inter
1351 4069 1444 4112 eos
1467 4063 1528 4112 ut
1557 4055 1712 4127 iuge,-

104 4143 184 4191 ret
217 4135 290 4193 ad
319 4152 420 4193 eas
460 4139 556 4207 qui
583 4139 820 4197 animam
850 4143 1066 4200 nescius
1092 4146 1472 4214 percussisset,
1501 4155 1557 4201 et
1597 4162 1709 4202 non

106 4237 414 4284 moreretur
437 4228 498 4283 in
521 4245 684 4286 manu
712 4233 947 4302 proximi
981 4233 1211 4291 effusum
1239 4237 1558 4308 sanguinem
1590 4239 1708 4294 vin-

111 4317 281 4374 dicare
311 4321 596 4392 cupientis
629 4323 802 4379 donec
837 4334 1009 4382 staret
1032 4335 1160 4384 ante
1189 4329 1446 4400 populum
1489 4330 1706 4400 exposi—

111 4416 251 4466 turus
275 4427 506 4468 causam
531 4429 705 4469 suam.
735 4415 874 4471 Ecce
899 4417 1070 4474 habes
1093 4434 1185 4474 sex
1212 4419 1408 4492 refugii
1427 4421 1698 4478 civitates.

111 4496 263 4568 Quas,
295 4503 345 4557 si
383 4501 585 4574 placet,
611 4504 928 4576 ingredere;
953 4521 1020 4562 ac
1045 4507 1091 4563 si
1119 4507 1259 4564 forte
1291 4524 1392 4580 pro
1421 4511 1702 4568 conscien—

110 4589 176 4642 tia
197 4600 557 4660 peccatorum
581 4591 700 4648 illas
727 4609 847 4663 quae
887 4603 1016 4651 sunt
1057 4596 1115 4650 in
1140 4604 1280 4652 terra
1317 4599 1698 4668 repromissio-

110 4681 204 4744 nis,
233 4683 337 4739 hoc
374 4693 464 4740 est
509 4684 571 4740 in
615 4685 880 4752 Ecclesia,
927 4687 1135 4742 intrare
1177 4705 1288 4746 non
1331 4691 1566 4756 audeas,
1616 4701 1702 4748 est

109 4769 262 4829 Basor-
289 4776 442 4833 circa
468 4775 768 4832 Jordanem
793 4777 852 4834 in
883 4778 1195 4844 solitudine,
1223 4795 1344 4850 quae
1365 4780 1697 4851 interpretato

110 4870 190 4917 tur
211 4869 490 4937 angustia,
541 4866 754 4934 idest,
801 4868 1001 4924 cellula.
1041 4870 1356 4927 monasterii
1397 4886 1566 4940 parva
1613 4872 1698 4928 vel

109 4958 350 5016 modica:
405 4969 467 5016 et
499 4960 714 5032 optime
743 4961 839 5016 tibi
879 4963 1206 5029 conveniet,
1252 4963 1396 5032 quod
1437 4963 1505 5022 de
1547 4973 1700 5024 sorte

108 5045 285 5106 Ruben
311 5060 418 5120 est,
460 5065 520 5108 ec
558 5051 678 5121 ipse
703 5058 788 5107 est
821 5051 912 5120 qui
938 5051 1153 5108 thorum
1173 5054 1345 5124 patris
1379 5055 1464 5111 sui
1501 5071 1688 5113 macu-

108 5137 228 5198 lavit
267 5145 484 5203 illicite.
534 5143 638 5200 Est
661 5152 720 5200 et
748 5144 981 5202 Ramoth
1018 5145 1085 5200 de
1110 5154 1256 5202 sorte
1287 5145 1426 5212 Gad,
1465 5163 1584 5216 quae
1610 5149 1692 5204 in-

108 5240 426 5304 terpretatur
448 5235 673 5295 excelsa
697 5250 868 5303 mors,
893 5235 979 5290 vel
998 5235 1136 5292 visio
1155 5237 1366 5294 mortis.
1391 5237 1534 5296 Vere
1545 5240 1692 5296 enim

109 5328 304 5386 excelsa
343 5347 498 5388 mors
518 5329 843 5402 prenitentia
865 5344 986 5386 esse
1012 5328 1238 5384 dicenda
1263 5337 1368 5395 est,
1395 5343 1521 5384 cum
1548 5344 1694 5386 mor-

110 5418 314 5478 tiﬁcatis
337 5422 614 5480 membris
651 5421 948 5478 deducatur
973 5420 1137 5476 homo
1164 5421 1234 5477 ad
1260 5419 1475 5476 excelsa
1517 5419 1686 5478 coelo-

110 5524 220 5567 rtun
237 5515 380 5572 unde
405 5515 596 5570 fuerat
621 5520 748 5569 ante
775 5513 1042 5584 delapsus.
1082 5511 1377 5581 Sivcjnxta
1406 5512 1564 5568 istam
1593 5512 1692 5570 hu-

109 5605 279 5662 milem
301 5619 548 5664 mortem
575 5621 695 5676 quae
717 5606 1039 5678 generaliter
1061 5606 1208 5664 omni
1227 5606 1382 5662 carni
1415 5605 1690 5668 imminet.

112 5694 193 5750 illa
211 5699 274 5755 ad
308 5700 776 5770 comparationem
800 5696 916 5767 eius
941 5697 1336 5756 rationabiliter
1362 5697 1574 5764 excelsa
1595 5713 1694 5762 nos

113 5789 356 5862 minatur,
382 5795 519 5864 quia
557 5791 784 5850 multum
808 5791 1040 5852 nobilius
1079 5799 1165 5852 est
1191 5806 1288 5863 per
1309 5791 1692 5866 paenitentiam

1822 552 2086 610 visionem
2110 557 2302 612 mortis
2329 556 2534 614 sentire
2568 555 2826 622 velimus,
2872 556 2950 609 ita
2977 565 3158 628 potest
3182 559 3408 638 intelligi

1822 645 1950 715 quia
1979 661 2100 704 cum
2141 662 2326 704 sumus
2367 648 2420 704 in
2467 647 2786 720 pauitantia
2813 647 3132 715 constituti,
3189 658 3245 706 et
3287 662 3412 711 ante

1820 737 2006 793 oculos
2055 739 2214 794 nobis
2257 739 2508 808 ponimus
2559 736 2759 792 inferni
2817 747 3106 807 tormenta,
3163 741 3414 800 videmus

1821 826 1992 897 ipsam
2018 829 2256 898 speciem
2284 829 2496 896 mortis,
2527 827 2594 885 de
2633 843 2738 899 qua
2765 830 3097 900 poenitentia:
3143 833 3411 891 beneﬁcio

1818 918 2114 996 liberemur
2139 937 2153 988 ;
2196 920 2368 976 donec
2397 921 2710 978 memineris
2740 930 2791 976 te
2823 923 2880 978 in
2909 925 3120 980 ancillae
3155 925 3252 980 ﬁlii
3281 927 3411 983 civi-

1820 1018 1930 1066 tate
1973 1026 2135 1082 agere
2161 1013 2561 1083 paenitentiam,
2589 1013 2715 1084 quia
2743 1015 2919 1072 omnis
2945 1016 3038 1087 qui
3072 1029 3266 1090 peccat
3293 1037 3410 1075 ser-

1816 1114 1918 1156 vus
1944 1109 2028 1158 est
2047 1101 2258 1173 peccati
2285 1117 2300 1168 ;
2334 1110 2390 1156 et
2410 1101 2640 1158 formam
2676 1106 2819 1160 servi
2840 1107 3131 1178 accipiens,
3155 1109 3408 1167 humilies

1816 1193 2050 1265 teipsum
2099 1208 2272 1264 usque
2322 1194 2391 1250 ad
2425 1203 2674 1252 mortem.
2732 1194 2831 1252 Est
2874 1195 3082 1256 Gaulon
3127 1202 3181 1255 in
3209 1201 3408 1258 ﬁnibus

1818 1281 2083 1351 Manasse,
2129 1299 2250 1356 quae
2280 1285 2672 1357 interpretatur
2700 1287 2996 1356 volutatio,
3040 1301 3101 1346 ut
3135 1301 3193 1347 tu
3218 1295 3410 1349 memi—

1818 1377 1962 1432 neris
1989 1375 2085 1430 tibi
2115 1377 2171 1432 in
2195 1377 2371 1434 cilicio
2393 1386 2448 1432 et
2476 1379 2660 1435 cinere
2681 1394 2801 1434 esse
2821 1379 3192 1450 volutandum.
3216 1384 3283 1440 Et
3303 1387 3408 1442 hoc

1819 1467 1874 1522 in
1913 1468 2112 1524 ﬁnibus
2150 1469 2432 1538 Manasse,
2483 1473 2575 1542 qui
2633 1472 3020 1543 interpretatur
3067 1473 3298 1543 oblivio,
3347 1486 3410 1532 ut

1818 1558 2154 1616 obliviscaris
2183 1577 2247 1617 ea
2271 1577 2392 1632 qua:
2427 1571 2553 1620 ante
2579 1563 2818 1635 gessisti,
2863 1575 2916 1620 et
2942 1565 2996 1620 in
3023 1565 3208 1636 priora
3236 1575 3290 1621 te
3319 1583 3410 1623 ex-

1818 1651 2025 1708 tendas.
2076 1651 2177 1708 Hic
2207 1668 2338 1724 ergo
2383 1655 2646 1720 inhabita,
2701 1663 2762 1709 ut
2787 1671 2886 1728 per
2912 1657 3192 1728 angustias
3220 1658 3410 1715 mortis

1814 1753 1870 1797 et
1895 1742 2277 1811 volutationis,
2313 1745 2456 1800 iram
2495 1746 2863 1818 persecutoris
2908 1747 3108 1806 evadas
3155 1758 3210 1804 et
3257 1766 3409 1820 spem

1741 1835 1794 1896 Β
1817 1834 2006 1891 salutis
2034 1835 2300 1894 invenias.
2351 1837 2502 1893 Tunc
2527 1838 2722 1896 deinde
2762 1840 2816 1894 in
2845 1839 2929 1895 his
2956 1841 3004 1896 si
3032 1841 3235 1914 aliquid
3263 1842 3411 1898 utili-

1818 1937 1901 1984 ter
1934 1930 2132 2001 egeris,
2172 1931 2338 1987 etiam
2379 1930 2445 1986 ad
2473 1929 2644 1988 Cades
2689 1933 2746 1987 in
2789 1941 2935 1990 terra
2973 1937 3408 2005 repromissionis

1815 2035 1933 2090 qua:
1957 2021 2120 2077 estin
2145 2022 2385 2086 Galilaea,
2421 2023 2628 2094 poteris
2648 2026 2956 2096 pervenire,
3001 2043 3120 2098 quae
3142 2025 3408 2099 interpre-

1815 2121 1964 2168 tatur
1988 2123 2196 2170 sancta.
2238 2113 2309 2172 Ut
2335 2123 2393 2168 tu
2421 2130 2545 2169 cum
2570 2115 2625 2170 in
2657 2116 3007 2172 tribulatione
3031 2120 3409 2192 corruptiones

1813 2206 2100 2276 abjeceris,
2127 2209 2296 2263 etiam
2317 2208 2385 2264 ad
2415 2215 2654 2263 sanctam
2681 2207 2978 2264 Ecclesium
3018 2209 3287 2265 tribuatur
3312 2227 3406 2266 ac-

1811 2314 1998 2355 cessus
2030 2308 2090 2354 ut
2115 2299 2172 2353 in
2202 2298 2549 2369 Nephthalim
2586 2307 2755 2362 sorte,
2792 2300 2883 2370 qui
2928 2299 3125 2355 dicitur
3169 2299 3295 2354 vitis
3323 2315 3407 2354 re-

1812 2391 2083 2456 missa,dc
2109 2399 2450 2449 sacramento
2480 2391 2746 2448 Dominici
2770 2392 3049 2466 sanguinis
3077 2393 3406 2463 participare

1812 2481 2092 2536 merearis.
2127 2480 2233 2536 Sed
2261 2496 2362 2538 nec
2385 2479 2600 2536 Hebron
2631 2481 2728 2537 tibi
2753 2481 2932 2537 aditus
2961 2481 3256 2549 clauditur,
3282 2499 3406 2555 qua:

1811 2574 2198 2645 interpretatur
2223 2571 2535 2644 conjunctio
2567 2574 2682 2630 sive
2706 2574 3034 2648 conjugium.
3079 2575 3405 2631 Revertatur

1811 2669 1955 2724 enim
1980 2667 2160 2722 anima
2190 2673 2278 2724 tua
2317 2667 2385 2722 ad
2411 2666 2589 2721 virum
2616 2683 2796 2734 suum,
2844 2668 2898 2721 id
2921 2675 3006 2721 est
3053 2667 3120 2721 ad
3149 2667 3404 2736 spiritum

1811 2759 1930 2826 Dei,
1960 2777 2118 2832 aquo
2151 2775 2249 2831 pro
2285 2767 2527 2830 tempore
2562 2759 2936 2830 peccaminum
2962 2758 3138 2814 fuerat
3163 2757 3408 2814 viduata.

1813 2849 1906 2906 Sic
1933 2851 2026 2922 qui
2071 2851 2234 2906 etiam
2263 2858 2472 2906 sextam
2513 2851 2788 2907 civitatem
2833 2848 3071 2915 Sichem,
3127 2865 3289 2919 quam
3314 2847 3406 2905 Jo-

1811 2946 1947 3017 seph
1996 2953 2182 3002 noster
2229 2945 2288 3000 in
2325 2944 2696 3002 hereditatem
2735 2943 3086 3013 consequitur
3112 2982 3127 3009 ,
3183 2949 3407 3012 propter

1810 3039 1956 3108 quod
1981 3037 2057 3092 ibi
2083 3036 2327 3107 sepultus
2349 3044 2450 3104 est,
2487 3035 2686 3090 valebit
2713 3035 2939 3100 intrare,
2992 3051 3111 3105 quae
3140 3033 3405 3104 interpre-

1812 3136 1960 3183 tatur
1989 3128 2250 3184 humerus
2280 3127 2393 3184 sive
2431 3127 2607 3193 labor,
2648 3135 2708 3181 ut
2739 3126 3000 3181 ostendas
3032 3134 3085 3180 te
3119 3139 3217 3198 per
3257 3123 3408 3181 labo-

1737 3195 1794 3259 C‘
1813 3237 1928 3278 rem
1950 3221 2285 3294 poenitentia:
2307 3222 2374 3277 ab
2402 3237 2587 3278 errore
2613 3229 2705 3276 tuo
2729 3219 2927 3276 Christi
2949 3195 3193 3286 humeris
3219 3235 3406 3291 repor-

1813 3321 2006 3382 tatum,
2051 3323 2110 3370 ct
2131 3311 2442 3384 adjunctum
2495 3312 2786 3384 nonaginta
2818 3326 3011 3368 novem
3040 3311 3232 3366 ovibus
3277 3307 3407 3366 clie-

1808 3416 2065 3479 ctumque
2117 3407 2494 3473 centesimum,
2525 3407 2649 3477 quia
2684 3406 2805 3478 ipsa
2855 3405 3075 3462 Sichem
3105 3406 3174 3462 ab
3209 3402 3402 3461 alieni-

1809 3502 1963 3572 genis
2012 3508 2234 3558 centum
2263 3501 2418 3573 agnis
2450 3500 2710 3556 scribitur
2737 3508 3072 3569 comparata.

2382 3610 2612 3668 CAPUT
2650 3611 2767 3666 XII.

2227 3683 2305 3738 De
2328 3682 2536 3752 judicio
2572 3682 2984 3751 interfectorum.

1881 3769 2058 3842 (1311).)
2085 3769 2150 3827 Si
2169 3785 2266 3840 per
2289 3769 2468 3824 odium
2487 3769 2605 3838 quis
2625 3768 2888 3828 hominem
2913 3768 3202 3840 impulerit,
3227 3770 3308 3824 uel
3319 3772 3406 3844 je-

1809 3863 1937 3918 cerit
1962 3862 2234 3935 quidpiam
2275 3862 2336 3916 in
2381 3877 2499 3918 eum
2529 3877 2622 3932 per
2656 3861 2923 3927 insidias;
2969 3871 3061 3922 aut
3105 3879 3225 3920 cum
3273 3874 3406 3922 esset

1807 3955 2054 4010 inimicus
2083 3944 2244 4008 manu
2267 3953 2602 4024 percusserit,
2631 3962 2679 4008 et
2706 3951 2795 4008 ille
2815 3962 3050 4007 mortuus
3078 3953 3260 4024 fuerit,
3287 3972 3406 4026 per:

1809 4059 1992 4100 cussor
2015 4043 2288 4114 homicidii
2324 4059 2444 4119 reus
2468 4043 2586 4098 erit.
2631 4039 2898 4112 Cognatas
2928 4044 3105 4107 occisi,
3146 4045 3325 4102 statim
3347 4054 3405 4102 ut

1807 4133 2524 4208 inveneriteum,jugulabit.
2585 4133 2739 4199 Quod
2760 4134 2807 4189 si
2843 4134 3069 4204 fortuitu
3115 4143 3166 4191 et
3207 4135 3403 4214 absque

1807 4227 1928 4282 odio
1953 4235 2001 4282 et
2050 4227 2337 4282 inimicitiis
2384 4226 2670 4302 quidquam
2699 4228 2890 4282 horum
2935 4227 3158 4297 fecerit,
3211 4237 3260 4284 et
3298 4228 3400 4290 hoc

1805 4317 2050 4374 audiente
2067 4318 2260 4391 populo
2285 4318 2442 4388 fuerit
2469 4319 2882 4390 comprobatum,
2925 4329 3080 4391 atque
3111 4320 3249 4390 inter
3273 4337 3394 4389 per-

1805 4427 2067 4466 cussorem
2112 4420 2160 4464 et
2190 4411 2540 4482 propinquum
2564 4411 2837 4482 sanguinis
2863 4411 3084 4480 quaestio
3122 4407 3396 4480 uentilata,

1804 4499 2112 4556 liberabitur
2147 4501 2396 4556 innocens
2442 4501 2506 4555 de
2541 4499 2730 4570 ultoris
2783 4513 2970 4563 manu,
3016 4505 3066 4551 et
3119 4495 3398 4578 reducetur

1802 4609 1893 4663 per
1919 4593 2232 4648 sententiam
2253 4594 2307 4648 in
2333 4592 2514 4650 urbem
2538 4593 2606 4646 ad
2642 4607 2801 4662 quam
2844 4589 3185 4660 confugerat,
3213 4607 3396 4658 mane-

1801 4685 1974 4757 bitque
2016 4685 2108 4752 ibi,
2137 4685 2300 4739 donec
2331 4685 2576 4740 sacerdos
2605 4699 2860 4754 magnus,
2903 4684 2994 4754 qui
3043 4682 3156 4739 oleo
3205 4695 3391 4741 sancto

1799 4787 1989 4836 unctus
2030 4786 2145 4844 est,
2182 4777 2461 4832 moriatur.
2519 4775 2828 4842 Secundum
2871 4775 3154 4834 historiam
3197 4792 3392 4850 sensus

1800 4871 2121 4929 manifestus
2140 4879 2246 4939 est,
2271 4871 2365 4927 ubi
2393 4871 2617 4926 damnat
2643 4868 2910 4928 malitiam
2935 4879 2989 4927 et
3007 4871 3230 4929 incuria:
3263 4888 3392 4928 con-

1801 4965 1949 5032 sulit,
1981 4965 2107 5036 quia
2127 4964 2276 5020 aliud
2311 4973 2395 5020 est
2421 4979 2521 5035 per
2544 4963 2950 5022 meditationem
2976 4979 3200 5034 pravam
3223 4970 3277 5016 et
3305 4962 3390 5018 in-

1800 5057 2066 5122 dustriam
2094 5055 2391 5128 quemlibet
2415 5055 2742 5122 interﬁcere,
2765 5063 2820 5112 et
2839 5055 3215 5112 aliudl‘ortuito
3235 5068 3384 5128 casu,

1796 5151 2046 5220 proximo
2084 5149 2384 5221 periculum
2431 5148 2650 5204 inferre.
2690 5148 3044 5221 Tropologice
3069 5163 3221 5212 vero,
3252 5146 3388 5202 insi-

1799 5248 1933 5296 nuat
1955 5241 2102 5312 quod
2132 5241 2178 5296 si
2205 5240 2328 5310 quis
2346 5255 2446 5311 per
2465 5240 2724 5298 invidiam
2766 5250 2861 5298 aut
2899 5240 3082 5298 odium
3124 5249 3387 5294 mucrone

1798 5328 2020 5386 malitia:
2054 5329 2291 5400 aliquem
2325 5331 2690 5400 percusserit,
2738 5339 2795 5388 et
2823 5331 2879 5384 in
2926 5334 3159 5384 mortem
3187 5325 3384 5381 animae

1797 5421 2098 5488 reduxerit,
2134 5428 2352 5478 aeterna:
2391 5424 2552 5479 morti
2577 5424 2693 5496 ipse
2741 5419 3008 5478 obnoxius
3054 5418 3179 5472 erit.
3229 5414 3384 5473 Unde

1796 5511 1912 5582 ipsa
1942 5511 2156 5568 Veritas
2205 5514 2324 5569 ait:
2375 5512 2434 5569 Si
2477 5516 2596 5588 quis
2639 5509 3070 5568 scandalisaverit
3107 5524 3272 5562 unum
3316 5505 3383 5586 de

1794 5602 1998 5673 pusillis
2026 5602 2140 5660 istis
2161 5605 2251 5675 qui
2279 5606 2335 5660 in
2363 5623 2444 5661 me
2465 5605 2704 5668 credunt,
2730 5602 2934 5672 expedit
2961 5597 3008 5654 ei
3030 5607 3084 5653 ut
3109 5597 3249 5654 mola
3274 5596 3383 5674 asif

1796 5696 1948 5750 naria
1973 5697 2322 5769 suspendatur
2341 5697 2476 5753 collo
2503 5695 2638 5768 ejus,
2661 5703 2720 5772 et‘
2739 5694 3073 5762 demergatur
3092 5692 3147 5746 in
3161 5691 3384 5764 profuit.

1794 5788 2160 5864 dumlxllatth.
2187 5791 2457 5872 xvqin)._Et
2477 5785 2724 5848 Joannes“
2737 5787 2814 5848 ait
2836 5803 2852 5843 :
2891 5785 2995 5864 Qui
3022 5784 3131 5866 odit
3159 5784 3378 5872 fratrem
