  <div class='ocr_page' id='page_1' title='image "/cluster/home/n/w/nwhite01/storage/ocr_20150623/108/hvd.32044015466840/428.png"; bbox 0 0 3890 6340; ppageno 0'>
   <div class='ocr_carea' id='block_1_1' title="bbox 172 261 259 357">
    <p class='ocr_par' dir='ltr' id='par_1_1' title="bbox 172 261 259 357">
     <span class='ocr_line' id='line_1_1' title="bbox 172 261 259 357; baseline 0 -42"><span class='ocrx_word' id='word_1_1' title='bbox 172 261 259 357; x_wconf 75' lang='lat' dir='ltr'><strong>i8M</strong></span> 
     </span>
    </p>
   </div>
   <div class='ocr_carea' id='block_1_2' title="bbox 974 252 2651 347">
    <p class='ocr_par' dir='ltr' id='par_1_2' title="bbox 974 252 2651 347">
     <span class='ocr_line' id='line_1_2' title="bbox 974 252 2651 347; baseline 0.001 -35"><span class='ocrx_word' id='word_1_2' title='bbox 974 252 1376 313; x_wconf 75' lang='lat' dir='ltr'><strong>ENARBATIO</strong></span> <span class='ocrx_word' id='word_1_3' title='bbox 1411 252 1639 347; x_wconf 74' lang='lat' dir='ltr'><strong>SUPER</strong></span> <span class='ocrx_word' id='word_1_4' title='bbox 1676 253 2298 347; x_wconf 63' lang='lat' dir='ltr'><strong>DEUTERONOMIUM.</strong></span> <span class='ocrx_word' id='word_1_5' title='bbox 2329 254 2408 347; x_wconf 44' lang='grc' dir='ltr'><strong>ξ-</strong></span> <span class='ocrx_word' id='word_1_6' title='bbox 2442 256 2568 314; x_wconf 83' lang='lat' dir='ltr'><strong>LIB.</strong></span> <span class='ocrx_word' id='word_1_7' title='bbox 2609 260 2651 314; x_wconf 93' lang='lat' dir='ltr'><strong>l.</strong></span> 
     </span>
    </p>
   </div>
   <div class='ocr_carea' id='block_1_3' title="bbox 3329 270 3438 328">
    <p class='ocr_par' dir='ltr' id='par_1_3' title="bbox 3329 270 3438 328">
     <span class='ocr_line' id='line_1_3' title="bbox 3329 270 3438 328; baseline -0.009 0"><span class='ocrx_word' id='word_1_8' title='bbox 3329 270 3438 328; x_wconf 70' lang='grc'><strong>842</strong></span> 
     </span>
    </p>
   </div>
   <div class='ocr_carea' id='block_1_4' title="bbox 174 344 3436 446">
    <p class='ocr_par' dir='ltr' id='par_1_4' title="bbox 174 344 3436 446">
     <span class='ocr_line' id='line_1_4' title="bbox 174 344 3436 446; baseline 0.001 -16"><span class='ocrx_word' id='word_1_9' title='bbox 174 344 276 433; x_wconf 77' lang='lat' dir='ltr'><strong>haec</strong></span> <span class='ocrx_word' id='word_1_10' title='bbox 309 386 435 429; x_wconf 88' lang='lat' dir='ltr'><strong>cum</strong></span> <span class='ocrx_word' id='word_1_11' title='bbox 473 386 534 429; x_wconf 90' lang='lat' dir='ltr'><strong>se</strong></span> <span class='ocrx_word' id='word_1_12' title='bbox 563 372 640 428; x_wconf 87' lang='lat' dir='ltr'><strong>ita</strong></span> <span class='ocrx_word' id='word_1_13' title='bbox 677 370 936 439; x_wconf 82' lang='lat' dir='ltr'><strong>habeant,</strong></span> <span class='ocrx_word' id='word_1_14' title='bbox 978 348 1258 428; x_wconf 67' lang='lat' dir='ltr'><strong>videamus</strong></span> <span class='ocrx_word' id='word_1_15' title='bbox 1304 372 1435 442; x_wconf 90' lang='lat' dir='ltr'><strong>quid</strong></span> <span class='ocrx_word' id='word_1_16' title='bbox 1481 344 1748 442; x_wconf 67' lang='lat' dir='ltr'><strong>signiﬁcet</strong></span> <span class='ocrx_word' id='word_1_17' title='bbox 1778 377 1827 437; x_wconf 83' lang='grc' dir='ltr'><strong>Α</strong></span> <span class='ocrx_word' id='word_1_18' title='bbox 1851 346 1967 426; x_wconf 82' lang='lat' dir='ltr'><strong>aut</strong></span> <span class='ocrx_word' id='word_1_19' title='bbox 1990 386 2129 428; x_wconf 91' lang='lat' dir='ltr'><strong>unus</strong></span> <span class='ocrx_word' id='word_1_20' title='bbox 2176 346 2339 442; x_wconf 69' lang='lat' dir='ltr'><strong>apex,</strong></span> <span class='ocrx_word' id='word_1_21' title='bbox 2370 358 2479 427; x_wconf 75' lang='lat' dir='ltr'><strong>non</strong></span> <span class='ocrx_word' id='word_1_22' title='bbox 2502 352 2813 443; x_wconf 54' lang='lat' dir='ltr'><strong>&#39;praitcriliit</strong></span> <span class='ocrx_word' id='word_1_23' title='bbox 2839 388 2870 429; x_wconf 89' lang='lat' dir='ltr'><strong>a</strong></span> <span class='ocrx_word' id='word_1_24' title='bbox 2899 373 3017 446; x_wconf 87' lang='lat' dir='ltr'><strong>lege</strong></span> <span class='ocrx_word' id='word_1_25' title='bbox 3052 376 3223 438; x_wconf 87' lang='lat' dir='ltr'><strong>donec</strong></span> <span class='ocrx_word' id='word_1_26' title='bbox 3250 370 3436 442; x_wconf 74' lang='lat' dir='ltr'><strong>omnia</strong></span> 
     </span>
    </p>
   </div>
   <div class='ocr_carea' id='block_1_5' title="bbox 173 459 3437 537">
    <p class='ocr_par' dir='ltr' id='par_1_5' title="bbox 173 459 3437 537">
     <span class='ocr_line' id='line_1_5' title="bbox 173 459 3437 537; baseline 0.003 -17"><span class='ocrx_word' id='word_1_27' title='bbox 173 464 388 536; x_wconf 79' lang='lat' dir='ltr'><strong>Moyses,</strong></span> <span class='ocrx_word' id='word_1_28' title='bbox 413 462 525 534; x_wconf 88' lang='lat' dir='ltr'><strong>&#39;qui</strong></span> <span class='ocrx_word' id='word_1_29' title='bbox 555 463 623 519; x_wconf 82' lang='lat' dir='ltr'><strong>ad</strong></span> <span class='ocrx_word' id='word_1_30' title='bbox 670 460 889 519; x_wconf 86' lang='lat' dir='ltr'><strong>omnem</strong></span> <span class='ocrx_word' id='word_1_31' title='bbox 931 463 1097 519; x_wconf 77' lang='lat' dir='ltr'><strong>Israel</strong></span> <span class='ocrx_word' id='word_1_32' title='bbox 1148 472 1300 520; x_wconf 85' lang='lat' dir='ltr'><strong>trans</strong></span> <span class='ocrx_word' id='word_1_33' title='bbox 1345 463 1636 520; x_wconf 69' lang='lat' dir='ltr'><strong>Iordanem</strong></span> <span class='ocrx_word' id='word_1_34' title='bbox 1684 465 1741 519; x_wconf 84' lang='lat' dir='ltr'><strong>in</strong></span> <span class='ocrx_word' id='word_1_35' title='bbox 1774 470 1795 518; x_wconf 63' lang='grc' dir='ltr'><em>ί</em></span> <span class='ocrx_word' id='word_1_36' title='bbox 1845 459 1977 516; x_wconf 84' lang='lat' dir='ltr'><strong>ﬁant</strong></span> <span class='ocrx_word' id='word_1_37' title='bbox 2002 462 2216 532; x_wconf 74' lang='lat' dir='ltr'><strong>(Matth.</strong></span> <span class='ocrx_word' id='word_1_38' title='bbox 2262 462 2340 533; x_wconf 70' lang='grc' dir='ltr'><strong>γ).</strong></span> <span class='ocrx_word' id='word_1_39' title='bbox 2376 478 2399 515; x_wconf 67' lang='lat' dir='ltr'><strong>r</strong></span> <span class='ocrx_word' id='word_1_40' title='bbox 2437 462 2576 530; x_wconf 88' lang='lat' dir='ltr'><strong>Quid</strong></span> <span class='ocrx_word' id='word_1_41' title='bbox 2604 471 2787 519; x_wconf 85' lang='lat' dir='ltr'><strong>autem</strong></span> <span class='ocrx_word' id='word_1_42' title='bbox 2820 476 2922 534; x_wconf 83' lang='lat' dir='ltr'><strong>per</strong></span> <span class='ocrx_word' id='word_1_43' title='bbox 2944 465 3174 537; x_wconf 86' lang='lat' dir='ltr'><strong>ﬁguram</strong></span> <span class='ocrx_word' id='word_1_44' title='bbox 3207 471 3437 534; x_wconf 70' lang='lat' dir='ltr'><strong>induant</strong></span> 
     </span>
    </p>
   </div>
   <div class='ocr_carea' id='block_1_6' title="bbox 172 553 1741 624">
    <p class='ocr_par' dir='ltr' id='par_1_6' title="bbox 172 553 1741 624">
     <span class='ocr_line' id='line_1_6' title="bbox 172 553 1741 624; baseline -0.003 -11"><span class='ocrx_word' id='word_1_45' title='bbox 172 553 446 613; x_wconf 72' lang='lat' dir='ltr'><strong>solitudine</strong></span> <span class='ocrx_word' id='word_1_46' title='bbox 493 554 785 624; x_wconf 72' lang='lat' dir='ltr'><strong>campestri</strong></span> <span class='ocrx_word' id='word_1_47' title='bbox 814 561 1004 610; x_wconf 89' lang='lat' dir='ltr'><strong>contra</strong></span> <span class='ocrx_word' id='word_1_48' title='bbox 1033 566 1187 609; x_wconf 87' lang='lat' dir='ltr'><strong>mare</strong></span> <span class='ocrx_word' id='word_1_49' title='bbox 1210 553 1561 619; x_wconf 82' lang='lat' dir='ltr'><strong>Rubrum,in</strong></span> <span class='ocrx_word' id='word_1_50' title='bbox 1609 554 1741 612; x_wconf 83' lang='lat' dir='ltr'><strong>locis</strong></span> 
     </span>
    </p>
   </div>
   <div class='ocr_carea' id='block_1_7' title="bbox 172 645 1739 718">
    <p class='ocr_par' dir='ltr' id='par_1_7' title="bbox 172 645 1739 718">
     <span class='ocr_line' id='line_1_7' title="bbox 172 645 1739 718; baseline 0.001 -17"><span class='ocrx_word' id='word_1_51' title='bbox 172 647 252 718; x_wconf 88' lang='lat' dir='ltr'><strong>qui</strong></span> <span class='ocrx_word' id='word_1_52' title='bbox 277 653 672 717; x_wconf 89' lang='lat' dir='ltr'><strong>consequenter</strong></span> <span class='ocrx_word' id='word_1_53' title='bbox 696 645 869 700; x_wconf 89' lang='lat' dir='ltr'><strong>notati</strong></span> <span class='ocrx_word' id='word_1_54' title='bbox 916 650 1060 711; x_wconf 89' lang='lat' dir='ltr'><strong>sunt,</strong></span> <span class='ocrx_word' id='word_1_55' title='bbox 1112 645 1326 700; x_wconf 86' lang='lat' dir='ltr'><strong>locutus</strong></span> <span class='ocrx_word' id='word_1_56' title='bbox 1364 653 1467 699; x_wconf 89' lang='lat' dir='ltr'><strong>est.</strong></span> <span class='ocrx_word' id='word_1_57' title='bbox 1519 645 1739 716; x_wconf 78' lang='lat' dir='ltr'><strong>Moysen</strong></span> 
     </span>
    </p>
   </div>
   <div class='ocr_carea' id='block_1_8' title="bbox 171 735 1742 808">
    <p class='ocr_par' dir='ltr' id='par_1_8' title="bbox 171 735 1742 808">
     <span class='ocr_line' id='line_1_8' title="bbox 171 735 1742 808; baseline 0 -16"><span class='ocrx_word' id='word_1_58' title='bbox 171 738 297 793; x_wconf 90' lang='lat' dir='ltr'><strong>enim</strong></span> <span class='ocrx_word' id='word_1_59' title='bbox 335 745 524 808; x_wconf 81' lang='lat' dir='ltr'><strong>typum</strong></span> <span class='ocrx_word' id='word_1_60' title='bbox 554 735 691 808; x_wconf 82' lang='lat' dir='ltr'><strong>legis</strong></span> <span class='ocrx_word' id='word_1_61' title='bbox 741 736 943 793; x_wconf 75' lang='lat' dir='ltr'><strong>veteris</strong></span> <span class='ocrx_word' id='word_1_62' title='bbox 986 735 1189 792; x_wconf 81' lang='lat' dir='ltr'><strong>habere</strong></span> <span class='ocrx_word' id='word_1_63' title='bbox 1215 735 1475 792; x_wconf 84' lang='lat' dir='ltr'><strong>omnibus</strong></span> <span class='ocrx_word' id='word_1_64' title='bbox 1511 737 1742 792; x_wconf 81' lang='lat' dir='ltr'><strong>manife-</strong></span> 
     </span>
    </p>
   </div>
   <div class='ocr_carea' id='block_1_9' title="bbox 168 826 1742 899">
    <p class='ocr_par' dir='ltr' id='par_1_9' title="bbox 168 826 1742 899">
     <span class='ocr_line' id='line_1_9' title="bbox 168 826 1742 899; baseline -0.001 -14"><span class='ocrx_word' id='word_1_65' title='bbox 168 838 295 886; x_wconf 84' lang='lat' dir='ltr'><strong>stum</strong></span> <span class='ocrx_word' id='word_1_66' title='bbox 319 837 428 895; x_wconf 90' lang='lat' dir='ltr'><strong>est,</strong></span> <span class='ocrx_word' id='word_1_67' title='bbox 452 829 542 898; x_wconf 91' lang='lat' dir='ltr'><strong>qui</strong></span> <span class='ocrx_word' id='word_1_68' title='bbox 573 832 724 883; x_wconf 88' lang='lat' dir='ltr'><strong>trans</strong></span> <span class='ocrx_word' id='word_1_69' title='bbox 749 826 1037 883; x_wconf 67' lang='lat' dir='ltr'><strong>Iordanem</strong></span> <span class='ocrx_word' id='word_1_70' title='bbox 1058 828 1115 882; x_wconf 88' lang='lat' dir='ltr'><strong>in</strong></span> <span class='ocrx_word' id='word_1_71' title='bbox 1134 827 1429 884; x_wconf 81' lang='lat' dir='ltr'><strong>solitudine</strong></span> <span class='ocrx_word' id='word_1_72' title='bbox 1444 827 1742 899; x_wconf 66' lang='lat' dir='ltr'><strong>‘mmpestri</strong></span> 
     </span>
    </p>
   </div>
   <div class='ocr_carea' id='block_1_10' title="bbox 165 918 1742 994">
    <p class='ocr_par' dir='ltr' id='par_1_10' title="bbox 165 918 1742 994">
     <span class='ocr_line' id='line_1_10' title="bbox 165 918 1742 994; baseline -0.001 -17"><span class='ocrx_word' id='word_1_73' title='bbox 165 920 408 994; x_wconf 87' lang='lat' dir='ltr'><strong>populum</strong></span> <span class='ocrx_word' id='word_1_74' title='bbox 440 919 641 977; x_wconf 85' lang='lat' dir='ltr'><strong>docuit.</strong></span> <span class='ocrx_word' id='word_1_75' title='bbox 672 918 926 977; x_wconf 76' lang='lat' dir='ltr'><strong>Iordanis</strong></span> <span class='ocrx_word' id='word_1_76' title='bbox 963 920 1133 986; x_wconf 89' lang='lat' dir='ltr'><strong>enim,</strong></span> <span class='ocrx_word' id='word_1_77' title='bbox 1163 934 1265 991; x_wconf 88' lang='lat' dir='ltr'><strong>pro</strong></span> <span class='ocrx_word' id='word_1_78' title='bbox 1291 934 1360 975; x_wconf 88' lang='lat' dir='ltr'><strong>eo</strong></span> <span class='ocrx_word' id='word_1_79' title='bbox 1382 920 1526 990; x_wconf 83' lang='lat' dir='ltr'><strong>quod</strong></span> <span class='ocrx_word' id='word_1_80' title='bbox 1555 919 1742 975; x_wconf 75' lang='lat' dir='ltr'><strong>Salva-</strong></span> 
     </span>
    </p>
   </div>
   <div class='ocr_carea' id='block_1_11' title="bbox 166 1008 1738 1084">
    <p class='ocr_par' dir='ltr' id='par_1_11' title="bbox 166 1008 1738 1084">
     <span class='ocr_line' id='line_1_11' title="bbox 166 1008 1738 1084; baseline -0.003 -15"><span class='ocrx_word' id='word_1_81' title='bbox 166 1023 242 1069; x_wconf 88' lang='lat' dir='ltr'><strong>tor</strong></span> <span class='ocrx_word' id='word_1_82' title='bbox 282 1012 335 1067; x_wconf 92' lang='lat' dir='ltr'><strong>in</strong></span> <span class='ocrx_word' id='word_1_83' title='bbox 368 1010 461 1068; x_wconf 91' lang='lat' dir='ltr'><strong>illo</strong></span> <span class='ocrx_word' id='word_1_84' title='bbox 486 1011 792 1084; x_wconf 83' lang='lat' dir='ltr'><strong>baptizatus</strong></span> <span class='ocrx_word' id='word_1_85' title='bbox 818 1008 925 1078; x_wconf 86' lang='lat' dir='ltr'><strong>est,</strong></span> <span class='ocrx_word' id='word_1_86' title='bbox 964 1019 1152 1082; x_wconf 85' lang='lat' dir='ltr'><strong>typum</strong></span> <span class='ocrx_word' id='word_1_87' title='bbox 1199 1018 1351 1067; x_wconf 90' lang='lat' dir='ltr'><strong>tenet</strong></span> <span class='ocrx_word' id='word_1_88' title='bbox 1377 1010 1738 1082; x_wconf 80' lang='lat' dir='ltr'><strong>baptismatis.</strong></span> 
     </span>
    </p>
   </div>
   <div class='ocr_carea' id='block_1_12' title="bbox 163 1100 1741 1175">
    <p class='ocr_par' dir='ltr' id='par_1_12' title="bbox 163 1100 1741 1175">
     <span class='ocr_line' id='line_1_12' title="bbox 163 1100 1741 1175; baseline -0.003 -15"><span class='ocrx_word' id='word_1_89' title='bbox 163 1103 225 1160; x_wconf 86' lang='lat' dir='ltr'><strong>Et</strong></span> <span class='ocrx_word' id='word_1_90' title='bbox 250 1103 464 1175; x_wconf 84' lang='lat' dir='ltr'><strong>Moyses</strong></span> <span class='ocrx_word' id='word_1_91' title='bbox 506 1110 657 1159; x_wconf 89' lang='lat' dir='ltr'><strong>trans</strong></span> <span class='ocrx_word' id='word_1_92' title='bbox 681 1100 972 1158; x_wconf 69' lang='lat' dir='ltr'><strong>Iordanem</strong></span> <span class='ocrx_word' id='word_1_93' title='bbox 993 1102 1161 1158; x_wconf 87' lang='lat' dir='ltr'><strong>Israel</strong></span> <span class='ocrx_word' id='word_1_94' title='bbox 1211 1101 1411 1166; x_wconf 88' lang='lat' dir='ltr'><strong>docuit,</strong></span> <span class='ocrx_word' id='word_1_95' title='bbox 1457 1102 1583 1171; x_wconf 86' lang='lat' dir='ltr'><strong>quia</strong></span> <span class='ocrx_word' id='word_1_96' title='bbox 1615 1107 1741 1156; x_wconf 83' lang='lat' dir='ltr'><strong>ante</strong></span> 
     </span>
    </p>
   </div>
   <div class='ocr_carea' id='block_1_13' title="bbox 112 1190 1741 1263">
    <p class='ocr_par' dir='ltr' id='par_1_13' title="bbox 112 1190 1741 1263">
     <span class='ocr_line' id='line_1_13' title="bbox 112 1190 1741 1263; baseline 0.002 -20"><span class='ocrx_word' id='word_1_97' title='bbox 112 1233 120 1243; x_wconf 91' lang='lat'><strong>.</strong></span> <span class='ocrx_word' id='word_1_98' title='bbox 162 1192 587 1248; x_wconf 82' lang='lat' dir='ltr'><strong>conStitutionem</strong></span> <span class='ocrx_word' id='word_1_99' title='bbox 623 1191 974 1263; x_wconf 90' lang='lat' dir='ltr'><strong>baptismatis</strong></span> <span class='ocrx_word' id='word_1_100' title='bbox 1002 1200 1057 1247; x_wconf 90' lang='lat' dir='ltr'><strong>et</strong></span> <span class='ocrx_word' id='word_1_101' title='bbox 1087 1190 1220 1248; x_wconf 87' lang='lat' dir='ltr'><strong>Novi</strong></span> <span class='ocrx_word' id='word_1_102' title='bbox 1251 1192 1586 1247; x_wconf 86' lang='lat' dir='ltr'><strong>Testamenti</strong></span> <span class='ocrx_word' id='word_1_103' title='bbox 1616 1204 1741 1263; x_wconf 85' lang='lat' dir='ltr'><strong>gra-</strong></span> 
     </span>
    </p>
   </div>
   <div class='ocr_carea' id='block_1_14' title="bbox 163 1282 1744 1355">
    <p class='ocr_par' dir='ltr' id='par_1_14' title="bbox 163 1282 1744 1355">
     <span class='ocr_line' id='line_1_14' title="bbox 163 1282 1744 1355; baseline -0.001 -16"><span class='ocrx_word' id='word_1_104' title='bbox 163 1284 278 1340; x_wconf 85' lang='lat' dir='ltr'><strong>tiam</strong></span> <span class='ocrx_word' id='word_1_105' title='bbox 299 1283 387 1340; x_wconf 85' lang='lat' dir='ltr'><strong>lex</strong></span> <span class='ocrx_word' id='word_1_106' title='bbox 416 1284 654 1355; x_wconf 87' lang='lat' dir='ltr'><strong>priorem</strong></span> <span class='ocrx_word' id='word_1_107' title='bbox 698 1284 955 1355; x_wconf 87' lang='lat' dir='ltr'><strong>populum</strong></span> <span class='ocrx_word' id='word_1_108' title='bbox 989 1284 1057 1339; x_wconf 90' lang='lat' dir='ltr'><strong>de</strong></span> <span class='ocrx_word' id='word_1_109' title='bbox 1087 1283 1361 1338; x_wconf 85' lang='lat' dir='ltr'><strong>mandatis</strong></span> <span class='ocrx_word' id='word_1_110' title='bbox 1390 1283 1488 1338; x_wconf 87' lang='lat' dir='ltr'><strong>Dei</strong></span> <span class='ocrx_word' id='word_1_111' title='bbox 1518 1282 1744 1338; x_wconf 83' lang='lat' dir='ltr'><strong>instruit</strong></span> 
     </span>
    </p>
   </div>
   <div class='ocr_carea' id='block_1_15' title="bbox 160 1374 1743 1445">
    <p class='ocr_par' dir='ltr' id='par_1_15' title="bbox 160 1374 1743 1445">
     <span class='ocr_line' id='line_1_15' title="bbox 160 1374 1743 1445; baseline -0.001 -14"><span class='ocrx_word' id='word_1_112' title='bbox 160 1384 208 1431; x_wconf 89' lang='lat' dir='ltr'><strong>et</strong></span> <span class='ocrx_word' id='word_1_113' title='bbox 235 1378 331 1431; x_wconf 87' lang='lat' dir='ltr'><strong>hoc</strong></span> <span class='ocrx_word' id='word_1_114' title='bbox 360 1376 417 1431; x_wconf 90' lang='lat' dir='ltr'><strong>in</strong></span> <span class='ocrx_word' id='word_1_115' title='bbox 448 1376 733 1432; x_wconf 90' lang='lat' dir='ltr'><strong>solitudine</strong></span> <span class='ocrx_word' id='word_1_116' title='bbox 762 1376 1078 1445; x_wconf 86' lang='lat' dir='ltr'><strong>campestri,</strong></span> <span class='ocrx_word' id='word_1_117' title='bbox 1104 1375 1209 1430; x_wconf 91' lang='lat' dir='ltr'><strong>hoc</strong></span> <span class='ocrx_word' id='word_1_118' title='bbox 1234 1380 1341 1439; x_wconf 91' lang='lat' dir='ltr'><strong>est,</strong></span> <span class='ocrx_word' id='word_1_119' title='bbox 1369 1374 1425 1429; x_wconf 88' lang='lat' dir='ltr'><strong>in</strong></span> <span class='ocrx_word' id='word_1_120' title='bbox 1457 1374 1743 1429; x_wconf 67' lang='lat' dir='ltr'><strong>sterilitate</strong></span> 
     </span>
    </p>
   </div>
   <div class='ocr_carea' id='block_1_16' title="bbox 160 1460 1744 1539">
    <p class='ocr_par' dir='ltr' id='par_1_16' title="bbox 160 1460 1744 1539">
     <span class='ocr_line' id='line_1_16' title="bbox 160 1460 1744 1539; baseline -0.002 -16"><span class='ocrx_word' id='word_1_121' title='bbox 160 1465 383 1523; x_wconf 84' lang='lat' dir='ltr'><strong>carnalis</strong></span> <span class='ocrx_word' id='word_1_122' title='bbox 430 1467 628 1539; x_wconf 88' lang='lat' dir='ltr'><strong>plebis,</strong></span> <span class='ocrx_word' id='word_1_123' title='bbox 679 1483 799 1538; x_wconf 75' lang='lat' dir='ltr'><strong>quae</strong></span> <span class='ocrx_word' id='word_1_124' title='bbox 848 1467 1148 1538; x_wconf 86' lang='lat' dir='ltr'><strong>spiritalem</strong></span> <span class='ocrx_word' id='word_1_125' title='bbox 1180 1460 1744 1520; x_wconf 50' lang='lat' dir='ltr'><strong>Virtutum-fructum</strong></span> 
     </span>
    </p>
   </div>
   <div class='ocr_carea' id='block_1_17' title="bbox 156 1554 1740 1630">
    <p class='ocr_par' dir='ltr' id='par_1_17' title="bbox 156 1554 1740 1630">
     <span class='ocr_line' id='line_1_17' title="bbox 156 1554 1740 1630; baseline -0.001 -18"><span class='ocrx_word' id='word_1_126' title='bbox 156 1559 363 1630; x_wconf 82' lang='lat' dir='ltr'><strong>gignere</strong></span> <span class='ocrx_word' id='word_1_127' title='bbox 400 1560 702 1615; x_wconf 87' lang='lat' dir='ltr'><strong>nesciebat.</strong></span> <span class='ocrx_word' id='word_1_128' title='bbox 754 1557 959 1614; x_wconf 87' lang='lat' dir='ltr'><strong>Contra</strong></span> <span class='ocrx_word' id='word_1_129' title='bbox 990 1556 1243 1612; x_wconf 75' lang='lat' dir='ltr'><strong>videlicet</strong></span> <span class='ocrx_word' id='word_1_130' title='bbox 1290 1570 1452 1611; x_wconf 84' lang='lat' dir='ltr'><strong>mare</strong></span> <span class='ocrx_word' id='word_1_131' title='bbox 1473 1554 1740 1623; x_wconf 85' lang='lat' dir='ltr'><strong>Rubrum,</strong></span> 
     </span>
    </p>
   </div>
   <div class='ocr_carea' id='block_1_18' title="bbox 155 1646 1741 1719">
    <p class='ocr_par' dir='ltr' id='par_1_18' title="bbox 155 1646 1741 1719">
     <span class='ocr_line' id='line_1_18' title="bbox 155 1646 1741 1719; baseline -0.001 -17"><span class='ocrx_word' id='word_1_132' title='bbox 155 1648 272 1718; x_wconf 84' lang='lat' dir='ltr'><strong>quia</strong></span> <span class='ocrx_word' id='word_1_133' title='bbox 293 1649 429 1704; x_wconf 84' lang='lat' dir='ltr'><strong>dura</strong></span> <span class='ocrx_word' id='word_1_134' title='bbox 453 1662 609 1705; x_wconf 86' lang='lat' dir='ltr'><strong>mens</strong></span> <span class='ocrx_word' id='word_1_135' title='bbox 645 1648 1005 1719; x_wconf 87' lang='lat' dir='ltr'><strong>reproborum</strong></span> <span class='ocrx_word' id='word_1_136' title='bbox 1033 1646 1364 1701; x_wconf 89' lang='lat' dir='ltr'><strong>ablutionem</strong></span> <span class='ocrx_word' id='word_1_137' title='bbox 1390 1653 1741 1717; x_wconf 81' lang='lat' dir='ltr'><strong>peccatorum</strong></span> 
     </span>
    </p>
   </div>
   <div class='ocr_carea' id='block_1_19' title="bbox 1843 553 3438 626">
    <p class='ocr_par' dir='ltr' id='par_1_19' title="bbox 1843 553 3438 626">
     <span class='ocr_line' id='line_1_19' title="bbox 1843 553 3438 626; baseline 0.013 -23"><span class='ocrx_word' id='word_1_138' title='bbox 1843 553 2195 623; x_wconf 84' lang='lat' dir='ltr'><strong>quadraginta</strong></span> <span class='ocrx_word' id='word_1_139' title='bbox 2206 554 2361 620; x_wconf 83' lang='lat' dir='ltr'><strong>anni,</strong></span> <span class='ocrx_word' id='word_1_140' title='bbox 2375 554 2573 625; x_wconf 79' lang='lat' dir='ltr'><strong>quibus</strong></span> <span class='ocrx_word' id='word_1_141' title='bbox 2593 555 2863 611; x_wconf 82' lang='lat' dir='ltr'><strong>laboriose</strong></span> <span class='ocrx_word' id='word_1_142' title='bbox 2880 559 3136 626; x_wconf 76' lang='lat' dir='ltr'><strong>peractis,</strong></span> <span class='ocrx_word' id='word_1_143' title='bbox 3157 560 3253 616; x_wconf 86' lang='lat' dir='ltr'><strong>ﬁlii</strong></span> <span class='ocrx_word' id='word_1_144' title='bbox 3273 558 3438 624; x_wconf 74' lang='lat' dir='ltr'><strong>Israel</strong></span> 
     </span>
    </p>
   </div>
   <div class='ocr_carea' id='block_1_20' title="bbox 1840 646 3438 715">
    <p class='ocr_par' dir='ltr' id='par_1_20' title="bbox 1840 646 3438 715">
     <span class='ocr_line' id='line_1_20' title="bbox 1840 646 3438 715; baseline 0.011 -17"><span class='ocrx_word' id='word_1_145' title='bbox 1840 646 1911 698; x_wconf 86' lang='lat' dir='ltr'><strong>ad</strong></span> <span class='ocrx_word' id='word_1_146' title='bbox 1975 647 2413 715; x_wconf 82' lang='lat' dir='ltr'><strong>repromissionis</strong></span> <span class='ocrx_word' id='word_1_147' title='bbox 2470 654 2677 702; x_wconf 87' lang='lat' dir='ltr'><strong>terram</strong></span> <span class='ocrx_word' id='word_1_148' title='bbox 2746 649 3132 706; x_wconf 80' lang='lat' dir='ltr'><strong>transierunt?</strong></span> <span class='ocrx_word' id='word_1_149' title='bbox 3185 654 3438 715; x_wconf 83' lang='lat' dir='ltr'><strong>Dicemus</strong></span> 
     </span>
    </p>
   </div>
   <div class='ocr_carea' id='block_1_21' title="bbox 1842 736 3441 807">
    <p class='ocr_par' dir='ltr' id='par_1_21' title="bbox 1842 736 3441 807">
     <span class='ocr_line' id='line_1_21' title="bbox 1842 736 3441 807; baseline 0.008 -17"><span class='ocrx_word' id='word_1_150' title='bbox 1842 736 2041 807; x_wconf 83' lang='lat' dir='ltr'><strong>quippe</strong></span> <span class='ocrx_word' id='word_1_151' title='bbox 2066 750 2165 807; x_wconf 84' lang='lat' dir='ltr'><strong>per</strong></span> <span class='ocrx_word' id='word_1_152' title='bbox 2186 737 2287 793; x_wconf 87' lang='lat' dir='ltr'><strong>hos</strong></span> <span class='ocrx_word' id='word_1_153' title='bbox 2306 738 2672 807; x_wconf 69' lang='lat' dir='ltr'><strong>quadraginta</strong></span> <span class='ocrx_word' id='word_1_154' title='bbox 2696 750 2872 794; x_wconf 84' lang='lat' dir='ltr'><strong>annos</strong></span> <span class='ocrx_word' id='word_1_155' title='bbox 2902 747 3079 797; x_wconf 84' lang='lat' dir='ltr'><strong>totum</strong></span> <span class='ocrx_word' id='word_1_156' title='bbox 3094 743 3283 799; x_wconf 66' lang='lat' dir='ltr'><strong>smwli</strong></span> <span class='ocrx_word' id='word_1_157' title='bbox 3304 754 3441 803; x_wconf 78' lang='lat' dir='ltr'><strong>tem-</strong></span> 
     </span>
    </p>
   </div>
   <div class='ocr_carea' id='block_1_22' title="bbox 1840 827 3438 899">
    <p class='ocr_par' dir='ltr' id='par_1_22' title="bbox 1840 827 3438 899">
     <span class='ocr_line' id='line_1_22' title="bbox 1840 827 3438 899; baseline 0.008 -18"><span class='ocrx_word' id='word_1_158' title='bbox 1840 840 1946 898; x_wconf 85' lang='lat' dir='ltr'><strong>pus</strong></span> <span class='ocrx_word' id='word_1_159' title='bbox 1972 827 2358 899; x_wconf 84' lang='lat' dir='ltr'><strong>signiﬁcatum,</strong></span> <span class='ocrx_word' id='word_1_160' title='bbox 2382 829 2441 883; x_wconf 90' lang='lat' dir='ltr'><strong>in</strong></span> <span class='ocrx_word' id='word_1_161' title='bbox 2467 842 2585 898; x_wconf 80' lang='lat' dir='ltr'><strong>quo</strong></span> <span class='ocrx_word' id='word_1_162' title='bbox 2600 828 2737 883; x_wconf 85' lang='lat' dir='ltr'><strong>vivit</strong></span> <span class='ocrx_word' id='word_1_163' title='bbox 2758 828 3001 889; x_wconf 85' lang='lat' dir='ltr'><strong>Ecclesia</strong></span> <span class='ocrx_word' id='word_1_164' title='bbox 3032 836 3134 890; x_wconf 85' lang='lat' dir='ltr'><strong>sub</strong></span> <span class='ocrx_word' id='word_1_165' title='bbox 3159 834 3438 894; x_wconf 72' lang='lat' dir='ltr'><strong>laboribus</strong></span> 
     </span>
    </p>
   </div>
   <div class='ocr_carea' id='block_1_23' title="bbox 1840 918 3440 995">
    <p class='ocr_par' dir='ltr' id='par_1_23' title="bbox 1840 918 3440 995">
     <span class='ocr_line' id='line_1_23' title="bbox 1840 918 3440 995; baseline 0.006 -22"><span class='ocrx_word' id='word_1_166' title='bbox 1840 918 2341 988; x_wconf 65' lang='lat' dir='ltr'><strong>mutationibusque</strong></span> <span class='ocrx_word' id='word_1_167' title='bbox 2370 918 2690 989; x_wconf 78' lang='lat' dir='ltr'><strong>periculosis</strong></span> <span class='ocrx_word' id='word_1_168' title='bbox 2706 959 2722 985; x_wconf 91' lang='lat'><strong>,</strong></span> <span class='ocrx_word' id='word_1_169' title='bbox 2752 924 3021 991; x_wconf 86' lang='lat' dir='ltr'><strong>sperando</strong></span> <span class='ocrx_word' id='word_1_170' title='bbox 3044 925 3192 995; x_wconf 78' lang='lat' dir='ltr'><strong>quod</strong></span> <span class='ocrx_word' id='word_1_171' title='bbox 3219 941 3330 982; x_wconf 84' lang='lat' dir='ltr'><strong>non</strong></span> <span class='ocrx_word' id='word_1_172' title='bbox 3355 929 3440 989; x_wconf 75' lang='lat' dir='ltr'><strong>vi—</strong></span> 
     </span>
    </p>
   </div>
   <div class='ocr_carea' id='block_1_24' title="bbox 1840 1008 3437 1085">
    <p class='ocr_par' dir='ltr' id='par_1_24' title="bbox 1840 1008 3437 1085">
     <span class='ocr_line' id='line_1_24' title="bbox 1840 1008 3437 1085; baseline 0.009 -22"><span class='ocrx_word' id='word_1_173' title='bbox 1840 1008 1936 1065; x_wconf 86' lang='lat' dir='ltr'><strong>det</strong></span> <span class='ocrx_word' id='word_1_174' title='bbox 1965 1022 2067 1079; x_wconf 86' lang='lat' dir='ltr'><strong>per</strong></span> <span class='ocrx_word' id='word_1_175' title='bbox 2090 1008 2435 1080; x_wconf 76' lang='lat' dir='ltr'><strong>patientiam,</strong></span> <span class='ocrx_word' id='word_1_176' title='bbox 2456 1022 2740 1082; x_wconf 79' lang='lat' dir='ltr'><strong>quousque</strong></span> <span class='ocrx_word' id='word_1_177' title='bbox 2774 1014 2844 1069; x_wconf 90' lang='lat' dir='ltr'><strong>ad</strong></span> <span class='ocrx_word' id='word_1_178' title='bbox 2866 1017 3193 1085; x_wconf 78' lang='lat' dir='ltr'><strong>promissam</strong></span> <span class='ocrx_word' id='word_1_179' title='bbox 3216 1022 3437 1078; x_wconf 61' lang='lat' dir='ltr'><strong>aeterna:</strong></span> 
     </span>
    </p>
   </div>
   <div class='ocr_carea' id='block_1_25' title="bbox 1842 1098 3436 1183">
    <p class='ocr_par' dir='ltr' id='par_1_25' title="bbox 1842 1098 3436 1183">
     <span class='ocr_line' id='line_1_25' title="bbox 1842 1098 3436 1183; baseline 0.009 -29"><span class='ocrx_word' id='word_1_180' title='bbox 1842 1098 2127 1156; x_wconf 70' lang='lat' dir='ltr'><strong>felicitatis</strong></span> <span class='ocrx_word' id='word_1_181' title='bbox 2152 1101 2439 1171; x_wconf 75' lang='lat' dir='ltr'><strong>perveniat</strong></span> <span class='ocrx_word' id='word_1_182' title='bbox 2472 1102 2726 1173; x_wconf 84' lang='lat' dir='ltr'><strong>patriam.</strong></span> <span class='ocrx_word' id='word_1_183' title='bbox 2761 1103 2889 1160; x_wconf 84' lang='lat' dir='ltr'><strong>ideo</strong></span> <span class='ocrx_word' id='word_1_184' title='bbox 2919 1116 2975 1161; x_wconf 88' lang='lat' dir='ltr'><strong>et</strong></span> <span class='ocrx_word' id='word_1_185' title='bbox 2999 1108 3262 1169; x_wconf 87' lang='lat' dir='ltr'><strong>Dominus</strong></span> <span class='ocrx_word' id='word_1_186' title='bbox 3300 1122 3436 1183; x_wconf 81' lang='lat' dir='ltr'><strong>qua-</strong></span> 
     </span>
    </p>
   </div>
   <div class='ocr_carea' id='block_1_26' title="bbox 1844 1192 3436 1274">
    <p class='ocr_par' dir='ltr' id='par_1_26' title="bbox 1844 1192 3436 1274">
     <span class='ocr_line' id='line_1_26' title="bbox 1844 1192 3436 1274; baseline 0.011 -26"><span class='ocrx_word' id='word_1_187' title='bbox 1844 1192 2091 1266; x_wconf 87' lang='lat' dir='ltr'><strong>draginta</strong></span> <span class='ocrx_word' id='word_1_188' title='bbox 2119 1194 2313 1250; x_wconf 83' lang='lat' dir='ltr'><strong>diebus</strong></span> <span class='ocrx_word' id='word_1_189' title='bbox 2352 1193 2641 1266; x_wconf 66' lang='lat' dir='ltr'><strong>jejumvit,</strong></span> <span class='ocrx_word' id='word_1_190' title='bbox 2683 1207 2739 1253; x_wconf 91' lang='lat' dir='ltr'><strong>et</strong></span> <span class='ocrx_word' id='word_1_191' title='bbox 2779 1201 3134 1274; x_wconf 78' lang='lat' dir='ltr'><strong>quadraginta</strong></span> <span class='ocrx_word' id='word_1_192' title='bbox 3178 1209 3436 1265; x_wconf 74' lang='lat' dir='ltr'><strong>noctibds</strong></span> 
     </span>
    </p>
   </div>
   <div class='ocr_carea' id='block_1_27' title="bbox 1842 1289 3437 1369">
    <p class='ocr_par' dir='ltr' id='par_1_27' title="bbox 1842 1289 3437 1369">
     <span class='ocr_line' id='line_1_27' title="bbox 1842 1289 3437 1369; baseline 0.008 -25"><span class='ocrx_word' id='word_1_193' title='bbox 1842 1294 2087 1345; x_wconf 87' lang='lat' dir='ltr'><strong>tentatus</strong></span> <span class='ocrx_word' id='word_1_194' title='bbox 2114 1296 2203 1344; x_wconf 92' lang='lat' dir='ltr'><strong>est</strong></span> <span class='ocrx_word' id='word_1_195' title='bbox 2226 1289 2282 1343; x_wconf 91' lang='lat' dir='ltr'><strong>in</strong></span> <span class='ocrx_word' id='word_1_196' title='bbox 2309 1302 2516 1345; x_wconf 88' lang='lat' dir='ltr'><strong>eremo.</strong></span> <span class='ocrx_word' id='word_1_197' title='bbox 2574 1290 2786 1360; x_wconf 89' lang='lat' dir='ltr'><strong>Corpus</strong></span> <span class='ocrx_word' id='word_1_198' title='bbox 2822 1290 2969 1349; x_wconf 88' lang='lat' dir='ltr'><strong>enim</strong></span> <span class='ocrx_word' id='word_1_199' title='bbox 3003 1296 3137 1365; x_wconf 86' lang='lat' dir='ltr'><strong>ejus,</strong></span> <span class='ocrx_word' id='word_1_200' title='bbox 3169 1301 3314 1369; x_wconf 90' lang='lat' dir='ltr'><strong>quod</strong></span> <span class='ocrx_word' id='word_1_201' title='bbox 3349 1309 3437 1357; x_wconf 85' lang='lat' dir='ltr'><strong>est</strong></span> 
     </span>
    </p>
   </div>
   <div class='ocr_carea' id='block_1_28' title="bbox 1845 1378 3431 1459">
    <p class='ocr_par' dir='ltr' id='par_1_28' title="bbox 1845 1378 3431 1459">
     <span class='ocr_line' id='line_1_28' title="bbox 1845 1378 3431 1459; baseline 0.009 -26"><span class='ocrx_word' id='word_1_202' title='bbox 1845 1378 2087 1435; x_wconf 77' lang='lat' dir='ltr'><strong>Ecclesia</strong></span> <span class='ocrx_word' id='word_1_203' title='bbox 2109 1419 2125 1445; x_wconf 93' lang='lat'><strong>,</strong></span> <span class='ocrx_word' id='word_1_204' title='bbox 2162 1392 2387 1435; x_wconf 83' lang='lat' dir='ltr'><strong>necesse</strong></span> <span class='ocrx_word' id='word_1_205' title='bbox 2413 1388 2507 1436; x_wconf 10' lang='lat' dir='ltr'><strong>est:</strong></span> <span class='ocrx_word' id='word_1_206' title='bbox 2538 1383 2871 1438; x_wconf 82' lang='lat' dir='ltr'><strong>tentationes</strong></span> <span class='ocrx_word' id='word_1_207' title='bbox 2897 1383 3225 1457; x_wconf 83' lang='lat' dir='ltr'><strong>laboresque</strong></span> <span class='ocrx_word' id='word_1_208' title='bbox 3255 1392 3431 1459; x_wconf 79' lang='lat' dir='ltr'><strong>patia-</strong></span> 
     </span>
    </p>
   </div>
   <div class='ocr_carea' id='block_1_29' title="bbox 1840 1470 3437 1551">
    <p class='ocr_par' dir='ltr' id='par_1_29' title="bbox 1840 1470 3437 1551">
     <span class='ocr_line' id='line_1_29' title="bbox 1840 1470 3437 1551; baseline 0.008 -27"><span class='ocrx_word' id='word_1_209' title='bbox 1840 1476 1937 1524; x_wconf 86' lang='lat' dir='ltr'><strong>tur</strong></span> <span class='ocrx_word' id='word_1_210' title='bbox 1966 1470 2022 1524; x_wconf 90' lang='lat' dir='ltr'><strong>in</strong></span> <span class='ocrx_word' id='word_1_211' title='bbox 2047 1470 2153 1526; x_wconf 86' lang='lat' dir='ltr'><strong>hoc</strong></span> <span class='ocrx_word' id='word_1_212' title='bbox 2195 1471 2415 1537; x_wconf 67' lang='lat' dir='ltr'><strong>smcuio,</strong></span> <span class='ocrx_word' id='word_1_213' title='bbox 2438 1486 2731 1542; x_wconf 84' lang='lat' dir='ltr'><strong>quousque</strong></span> <span class='ocrx_word' id='word_1_214' title='bbox 2763 1474 3021 1530; x_wconf 82' lang='lat' dir='ltr'><strong>adveniat</strong></span> <span class='ocrx_word' id='word_1_215' title='bbox 3044 1475 3178 1532; x_wconf 85' lang='lat' dir='ltr'><strong>illud</strong></span> <span class='ocrx_word' id='word_1_216' title='bbox 3220 1487 3437 1551; x_wconf 72' lang='lat' dir='ltr'><strong>tempus</strong></span> 
     </span>
    </p>
   </div>
   <div class='ocr_carea' id='block_1_30' title="bbox 1846 1558 3437 1635">
    <p class='ocr_par' dir='ltr' id='par_1_30' title="bbox 1846 1558 3437 1635">
     <span class='ocr_line' id='line_1_30' title="bbox 1846 1558 3437 1635; baseline 0.01 -23"><span class='ocrx_word' id='word_1_217' title='bbox 1846 1558 1939 1613; x_wconf 85' lang='lat' dir='ltr'><strong>ubi</strong></span> <span class='ocrx_word' id='word_1_218' title='bbox 1969 1568 2093 1629; x_wconf 87' lang='lat' dir='ltr'><strong>post</strong></span> <span class='ocrx_word' id='word_1_219' title='bbox 2134 1563 2464 1618; x_wconf 81' lang='lat' dir='ltr'><strong>tentationes</strong></span> <span class='ocrx_word' id='word_1_220' title='bbox 2519 1564 2784 1635; x_wconf 84' lang='lat' dir='ltr'><strong>suscipiat</strong></span> <span class='ocrx_word' id='word_1_221' title='bbox 2804 1567 3227 1625; x_wconf 85' lang='lat' dir='ltr'><strong>consolationes.</strong></span> <span class='ocrx_word' id='word_1_222' title='bbox 3267 1587 3286 1622; x_wconf 70' lang='grc' dir='ltr'>ι</span> <span class='ocrx_word' id='word_1_223' title='bbox 3323 1571 3437 1628; x_wconf 85' lang='lat' dir='ltr'><strong>Un-</strong></span> 
     </span>
    </p>
   </div>
   <div class='ocr_carea' id='block_1_31' title="bbox 1830 1648 3438 1724">
    <p class='ocr_par' dir='ltr' id='par_1_31' title="bbox 1830 1648 3438 1724">
     <span class='ocr_line' id='line_1_31' title="bbox 1830 1648 3438 1724; baseline 0.009 -22"><span class='ocrx_word' id='word_1_224' title='bbox 1830 1648 2077 1713; x_wconf 88' lang='lat' dir='ltr'><strong>&#39;decimo,</strong></span> <span class='ocrx_word' id='word_1_225' title='bbox 2107 1651 2304 1720; x_wconf 86' lang='lat' dir='ltr'><strong>inquit,</strong></span> <span class='ocrx_word' id='word_1_226' title='bbox 2333 1666 2543 1719; x_wconf 87' lang='lat' dir='ltr'><strong>mense,</strong></span> <span class='ocrx_word' id='word_1_227' title='bbox 2570 1654 2747 1724; x_wconf 84' lang='lat' dir='ltr'><strong>prima</strong></span> <span class='ocrx_word' id='word_1_228' title='bbox 2778 1655 2865 1712; x_wconf 89' lang='lat' dir='ltr'><strong>die</strong></span> <span class='ocrx_word' id='word_1_229' title='bbox 2893 1658 3097 1714; x_wconf 87' lang='lat' dir='ltr'><strong>mensis</strong></span> <span class='ocrx_word' id='word_1_230' title='bbox 3117 1658 3332 1716; x_wconf 71' lang='lat' dir='ltr'><strong>locutus</strong></span> <span class='ocrx_word' id='word_1_231' title='bbox 3351 1660 3438 1718; x_wconf 69' lang='grc' dir='ltr'><strong>ὼε</strong></span> 
     </span>
    </p>
   </div>
   <div class='ocr_carea' id='block_1_32' title="bbox 148 1737 3437 1819">
    <p class='ocr_par' dir='ltr' id='par_1_32' title="bbox 148 1737 3437 1819">
     <span class='ocr_line' id='line_1_32' title="bbox 148 1737 3437 1819; baseline 0.004 -25"><span class='ocrx_word' id='word_1_232' title='bbox 148 1737 202 1794; x_wconf 86' lang='lat' dir='ltr'><strong>in</strong></span> <span class='ocrx_word' id='word_1_233' title='bbox 227 1740 488 1811; x_wconf 79' lang='lat' dir='ltr'><strong>sanguine</strong></span> <span class='ocrx_word' id='word_1_234' title='bbox 515 1740 719 1797; x_wconf 83' lang='lat' dir='ltr'><strong>Christi</strong></span> <span class='ocrx_word' id='word_1_235' title='bbox 745 1739 865 1794; x_wconf 87' lang='lat' dir='ltr'><strong>ﬁeri</strong></span> <span class='ocrx_word' id='word_1_236' title='bbox 887 1738 1039 1793; x_wconf 85' lang='lat' dir='ltr'><strong>nullo</strong></span> <span class='ocrx_word' id='word_1_237' title='bbox 1065 1737 1228 1793; x_wconf 85' lang='lat' dir='ltr'><strong>modo</strong></span> <span class='ocrx_word' id='word_1_238' title='bbox 1256 1737 1508 1793; x_wconf 84' lang='lat' dir='ltr'><strong>credidit.</strong></span> <span class='ocrx_word' id='word_1_239' title='bbox 1539 1754 1563 1789; x_wconf 70' lang='grc' dir='ltr'><em>ς</em></span> <span class='ocrx_word' id='word_1_240' title='bbox 1585 1737 1734 1792; x_wconf 76' lang='lat' dir='ltr'><strong>inter</strong></span> <span class='ocrx_word' id='word_1_241' title='bbox 1759 1746 1807 1806; x_wconf 83' lang='grc' dir='ltr'><strong>Β</strong></span> <span class='ocrx_word' id='word_1_242' title='bbox 1832 1737 2049 1811; x_wconf 69' lang='lat' dir='ltr'><strong>Moyses</strong></span> <span class='ocrx_word' id='word_1_243' title='bbox 2070 1741 2140 1797; x_wconf 83' lang='lat' dir='ltr'><strong>ad</strong></span> <span class='ocrx_word' id='word_1_244' title='bbox 2162 1740 2302 1797; x_wconf 86' lang='lat' dir='ltr'><strong>ﬁlios</strong></span> <span class='ocrx_word' id='word_1_245' title='bbox 2326 1741 2493 1799; x_wconf 79' lang='lat' dir='ltr'><strong>Israel</strong></span> <span class='ocrx_word' id='word_1_246' title='bbox 2521 1745 2704 1801; x_wconf 87' lang='lat' dir='ltr'><strong>omnia</strong></span> <span class='ocrx_word' id='word_1_247' title='bbox 2728 1761 2849 1817; x_wconf 62' lang='lat' dir='ltr'><strong>qua;</strong></span> <span class='ocrx_word' id='word_1_248' title='bbox 2864 1758 3206 1819; x_wconf 74' lang='lat' dir='ltr'><strong>prteceperat</strong></span> <span class='ocrx_word' id='word_1_249' title='bbox 3228 1751 3307 1808; x_wconf 85' lang='lat' dir='ltr'><strong>ei-</strong></span> <span class='ocrx_word' id='word_1_250' title='bbox 3330 1752 3437 1808; x_wconf 80' lang='lat' dir='ltr'><strong>Do-</strong></span> 
     </span>
    </p>
   </div>
   <div class='ocr_carea' id='block_1_33' title="bbox 141 1829 3437 1910">
    <p class='ocr_par' dir='ltr' id='par_1_33' title="bbox 141 1829 3437 1910">
     <span class='ocr_line' id='line_1_33' title="bbox 141 1829 3437 1910; baseline 0.003 -23"><span class='ocrx_word' id='word_1_251' title='bbox 141 1829 371 1898; x_wconf 45' lang='lat' dir='ltr'><strong>Pharan.</strong></span> <span class='ocrx_word' id='word_1_252' title='bbox 390 1841 447 1889; x_wconf 91' lang='lat' dir='ltr'><strong>et</strong></span> <span class='ocrx_word' id='word_1_253' title='bbox 468 1832 675 1903; x_wconf 86' lang='lat' dir='ltr'><strong>Tophel</strong></span> <span class='ocrx_word' id='word_1_254' title='bbox 695 1839 751 1887; x_wconf 90' lang='lat' dir='ltr'><strong>et</strong></span> <span class='ocrx_word' id='word_1_255' title='bbox 776 1832 964 1887; x_wconf 87' lang='lat' dir='ltr'><strong>Laban</strong></span> <span class='ocrx_word' id='word_1_256' title='bbox 993 1829 1360 1886; x_wconf 78' lang='lat' dir='ltr'><strong>et&#39;HaserOth.</strong></span> <span class='ocrx_word' id='word_1_257' title='bbox 1397 1849 1421 1882; x_wconf 70' lang='grc' dir='ltr'><strong><em>ι</em></strong></span> <span class='ocrx_word' id='word_1_258' title='bbox 1450 1829 1783 1906; x_wconf 64' lang='lat' dir='ltr'><strong>Haecqua-J</strong></span> <span class='ocrx_word' id='word_1_259' title='bbox 1834 1831 2415 1890; x_wconf 87' lang='lat' dir='ltr'><strong>minusutdicereteis.</strong></span> <span class='ocrx_word' id='word_1_260' title='bbox 2440 1854 2458 1888; x_wconf 77' lang='grc' dir='ltr'><strong><em>ι</em></strong></span> <span class='ocrx_word' id='word_1_261' title='bbox 2478 1835 2617 1903; x_wconf 84' lang='lat' dir='ltr'><strong>Quid</strong></span> <span class='ocrx_word' id='word_1_262' title='bbox 2630 1847 2813 1895; x_wconf 81' lang='lat' dir='ltr'><strong>autem</strong></span> <span class='ocrx_word' id='word_1_263' title='bbox 2827 1840 3437 1910; x_wconf 80' lang='lat' dir='ltr'><strong>signiﬁcatundenarius</strong></span> 
     </span>
    </p>
   </div>
   <div class='ocr_carea' id='block_1_34' title="bbox 84 1921 1731 1995">
    <p class='ocr_par' dir='ltr' id='par_1_34' title="bbox 84 1921 1731 1995">
     <span class='ocr_line' id='line_1_34' title="bbox 84 1921 1731 1995; baseline -0.002 -15"><span class='ocrx_word' id='word_1_264' title='bbox 84 1922 87 1925; x_wconf 58' lang='grc'>“</span> <span class='ocrx_word' id='word_1_265' title='bbox 139 1930 260 1980; x_wconf 89' lang='lat' dir='ltr'><strong>tuor</strong></span> <span class='ocrx_word' id='word_1_266' title='bbox 286 1924 409 1981; x_wconf 86' lang='lat' dir='ltr'><strong>loca</strong></span> <span class='ocrx_word' id='word_1_267' title='bbox 431 1940 531 1995; x_wconf 88' lang='lat' dir='ltr'><strong>per</strong></span> <span class='ocrx_word' id='word_1_268' title='bbox 553 1924 789 1980; x_wconf 90' lang='lat' dir='ltr'><strong>nominis</strong></span> <span class='ocrx_word' id='word_1_269' title='bbox 814 1922 1321 1994; x_wconf 87' lang='lat' dir='ltr'><strong>interpretationem</strong></span> <span class='ocrx_word' id='word_1_270' title='bbox 1362 1922 1621 1992; x_wconf 85' lang='lat' dir='ltr'><strong>mysteria</strong></span> <span class='ocrx_word' id='word_1_271' title='bbox 1647 1921 1731 1977; x_wconf 88' lang='lat' dir='ltr'><strong>di-</strong></span> 
     </span>
    </p>
   </div>
   <div class='ocr_carea' id='block_1_35' title="bbox 132 2016 1728 2090">
    <p class='ocr_par' dir='ltr' id='par_1_35' title="bbox 132 2016 1728 2090">
     <span class='ocr_line' id='line_1_35' title="bbox 132 2016 1728 2090; baseline -0.004 -16"><span class='ocrx_word' id='word_1_272' title='bbox 132 2016 260 2074; x_wconf 86' lang='lat' dir='ltr'><strong>vina</strong></span> <span class='ocrx_word' id='word_1_273' title='bbox 288 2017 626 2090; x_wconf 84' lang='lat' dir='ltr'><strong>signiﬁcant.</strong></span> <span class='ocrx_word' id='word_1_274' title='bbox 653 2017 868 2073; x_wconf 89' lang='lat' dir='ltr'><strong>Pharan</strong></span> <span class='ocrx_word' id='word_1_275' title='bbox 890 2022 1070 2073; x_wconf 88' lang='lat' dir='ltr'><strong>autem</strong></span> <span class='ocrx_word' id='word_1_276' title='bbox 1100 2016 1489 2086; x_wconf 79' lang='lat' dir='ltr'><strong>interpretatur</strong></span> <span class='ocrx_word' id='word_1_277' title='bbox 1518 2022 1728 2071; x_wconf 82' lang='lat' dir='ltr'><strong>auctus.</strong></span> 
     </span>
    </p>
   </div>
   <div class='ocr_carea' id='block_1_36' title="bbox 131 2104 1728 2177">
    <p class='ocr_par' dir='ltr' id='par_1_36' title="bbox 131 2104 1728 2177">
     <span class='ocr_line' id='line_1_36' title="bbox 131 2104 1728 2177; baseline -0.001 -16"><span class='ocrx_word' id='word_1_278' title='bbox 131 2104 337 2177; x_wconf 85' lang='lat' dir='ltr'><strong>Tophel</strong></span> <span class='ocrx_word' id='word_1_279' title='bbox 352 2106 658 2162; x_wconf 86' lang='lat' dir='ltr'><strong>insulsitas.</strong></span> <span class='ocrx_word' id='word_1_280' title='bbox 678 2106 865 2163; x_wconf 85' lang='lat' dir='ltr'><strong>Laban</strong></span> <span class='ocrx_word' id='word_1_281' title='bbox 891 2106 1181 2172; x_wconf 77' lang='lat' dir='ltr'><strong>deaihatio,</strong></span> <span class='ocrx_word' id='word_1_282' title='bbox 1201 2114 1259 2161; x_wconf 91' lang='lat' dir='ltr'><strong>et</strong></span> <span class='ocrx_word' id='word_1_283' title='bbox 1281 2104 1544 2160; x_wconf 80' lang='lat' dir='ltr'><strong>llaseroth</strong></span> <span class='ocrx_word' id='word_1_284' title='bbox 1569 2107 1728 2161; x_wconf 82' lang='lat' dir='ltr'><strong>atria.</strong></span> 
     </span>
    </p>
   </div>
   <div class='ocr_carea' id='block_1_37' title="bbox 127 2198 1731 2272">
    <p class='ocr_par' dir='ltr' id='par_1_37' title="bbox 127 2198 1731 2272">
     <span class='ocr_line' id='line_1_37' title="bbox 127 2198 1731 2272; baseline -0.001 -17"><span class='ocrx_word' id='word_1_285' title='bbox 127 2198 249 2269; x_wconf 75' lang='lat' dir='ltr'><strong>ipse</strong></span> <span class='ocrx_word' id='word_1_286' title='bbox 279 2215 420 2272; x_wconf 79' lang='lat' dir='ltr'><strong>ergo</strong></span> <span class='ocrx_word' id='word_1_287' title='bbox 445 2200 674 2271; x_wconf 87' lang='lat' dir='ltr'><strong>populus</strong></span> <span class='ocrx_word' id='word_1_288' title='bbox 697 2200 783 2255; x_wconf 91' lang='lat' dir='ltr'><strong>cui</strong></span> <span class='ocrx_word' id='word_1_289' title='bbox 807 2200 894 2255; x_wconf 83' lang='lat' dir='ltr'><strong>lex</strong></span> <span class='ocrx_word' id='word_1_290' title='bbox 924 2200 1105 2255; x_wconf 86' lang='lat' dir='ltr'><strong>divina</strong></span> <span class='ocrx_word' id='word_1_291' title='bbox 1136 2200 1384 2269; x_wconf 80' lang='lat' dir='ltr'><strong>exposita</strong></span> <span class='ocrx_word' id='word_1_292' title='bbox 1411 2207 1518 2263; x_wconf 89' lang='lat' dir='ltr'><strong>est,</strong></span> <span class='ocrx_word' id='word_1_293' title='bbox 1539 2207 1731 2254; x_wconf 88' lang='lat' dir='ltr'><strong>auctus</strong></span> 
     </span>
    </p>
   </div>
   <div class='ocr_carea' id='block_1_38' title="bbox 128 2289 1731 2363">
    <p class='ocr_par' dir='ltr' id='par_1_38' title="bbox 128 2289 1731 2363">
     <span class='ocr_line' id='line_1_38' title="bbox 128 2289 1731 2363; baseline 0.001 -17"><span class='ocrx_word' id='word_1_294' title='bbox 128 2289 228 2346; x_wconf 78' lang='lat' dir='ltr'><strong>fuit</strong></span> <span class='ocrx_word' id='word_1_295' title='bbox 268 2296 388 2347; x_wconf 88' lang='lat' dir='ltr'><strong>tam</strong></span> <span class='ocrx_word' id='word_1_296' title='bbox 434 2291 490 2345; x_wconf 87' lang='lat' dir='ltr'><strong>in</strong></span> <span class='ocrx_word' id='word_1_297' title='bbox 524 2291 870 2347; x_wconf 87' lang='lat' dir='ltr'><strong>multitudine</strong></span> <span class='ocrx_word' id='word_1_298' title='bbox 916 2293 1235 2359; x_wconf 86' lang='lat' dir='ltr'><strong>hominum,</strong></span> <span class='ocrx_word' id='word_1_299' title='bbox 1286 2306 1451 2363; x_wconf 88' lang='lat' dir='ltr'><strong>quam</strong></span> <span class='ocrx_word' id='word_1_300' title='bbox 1479 2294 1646 2349; x_wconf 88' lang='lat' dir='ltr'><strong>etiam</strong></span> <span class='ocrx_word' id='word_1_301' title='bbox 1674 2294 1731 2348; x_wconf 88' lang='lat' dir='ltr'><strong>in</strong></span> 
     </span>
    </p>
   </div>
   <div class='ocr_carea' id='block_1_39' title="bbox 135 2380 1730 2455">
    <p class='ocr_par' dir='ltr' id='par_1_39' title="bbox 135 2380 1730 2455">
     <span class='ocr_line' id='line_1_39' title="bbox 135 2380 1730 2455; baseline 0.002 -17"><span class='ocrx_word' id='word_1_302' title='bbox 135 2380 425 2438; x_wconf 87' lang='lat' dir='ltr'><strong>collatione</strong></span> <span class='ocrx_word' id='word_1_303' title='bbox 477 2380 611 2453; x_wconf 85' lang='lat' dir='ltr'><strong>legis</strong></span> <span class='ocrx_word' id='word_1_304' title='bbox 666 2390 721 2438; x_wconf 87' lang='lat' dir='ltr'><strong>et</strong></span> <span class='ocrx_word' id='word_1_305' title='bbox 769 2383 1162 2455; x_wconf 90' lang='lat' dir='ltr'><strong>prophetarum</strong></span> <span class='ocrx_word' id='word_1_306' title='bbox 1184 2425 1199 2451; x_wconf 90' lang='lat'><strong>,</strong></span> <span class='ocrx_word' id='word_1_307' title='bbox 1237 2396 1360 2454; x_wconf 74' lang='lat' dir='ltr'><strong>qua:</strong></span> <span class='ocrx_word' id='word_1_308' title='bbox 1409 2384 1492 2440; x_wconf 91' lang='lat' dir='ltr'><strong>eis</strong></span> <span class='ocrx_word' id='word_1_309' title='bbox 1547 2385 1730 2441; x_wconf 84' lang='lat' dir='ltr'><strong>divina</strong></span> 
     </span>
    </p>
   </div>
   <div class='ocr_carea' id='block_1_40' title="bbox 139 2468 1731 2546">
    <p class='ocr_par' dir='ltr' id='par_1_40' title="bbox 139 2468 1731 2546">
     <span class='ocr_line' id='line_1_40' title="bbox 139 2468 1731 2546; baseline 0.001 -18"><span class='ocrx_word' id='word_1_310' title='bbox 139 2468 423 2528; x_wconf 88' lang='lat' dir='ltr'><strong>clementia</strong></span> <span class='ocrx_word' id='word_1_311' title='bbox 465 2470 751 2545; x_wconf 88' lang='lat' dir='ltr'><strong>impendit.</strong></span> <span class='ocrx_word' id='word_1_312' title='bbox 786 2473 894 2530; x_wconf 87' lang='lat' dir='ltr'><strong>Sed</strong></span> <span class='ocrx_word' id='word_1_313' title='bbox 940 2474 1181 2531; x_wconf 90' lang='lat' dir='ltr'><strong>insulsus</strong></span> <span class='ocrx_word' id='word_1_314' title='bbox 1234 2474 1358 2541; x_wconf 81' lang='lat' dir='ltr'><strong>fuit,</strong></span> <span class='ocrx_word' id='word_1_315' title='bbox 1388 2476 1515 2546; x_wconf 89' lang='lat' dir='ltr'><strong>quia</strong></span> <span class='ocrx_word' id='word_1_316' title='bbox 1562 2476 1731 2531; x_wconf 90' lang='lat' dir='ltr'><strong>salem</strong></span> 
     </span>
    </p>
   </div>
   <div class='ocr_carea' id='block_1_41' title="bbox 140 2566 1732 2640">
    <p class='ocr_par' dir='ltr' id='par_1_41' title="bbox 140 2566 1732 2640">
     <span class='ocr_line' id='line_1_41' title="bbox 140 2566 1732 2640; baseline 0.001 -18"><span class='ocrx_word' id='word_1_317' title='bbox 140 2566 399 2637; x_wconf 87' lang='lat' dir='ltr'><strong>spiritalis</strong></span> <span class='ocrx_word' id='word_1_318' title='bbox 436 2567 719 2639; x_wconf 88' lang='lat' dir='ltr'><strong>sapientiae</strong></span> <span class='ocrx_word' id='word_1_319' title='bbox 753 2583 863 2625; x_wconf 89' lang='lat' dir='ltr'><strong>non</strong></span> <span class='ocrx_word' id='word_1_320' title='bbox 902 2567 1124 2624; x_wconf 83' lang='lat' dir='ltr'><strong>amavit.</strong></span> <span class='ocrx_word' id='word_1_321' title='bbox 1173 2569 1466 2625; x_wconf 89' lang='lat' dir='ltr'><strong>Dealbatus</strong></span> <span class='ocrx_word' id='word_1_322' title='bbox 1514 2583 1732 2640; x_wconf 89' lang='lat' dir='ltr'><strong>quoque</strong></span> 
     </span>
    </p>
   </div>
   <div class='ocr_carea' id='block_1_42' title="bbox 145 2658 1731 2733">
    <p class='ocr_par' dir='ltr' id='par_1_42' title="bbox 145 2658 1731 2733">
     <span class='ocr_line' id='line_1_42' title="bbox 145 2658 1731 2733; baseline 0.003 -21"><span class='ocrx_word' id='word_1_323' title='bbox 145 2658 197 2713; x_wconf 90' lang='lat' dir='ltr'><strong>in</strong></span> <span class='ocrx_word' id='word_1_324' title='bbox 236 2660 578 2717; x_wconf 72' lang='lat' dir='ltr'><strong>caeremoniis</strong></span> <span class='ocrx_word' id='word_1_325' title='bbox 598 2660 738 2733; x_wconf 89' lang='lat' dir='ltr'><strong>legis</strong></span> <span class='ocrx_word' id='word_1_326' title='bbox 762 2667 818 2717; x_wconf 91' lang='lat' dir='ltr'><strong>et</strong></span> <span class='ocrx_word' id='word_1_327' title='bbox 851 2660 1008 2716; x_wconf 91' lang='lat' dir='ltr'><strong>vanis</strong></span> <span class='ocrx_word' id='word_1_328' title='bbox 1035 2660 1342 2727; x_wconf 85' lang='lat' dir='ltr'><strong>munditiis,</strong></span> <span class='ocrx_word' id='word_1_329' title='bbox 1376 2675 1497 2732; x_wconf 86' lang='lat' dir='ltr'><strong>quae</strong></span> <span class='ocrx_word' id='word_1_330' title='bbox 1551 2676 1611 2717; x_wconf 91' lang='lat' dir='ltr'><strong>se</strong></span> <span class='ocrx_word' id='word_1_331' title='bbox 1662 2678 1731 2718; x_wconf 86' lang='lat' dir='ltr'><strong>ex</strong></span> 
     </span>
    </p>
   </div>
   <div class='ocr_carea' id='block_1_43' title="bbox 136 2752 1729 2823">
    <p class='ocr_par' dir='ltr' id='par_1_43' title="bbox 136 2752 1729 2823">
     <span class='ocr_line' id='line_1_43' title="bbox 136 2752 1729 2823; baseline 0.001 -15"><span class='ocrx_word' id='word_1_332' title='bbox 136 2760 401 2823; x_wconf 62' lang='lat' dir='ltr'><strong>precepto</strong></span> <span class='ocrx_word' id='word_1_333' title='bbox 421 2752 560 2822; x_wconf 80' lang='lat' dir='ltr'><strong>legis</strong></span> <span class='ocrx_word' id='word_1_334' title='bbox 588 2754 796 2809; x_wconf 89' lang='lat' dir='ltr'><strong>habere</strong></span> <span class='ocrx_word' id='word_1_335' title='bbox 815 2754 1090 2810; x_wconf 88' lang='lat' dir='ltr'><strong>credebat.</strong></span> <span class='ocrx_word' id='word_1_336' title='bbox 1126 2753 1234 2810; x_wconf 89' lang='lat' dir='ltr'><strong>Sed</strong></span> <span class='ocrx_word' id='word_1_337' title='bbox 1260 2758 1319 2809; x_wconf 89' lang='lat' dir='ltr'><strong>et</strong></span> <span class='ocrx_word' id='word_1_338' title='bbox 1347 2754 1488 2808; x_wconf 84' lang='lat' dir='ltr'><strong>atria</strong></span> <span class='ocrx_word' id='word_1_339' title='bbox 1514 2752 1729 2821; x_wconf 84' lang='lat' dir='ltr'><strong>merito,</strong></span> 
     </span>
    </p>
   </div>
   <div class='ocr_carea' id='block_1_44' title="bbox 139 2842 1734 2917">
    <p class='ocr_par' dir='ltr' id='par_1_44' title="bbox 139 2842 1734 2917">
     <span class='ocr_line' id='line_1_44' title="bbox 139 2842 1734 2917; baseline 0.002 -21"><span class='ocrx_word' id='word_1_340' title='bbox 139 2842 188 2897; x_wconf 90' lang='lat' dir='ltr'><strong>id</strong></span> <span class='ocrx_word' id='word_1_341' title='bbox 206 2852 307 2910; x_wconf 91' lang='lat' dir='ltr'><strong>est,</strong></span> <span class='ocrx_word' id='word_1_342' title='bbox 329 2845 568 2917; x_wconf 91' lang='lat' dir='ltr'><strong>populus</strong></span> <span class='ocrx_word' id='word_1_343' title='bbox 594 2845 703 2901; x_wconf 89' lang='lat' dir='ltr'><strong>dici</strong></span> <span class='ocrx_word' id='word_1_344' title='bbox 746 2853 950 2916; x_wconf 91' lang='lat' dir='ltr'><strong>potest,</strong></span> <span class='ocrx_word' id='word_1_345' title='bbox 977 2846 1103 2916; x_wconf 90' lang='lat' dir='ltr'><strong>quia</strong></span> <span class='ocrx_word' id='word_1_346' title='bbox 1128 2859 1231 2916; x_wconf 90' lang='lat' dir='ltr'><strong>per</strong></span> <span class='ocrx_word' id='word_1_347' title='bbox 1261 2844 1577 2915; x_wconf 88' lang='lat' dir='ltr'><strong>Scripturas</strong></span> <span class='ocrx_word' id='word_1_348' title='bbox 1599 2844 1734 2899; x_wconf 89' lang='lat' dir='ltr'><strong>divi-</strong></span> 
     </span>
    </p>
   </div>
   <div class='ocr_carea' id='block_1_45' title="bbox 135 2934 1767 3007">
    <p class='ocr_par' dir='ltr' id='par_1_45' title="bbox 135 2934 1767 3007">
     <span class='ocr_line' id='line_1_45' title="bbox 135 2934 1767 3007; baseline -0.001 -17"><span class='ocrx_word' id='word_1_349' title='bbox 135 2948 231 2989; x_wconf 74' lang='lat' dir='ltr'><strong>nas</strong></span> <span class='ocrx_word' id='word_1_350' title='bbox 260 2935 332 2991; x_wconf 85' lang='lat' dir='ltr'><strong>ad</strong></span> <span class='ocrx_word' id='word_1_351' title='bbox 353 2936 659 3007; x_wconf 81' lang='lat' dir='ltr'><strong>introitum</strong></span> <span class='ocrx_word' id='word_1_352' title='bbox 706 2936 835 2993; x_wconf 88' lang='lat' dir='ltr'><strong>ﬁdei</strong></span> <span class='ocrx_word' id='word_1_353' title='bbox 870 2944 1099 3006; x_wconf 85' lang='lat' dir='ltr'><strong>paratus</strong></span> <span class='ocrx_word' id='word_1_354' title='bbox 1147 2935 1273 2993; x_wconf 81' lang='lat' dir='ltr'><strong>fuit.</strong></span> <span class='ocrx_word' id='word_1_355' title='bbox 1312 2934 1464 2992; x_wconf 88' lang='lat' dir='ltr'><strong>Unde</strong></span> <span class='ocrx_word' id='word_1_356' title='bbox 1511 2935 1767 3005; x_wconf 64' lang='lat' dir='ltr'><strong>plurimi-</strong></span> 
     </span>
    </p>
   </div>
   <div class='ocr_carea' id='block_1_46' title="bbox 135 3025 1733 3097">
    <p class='ocr_par' dir='ltr' id='par_1_46' title="bbox 135 3025 1733 3097">
     <span class='ocr_line' id='line_1_46' title="bbox 135 3025 1733 3097; baseline 0.001 -15"><span class='ocrx_word' id='word_1_357' title='bbox 135 3038 313 3082; x_wconf 89' lang='lat' dir='ltr'><strong>eorum</strong></span> <span class='ocrx_word' id='word_1_358' title='bbox 341 3027 399 3083; x_wconf 94' lang='lat' dir='ltr'><strong>in</strong></span> <span class='ocrx_word' id='word_1_359' title='bbox 422 3025 724 3083; x_wconf 89' lang='lat' dir='ltr'><strong>Salvatoris</strong></span> <span class='ocrx_word' id='word_1_360' title='bbox 744 3028 917 3084; x_wconf 88' lang='lat' dir='ltr'><strong>nostri</strong></span> <span class='ocrx_word' id='word_1_361' title='bbox 932 3029 1171 3084; x_wconf 86' lang='lat' dir='ltr'><strong>adventu</strong></span> <span class='ocrx_word' id='word_1_362' title='bbox 1198 3042 1231 3082; x_wconf 89' lang='lat' dir='ltr'><strong>a</strong></span> <span class='ocrx_word' id='word_1_363' title='bbox 1254 3026 1374 3097; x_wconf 88' lang='lat' dir='ltr'><strong>lege</strong></span> <span class='ocrx_word' id='word_1_364' title='bbox 1393 3026 1558 3092; x_wconf 89' lang='lat' dir='ltr'><strong>docti,</strong></span> <span class='ocrx_word' id='word_1_365' title='bbox 1584 3035 1639 3085; x_wconf 88' lang='lat' dir='ltr'><strong>et</strong></span> <span class='ocrx_word' id='word_1_366' title='bbox 1664 3042 1733 3083; x_wconf 83' lang='lat' dir='ltr'><strong>ex</strong></span> 
     </span>
    </p>
   </div>
   <div class='ocr_carea' id='block_1_47' title="bbox 1834 1924 3436 1996">
    <p class='ocr_par' dir='ltr' id='par_1_47' title="bbox 1834 1924 3436 1996">
     <span class='ocr_line' id='line_1_47' title="bbox 1834 1924 3436 1996; baseline 0.007 -20"><span class='ocrx_word' id='word_1_367' title='bbox 1834 1936 2098 1980; x_wconf 85' lang='lat' dir='ltr'><strong>numerus</strong></span> <span class='ocrx_word' id='word_1_368' title='bbox 2115 1965 2130 1990; x_wconf 92' lang='lat'><strong>,</strong></span> <span class='ocrx_word' id='word_1_369' title='bbox 2154 1924 2268 1996; x_wconf 85' lang='lat' dir='ltr'><strong>jam</strong></span> <span class='ocrx_word' id='word_1_370' title='bbox 2294 1927 2667 1996; x_wconf 83' lang='lat' dir='ltr'><strong>supradictum</strong></span> <span class='ocrx_word' id='word_1_371' title='bbox 2693 1939 2796 1986; x_wconf 88' lang='lat' dir='ltr'><strong>est.</strong></span> <span class='ocrx_word' id='word_1_372' title='bbox 2827 1930 2935 1986; x_wconf 83' lang='lat' dir='ltr'><strong>Sed</strong></span> <span class='ocrx_word' id='word_1_373' title='bbox 2963 1932 3066 1987; x_wconf 86' lang='lat' dir='ltr'><strong>hoc</strong></span> <span class='ocrx_word' id='word_1_374' title='bbox 3085 1930 3436 1989; x_wconf 79' lang='lat' dir='ltr'><strong>considerati-</strong></span> 
     </span>
    </p>
   </div>
   <div class='ocr_carea' id='block_1_48' title="bbox 1835 2014 3435 2095">
    <p class='ocr_par' dir='ltr' id='par_1_48' title="bbox 1835 2014 3435 2095">
     <span class='ocr_line' id='line_1_48' title="bbox 1835 2014 3435 2095; baseline 0.008 -24"><span class='ocrx_word' id='word_1_375' title='bbox 1835 2014 1985 2082; x_wconf 87' lang='lat' dir='ltr'><strong>dum,</strong></span> <span class='ocrx_word' id='word_1_376' title='bbox 2006 2017 2143 2086; x_wconf 86' lang='lat' dir='ltr'><strong>quid</strong></span> <span class='ocrx_word' id='word_1_377' title='bbox 2160 2018 2352 2073; x_wconf 81' lang='lat' dir='ltr'><strong>innuat</strong></span> <span class='ocrx_word' id='word_1_378' title='bbox 2378 2021 2609 2090; x_wconf 83' lang='lat' dir='ltr'><strong>mystice</strong></span> <span class='ocrx_word' id='word_1_379' title='bbox 2635 2024 2778 2093; x_wconf 90' lang='lat' dir='ltr'><strong>quod</strong></span> <span class='ocrx_word' id='word_1_380' title='bbox 2801 2022 2931 2079; x_wconf 85' lang='lat' dir='ltr'><strong>dicit</strong></span> <span class='ocrx_word' id='word_1_381' title='bbox 2959 2023 3201 2095; x_wconf 80' lang='lat' dir='ltr'><strong>ejusdem</strong></span> <span class='ocrx_word' id='word_1_382' title='bbox 3229 2026 3435 2084; x_wconf 82' lang='lat' dir='ltr'><strong>mensis</strong></span> 
     </span>
    </p>
   </div>
   <div class='ocr_carea' id='block_1_49' title="bbox 1834 2108 3434 2190">
    <p class='ocr_par' dir='ltr' id='par_1_49' title="bbox 1834 2108 3434 2190">
     <span class='ocr_line' id='line_1_49' title="bbox 1834 2108 3434 2190; baseline 0.007 -27"><span class='ocrx_word' id='word_1_383' title='bbox 1834 2108 2110 2164; x_wconf 88' lang='lat' dir='ltr'><strong>undecimi</strong></span> <span class='ocrx_word' id='word_1_384' title='bbox 2145 2112 2321 2182; x_wconf 86' lang='lat' dir='ltr'><strong>prima</strong></span> <span class='ocrx_word' id='word_1_385' title='bbox 2353 2113 2442 2168; x_wconf 89' lang='lat' dir='ltr'><strong>die</strong></span> <span class='ocrx_word' id='word_1_386' title='bbox 2485 2114 2727 2170; x_wconf 77' lang='lat' dir='ltr'><strong>locutum</strong></span> <span class='ocrx_word' id='word_1_387' title='bbox 2769 2116 2939 2173; x_wconf 85' lang='lat' dir='ltr'><strong>fuisse</strong></span> <span class='ocrx_word' id='word_1_388' title='bbox 2975 2116 3198 2190; x_wconf 79' lang='lat' dir='ltr'><strong>Moysen</strong></span> <span class='ocrx_word' id='word_1_389' title='bbox 3243 2122 3434 2174; x_wconf 71' lang='lat' dir='ltr'><strong>contra</strong></span> 
     </span>
    </p>
   </div>
   <div class='ocr_carea' id='block_1_50' title="bbox 1832 2198 3435 2285">
    <p class='ocr_par' dir='ltr' id='par_1_50' title="bbox 1832 2198 3435 2285">
     <span class='ocr_line' id='line_1_50' title="bbox 1832 2198 3435 2285; baseline 0.007 -32"><span class='ocrx_word' id='word_1_390' title='bbox 1832 2198 2019 2255; x_wconf 85' lang='lat' dir='ltr'><strong>lsrael.</strong></span> <span class='ocrx_word' id='word_1_391' title='bbox 2042 2200 2216 2285; x_wconf 86' lang='lat' dir='ltr'><strong>_Sicut</strong></span> <span class='ocrx_word' id='word_1_392' title='bbox 2258 2204 2405 2258; x_wconf 87' lang='lat' dir='ltr'><strong>enim</strong></span> <span class='ocrx_word' id='word_1_393' title='bbox 2434 2205 2492 2260; x_wconf 87' lang='lat' dir='ltr'><strong>in</strong></span> <span class='ocrx_word' id='word_1_394' title='bbox 2518 2206 2810 2263; x_wconf 84' lang='lat' dir='ltr'><strong>undecimo</strong></span> <span class='ocrx_word' id='word_1_395' title='bbox 2839 2222 3029 2265; x_wconf 85' lang='lat' dir='ltr'><strong>mense</strong></span> <span class='ocrx_word' id='word_1_396' title='bbox 3057 2210 3319 2279; x_wconf 74' lang='lat' dir='ltr'><strong>expressa</strong></span> <span class='ocrx_word' id='word_1_397' title='bbox 3347 2217 3435 2267; x_wconf 88' lang='lat' dir='ltr'><strong>est</strong></span> 
     </span>
    </p>
   </div>
   <div class='ocr_carea' id='block_1_51' title="bbox 1833 2291 3434 2373">
    <p class='ocr_par' dir='ltr' id='par_1_51' title="bbox 1833 2291 3434 2373">
     <span class='ocr_line' id='line_1_51' title="bbox 1833 2291 3434 2373; baseline 0.008 -27"><span class='ocrx_word' id='word_1_398' title='bbox 1833 2291 1970 2364; x_wconf 86' lang='lat' dir='ltr'><strong>legis</strong></span> <span class='ocrx_word' id='word_1_399' title='bbox 2000 2297 2380 2367; x_wconf 85' lang='lat' dir='ltr'><strong>transgressio,</strong></span> <span class='ocrx_word' id='word_1_400' title='bbox 2410 2298 2491 2353; x_wconf 86' lang='lat' dir='ltr'><strong>sic</strong></span> <span class='ocrx_word' id='word_1_401' title='bbox 2520 2299 2658 2354; x_wconf 76' lang='lat' dir='ltr'><strong>et°in</strong></span> <span class='ocrx_word' id='word_1_402' title='bbox 2687 2292 2865 2371; x_wconf 74' lang='lat' dir='ltr'><strong>prima</strong></span> <span class='ocrx_word' id='word_1_403' title='bbox 2894 2301 2983 2358; x_wconf 87' lang='lat' dir='ltr'><strong>die</strong></span> <span class='ocrx_word' id='word_1_404' title='bbox 3014 2303 3237 2359; x_wconf 81' lang='lat' dir='ltr'><strong>mensis’</strong></span> <span class='ocrx_word' id='word_1_405' title='bbox 3249 2298 3434 2373; x_wconf 69' lang='lat' dir='ltr'><strong>pervi-</strong></span> 
     </span>
    </p>
   </div>
   <div class='ocr_carea' id='block_1_52' title="bbox 1833 2382 3433 2464">
    <p class='ocr_par' dir='ltr' id='par_1_52' title="bbox 1833 2382 3433 2464">
     <span class='ocr_line' id='line_1_52' title="bbox 1833 2382 3433 2464; baseline 0.008 -25"><span class='ocrx_word' id='word_1_406' title='bbox 1833 2382 1907 2455; x_wconf 90' lang='lat' dir='ltr'><strong>gil</strong></span> <span class='ocrx_word' id='word_1_407' title='bbox 1930 2383 1999 2443; x_wconf 85' lang='lat' dir='ltr'><strong>&#39;ad</strong></span> <span class='ocrx_word' id='word_1_408' title='bbox 2025 2387 2329 2445; x_wconf 88' lang='lat' dir='ltr'><strong>docendum</strong></span> <span class='ocrx_word' id='word_1_409' title='bbox 2364 2390 2741 2448; x_wconf 84' lang='lat' dir='ltr'><strong>demonstrata</strong></span> <span class='ocrx_word' id='word_1_410' title='bbox 2766 2400 2854 2449; x_wconf 89' lang='lat' dir='ltr'><strong>est</strong></span> <span class='ocrx_word' id='word_1_411' title='bbox 2879 2394 3225 2464; x_wconf 65' lang='lat' dir='ltr'><strong>legislatoris-</strong></span> <span class='ocrx_word' id='word_1_412' title='bbox 3254 2395 3433 2451; x_wconf 80' lang='lat' dir='ltr'><strong>ittteh-</strong></span> 
     </span>
    </p>
   </div>
   <div class='ocr_carea' id='block_1_53' title="bbox 1833 2475 3437 2556">
    <p class='ocr_par' dir='ltr' id='par_1_53' title="bbox 1833 2475 3437 2556">
     <span class='ocr_line' id='line_1_53' title="bbox 1833 2475 3437 2556; baseline 0.007 -26"><span class='ocrx_word' id='word_1_413' title='bbox 1833 2475 1912 2532; x_wconf 92' lang='lat' dir='ltr'><strong>tio</strong></span> <span class='ocrx_word' id='word_1_414' title='bbox 1957 2496 1971 2531; x_wconf 92' lang='lat'><strong>:</strong></span> <span class='ocrx_word' id='word_1_415' title='bbox 2020 2479 2149 2548; x_wconf 86' lang='lat' dir='ltr'><strong>quia</strong></span> <span class='ocrx_word' id='word_1_416' title='bbox 2194 2493 2263 2535; x_wconf 86' lang='lat' dir='ltr'><strong>ex</strong></span> <span class='ocrx_word' id='word_1_417' title='bbox 2314 2492 2425 2551; x_wconf 77' lang='lat' dir='ltr'><strong>quo</strong></span> <span class='ocrx_word' id='word_1_418' title='bbox 2468 2480 2786 2540; x_wconf 86' lang='lat' dir='ltr'><strong>inobedicns</strong></span> <span class='ocrx_word' id='word_1_419' title='bbox 2826 2484 3059 2556; x_wconf 88' lang='lat' dir='ltr'><strong>populus</strong></span> <span class='ocrx_word' id='word_1_420' title='bbox 3092 2476 3437 2556; x_wconf 79' lang='lat' dir='ltr'><strong>&#39;accipiendo</strong></span> 
     </span>
    </p>
   </div>
   <div class='ocr_carea' id='block_1_54' title="bbox 1833 2572 3431 2648">
    <p class='ocr_par' dir='ltr' id='par_1_54' title="bbox 1833 2572 3431 2648">
     <span class='ocr_line' id='line_1_54' title="bbox 1833 2572 3431 2648; baseline 0.008 -25"><span class='ocrx_word' id='word_1_421' title='bbox 1833 2572 2139 2641; x_wconf 84' lang='lat' dir='ltr'><strong>transgredi</strong></span> <span class='ocrx_word' id='word_1_422' title='bbox 2187 2581 2464 2644; x_wconf 58' lang='lat' dir='ltr'><strong>praecepta</strong></span> <span class='ocrx_word' id='word_1_423' title='bbox 2510 2588 2623 2631; x_wconf 87' lang='lat' dir='ltr'><strong>non</strong></span> <span class='ocrx_word' id='word_1_424' title='bbox 2667 2577 2873 2644; x_wconf 89' lang='lat' dir='ltr'><strong>timuit,</strong></span> <span class='ocrx_word' id='word_1_425' title='bbox 2901 2578 3085 2634; x_wconf 86' lang='lat' dir='ltr'><strong>statim</strong></span> <span class='ocrx_word' id='word_1_426' title='bbox 3126 2592 3224 2648; x_wconf 88' lang='lat' dir='ltr'><strong>per</strong></span> <span class='ocrx_word' id='word_1_427' title='bbox 3251 2579 3431 2634; x_wconf 86' lang='lat' dir='ltr'><strong>lucem</strong></span> 
     </span>
    </p>
   </div>
   <div class='ocr_carea' id='block_1_55' title="bbox 1832 2662 3434 2731">
    <p class='ocr_par' dir='ltr' id='par_1_55' title="bbox 1832 2662 3434 2731">
     <span class='ocr_line' id='line_1_55' title="bbox 1832 2662 3434 2731; baseline 0.006 -15"><span class='ocrx_word' id='word_1_428' title='bbox 1832 2662 2237 2731; x_wconf 76' lang='lat' dir='ltr'><strong>prtedicationis</strong></span> <span class='ocrx_word' id='word_1_429' title='bbox 2262 2672 2318 2720; x_wconf 90' lang='lat' dir='ltr'><strong>et</strong></span> <span class='ocrx_word' id='word_1_430' title='bbox 2341 2668 2699 2723; x_wconf 87' lang='lat' dir='ltr'><strong>correctionis</strong></span> <span class='ocrx_word' id='word_1_431' title='bbox 2740 2669 3073 2725; x_wconf 69' lang='lat' dir='ltr'><strong>voluntatem</strong></span> <span class='ocrx_word' id='word_1_432' title='bbox 3105 2669 3321 2725; x_wconf 89' lang='lat' dir='ltr'><strong>Domini</strong></span> <span class='ocrx_word' id='word_1_433' title='bbox 3352 2664 3434 2725; x_wconf 90' lang='lat' dir='ltr'><strong>illi</strong></span> 
     </span>
    </p>
   </div>
   <div class='ocr_carea' id='block_1_56' title="bbox 1834 2750 3431 2828">
    <p class='ocr_par' dir='ltr' id='par_1_56' title="bbox 1834 2750 3431 2828">
     <span class='ocr_line' id='line_1_56' title="bbox 1834 2750 3431 2828; baseline 0.005 -23"><span class='ocrx_word' id='word_1_434' title='bbox 1834 2750 2114 2808; x_wconf 85' lang='lat' dir='ltr'><strong>insinuare</strong></span> <span class='ocrx_word' id='word_1_435' title='bbox 2128 2755 2364 2821; x_wconf 83' lang='lat' dir='ltr'><strong>studuit,</strong></span> <span class='ocrx_word' id='word_1_436' title='bbox 2391 2763 2446 2811; x_wconf 84' lang='lat' dir='ltr'><strong>et</strong></span> <span class='ocrx_word' id='word_1_437' title='bbox 2471 2770 2569 2812; x_wconf 87' lang='lat' dir='ltr'><strong>eos</strong></span> <span class='ocrx_word' id='word_1_438' title='bbox 2590 2758 2867 2827; x_wconf 85' lang='lat' dir='ltr'><strong>corrigere</strong></span> <span class='ocrx_word' id='word_1_439' title='bbox 2911 2765 3074 2828; x_wconf 84' lang='lat' dir='ltr'><strong>atque</strong></span> <span class='ocrx_word' id='word_1_440' title='bbox 3106 2759 3176 2812; x_wconf 87' lang='lat' dir='ltr'><strong>ad</strong></span> <span class='ocrx_word' id='word_1_441' title='bbox 3206 2757 3431 2813; x_wconf 75' lang='lat' dir='ltr'><strong>meliora</strong></span> 
     </span>
    </p>
   </div>
   <div class='ocr_carea' id='block_1_57' title="bbox 1834 2845 3433 2917">
    <p class='ocr_par' dir='ltr' id='par_1_57' title="bbox 1834 2845 3433 2917">
     <span class='ocr_line' id='line_1_57' title="bbox 1834 2845 3433 2917; baseline 0.003 -19"><span class='ocrx_word' id='word_1_442' title='bbox 1834 2854 2134 2913; x_wconf 81' lang='lat' dir='ltr'><strong>provocare</strong></span> <span class='ocrx_word' id='word_1_443' title='bbox 2160 2845 2344 2900; x_wconf 77' lang='lat' dir='ltr'><strong>verbis</strong></span> <span class='ocrx_word' id='word_1_444' title='bbox 2365 2855 2530 2915; x_wconf 89' lang='lat' dir='ltr'><strong>atque</strong></span> <span class='ocrx_word' id='word_1_445' title='bbox 2562 2848 2824 2917; x_wconf 81' lang='lat' dir='ltr'><strong>exemplis</strong></span> <span class='ocrx_word' id='word_1_446' title='bbox 2868 2848 3018 2903; x_wconf 83' lang='lat' dir='ltr'><strong>nullo</strong></span> <span class='ocrx_word' id='word_1_447' title='bbox 3043 2848 3208 2903; x_wconf 85' lang='lat' dir='ltr'><strong>modo</strong></span> <span class='ocrx_word' id='word_1_448' title='bbox 3250 2852 3433 2903; x_wconf 78' lang='lat' dir='ltr'><strong>cessa-</strong></span> 
     </span>
    </p>
   </div>
   <div class='ocr_carea' id='block_1_58' title="bbox 1836 2932 3431 3007">
    <p class='ocr_par' dir='ltr' id='par_1_58' title="bbox 1836 2932 3431 3007">
     <span class='ocr_line' id='line_1_58' title="bbox 1836 2932 3431 3007; baseline 0.004 -20"><span class='ocrx_word' id='word_1_449' title='bbox 1836 2933 1931 2989; x_wconf 89' lang='lat' dir='ltr'><strong>vit.</strong></span> <span class='ocrx_word' id='word_1_450' title='bbox 1960 2951 1979 2985; x_wconf 73' lang='grc' dir='ltr'>ι</span> <span class='ocrx_word' id='word_1_451' title='bbox 2007 2932 2303 3004; x_wconf 86' lang='lat' dir='ltr'><strong>Postquam</strong></span> <span class='ocrx_word' id='word_1_452' title='bbox 2322 2936 2593 3006; x_wconf 85' lang='lat' dir='ltr'><strong>percussit</strong></span> <span class='ocrx_word' id='word_1_453' title='bbox 2612 2935 3431 3007; x_wconf 69' lang='lat' dir='ltr'><strong>SeonregemAmorrhaaoumi,</strong></span> 
     </span>
    </p>
   </div>
   <div class='ocr_carea' id='block_1_59' title="bbox 1843 3026 3430 3100">
    <p class='ocr_par' dir='ltr' id='par_1_59' title="bbox 1843 3026 3430 3100">
     <span class='ocr_line' id='line_1_59' title="bbox 1843 3026 3430 3100; baseline 0.004 -22"><span class='ocrx_word' id='word_1_454' title='bbox 1843 3044 1862 3078; x_wconf 73' lang='grc' dir='ltr'>ι</span> <span class='ocrx_word' id='word_1_455' title='bbox 1907 3027 1999 3097; x_wconf 90' lang='lat' dir='ltr'><strong>qui</strong></span> <span class='ocrx_word' id='word_1_456' title='bbox 2023 3026 2290 3082; x_wconf 89' lang='lat' dir='ltr'><strong>habitavit</strong></span> <span class='ocrx_word' id='word_1_457' title='bbox 2323 3028 2377 3082; x_wconf 93' lang='lat' dir='ltr'><strong>in</strong></span> <span class='ocrx_word' id='word_1_458' title='bbox 2407 3026 2678 3093; x_wconf 85' lang='lat' dir='ltr'><strong>Hesebon,</strong></span> <span class='ocrx_word' id='word_1_459' title='bbox 2715 3036 2769 3083; x_wconf 91' lang='lat' dir='ltr'><strong>et</strong></span> <span class='ocrx_word' id='word_1_460' title='bbox 2796 3028 2876 3100; x_wconf 89' lang='lat' dir='ltr'><strong>0g</strong></span> <span class='ocrx_word' id='word_1_461' title='bbox 2898 3044 3080 3099; x_wconf 89' lang='lat' dir='ltr'><strong>regem</strong></span> <span class='ocrx_word' id='word_1_462' title='bbox 3112 3029 3311 3096; x_wconf 86' lang='lat' dir='ltr'><strong>Basan,</strong></span> <span class='ocrx_word' id='word_1_463' title='bbox 3336 3030 3430 3100; x_wconf 88' lang='lat' dir='ltr'><strong>qui</strong></span> 
     </span>
    </p>
   </div>
   <div class='ocr_carea' id='block_1_60' title="bbox 133 3108 3423 3186">
    <p class='ocr_par' dir='ltr' id='par_1_60' title="bbox 133 3108 3423 3186">
     <span class='ocr_line' id='line_1_60' title="bbox 133 3108 3423 3186; baseline 0.001 -14"><span class='ocrx_word' id='word_1_464' title='bbox 133 3118 518 3186; x_wconf 90' lang='lat' dir='ltr'><strong>prophetarum</strong></span> <span class='ocrx_word' id='word_1_465' title='bbox 543 3116 780 3173; x_wconf 90' lang='lat' dir='ltr'><strong>oraculis</strong></span> <span class='ocrx_word' id='word_1_466' title='bbox 802 3117 1077 3183; x_wconf 89' lang='lat' dir='ltr'><strong>instructi,</strong></span> <span class='ocrx_word' id='word_1_467' title='bbox 1109 3131 1176 3173; x_wconf 91' lang='lat' dir='ltr'><strong>eo</strong></span> <span class='ocrx_word' id='word_1_468' title='bbox 1200 3115 1416 3171; x_wconf 80' lang='lat' dir='ltr'><strong>facilius</strong></span> <span class='ocrx_word' id='word_1_469' title='bbox 1438 3116 1507 3172; x_wconf 91' lang='lat' dir='ltr'><strong>ad</strong></span> <span class='ocrx_word' id='word_1_470' title='bbox 1531 3117 1727 3173; x_wconf 86' lang='lat' dir='ltr'><strong>credu-</strong></span> <span class='ocrx_word' id='word_1_471' title='bbox 1748 3108 1799 3172; x_wconf 75' lang='lat' dir='ltr'><strong>‘C</strong></span> <span class='ocrx_word' id='word_1_472' title='bbox 1837 3134 1857 3170; x_wconf 86' lang='grc'><strong><em>‹</em></strong></span> <span class='ocrx_word' id='word_1_473' title='bbox 1902 3117 2107 3173; x_wconf 90' lang='lat' dir='ltr'><strong>mansit</strong></span> <span class='ocrx_word' id='word_1_474' title='bbox 2129 3118 2185 3173; x_wconf 92' lang='lat' dir='ltr'><strong>in</strong></span> <span class='ocrx_word' id='word_1_475' title='bbox 2209 3119 2490 3186; x_wconf 83' lang='lat' dir='ltr'><strong>Astaroth,</strong></span> <span class='ocrx_word' id='word_1_476' title='bbox 2518 3126 2574 3175; x_wconf 90' lang='lat' dir='ltr'><strong>et</strong></span> <span class='ocrx_word' id='word_1_477' title='bbox 2602 3119 2657 3174; x_wconf 92' lang='lat' dir='ltr'><strong>in</strong></span> <span class='ocrx_word' id='word_1_478' title='bbox 2687 3119 2851 3174; x_wconf 89' lang='lat' dir='ltr'><strong>Edrai</strong></span> <span class='ocrx_word' id='word_1_479' title='bbox 2876 3128 3028 3175; x_wconf 86' lang='lat' dir='ltr'><strong>trans</strong></span> <span class='ocrx_word' id='word_1_480' title='bbox 3054 3118 3344 3176; x_wconf 85' lang='lat' dir='ltr'><strong>Jordanem</strong></span> <span class='ocrx_word' id='word_1_481' title='bbox 3368 3121 3423 3176; x_wconf 91' lang='lat' dir='ltr'><strong>in</strong></span> 
     </span>
    </p>
   </div>
   <div class='ocr_carea' id='block_1_61' title="bbox 134 3206 1727 3283">
    <p class='ocr_par' dir='ltr' id='par_1_61' title="bbox 134 3206 1727 3283">
     <span class='ocr_line' id='line_1_61' title="bbox 134 3206 1727 3283; baseline 0.003 -21"><span class='ocrx_word' id='word_1_482' title='bbox 134 3206 333 3263; x_wconf 88' lang='lat' dir='ltr'><strong>litatem</strong></span> <span class='ocrx_word' id='word_1_483' title='bbox 358 3209 609 3281; x_wconf 86' lang='lat' dir='ltr'><strong>ejusdem</strong></span> <span class='ocrx_word' id='word_1_484' title='bbox 639 3209 956 3267; x_wconf 85' lang='lat' dir='ltr'><strong>mediatoris</strong></span> <span class='ocrx_word' id='word_1_485' title='bbox 987 3210 1084 3265; x_wconf 89' lang='lat' dir='ltr'><strong>Dei</strong></span> <span class='ocrx_word' id='word_1_486' title='bbox 1133 3218 1191 3267; x_wconf 89' lang='lat' dir='ltr'><strong>et</strong></span> <span class='ocrx_word' id='word_1_487' title='bbox 1219 3210 1504 3269; x_wconf 82' lang='lat' dir='ltr'><strong>hominum</strong></span> <span class='ocrx_word' id='word_1_488' title='bbox 1533 3224 1727 3283; x_wconf 84' lang='lat' dir='ltr'><strong>perve-</strong></span> 
     </span>
    </p>
   </div>
   <div class='ocr_carea' id='block_1_62' title="bbox 134 3290 1729 3374">
    <p class='ocr_par' dir='ltr' id='par_1_62' title="bbox 134 3290 1729 3374">
     <span class='ocr_line' id='line_1_62' title="bbox 134 3290 1729 3374; baseline 0.006 -22"><span class='ocrx_word' id='word_1_489' title='bbox 134 3299 243 3355; x_wconf 89' lang='lat' dir='ltr'><strong>nire</strong></span> <span class='ocrx_word' id='word_1_490' title='bbox 269 3290 591 3371; x_wconf 80' lang='lat' dir='ltr'><strong>potuerunt,</strong></span> <span class='ocrx_word' id='word_1_491' title='bbox 620 3301 878 3373; x_wconf 89' lang='lat' dir='ltr'><strong>quoniam</strong></span> <span class='ocrx_word' id='word_1_492' title='bbox 901 3317 1027 3358; x_wconf 90' lang='lat' dir='ltr'><strong>eum</strong></span> <span class='ocrx_word' id='word_1_493' title='bbox 1056 3310 1187 3359; x_wconf 87' lang='lat' dir='ltr'><strong>ante</strong></span> <span class='ocrx_word' id='word_1_494' title='bbox 1206 3302 1526 3374; x_wconf 81' lang='lat' dir='ltr'><strong>praedictum</strong></span> <span class='ocrx_word' id='word_1_495' title='bbox 1556 3305 1729 3362; x_wconf 85' lang='lat' dir='ltr'><strong>sacris</strong></span> 
     </span>
    </p>
   </div>
   <div class='ocr_carea' id='block_1_63' title="bbox 132 3387 1731 3468">
    <p class='ocr_par' dir='ltr' id='par_1_63' title="bbox 132 3387 1731 3468">
     <span class='ocr_line' id='line_1_63' title="bbox 132 3387 1731 3468; baseline 0.01 -27"><span class='ocrx_word' id='word_1_496' title='bbox 132 3387 323 3448; x_wconf 88' lang='lat' dir='ltr'><strong>litteris</strong></span> <span class='ocrx_word' id='word_1_497' title='bbox 353 3402 712 3464; x_wconf 86' lang='lat' dir='ltr'><strong>agnoverant.</strong></span> <span class='ocrx_word' id='word_1_498' title='bbox 751 3393 907 3451; x_wconf 89' lang='lat' dir='ltr'><strong>Unde</strong></span> <span class='ocrx_word' id='word_1_499' title='bbox 933 3393 1214 3467; x_wconf 90' lang='lat' dir='ltr'><strong>Philippus</strong></span> <span class='ocrx_word' id='word_1_500' title='bbox 1248 3396 1305 3451; x_wconf 91' lang='lat' dir='ltr'><strong>in</strong></span> <span class='ocrx_word' id='word_1_501' title='bbox 1329 3395 1621 3468; x_wconf 87' lang='lat' dir='ltr'><strong>Evangelio</strong></span> <span class='ocrx_word' id='word_1_502' title='bbox 1659 3397 1731 3457; x_wconf 84' lang='lat' dir='ltr'><strong>ad</strong></span> 
     </span>
    </p>
   </div>
   <div class='ocr_carea' id='block_1_64' title="bbox 133 3480 1729 3561">
    <p class='ocr_par' dir='ltr' id='par_1_64' title="bbox 133 3480 1729 3561">
     <span class='ocr_line' id='line_1_64' title="bbox 133 3480 1729 3561; baseline 0.006 -26"><span class='ocrx_word' id='word_1_503' title='bbox 133 3480 431 3540; x_wconf 84' lang='lat' dir='ltr'><strong>Nathanacl</strong></span> <span class='ocrx_word' id='word_1_504' title='bbox 464 3485 581 3541; x_wconf 89' lang='lat' dir='ltr'><strong>ait:</strong></span> <span class='ocrx_word' id='word_1_505' title='bbox 620 3504 640 3537; x_wconf 69' lang='grc' dir='ltr'>ι</span> <span class='ocrx_word' id='word_1_506' title='bbox 675 3484 847 3552; x_wconf 84' lang='lat' dir='ltr'><strong>Quem</strong></span> <span class='ocrx_word' id='word_1_507' title='bbox 877 3487 1097 3558; x_wconf 88' lang='lat' dir='ltr'><strong>scripsit</strong></span> <span class='ocrx_word' id='word_1_508' title='bbox 1140 3487 1353 3559; x_wconf 85' lang='lat' dir='ltr'><strong>Moyses</strong></span> <span class='ocrx_word' id='word_1_509' title='bbox 1383 3489 1439 3543; x_wconf 90' lang='lat' dir='ltr'><strong>in</strong></span> <span class='ocrx_word' id='word_1_510' title='bbox 1483 3490 1621 3561; x_wconf 89' lang='lat' dir='ltr'><strong>lege,</strong></span> <span class='ocrx_word' id='word_1_511' title='bbox 1674 3496 1729 3544; x_wconf 90' lang='lat' dir='ltr'><strong>et</strong></span> 
     </span>
    </p>
   </div>
   <div class='ocr_carea' id='block_1_65' title="bbox 130 3566 1757 3649">
    <p class='ocr_par' dir='ltr' id='par_1_65' title="bbox 130 3566 1757 3649">
     <span class='ocr_line' id='line_1_65' title="bbox 130 3566 1757 3649; baseline -0.001 -15"><span class='ocrx_word' id='word_1_512' title='bbox 130 3577 428 3647; x_wconf 77' lang='lat' dir='ltr'><strong>prophetae,</strong></span> <span class='ocrx_word' id='word_1_513' title='bbox 472 3579 781 3634; x_wconf 90' lang='lat' dir='ltr'><strong>invenimus</strong></span> <span class='ocrx_word' id='word_1_514' title='bbox 812 3576 998 3634; x_wconf 88' lang='lat' dir='ltr'><strong>Jesum</strong></span> <span class='ocrx_word' id='word_1_515' title='bbox 1042 3578 1214 3633; x_wconf 92' lang='lat' dir='ltr'><strong>ﬁlium</strong></span> <span class='ocrx_word' id='word_1_516' title='bbox 1251 3578 1450 3649; x_wconf 72' lang='lat' dir='ltr'><strong>Ioseph</strong></span> <span class='ocrx_word' id='word_1_517' title='bbox 1484 3593 1519 3633; x_wconf 88' lang='lat' dir='ltr'><strong>a</strong></span> <span class='ocrx_word' id='word_1_518' title='bbox 1558 3566 1757 3634; x_wconf 54' lang='lat' dir='ltr'><strong>Natali</strong></span> 
     </span>
    </p>
   </div>
   <div class='ocr_carea' id='block_1_66' title="bbox 131 3668 1733 3742">
    <p class='ocr_par' dir='ltr' id='par_1_66' title="bbox 131 3668 1733 3742">
     <span class='ocr_line' id='line_1_66' title="bbox 131 3668 1733 3742; baseline 0.004 -22"><span class='ocrx_word' id='word_1_519' title='bbox 131 3668 264 3722; x_wconf 89' lang='lat' dir='ltr'><strong>reth.</strong></span> <span class='ocrx_word' id='word_1_520' title='bbox 321 3669 395 3724; x_wconf 85' lang='lat' dir='ltr'><strong>Et</strong></span> <span class='ocrx_word' id='word_1_521' title='bbox 436 3670 577 3725; x_wconf 92' lang='lat' dir='ltr'><strong>dixit</strong></span> <span class='ocrx_word' id='word_1_522' title='bbox 625 3669 675 3725; x_wconf 91' lang='lat' dir='ltr'><strong>ei</strong></span> <span class='ocrx_word' id='word_1_523' title='bbox 720 3668 1022 3726; x_wconf 86' lang='lat' dir='ltr'><strong>Nathanael</strong></span> <span class='ocrx_word' id='word_1_524' title='bbox 1070 3685 1087 3724; x_wconf 91' lang='lat'><strong>:</strong></span> <span class='ocrx_word' id='word_1_525' title='bbox 1132 3669 1179 3724; x_wconf 79' lang='grc' dir='ltr'><strong>Α</strong></span> <span class='ocrx_word' id='word_1_526' title='bbox 1228 3669 1503 3727; x_wconf 86' lang='lat' dir='ltr'><strong>Nazareth</strong></span> <span class='ocrx_word' id='word_1_527' title='bbox 1551 3678 1733 3742; x_wconf 72' lang='lat' dir='ltr'><strong>potest</strong></span> 
     </span>
    </p>
   </div>
   <div class='ocr_carea' id='block_1_67' title="bbox 128 3757 1743 3837">
    <p class='ocr_par' dir='ltr' id='par_1_67' title="bbox 128 3757 1743 3837">
     <span class='ocr_line' id='line_1_67' title="bbox 128 3757 1743 3837; baseline 0.005 -27"><span class='ocrx_word' id='word_1_528' title='bbox 128 3757 335 3829; x_wconf 87' lang='lat' dir='ltr'><strong>aliquid</strong></span> <span class='ocrx_word' id='word_1_529' title='bbox 363 3761 499 3816; x_wconf 89' lang='lat' dir='ltr'><strong>boni</strong></span> <span class='ocrx_word' id='word_1_530' title='bbox 526 3762 687 3818; x_wconf 86' lang='lat' dir='ltr'><strong>esse?</strong></span> <span class='ocrx_word' id='word_1_531' title='bbox 712 3761 854 3818; x_wconf 92' lang='lat' dir='ltr'><strong>Dicit</strong></span> <span class='ocrx_word' id='word_1_532' title='bbox 900 3762 951 3818; x_wconf 91' lang='lat' dir='ltr'><strong>ei</strong></span> <span class='ocrx_word' id='word_1_533' title='bbox 980 3762 1301 3837; x_wconf 90' lang='lat' dir='ltr'><strong>Philippus:</strong></span> <span class='ocrx_word' id='word_1_534' title='bbox 1336 3761 1475 3817; x_wconf 79' lang='lat' dir='ltr'><strong>Veni</strong></span> <span class='ocrx_word' id='word_1_535' title='bbox 1509 3768 1565 3816; x_wconf 91' lang='lat' dir='ltr'><strong>et</strong></span> <span class='ocrx_word' id='word_1_536' title='bbox 1608 3760 1743 3827; x_wconf 81' lang='lat' dir='ltr'><strong>vide</strong></span> 
     </span>
    </p>
   </div>
   <div class='ocr_carea' id='block_1_68' title="bbox 125 3840 1757 3924">
    <p class='ocr_par' dir='ltr' id='par_1_68' title="bbox 125 3840 1757 3924">
     <span class='ocr_line' id='line_1_68' title="bbox 125 3840 1757 3924; baseline 0.004 -22"><span class='ocrx_word' id='word_1_537' title='bbox 125 3845 308 3919; x_wconf 79' lang='lat' dir='ltr'><strong>(Joan.</strong></span> <span class='ocrx_word' id='word_1_538' title='bbox 340 3851 408 3922; x_wconf 85' lang='grc' dir='ltr'><strong>ι).</strong></span> <span class='ocrx_word' id='word_1_539' title='bbox 452 3870 471 3902; x_wconf 71' lang='grc' dir='ltr'><strong>ι</strong></span> <span class='ocrx_word' id='word_1_540' title='bbox 508 3850 661 3919; x_wconf 86' lang='lat' dir='ltr'><strong>Quod</strong></span> <span class='ocrx_word' id='word_1_541' title='bbox 697 3856 876 3907; x_wconf 86' lang='lat' dir='ltr'><strong>autem</strong></span> <span class='ocrx_word' id='word_1_542' title='bbox 916 3854 1114 3909; x_wconf 92' lang='lat' dir='ltr'><strong>dicitur</strong></span> <span class='ocrx_word' id='word_1_543' title='bbox 1170 3852 1245 3910; x_wconf 91' lang='lat' dir='ltr'><strong>ibi</strong></span> <span class='ocrx_word' id='word_1_544' title='bbox 1280 3852 1401 3908; x_wconf 91' lang='lat' dir='ltr'><strong>auri</strong></span> <span class='ocrx_word' id='word_1_545' title='bbox 1451 3866 1572 3910; x_wconf 90' lang='lat' dir='ltr'><strong>esse</strong></span> <span class='ocrx_word' id='word_1_546' title='bbox 1613 3840 1757 3924; x_wconf 37' lang='lat' dir='ltr'><strong>plu?</strong></span> 
     </span>
    </p>
   </div>
   <div class='ocr_carea' id='block_1_69' title="bbox 123 3943 1735 4016">
    <p class='ocr_par' dir='ltr' id='par_1_69' title="bbox 123 3943 1735 4016">
     <span class='ocr_line' id='line_1_69' title="bbox 123 3943 1735 4016; baseline 0.002 -18"><span class='ocrx_word' id='word_1_547' title='bbox 123 3945 327 3998; x_wconf 75' lang='lat' dir='ltr'><strong>timum</strong></span> <span class='ocrx_word' id='word_1_548' title='bbox 351 3943 452 3998; x_wconf 88' lang='lat' dir='ltr'><strong>ubi</strong></span> <span class='ocrx_word' id='word_1_549' title='bbox 480 3943 612 4016; x_wconf 84' lang='lat' dir='ltr'><strong>legis</strong></span> <span class='ocrx_word' id='word_1_550' title='bbox 638 3946 892 4016; x_wconf 87' lang='lat' dir='ltr'><strong>repetitio</strong></span> <span class='ocrx_word' id='word_1_551' title='bbox 921 3945 1065 4002; x_wconf 85' lang='lat' dir='ltr'><strong>facta</strong></span> <span class='ocrx_word' id='word_1_552' title='bbox 1087 3953 1192 4013; x_wconf 89' lang='lat' dir='ltr'><strong>est,</strong></span> <span class='ocrx_word' id='word_1_553' title='bbox 1226 3944 1498 4016; x_wconf 87' lang='lat' dir='ltr'><strong>signiﬁcat</strong></span> <span class='ocrx_word' id='word_1_554' title='bbox 1550 3945 1735 4002; x_wconf 88' lang='lat' dir='ltr'><strong>multi-</strong></span> 
     </span>
    </p>
   </div>
   <div class='ocr_carea' id='block_1_70' title="bbox 122 4037 1732 4110">
    <p class='ocr_par' dir='ltr' id='par_1_70' title="bbox 122 4037 1732 4110">
     <span class='ocr_line' id='line_1_70' title="bbox 122 4037 1732 4110; baseline -0.001 -16"><span class='ocrx_word' id='word_1_555' title='bbox 122 4038 285 4110; x_wconf 87' lang='lat' dir='ltr'><strong>plicia</strong></span> <span class='ocrx_word' id='word_1_556' title='bbox 320 4039 590 4110; x_wconf 89' lang='lat' dir='ltr'><strong>mysteria</strong></span> <span class='ocrx_word' id='word_1_557' title='bbox 628 4045 683 4094; x_wconf 93' lang='lat' dir='ltr'><strong>et</strong></span> <span class='ocrx_word' id='word_1_558' title='bbox 742 4039 1057 4093; x_wconf 88' lang='lat' dir='ltr'><strong>thesaurum</strong></span> <span class='ocrx_word' id='word_1_559' title='bbox 1102 4037 1405 4110; x_wconf 88' lang='lat' dir='ltr'><strong>spiritalem</strong></span> <span class='ocrx_word' id='word_1_560' title='bbox 1448 4037 1732 4110; x_wconf 71' lang='lat' dir='ltr'><strong>sapientia:</strong></span> 
     </span>
    </p>
   </div>
   <div class='ocr_carea' id='block_1_71' title="bbox 127 4128 1736 4204">
    <p class='ocr_par' dir='ltr' id='par_1_71' title="bbox 127 4128 1736 4204">
     <span class='ocr_line' id='line_1_71' title="bbox 127 4128 1736 4204; baseline -0.001 -15"><span class='ocrx_word' id='word_1_561' title='bbox 127 4134 322 4190; x_wconf 77' lang='lat' dir='ltr'><strong>divinat:</strong></span> <span class='ocrx_word' id='word_1_562' title='bbox 380 4134 569 4189; x_wconf 88' lang='lat' dir='ltr'><strong>inesse</strong></span> <span class='ocrx_word' id='word_1_563' title='bbox 596 4131 751 4189; x_wconf 91' lang='lat' dir='ltr'><strong>libris</strong></span> <span class='ocrx_word' id='word_1_564' title='bbox 771 4128 907 4203; x_wconf 78' lang='lat' dir='ltr'><strong>legis</strong></span> <span class='ocrx_word' id='word_1_565' title='bbox 941 4140 997 4189; x_wconf 91' lang='lat' dir='ltr'><strong>et</strong></span> <span class='ocrx_word' id='word_1_566' title='bbox 1024 4133 1439 4204; x_wconf 89' lang='lat' dir='ltr'><strong>prophetarum,</strong></span> <span class='ocrx_word' id='word_1_567' title='bbox 1465 4132 1611 4204; x_wconf 92' lang='lat' dir='ltr'><strong>quod</strong></span> <span class='ocrx_word' id='word_1_568' title='bbox 1646 4132 1736 4202; x_wconf 86' lang='lat' dir='ltr'><strong>pie</strong></span> 
     </span>
    </p>
   </div>
   <div class='ocr_carea' id='block_1_72' title="bbox 128 4222 1732 4296">
    <p class='ocr_par' dir='ltr' id='par_1_72' title="bbox 128 4222 1732 4296">
     <span class='ocr_line' id='line_1_72' title="bbox 128 4222 1732 4296; baseline -0.002 -17"><span class='ocrx_word' id='word_1_569' title='bbox 128 4225 509 4296; x_wconf 67' lang='lat' dir='ltr'><strong>quaerentibus</strong></span> <span class='ocrx_word' id='word_1_570' title='bbox 569 4231 624 4280; x_wconf 91' lang='lat' dir='ltr'><strong>et</strong></span> <span class='ocrx_word' id='word_1_571' title='bbox 667 4224 771 4280; x_wconf 90' lang='lat' dir='ltr'><strong>rite</strong></span> <span class='ocrx_word' id='word_1_572' title='bbox 828 4222 1255 4296; x_wconf 90' lang='lat' dir='ltr'><strong>intelligentihus</strong></span> <span class='ocrx_word' id='word_1_573' title='bbox 1305 4222 1511 4294; x_wconf 90' lang='lat' dir='ltr'><strong>liquido</strong></span> <span class='ocrx_word' id='word_1_574' title='bbox 1560 4228 1732 4293; x_wconf 89' lang='lat' dir='ltr'><strong>patet.</strong></span> 
     </span>
    </p>
   </div>
   <div class='ocr_carea' id='block_1_73' title="bbox 133 4311 1735 4389">
    <p class='ocr_par' dir='ltr' id='par_1_73' title="bbox 133 4311 1735 4389">
     <span class='ocr_line' id='line_1_73' title="bbox 133 4311 1735 4389; baseline -0.002 -17"><span class='ocrx_word' id='word_1_575' title='bbox 133 4314 233 4373; x_wconf 88' lang='lat' dir='ltr'><strong>Sed</strong></span> <span class='ocrx_word' id='word_1_576' title='bbox 260 4318 371 4374; x_wconf 93' lang='lat' dir='ltr'><strong>hoc</strong></span> <span class='ocrx_word' id='word_1_577' title='bbox 403 4315 554 4389; x_wconf 90' lang='lat' dir='ltr'><strong>quod</strong></span> <span class='ocrx_word' id='word_1_578' title='bbox 611 4314 862 4372; x_wconf 89' lang='lat' dir='ltr'><strong>undecim</strong></span> <span class='ocrx_word' id='word_1_579' title='bbox 912 4315 1102 4373; x_wconf 90' lang='lat' dir='ltr'><strong>diebus</strong></span> <span class='ocrx_word' id='word_1_580' title='bbox 1126 4315 1214 4371; x_wconf 85' lang='lat' dir='ltr'><strong>lex</strong></span> <span class='ocrx_word' id='word_1_581' title='bbox 1245 4316 1362 4385; x_wconf 89' lang='lat' dir='ltr'><strong>ipsa</strong></span> <span class='ocrx_word' id='word_1_582' title='bbox 1388 4328 1487 4384; x_wconf 91' lang='lat' dir='ltr'><strong>per</strong></span> <span class='ocrx_word' id='word_1_583' title='bbox 1512 4311 1735 4386; x_wconf 84' lang='lat' dir='ltr'><strong>Moysen</strong></span> 
     </span>
    </p>
   </div>
   <div class='ocr_carea' id='block_1_74' title="bbox 134 4402 1736 4479">
    <p class='ocr_par' dir='ltr' id='par_1_74' title="bbox 134 4402 1736 4479">
     <span class='ocr_line' id='line_1_74' title="bbox 134 4402 1736 4479; baseline -0.001 -17"><span class='ocrx_word' id='word_1_584' title='bbox 134 4406 417 4478; x_wconf 86' lang='lat' dir='ltr'><strong>explanata</strong></span> <span class='ocrx_word' id='word_1_585' title='bbox 443 4415 562 4473; x_wconf 89' lang='lat' dir='ltr'><strong>est,</strong></span> <span class='ocrx_word' id='word_1_586' title='bbox 586 4406 717 4477; x_wconf 88' lang='lat' dir='ltr'><strong>quid</strong></span> <span class='ocrx_word' id='word_1_587' title='bbox 745 4404 1037 4479; x_wconf 85' lang='lat' dir='ltr'><strong>signiﬁcat,</strong></span> <span class='ocrx_word' id='word_1_588' title='bbox 1065 4406 1170 4462; x_wconf 90' lang='lat' dir='ltr'><strong>nisi</strong></span> <span class='ocrx_word' id='word_1_589' title='bbox 1203 4404 1441 4461; x_wconf 68' lang='lat' dir='ltr'><strong>Judaicaa</strong></span> <span class='ocrx_word' id='word_1_590' title='bbox 1460 4405 1636 4476; x_wconf 88' lang='lat' dir='ltr'><strong>plebis</strong></span> <span class='ocrx_word' id='word_1_591' title='bbox 1656 4402 1736 4461; x_wconf 90' lang='lat' dir='ltr'><strong>la-</strong></span> 
     </span>
    </p>
   </div>
   <div class='ocr_carea' id='block_1_75' title="bbox 1839 3196 3432 3285">
    <p class='ocr_par' dir='ltr' id='par_1_75' title="bbox 1839 3196 3432 3285">
     <span class='ocr_line' id='line_1_75' title="bbox 1839 3196 3432 3285; baseline 0.003 -22"><span class='ocrx_word' id='word_1_592' title='bbox 1839 3228 1861 3263; x_wconf 74' lang='grc' dir='ltr'><strong><em>ι</em></strong></span> <span class='ocrx_word' id='word_1_593' title='bbox 1908 3219 2054 3267; x_wconf 89' lang='lat' dir='ltr'><strong>terra</strong></span> <span class='ocrx_word' id='word_1_594' title='bbox 2083 3210 2259 3271; x_wconf 83' lang='lat' dir='ltr'><strong>Moab.</strong></span> <span class='ocrx_word' id='word_1_595' title='bbox 2292 3231 2311 3264; x_wconf 74' lang='grc' dir='ltr'><strong>ι</strong></span> <span class='ocrx_word' id='word_1_596' title='bbox 2340 3196 2650 3273; x_wconf 71' lang='lat' dir='ltr'><strong>Notandum</strong></span> <span class='ocrx_word' id='word_1_597' title='bbox 2676 3228 2899 3285; x_wconf 75' lang='lat' dir='ltr'><strong>quoque</strong></span> <span class='ocrx_word' id='word_1_598' title='bbox 2930 3211 3432 3284; x_wconf 70' lang='lat' dir='ltr'><strong>qued,interfectis</strong></span> 
     </span>
    </p>
   </div>
   <div class='ocr_carea' id='block_1_76' title="bbox 1832 3288 3433 3379">
    <p class='ocr_par' dir='ltr' id='par_1_76' title="bbox 1832 3288 3433 3379">
     <span class='ocr_line' id='line_1_76' title="bbox 1832 3288 3433 3379; baseline 0.003 -21"><span class='ocrx_word' id='word_1_599' title='bbox 1832 3301 2044 3359; x_wconf 84' lang='lat' dir='ltr'><strong>duobus</strong></span> <span class='ocrx_word' id='word_1_600' title='bbox 2072 3302 2293 3373; x_wconf 88' lang='lat' dir='ltr'><strong>regibus</strong></span> <span class='ocrx_word' id='word_1_601' title='bbox 2320 3304 2796 3373; x_wconf 69' lang='lat' dir='ltr'><strong>Amorihteomnr,</strong></span> <span class='ocrx_word' id='word_1_602' title='bbox 2816 3288 2974 3363; x_wconf 37' lang='lat' dir='ltr'><strong>&#39;Seon</strong></span> <span class='ocrx_word' id='word_1_603' title='bbox 3018 3306 3273 3363; x_wconf 81' lang='lat' dir='ltr'><strong>videlicet</strong></span> <span class='ocrx_word' id='word_1_604' title='bbox 3301 3320 3433 3379; x_wconf 87' lang='lat' dir='ltr'><strong>rege</strong></span> 
     </span>
    </p>
   </div>
   <div class='ocr_carea' id='block_1_77' title="bbox 1831 3393 3433 3469">
    <p class='ocr_par' dir='ltr' id='par_1_77' title="bbox 1831 3393 3433 3469">
     <span class='ocr_line' id='line_1_77' title="bbox 1831 3393 3433 3469; baseline 0.001 -21"><span class='ocrx_word' id='word_1_605' title='bbox 1831 3393 1923 3465; x_wconf 87' lang='lat' dir='ltr'><strong>qui</strong></span> <span class='ocrx_word' id='word_1_606' title='bbox 1946 3393 2213 3449; x_wconf 83' lang='lat' dir='ltr'><strong>habitavit</strong></span> <span class='ocrx_word' id='word_1_607' title='bbox 2240 3393 2296 3449; x_wconf 90' lang='lat' dir='ltr'><strong>in</strong></span> <span class='ocrx_word' id='word_1_608' title='bbox 2317 3394 2584 3463; x_wconf 85' lang='lat' dir='ltr'><strong>Hesebon,</strong></span> <span class='ocrx_word' id='word_1_609' title='bbox 2609 3404 2664 3451; x_wconf 91' lang='lat' dir='ltr'><strong>et</strong></span> <span class='ocrx_word' id='word_1_610' title='bbox 2689 3394 2771 3466; x_wconf 83' lang='lat' dir='ltr'><strong>0g</strong></span> <span class='ocrx_word' id='word_1_611' title='bbox 2798 3411 2925 3469; x_wconf 91' lang='lat' dir='ltr'><strong>rege</strong></span> <span class='ocrx_word' id='word_1_612' title='bbox 2953 3395 3149 3463; x_wconf 89' lang='lat' dir='ltr'><strong>Basan,</strong></span> <span class='ocrx_word' id='word_1_613' title='bbox 3171 3396 3257 3452; x_wconf 89' lang='lat' dir='ltr'><strong>lex</strong></span> <span class='ocrx_word' id='word_1_614' title='bbox 3280 3412 3433 3453; x_wconf 88' lang='lat' dir='ltr'><strong>reca-</strong></span> 
     </span>
    </p>
   </div>
   <div class='ocr_carea' id='block_1_78' title="bbox 1830 3485 3434 3563">
    <p class='ocr_par' dir='ltr' id='par_1_78' title="bbox 1830 3485 3434 3563">
     <span class='ocr_line' id='line_1_78' title="bbox 1830 3485 3434 3563; baseline 0.001 -24"><span class='ocrx_word' id='word_1_615' title='bbox 1830 3485 2107 3563; x_wconf 85' lang='lat' dir='ltr'><strong>pitulatur</strong></span> <span class='ocrx_word' id='word_1_616' title='bbox 2136 3494 2191 3541; x_wconf 89' lang='lat' dir='ltr'><strong>et</strong></span> <span class='ocrx_word' id='word_1_617' title='bbox 2225 3486 2459 3556; x_wconf 89' lang='lat' dir='ltr'><strong>populus</strong></span> <span class='ocrx_word' id='word_1_618' title='bbox 2508 3487 2817 3542; x_wconf 90' lang='lat' dir='ltr'><strong>instruitur.</strong></span> <span class='ocrx_word' id='word_1_619' title='bbox 2859 3488 3039 3553; x_wconf 90' lang='lat' dir='ltr'><strong>Quare</strong></span> <span class='ocrx_word' id='word_1_620' title='bbox 3066 3488 3232 3541; x_wconf 89' lang='lat' dir='ltr'><strong>motis</strong></span> <span class='ocrx_word' id='word_1_621' title='bbox 3274 3501 3434 3541; x_wconf 90' lang='lat' dir='ltr'><strong>scan-</strong></span> 
     </span>
    </p>
   </div>
   <div class='ocr_carea' id='block_1_79' title="bbox 1833 3573 3431 3647">
    <p class='ocr_par' dir='ltr' id='par_1_79' title="bbox 1833 3573 3431 3647">
     <span class='ocr_line' id='line_1_79' title="bbox 1833 3573 3431 3647; baseline 0.003 -19"><span class='ocrx_word' id='word_1_622' title='bbox 1833 3573 1972 3629; x_wconf 81' lang='lat' dir='ltr'><strong>datis</strong></span> <span class='ocrx_word' id='word_1_623' title='bbox 1991 3576 2285 3643; x_wconf 70' lang='lat' dir='ltr'><strong>universis,</strong></span> <span class='ocrx_word' id='word_1_624' title='bbox 2310 3586 2473 3647; x_wconf 91' lang='lat' dir='ltr'><strong>atque</strong></span> <span class='ocrx_word' id='word_1_625' title='bbox 2495 3578 2764 3647; x_wconf 90' lang='lat' dir='ltr'><strong>superatis</strong></span> <span class='ocrx_word' id='word_1_626' title='bbox 2785 3577 3044 3631; x_wconf 88' lang='lat' dir='ltr'><strong>vitiorum</strong></span> <span class='ocrx_word' id='word_1_627' title='bbox 3070 3577 3269 3643; x_wconf 82' lang='lat' dir='ltr'><strong>turbis,</strong></span> <span class='ocrx_word' id='word_1_628' title='bbox 3283 3592 3431 3633; x_wconf 90' lang='lat' dir='ltr'><strong>com-</strong></span> 
     </span>
    </p>
   </div>
   <div class='ocr_carea' id='block_1_80' title="bbox 1831 3664 3435 3737">
    <p class='ocr_par' dir='ltr' id='par_1_80' title="bbox 1831 3664 3435 3737">
     <span class='ocr_line' id='line_1_80' title="bbox 1831 3664 3435 3737; baseline 0.002 -19"><span class='ocrx_word' id='word_1_629' title='bbox 1831 3670 2086 3737; x_wconf 88' lang='lat' dir='ltr'><strong>petenter</strong></span> <span class='ocrx_word' id='word_1_630' title='bbox 2138 3664 2401 3721; x_wconf 85' lang='lat' dir='ltr'><strong>doctrinae</strong></span> <span class='ocrx_word' id='word_1_631' title='bbox 2430 3666 2720 3732; x_wconf 86' lang='lat' dir='ltr'><strong>insistitur,</strong></span> <span class='ocrx_word' id='word_1_632' title='bbox 2766 3672 2824 3721; x_wconf 90' lang='lat' dir='ltr'><strong>et</strong></span> <span class='ocrx_word' id='word_1_633' title='bbox 2866 3666 2991 3720; x_wconf 87' lang='lat' dir='ltr'><strong>ﬁdei</strong></span> <span class='ocrx_word' id='word_1_634' title='bbox 3038 3665 3220 3720; x_wconf 90' lang='lat' dir='ltr'><strong>lumen</strong></span> <span class='ocrx_word' id='word_1_635' title='bbox 3273 3666 3435 3734; x_wconf 89' lang='lat' dir='ltr'><strong>digne</strong></span> 
     </span>
    </p>
   </div>
   <div class='ocr_carea' id='block_1_81' title="bbox 1835 3757 3434 3829">
    <p class='ocr_par' dir='ltr' id='par_1_81' title="bbox 1835 3757 3434 3829">
     <span class='ocr_line' id='line_1_81' title="bbox 1835 3757 3434 3829; baseline 0.003 -17"><span class='ocrx_word' id='word_1_636' title='bbox 1835 3757 2277 3813; x_wconf 89' lang='lat' dir='ltr'><strong>desiderantibus</strong></span> <span class='ocrx_word' id='word_1_637' title='bbox 2312 3759 2573 3829; x_wconf 87' lang='lat' dir='ltr'><strong>aperitur.</strong></span> <span class='ocrx_word' id='word_1_638' title='bbox 2609 3759 2668 3813; x_wconf 93' lang='lat' dir='ltr'><strong>ln</strong></span> <span class='ocrx_word' id='word_1_639' title='bbox 2698 3758 2786 3813; x_wconf 89' lang='lat' dir='ltr'><strong>his</strong></span> <span class='ocrx_word' id='word_1_640' title='bbox 2814 3758 3033 3828; x_wconf 86' lang='lat' dir='ltr'><strong>regibus</strong></span> <span class='ocrx_word' id='word_1_641' title='bbox 3067 3757 3194 3812; x_wconf 88' lang='lat' dir='ltr'><strong>licet</strong></span> <span class='ocrx_word' id='word_1_642' title='bbox 3238 3765 3292 3813; x_wconf 88' lang='lat' dir='ltr'><strong>et</strong></span> <span class='ocrx_word' id='word_1_643' title='bbox 3342 3774 3434 3816; x_wconf 89' lang='lat' dir='ltr'><strong>res</strong></span> 
     </span>
    </p>
   </div>
   <div class='ocr_carea' id='block_1_82' title="bbox 1833 3834 3435 3922">
    <p class='ocr_par' dir='ltr' id='par_1_82' title="bbox 1833 3834 3435 3922">
     <span class='ocr_line' id='line_1_82' title="bbox 1833 3834 3435 3922; baseline 0 -16"><span class='ocrx_word' id='word_1_644' title='bbox 1833 3856 1986 3921; x_wconf 82' lang='lat' dir='ltr'><strong>gesta</strong></span> <span class='ocrx_word' id='word_1_645' title='bbox 2014 3848 2361 3922; x_wconf 82' lang='lat' dir='ltr'><strong>agnoscatur,</strong></span> <span class='ocrx_word' id='word_1_646' title='bbox 2388 3836 2583 3905; x_wconf 73' lang='lat' dir='ltr'><strong>tamen</strong></span> <span class='ocrx_word' id='word_1_647' title='bbox 2598 3834 2701 3922; x_wconf 74' lang='lat' dir='ltr'><strong>per</strong></span> <span class='ocrx_word' id='word_1_648' title='bbox 2721 3834 3062 3906; x_wconf 82' lang='lat' dir='ltr'><strong>conditiones</strong></span> <span class='ocrx_word' id='word_1_649' title='bbox 3086 3850 3435 3920; x_wconf 86' lang='lat' dir='ltr'><strong>virtutesque</strong></span> 
     </span>
    </p>
   </div>
   <div class='ocr_carea' id='block_1_83' title="bbox 1833 3940 3432 4014">
    <p class='ocr_par' dir='ltr' id='par_1_83' title="bbox 1833 3940 3432 4014">
     <span class='ocr_line' id='line_1_83' title="bbox 1833 3940 3432 4014; baseline -0.001 -16"><span class='ocrx_word' id='word_1_650' title='bbox 1833 3942 2117 3998; x_wconf 89' lang='lat' dir='ltr'><strong>nominum</strong></span> <span class='ocrx_word' id='word_1_651' title='bbox 2151 3942 2415 4013; x_wconf 87' lang='lat' dir='ltr'><strong>spiritalis</strong></span> <span class='ocrx_word' id='word_1_652' title='bbox 2453 3942 2783 4014; x_wconf 84' lang='lat' dir='ltr'><strong>signiﬁcatio</strong></span> <span class='ocrx_word' id='word_1_653' title='bbox 2833 3950 2919 3997; x_wconf 89' lang='lat' dir='ltr'><strong>est</strong></span> <span class='ocrx_word' id='word_1_654' title='bbox 2969 3940 3231 4011; x_wconf 80' lang='lat' dir='ltr'><strong>subjecta.</strong></span> <span class='ocrx_word' id='word_1_655' title='bbox 3286 3942 3432 3997; x_wconf 81' lang='lat' dir='ltr'><strong>Se&#39;on</strong></span> 
     </span>
    </p>
   </div>
   <div class='ocr_carea' id='block_1_84' title="bbox 1834 4030 3428 4102">
    <p class='ocr_par' dir='ltr' id='par_1_84' title="bbox 1834 4030 3428 4102">
     <span class='ocr_line' id='line_1_84' title="bbox 1834 4030 3428 4102; baseline 0 -16"><span class='ocrx_word' id='word_1_656' title='bbox 1834 4044 2071 4101; x_wconf 90' lang='lat' dir='ltr'><strong>namque</strong></span> <span class='ocrx_word' id='word_1_657' title='bbox 2112 4031 2504 4102; x_wconf 88' lang='lat' dir='ltr'><strong>interpretatur</strong></span> <span class='ocrx_word' id='word_1_658' title='bbox 2556 4044 2777 4102; x_wconf 88' lang='lat' dir='ltr'><strong>germen</strong></span> <span class='ocrx_word' id='word_1_659' title='bbox 2824 4030 3037 4097; x_wconf 90' lang='lat' dir='ltr'><strong>inutile,</strong></span> <span class='ocrx_word' id='word_1_660' title='bbox 3084 4030 3169 4086; x_wconf 93' lang='lat' dir='ltr'><strong>vel</strong></span> <span class='ocrx_word' id='word_1_661' title='bbox 3197 4031 3428 4086; x_wconf 89' lang='lat' dir='ltr'><strong>teutatio</strong></span> 
     </span>
    </p>
   </div>
   <div class='ocr_carea' id='block_1_85' title="bbox 1837 4119 3433 4194">
    <p class='ocr_par' dir='ltr' id='par_1_85' title="bbox 1837 4119 3433 4194">
     <span class='ocr_line' id='line_1_85' title="bbox 1837 4119 3433 4194; baseline -0.001 -15"><span class='ocrx_word' id='word_1_662' title='bbox 1837 4122 2144 4188; x_wconf 89' lang='lat' dir='ltr'><strong>oculorum,</strong></span> <span class='ocrx_word' id='word_1_663' title='bbox 2172 4138 2273 4193; x_wconf 91' lang='lat' dir='ltr'><strong>per</strong></span> <span class='ocrx_word' id='word_1_664' title='bbox 2298 4138 2461 4193; x_wconf 89' lang='lat' dir='ltr'><strong>quam</strong></span> <span class='ocrx_word' id='word_1_665' title='bbox 2489 4121 2758 4194; x_wconf 89' lang='lat' dir='ltr'><strong>ﬁguratur</strong></span> <span class='ocrx_word' id='word_1_666' title='bbox 2795 4122 3062 4187; x_wconf 90' lang='lat' dir='ltr'><strong>diabolus,</strong></span> <span class='ocrx_word' id='word_1_667' title='bbox 3090 4119 3184 4192; x_wconf 90' lang='lat' dir='ltr'><strong>qui</strong></span> <span class='ocrx_word' id='word_1_668' title='bbox 3215 4121 3433 4178; x_wconf 79' lang='lat' dir='ltr'><strong>transil-</strong></span> 
     </span>
    </p>
   </div>
   <div class='ocr_carea' id='block_1_86' title="bbox 1802 4210 3432 4286">
    <p class='ocr_par' dir='ltr' id='par_1_86' title="bbox 1802 4210 3432 4286">
     <span class='ocr_line' id='line_1_86' title="bbox 1802 4210 3432 4286; baseline -0.001 -18"><span class='ocrx_word' id='word_1_669' title='bbox 1802 4219 1999 4286; x_wconf 71' lang='lat' dir='ltr'><strong>gurat</strong></span> <span class='ocrx_word' id='word_1_670' title='bbox 2028 4225 2095 4268; x_wconf 86' lang='lat' dir='ltr'><strong>se</strong></span> <span class='ocrx_word' id='word_1_671' title='bbox 2134 4212 2286 4268; x_wconf 85' lang='lat' dir='ltr'><strong>velut</strong></span> <span class='ocrx_word' id='word_1_672' title='bbox 2338 4211 2591 4283; x_wconf 82' lang='lat' dir='ltr'><strong>angelum</strong></span> <span class='ocrx_word' id='word_1_673' title='bbox 2640 4212 2779 4268; x_wconf 82' lang='lat' dir='ltr'><strong>lucis</strong></span> <span class='ocrx_word' id='word_1_674' title='bbox 2796 4219 2863 4267; x_wconf 86' lang='lat' dir='ltr'><strong>et</strong></span> <span class='ocrx_word' id='word_1_675' title='bbox 2887 4225 3003 4281; x_wconf 82' lang='lat' dir='ltr'><strong>per</strong></span> <span class='ocrx_word' id='word_1_676' title='bbox 3038 4210 3294 4268; x_wconf 70' lang='lat' dir='ltr'><strong>haeresim</strong></span> <span class='ocrx_word' id='word_1_677' title='bbox 3342 4210 3432 4268; x_wconf 90' lang='lat' dir='ltr'><strong>vel</strong></span> 
     </span>
    </p>
   </div>
   <div class='ocr_carea' id='block_1_87' title="bbox 1837 4298 3434 4371">
    <p class='ocr_par' dir='ltr' id='par_1_87' title="bbox 1837 4298 3434 4371">
     <span class='ocr_line' id='line_1_87' title="bbox 1837 4298 3434 4371; baseline -0.003 -9"><span class='ocrx_word' id='word_1_678' title='bbox 1837 4305 2078 4362; x_wconf 87' lang='lat' dir='ltr'><strong>schisma</strong></span> <span class='ocrx_word' id='word_1_679' title='bbox 2124 4304 2253 4360; x_wconf 70' lang='lat' dir='ltr'><strong>veri</strong></span> <span class='ocrx_word' id='word_1_680' title='bbox 2287 4304 2601 4371; x_wconf 76' lang='lat' dir='ltr'><strong>‘mentitur;</strong></span> <span class='ocrx_word' id='word_1_681' title='bbox 2642 4309 2707 4357; x_wconf 90' lang='lat' dir='ltr'><strong>ut</strong></span> <span class='ocrx_word' id='word_1_682' title='bbox 2760 4298 2913 4357; x_wconf 73' lang='lat' dir='ltr'><strong>fallat</strong></span> <span class='ocrx_word' id='word_1_683' title='bbox 2951 4302 3219 4357; x_wconf 88' lang='lat' dir='ltr'><strong>incautos.</strong></span> <span class='ocrx_word' id='word_1_684' title='bbox 3273 4301 3434 4358; x_wconf 78' lang='lat' dir='ltr'><strong>Hunc</strong></span> 
     </span>
    </p>
   </div>
   <div class='ocr_carea' id='block_1_88' title="bbox 1835 4389 3435 4462">
    <p class='ocr_par' dir='ltr' id='par_1_88' title="bbox 1835 4389 3435 4462">
     <span class='ocr_line' id='line_1_88' title="bbox 1835 4389 3435 4462; baseline -0.004 -10"><span class='ocrx_word' id='word_1_685' title='bbox 1835 4392 2161 4462; x_wconf 67' lang='lat' dir='ltr'><strong>Amori-limi,</strong></span> <span class='ocrx_word' id='word_1_686' title='bbox 2189 4395 2246 4450; x_wconf 88' lang='lat' dir='ltr'><strong>id</strong></span> <span class='ocrx_word' id='word_1_687' title='bbox 2291 4402 2376 4451; x_wconf 89' lang='lat' dir='ltr'><strong>est</strong></span> <span class='ocrx_word' id='word_1_688' title='bbox 2427 4394 2823 4457; x_wconf 70' lang='lat' dir='ltr'><strong>amaricantes,</strong></span> <span class='ocrx_word' id='word_1_689' title='bbox 2845 4392 3052 4447; x_wconf 67' lang='lat' dir='ltr'><strong>habent</strong></span> <span class='ocrx_word' id='word_1_690' title='bbox 3080 4403 3284 4459; x_wconf 81' lang='lat' dir='ltr'><strong>regem.</strong></span> <span class='ocrx_word' id='word_1_691' title='bbox 3314 4389 3435 4446; x_wconf 83' lang='lat' dir='ltr'><strong>Nisi</strong></span> 
     </span>
    </p>
   </div>
   <div class='ocr_carea' id='block_1_89' title="bbox 130 4475 3435 4572">
    <p class='ocr_par' dir='ltr' id='par_1_89' title="bbox 130 4475 3435 4572">
     <span class='ocr_line' id='line_1_89' title="bbox 130 4475 3435 4572; baseline -0.006 -15"><span class='ocrx_word' id='word_1_692' title='bbox 130 4475 280 4572; x_wconf 79' lang='lat' dir='ltr'><strong>psum</strong></span> <span class='ocrx_word' id='word_1_693' title='bbox 308 4516 411 4572; x_wconf 91' lang='lat' dir='ltr'><strong>per</strong></span> <span class='ocrx_word' id='word_1_694' title='bbox 444 4475 944 4572; x_wconf 71' lang='lat' dir='ltr'><strong>transgressionem</strong></span> <span class='ocrx_word' id='word_1_695' title='bbox 970 4500 1353 4556; x_wconf 89' lang='lat' dir='ltr'><strong>mandatorum</strong></span> <span class='ocrx_word' id='word_1_696' title='bbox 1373 4475 1653 4569; x_wconf 82' lang='lat' dir='ltr'><strong>Decalogi,</strong></span> <span class='ocrx_word' id='word_1_697' title='bbox 1697 4514 1731 4554; x_wconf 89' lang='lat' dir='ltr'><strong>a</strong></span> <span class='ocrx_word' id='word_1_698' title='bbox 1755 4475 1815 4537; x_wconf 77' lang='lat' dir='ltr'><strong><em>D</em></strong></span> <span class='ocrx_word' id='word_1_699' title='bbox 1835 4487 1983 4543; x_wconf 69' lang='lat' dir='ltr'><strong>enim</strong></span> <span class='ocrx_word' id='word_1_700' title='bbox 2008 4486 2257 4559; x_wconf 69' lang='lat' dir='ltr'><strong>quaedam</strong></span> <span class='ocrx_word' id='word_1_701' title='bbox 2279 4485 2557 4541; x_wconf 64' lang='grc' dir='ltr'><strong>Βίωῖιιδῑὶο</strong></span> <span class='ocrx_word' id='word_1_702' title='bbox 2573 4483 2826 4540; x_wconf 59' lang='lat' dir='ltr'><strong>Veritatis</strong></span> <span class='ocrx_word' id='word_1_703' title='bbox 2848 4481 3144 4552; x_wconf 58' lang='grc' dir='ltr'><strong>Ψεϐθάἃῇ</strong></span> <span class='ocrx_word' id='word_1_704' title='bbox 3165 4494 3283 4539; x_wconf 80' lang='lat' dir='ltr'><strong>non</strong></span> <span class='ocrx_word' id='word_1_705' title='bbox 3304 4490 3435 4537; x_wconf 75' lang='lat' dir='ltr'><strong>sunt</strong></span> 
     </span>
    </p>
   </div>
   <div class='ocr_carea' id='block_1_90' title="bbox 134 4587 1731 4660">
    <p class='ocr_par' dir='ltr' id='par_1_90' title="bbox 134 4587 1731 4660">
     <span class='ocr_line' id='line_1_90' title="bbox 134 4587 1731 4660; baseline -0.001 -14"><span class='ocrx_word' id='word_1_706' title='bbox 134 4603 307 4651; x_wconf 87' lang='lat' dir='ltr'><strong>monte</strong></span> <span class='ocrx_word' id='word_1_707' title='bbox 329 4591 598 4649; x_wconf 88' lang='lat' dir='ltr'><strong>videlicet</strong></span> <span class='ocrx_word' id='word_1_708' title='bbox 623 4587 827 4657; x_wconf 82' lang='lat' dir='ltr'><strong>Horcb,</strong></span> <span class='ocrx_word' id='word_1_709' title='bbox 854 4605 956 4660; x_wconf 89' lang='lat' dir='ltr'><strong>per</strong></span> <span class='ocrx_word' id='word_1_710' title='bbox 980 4590 1126 4645; x_wconf 89' lang='lat' dir='ltr'><strong>viam</strong></span> <span class='ocrx_word' id='word_1_711' title='bbox 1154 4588 1358 4645; x_wconf 90' lang='lat' dir='ltr'><strong>montis</strong></span> <span class='ocrx_word' id='word_1_712' title='bbox 1379 4587 1522 4656; x_wconf 91' lang='lat' dir='ltr'><strong>Seir,</strong></span> <span class='ocrx_word' id='word_1_713' title='bbox 1556 4600 1731 4658; x_wconf 89' lang='lat' dir='ltr'><strong>usque</strong></span> 
     </span>
    </p>
   </div>
   <div class='ocr_carea' id='block_1_91' title="bbox 131 4679 1729 4754">
    <p class='ocr_par' dir='ltr' id='par_1_91' title="bbox 131 4679 1729 4754">
     <span class='ocr_line' id='line_1_91' title="bbox 131 4679 1729 4754; baseline -0.002 -16"><span class='ocrx_word' id='word_1_714' title='bbox 131 4682 471 4741; x_wconf 88' lang='lat' dir='ltr'><strong>Cadesbarne</strong></span> <span class='ocrx_word' id='word_1_715' title='bbox 506 4702 519 4737; x_wconf 91' lang='lat'><strong>:</strong></span> <span class='ocrx_word' id='word_1_716' title='bbox 548 4683 677 4754; x_wconf 90' lang='lat' dir='ltr'><strong>quia</strong></span> <span class='ocrx_word' id='word_1_717' title='bbox 698 4683 785 4738; x_wconf 89' lang='lat' dir='ltr'><strong>lex</strong></span> <span class='ocrx_word' id='word_1_718' title='bbox 808 4681 877 4737; x_wconf 88' lang='lat' dir='ltr'><strong>ab</strong></span> <span class='ocrx_word' id='word_1_719' title='bbox 900 4680 1101 4747; x_wconf 84' lang='lat' dir='ltr'><strong>Horeb,</strong></span> <span class='ocrx_word' id='word_1_720' title='bbox 1124 4682 1231 4736; x_wconf 89' lang='lat' dir='ltr'><strong>hoc</strong></span> <span class='ocrx_word' id='word_1_721' title='bbox 1250 4689 1334 4737; x_wconf 91' lang='lat' dir='ltr'><strong>est</strong></span> <span class='ocrx_word' id='word_1_722' title='bbox 1358 4695 1388 4735; x_wconf 89' lang='lat' dir='ltr'><strong>a</strong></span> <span class='ocrx_word' id='word_1_723' title='bbox 1406 4689 1591 4736; x_wconf 86' lang='lat' dir='ltr'><strong>monte</strong></span> <span class='ocrx_word' id='word_1_724' title='bbox 1610 4679 1729 4746; x_wconf 92' lang='lat' dir='ltr'><strong>Dei,</strong></span> 
     </span>
    </p>
   </div>
   <div class='ocr_carea' id='block_1_92' title="bbox 129 4770 1733 4848">
    <p class='ocr_par' dir='ltr' id='par_1_92' title="bbox 129 4770 1733 4848">
     <span class='ocr_line' id='line_1_92' title="bbox 129 4770 1733 4848; baseline -0.001 -21"><span class='ocrx_word' id='word_1_725' title='bbox 129 4771 435 4848; x_wconf 88' lang='lat' dir='ltr'><strong>incipiebat,</strong></span> <span class='ocrx_word' id='word_1_726' title='bbox 485 4787 601 4847; x_wconf 79' lang='lat' dir='ltr'><strong>per</strong></span> <span class='ocrx_word' id='word_1_727' title='bbox 645 4770 789 4840; x_wconf 90' lang='lat' dir='ltr'><strong>Seir,</strong></span> <span class='ocrx_word' id='word_1_728' title='bbox 829 4772 882 4827; x_wconf 92' lang='lat' dir='ltr'><strong>id</strong></span> <span class='ocrx_word' id='word_1_729' title='bbox 913 4780 999 4827; x_wconf 91' lang='lat' dir='ltr'><strong>est</strong></span> <span class='ocrx_word' id='word_1_730' title='bbox 1023 4812 1039 4838; x_wconf 93' lang='lat'><strong>,</strong></span> <span class='ocrx_word' id='word_1_731' title='bbox 1076 4771 1311 4842; x_wconf 90' lang='lat' dir='ltr'><strong>pilosum</strong></span> <span class='ocrx_word' id='word_1_732' title='bbox 1364 4779 1420 4826; x_wconf 89' lang='lat' dir='ltr'><strong>et</strong></span> <span class='ocrx_word' id='word_1_733' title='bbox 1453 4770 1733 4826; x_wconf 86' lang='lat' dir='ltr'><strong>sordidum</strong></span> 
     </span>
    </p>
   </div>
   <div class='ocr_carea' id='block_1_93' title="bbox 135 4859 1733 4935">
    <p class='ocr_par' dir='ltr' id='par_1_93' title="bbox 135 4859 1733 4935">
     <span class='ocr_line' id='line_1_93' title="bbox 135 4859 1733 4935; baseline -0.002 -17"><span class='ocrx_word' id='word_1_734' title='bbox 135 4866 375 4922; x_wconf 87' lang='lat' dir='ltr'><strong>omnibus</strong></span> <span class='ocrx_word' id='word_1_735' title='bbox 395 4864 558 4922; x_wconf 84' lang='lat' dir='ltr'><strong>vitiis</strong></span> <span class='ocrx_word' id='word_1_736' title='bbox 580 4862 839 4935; x_wconf 89' lang='lat' dir='ltr'><strong>populum</strong></span> <span class='ocrx_word' id='word_1_737' title='bbox 862 4860 1193 4929; x_wconf 72' lang='lat' dir='ltr'><strong>Iudaeorum,</strong></span> <span class='ocrx_word' id='word_1_738' title='bbox 1220 4859 1500 4917; x_wconf 89' lang='lat' dir='ltr'><strong>transiens</strong></span> <span class='ocrx_word' id='word_1_739' title='bbox 1544 4861 1613 4916; x_wconf 92' lang='lat' dir='ltr'><strong>ad</strong></span> <span class='ocrx_word' id='word_1_740' title='bbox 1637 4859 1733 4915; x_wconf 89' lang='lat' dir='ltr'><strong>Ca-</strong></span> 
     </span>
    </p>
   </div>
   <div class='ocr_carea' id='block_1_94' title="bbox 139 4950 1735 5029">
    <p class='ocr_par' dir='ltr' id='par_1_94' title="bbox 139 4950 1735 5029">
     <span class='ocr_line' id='line_1_94' title="bbox 139 4950 1735 5029; baseline -0.003 -20"><span class='ocrx_word' id='word_1_741' title='bbox 139 4950 226 5011; x_wconf 87' lang='lat' dir='ltr'><strong>des</strong></span> <span class='ocrx_word' id='word_1_742' title='bbox 248 4972 422 5029; x_wconf 90' lang='lat' dir='ltr'><strong>usque</strong></span> <span class='ocrx_word' id='word_1_743' title='bbox 452 4956 636 5011; x_wconf 88' lang='lat' dir='ltr'><strong>barne</strong></span> <span class='ocrx_word' id='word_1_744' title='bbox 660 4953 926 5024; x_wconf 88' lang='lat' dir='ltr'><strong>pervenit.</strong></span> <span class='ocrx_word' id='word_1_745' title='bbox 964 4951 1139 5009; x_wconf 88' lang='lat' dir='ltr'><strong>Cades</strong></span> <span class='ocrx_word' id='word_1_746' title='bbox 1186 4952 1332 5008; x_wconf 88' lang='lat' dir='ltr'><strong>enim</strong></span> <span class='ocrx_word' id='word_1_747' title='bbox 1372 4952 1563 5018; x_wconf 88' lang='lat' dir='ltr'><strong>barne,</strong></span> <span class='ocrx_word' id='word_1_748' title='bbox 1587 4962 1735 5007; x_wconf 87' lang='lat' dir='ltr'><strong>com-</strong></span> 
     </span>
    </p>
   </div>
   <div class='ocr_carea' id='block_1_95' title="bbox 142 5040 1737 5115">
    <p class='ocr_par' dir='ltr' id='par_1_95' title="bbox 142 5040 1737 5115">
     <span class='ocr_line' id='line_1_95' title="bbox 142 5040 1737 5115; baseline -0.002 -16"><span class='ocrx_word' id='word_1_749' title='bbox 142 5054 371 5104; x_wconf 88' lang='lat' dir='ltr'><strong>mutatus</strong></span> <span class='ocrx_word' id='word_1_750' title='bbox 395 5046 489 5103; x_wconf 90' lang='lat' dir='ltr'><strong>vel</strong></span> <span class='ocrx_word' id='word_1_751' title='bbox 515 5042 726 5102; x_wconf 85' lang='lat' dir='ltr'><strong>electus</strong></span> <span class='ocrx_word' id='word_1_752' title='bbox 746 5042 830 5099; x_wconf 89' lang='lat' dir='ltr'><strong>vel</strong></span> <span class='ocrx_word' id='word_1_753' title='bbox 850 5040 1103 5099; x_wconf 88' lang='lat' dir='ltr'><strong>notabilis</strong></span> <span class='ocrx_word' id='word_1_754' title='bbox 1131 5044 1541 5115; x_wconf 86' lang='lat' dir='ltr'><strong>interpretatur,</strong></span> <span class='ocrx_word' id='word_1_755' title='bbox 1568 5042 1737 5113; x_wconf 88' lang='lat' dir='ltr'><strong>signi-</strong></span> 
     </span>
    </p>
   </div>
   <div class='ocr_carea' id='block_1_96' title="bbox 144 5135 1737 5215">
    <p class='ocr_par' dir='ltr' id='par_1_96' title="bbox 144 5135 1737 5215">
     <span class='ocr_line' id='line_1_96' title="bbox 144 5135 1737 5215; baseline -0.004 -20"><span class='ocrx_word' id='word_1_756' title='bbox 144 5136 300 5199; x_wconf 83' lang='lat' dir='ltr'><strong>ﬁcans</strong></span> <span class='ocrx_word' id='word_1_757' title='bbox 331 5141 472 5214; x_wconf 88' lang='lat' dir='ltr'><strong>legis</strong></span> <span class='ocrx_word' id='word_1_758' title='bbox 524 5138 738 5195; x_wconf 88' lang='lat' dir='ltr'><strong>veteris</strong></span> <span class='ocrx_word' id='word_1_759' title='bbox 787 5136 1063 5193; x_wconf 88' lang='lat' dir='ltr'><strong>carnalem</strong></span> <span class='ocrx_word' id='word_1_760' title='bbox 1116 5148 1275 5190; x_wconf 91' lang='lat' dir='ltr'><strong>usum</strong></span> <span class='ocrx_word' id='word_1_761' title='bbox 1328 5137 1388 5190; x_wconf 90' lang='lat' dir='ltr'><strong>in</strong></span> <span class='ocrx_word' id='word_1_762' title='bbox 1434 5135 1737 5215; x_wconf 77' lang='lat' dir='ltr'><strong>spiritalem</strong></span> 
     </span>
    </p>
   </div>
   <div class='ocr_carea' id='block_1_97' title="bbox 145 5224 1734 5300">
    <p class='ocr_par' dir='ltr' id='par_1_97' title="bbox 145 5224 1734 5300">
     <span class='ocr_line' id='line_1_97' title="bbox 145 5224 1734 5300; baseline -0.003 -14"><span class='ocrx_word' id='word_1_763' title='bbox 145 5231 544 5289; x_wconf 86' lang='lat' dir='ltr'><strong>observantiam</strong></span> <span class='ocrx_word' id='word_1_764' title='bbox 600 5244 700 5300; x_wconf 89' lang='lat' dir='ltr'><strong>per</strong></span> <span class='ocrx_word' id='word_1_765' title='bbox 727 5226 1081 5300; x_wconf 87' lang='lat' dir='ltr'><strong>Evangelium</strong></span> <span class='ocrx_word' id='word_1_766' title='bbox 1131 5239 1252 5282; x_wconf 88' lang='lat' dir='ltr'><strong>esse</strong></span> <span class='ocrx_word' id='word_1_767' title='bbox 1283 5224 1541 5282; x_wconf 84' lang='lat' dir='ltr'><strong>nobiliter</strong></span> <span class='ocrx_word' id='word_1_768' title='bbox 1581 5241 1734 5282; x_wconf 90' lang='lat' dir='ltr'><strong>com-</strong></span> 
     </span>
    </p>
   </div>
   <div class='ocr_carea' id='block_1_98' title="bbox 147 5314 1737 5388">
    <p class='ocr_par' dir='ltr' id='par_1_98' title="bbox 147 5314 1737 5388">
     <span class='ocr_line' id='line_1_98' title="bbox 147 5314 1737 5388; baseline -0.004 -11"><span class='ocrx_word' id='word_1_769' title='bbox 147 5330 423 5380; x_wconf 88' lang='lat' dir='ltr'><strong>mutatum.</strong></span> <span class='ocrx_word' id='word_1_770' title='bbox 463 5342 484 5377; x_wconf 87' lang='grc'><em>‹</em></span> <span class='ocrx_word' id='word_1_771' title='bbox 533 5320 732 5379; x_wconf 89' lang='lat' dir='ltr'><strong>Omnia</strong></span> <span class='ocrx_word' id='word_1_772' title='bbox 755 5320 922 5385; x_wconf 91' lang='lat' dir='ltr'><strong>enim,</strong></span> <span class='ocrx_word' id='word_1_773' title='bbox 951 5327 1010 5375; x_wconf 89' lang='lat' dir='ltr'><strong>ut</strong></span> <span class='ocrx_word' id='word_1_774' title='bbox 1038 5318 1116 5373; x_wconf 90' lang='lat' dir='ltr'><strong>ait</strong></span> <span class='ocrx_word' id='word_1_775' title='bbox 1134 5316 1446 5388; x_wconf 82' lang='lat' dir='ltr'><strong>Apostolus,</strong></span> <span class='ocrx_word' id='word_1_776' title='bbox 1488 5315 1544 5370; x_wconf 90' lang='lat' dir='ltr'><strong>in</strong></span> <span class='ocrx_word' id='word_1_777' title='bbox 1563 5314 1737 5386; x_wconf 87' lang='lat' dir='ltr'><strong>ﬁgura</strong></span> 
     </span>
    </p>
   </div>
   <div class='ocr_carea' id='block_1_99' title="bbox 148 5406 1738 5488">
    <p class='ocr_par' dir='ltr' id='par_1_99' title="bbox 148 5406 1738 5488">
     <span class='ocr_line' id='line_1_99' title="bbox 148 5406 1738 5488; baseline -0.004 -19"><span class='ocrx_word' id='word_1_778' title='bbox 148 5416 538 5488; x_wconf 86' lang='lat' dir='ltr'><strong>contingebant</strong></span> <span class='ocrx_word' id='word_1_779' title='bbox 580 5412 706 5468; x_wconf 87' lang='lat' dir='ltr'><strong>illis.</strong></span> <span class='ocrx_word' id='word_1_780' title='bbox 742 5410 958 5483; x_wconf 87' lang='lat' dir='ltr'><strong>Scripta</strong></span> <span class='ocrx_word' id='word_1_781' title='bbox 980 5416 1105 5466; x_wconf 90' lang='lat' dir='ltr'><strong>sunt</strong></span> <span class='ocrx_word' id='word_1_782' title='bbox 1138 5416 1323 5465; x_wconf 89' lang='lat' dir='ltr'><strong>autem</strong></span> <span class='ocrx_word' id='word_1_783' title='bbox 1348 5406 1417 5463; x_wconf 89' lang='lat' dir='ltr'><strong>ad</strong></span> <span class='ocrx_word' id='word_1_784' title='bbox 1439 5407 1738 5464; x_wconf 85' lang='lat' dir='ltr'><strong>correctio-</strong></span> 
     </span>
    </p>
   </div>
   <div class='ocr_carea' id='block_1_100' title="bbox 147 5498 1743 5575">
    <p class='ocr_par' dir='ltr' id='par_1_100' title="bbox 147 5498 1743 5575">
     <span class='ocr_line' id='line_1_100' title="bbox 147 5498 1743 5575; baseline -0.004 -14"><span class='ocrx_word' id='word_1_785' title='bbox 147 5522 260 5564; x_wconf 88' lang='lat' dir='ltr'><strong>nem</strong></span> <span class='ocrx_word' id='word_1_786' title='bbox 289 5517 564 5572; x_wconf 90' lang='lat' dir='ltr'><strong>nostram,</strong></span> <span class='ocrx_word' id='word_1_787' title='bbox 604 5506 660 5560; x_wconf 92' lang='lat' dir='ltr'><strong>in</strong></span> <span class='ocrx_word' id='word_1_788' title='bbox 691 5519 829 5575; x_wconf 91' lang='lat' dir='ltr'><strong>quos</strong></span> <span class='ocrx_word' id='word_1_789' title='bbox 873 5501 1009 5559; x_wconf 83' lang='lat' dir='ltr'><strong>ﬁnes</strong></span> <span class='ocrx_word' id='word_1_790' title='bbox 1040 5501 1360 5558; x_wconf 84' lang='lat' dir='ltr'><strong>saeculorum</strong></span> <span class='ocrx_word' id='word_1_791' title='bbox 1405 5498 1743 5556; x_wconf 87' lang='lat' dir='ltr'><strong>devenerunt</strong></span> 
     </span>
    </p>
   </div>
   <div class='ocr_carea' id='block_1_101' title="bbox 150 5591 1740 5673">
    <p class='ocr_par' dir='ltr' id='par_1_101' title="bbox 150 5591 1740 5673">
     <span class='ocr_line' id='line_1_101' title="bbox 150 5591 1740 5673; baseline -0.003 -21"><span class='ocrx_word' id='word_1_792' title='bbox 150 5598 198 5672; x_wconf 92' lang='grc'><strong>(1</strong></span> <span class='ocrx_word' id='word_1_793' title='bbox 239 5600 364 5656; x_wconf 82' lang='lat' dir='ltr'><strong>Cor.</strong></span> <span class='ocrx_word' id='word_1_794' title='bbox 416 5598 500 5673; x_wconf 67' lang='grc' dir='ltr'><strong>χ).</strong></span> <span class='ocrx_word' id='word_1_795' title='bbox 551 5617 570 5651; x_wconf 76' lang='grc' dir='ltr'><strong><em>ι</em></strong></span> <span class='ocrx_word' id='word_1_796' title='bbox 613 5597 682 5650; x_wconf 86' lang='lat' dir='ltr'><strong>Et</strong></span> <span class='ocrx_word' id='word_1_797' title='bbox 706 5594 956 5651; x_wconf 89' lang='lat' dir='ltr'><strong>Salvator</strong></span> <span class='ocrx_word' id='word_1_798' title='bbox 988 5596 1043 5651; x_wconf 92' lang='lat' dir='ltr'><strong>in</strong></span> <span class='ocrx_word' id='word_1_799' title='bbox 1067 5594 1375 5669; x_wconf 57' lang='lat' dir='ltr'><strong>{Evangelio</strong></span> <span class='ocrx_word' id='word_1_800' title='bbox 1405 5593 1518 5649; x_wconf 89' lang='lat' dir='ltr'><strong>ait:</strong></span> <span class='ocrx_word' id='word_1_801' title='bbox 1560 5610 1580 5643; x_wconf 82' lang='grc'><strong><em>‹</em></strong></span> <span class='ocrx_word' id='word_1_802' title='bbox 1621 5591 1740 5647; x_wconf 83' lang='lat' dir='ltr'><strong>Non</strong></span> 
     </span>
    </p>
   </div>
   <div class='ocr_carea' id='block_1_102' title="bbox 150 5686 1738 5760">
    <p class='ocr_par' dir='ltr' id='par_1_102' title="bbox 150 5686 1738 5760">
     <span class='ocr_line' id='line_1_102' title="bbox 150 5686 1738 5760; baseline -0.003 -11"><span class='ocrx_word' id='word_1_803' title='bbox 150 5693 265 5749; x_wconf 75' lang='lat' dir='ltr'><strong>veni</strong></span> <span class='ocrx_word' id='word_1_804' title='bbox 297 5693 515 5751; x_wconf 89' lang='lat' dir='ltr'><strong>solvere</strong></span> <span class='ocrx_word' id='word_1_805' title='bbox 542 5688 744 5760; x_wconf 87' lang='lat' dir='ltr'><strong>legem,</strong></span> <span class='ocrx_word' id='word_1_806' title='bbox 762 5686 857 5743; x_wconf 86' lang='lat' dir='ltr'><strong>sed</strong></span> <span class='ocrx_word' id='word_1_807' title='bbox 882 5687 1206 5760; x_wconf 87' lang='lat' dir='ltr'><strong>adimplere;</strong></span> <span class='ocrx_word' id='word_1_808' title='bbox 1235 5687 1352 5746; x_wconf 90' lang='lat' dir='ltr'><strong>lota</strong></span> <span class='ocrx_word' id='word_1_809' title='bbox 1376 5687 1522 5747; x_wconf 88' lang='lat' dir='ltr'><strong>enim</strong></span> <span class='ocrx_word' id='word_1_810' title='bbox 1548 5700 1738 5751; x_wconf 88' lang='lat' dir='ltr'><strong>unum,</strong></span> 
     </span>
    </p>
   </div>
   <div class='ocr_carea' id='block_1_103' title="bbox 482 5782 1057 5848">
    <p class='ocr_par' dir='ltr' id='par_1_103' title="bbox 482 5782 1057 5848">
     <span class='ocr_line' id='line_1_103' title="bbox 482 5782 1057 5848; baseline -0.007 0"><span class='ocrx_word' id='word_1_811' title='bbox 482 5792 483 5795; x_wconf 65' lang='grc'><em>“</em></span> <span class='ocrx_word' id='word_1_812' title='bbox 508 5788 791 5848; x_wconf 67' lang='lat' dir='ltr'><strong>Parant.</strong></span> <span class='ocrx_word' id='word_1_813' title='bbox 836 5782 1057 5848; x_wconf 73' lang='lat' dir='ltr'><strong>CVIII.</strong></span> 
     </span>
    </p>
   </div>
   <div class='ocr_carea' id='block_1_104' title="bbox 1831 4572 3432 4642">
    <p class='ocr_par' dir='ltr' id='par_1_104' title="bbox 1831 4572 3432 4642">
     <span class='ocr_line' id='line_1_104' title="bbox 1831 4572 3432 4642; baseline -0.003 -8"><span class='ocrx_word' id='word_1_814' title='bbox 1831 4579 2078 4634; x_wconf 62' lang='lat' dir='ltr'><strong>haeretica</strong></span> <span class='ocrx_word' id='word_1_815' title='bbox 2098 4577 2468 4633; x_wconf 88' lang='lat' dir='ltr'><strong>amaricantes</strong></span> <span class='ocrx_word' id='word_1_816' title='bbox 2482 4617 2497 4642; x_wconf 91' lang='lat'><strong>,</strong></span> <span class='ocrx_word' id='word_1_817' title='bbox 2523 4590 2637 4632; x_wconf 86' lang='lat' dir='ltr'><strong>non</strong></span> <span class='ocrx_word' id='word_1_818' title='bbox 2657 4574 2956 4630; x_wconf 83' lang='lat' dir='ltr'><strong>schismata</strong></span> <span class='ocrx_word' id='word_1_819' title='bbox 2984 4572 3432 4631; x_wconf 80' lang='lat' dir='ltr'><strong>exacerbantium</strong></span> 
     </span>
    </p>
   </div>
   <div class='ocr_carea' id='block_1_105' title="bbox 1828 4664 3434 4740">
    <p class='ocr_par' dir='ltr' id='par_1_105' title="bbox 1828 4664 3434 4740">
     <span class='ocr_line' id='line_1_105' title="bbox 1828 4664 3434 4740; baseline -0.001 -14"><span class='ocrx_word' id='word_1_820' title='bbox 1828 4673 1892 4727; x_wconf 83' lang='lat' dir='ltr'><strong>in</strong></span> <span class='ocrx_word' id='word_1_821' title='bbox 1936 4671 2206 4726; x_wconf 81' lang='lat' dir='ltr'><strong>Ecclesia.</strong></span> <span class='ocrx_word' id='word_1_822' title='bbox 2237 4669 2346 4725; x_wconf 85' lang='lat' dir='ltr'><strong>iste</strong></span> <span class='ocrx_word' id='word_1_823' title='bbox 2397 4682 2529 4740; x_wconf 81' lang='lat' dir='ltr'><strong>ergo</strong></span> <span class='ocrx_word' id='word_1_824' title='bbox 2579 4682 2679 4724; x_wconf 78' lang='lat' dir='ltr'><strong>rex</strong></span> <span class='ocrx_word' id='word_1_825' title='bbox 2705 4665 2981 4722; x_wconf 79' lang='lat' dir='ltr'><strong>occiditur</strong></span> <span class='ocrx_word' id='word_1_826' title='bbox 3016 4664 3077 4720; x_wconf 76' lang='lat' dir='ltr'><strong>in</strong></span> <span class='ocrx_word' id='word_1_827' title='bbox 3106 4680 3434 4739; x_wconf 81' lang='lat' dir='ltr'><strong>unoquoque</strong></span> 
     </span>
    </p>
   </div>
   <div class='ocr_carea' id='block_1_106' title="bbox 1786 4757 3432 4832">
    <p class='ocr_par' dir='ltr' id='par_1_106' title="bbox 1786 4757 3432 4832">
     <span class='ocr_line' id='line_1_106' title="bbox 1786 4757 3432 4832; baseline -0.003 -12"><span class='ocrx_word' id='word_1_828' title='bbox 1786 4782 1789 4793; x_wconf 62' lang='grc' dir='ltr'><strong><em>π</em></strong></span> <span class='ocrx_word' id='word_1_829' title='bbox 1835 4762 2305 4832; x_wconf 88' lang='lat' dir='ltr'><strong>hominc&#39;quando</strong></span> <span class='ocrx_word' id='word_1_830' title='bbox 2359 4761 2593 4832; x_wconf 77' lang='lat' dir='ltr'><strong>quisque</strong></span> <span class='ocrx_word' id='word_1_831' title='bbox 2626 4760 2854 4815; x_wconf 85' lang='lat' dir='ltr'><strong>damnat</strong></span> <span class='ocrx_word' id='word_1_832' title='bbox 2898 4757 3320 4826; x_wconf 75' lang='lat' dir='ltr'><strong>simulationem,</strong></span> <span class='ocrx_word' id='word_1_833' title='bbox 3342 4786 3353 4807; x_wconf 65' lang='grc' dir='ltr'><em>ε</em></span> <span class='ocrx_word' id='word_1_834' title='bbox 3374 4767 3432 4816; x_wconf 91' lang='lat' dir='ltr'><strong>et</strong></span> 
     </span>
    </p>
   </div>
   <div class='ocr_carea' id='block_1_107' title="bbox 1835 4850 3433 4927">
    <p class='ocr_par' dir='ltr' id='par_1_107' title="bbox 1835 4850 3433 4927">
     <span class='ocr_line' id='line_1_107' title="bbox 1835 4850 3433 4927; baseline -0.003 -18"><span class='ocrx_word' id='word_1_835' title='bbox 1835 4854 2012 4927; x_wconf 88' lang='lat' dir='ltr'><strong>diligit</strong></span> <span class='ocrx_word' id='word_1_836' title='bbox 2034 4853 2344 4909; x_wconf 87' lang='lat' dir='ltr'><strong>veritatem.</strong></span> <span class='ocrx_word' id='word_1_837' title='bbox 2373 4850 2457 4923; x_wconf 83' lang='lat' dir='ltr'><strong>0g</strong></span> <span class='ocrx_word' id='word_1_838' title='bbox 2489 4865 2622 4907; x_wconf 77' lang='lat' dir='ltr'><strong>vero</strong></span> <span class='ocrx_word' id='word_1_839' title='bbox 2661 4864 2759 4906; x_wconf 78' lang='lat' dir='ltr'><strong>rex</strong></span> <span class='ocrx_word' id='word_1_840' title='bbox 2794 4850 3188 4922; x_wconf 82' lang='lat' dir='ltr'><strong>interpretatur</strong></span> <span class='ocrx_word' id='word_1_841' title='bbox 3214 4850 3433 4907; x_wconf 87' lang='lat' dir='ltr'><strong>conclu-</strong></span> 
     </span>
    </p>
   </div>
   <div class='ocr_carea' id='block_1_108' title="bbox 1841 4942 3430 5015">
    <p class='ocr_par' dir='ltr' id='par_1_108' title="bbox 1841 4942 3430 5015">
     <span class='ocr_line' id='line_1_108' title="bbox 1841 4942 3430 5015; baseline -0.002 -13"><span class='ocrx_word' id='word_1_842' title='bbox 1841 4946 1945 5002; x_wconf 87' lang='lat' dir='ltr'><strong>sio.</strong></span> <span class='ocrx_word' id='word_1_843' title='bbox 1973 4945 2156 5002; x_wconf 89' lang='lat' dir='ltr'><strong>Basan</strong></span> <span class='ocrx_word' id='word_1_844' title='bbox 2182 4943 2451 5001; x_wconf 74' lang='lat' dir='ltr'><strong>conmsio.</strong></span> <span class='ocrx_word' id='word_1_845' title='bbox 2478 4942 2538 4998; x_wconf 88' lang='lat' dir='ltr'><strong>Id</strong></span> <span class='ocrx_word' id='word_1_846' title='bbox 2581 4943 2732 4999; x_wconf 88' lang='lat' dir='ltr'><strong>enim</strong></span> <span class='ocrx_word' id='word_1_847' title='bbox 2756 4942 2869 5015; x_wconf 81' lang='lat' dir='ltr'><strong>agit</strong></span> <span class='ocrx_word' id='word_1_848' title='bbox 2895 4942 3145 5000; x_wconf 88' lang='lat' dir='ltr'><strong>diabolus</strong></span> <span class='ocrx_word' id='word_1_849' title='bbox 3175 4954 3392 5011; x_wconf 82' lang='lat' dir='ltr'><strong>semper</strong></span> <span class='ocrx_word' id='word_1_850' title='bbox 3414 4980 3430 5007; x_wconf 84' lang='lat'><strong>,</strong></span> 
     </span>
    </p>
   </div>
   <div class='ocr_carea' id='block_1_109' title="bbox 1842 5034 3432 5111">
    <p class='ocr_par' dir='ltr' id='par_1_109' title="bbox 1842 5034 3432 5111">
     <span class='ocr_line' id='line_1_109' title="bbox 1842 5034 3432 5111; baseline -0.006 -13"><span class='ocrx_word' id='word_1_851' title='bbox 1842 5048 1905 5098; x_wconf 91' lang='lat' dir='ltr'><strong>ut</strong></span> <span class='ocrx_word' id='word_1_852' title='bbox 1952 5041 2244 5098; x_wconf 88' lang='lat' dir='ltr'><strong>concludat</strong></span> <span class='ocrx_word' id='word_1_853' title='bbox 2284 5040 2435 5095; x_wconf 87' lang='lat' dir='ltr'><strong>viam</strong></span> <span class='ocrx_word' id='word_1_854' title='bbox 2476 5040 2547 5095; x_wconf 87' lang='lat' dir='ltr'><strong>ad</strong></span> <span class='ocrx_word' id='word_1_855' title='bbox 2574 5038 2887 5106; x_wconf 89' lang='lat' dir='ltr'><strong>Dominum,</strong></span> <span class='ocrx_word' id='word_1_856' title='bbox 2915 5038 3241 5111; x_wconf 85' lang='lat' dir='ltr'><strong>opponendo</strong></span> <span class='ocrx_word' id='word_1_857' title='bbox 3284 5034 3432 5092; x_wconf 90' lang='lat' dir='ltr'><strong>idola</strong></span> 
     </span>
    </p>
   </div>
   <div class='ocr_carea' id='block_1_110' title="bbox 1842 5129 3431 5203">
    <p class='ocr_par' dir='ltr' id='par_1_110' title="bbox 1842 5129 3431 5203">
     <span class='ocr_line' id='line_1_110' title="bbox 1842 5129 3431 5203; baseline -0.006 -11"><span class='ocrx_word' id='word_1_858' title='bbox 1842 5151 1963 5203; x_wconf 91' lang='lat' dir='ltr'><strong>sua,</strong></span> <span class='ocrx_word' id='word_1_859' title='bbox 1992 5135 2338 5192; x_wconf 88' lang='lat' dir='ltr'><strong>necredatur</strong></span> <span class='ocrx_word' id='word_1_860' title='bbox 2363 5132 2419 5188; x_wconf 91' lang='lat' dir='ltr'><strong>in</strong></span> <span class='ocrx_word' id='word_1_861' title='bbox 2449 5131 2753 5188; x_wconf 66' lang='lat' dir='ltr'><strong>Christum.</strong></span> <span class='ocrx_word' id='word_1_862' title='bbox 2784 5131 3075 5189; x_wconf 84' lang='lat' dir='ltr'><strong>Conclusio</strong></span> <span class='ocrx_word' id='word_1_863' title='bbox 3114 5129 3261 5185; x_wconf 81' lang='lat' dir='ltr'><strong>enim</strong></span> <span class='ocrx_word' id='word_1_864' title='bbox 3292 5140 3431 5197; x_wconf 76' lang='lat' dir='ltr'><strong>pra:-</strong></span> 
     </span>
    </p>
   </div>
   <div class='ocr_carea' id='block_1_111' title="bbox 1841 5216 3430 5297">
    <p class='ocr_par' dir='ltr' id='par_1_111' title="bbox 1841 5216 3430 5297">
     <span class='ocr_line' id='line_1_111' title="bbox 1841 5216 3430 5297; baseline -0.008 -12"><span class='ocrx_word' id='word_1_865' title='bbox 1841 5229 1983 5285; x_wconf 88' lang='lat' dir='ltr'><strong>cedit</strong></span> <span class='ocrx_word' id='word_1_866' title='bbox 2007 5235 2072 5283; x_wconf 89' lang='lat' dir='ltr'><strong>ut</strong></span> <span class='ocrx_word' id='word_1_867' title='bbox 2104 5240 2222 5292; x_wconf 80' lang='lat' dir='ltr'><strong>rex,</strong></span> <span class='ocrx_word' id='word_1_868' title='bbox 2253 5226 2507 5283; x_wconf 76' lang='lat' dir='ltr'><strong>confusio</strong></span> <span class='ocrx_word' id='word_1_869' title='bbox 2530 5226 2775 5297; x_wconf 84' lang='lat' dir='ltr'><strong>sequitur</strong></span> <span class='ocrx_word' id='word_1_870' title='bbox 2804 5233 3063 5296; x_wconf 85' lang='lat' dir='ltr'><strong>tanquam</strong></span> <span class='ocrx_word' id='word_1_871' title='bbox 3090 5221 3267 5291; x_wconf 84' lang='lat' dir='ltr'><strong>plebs.</strong></span> <span class='ocrx_word' id='word_1_872' title='bbox 3286 5216 3430 5285; x_wconf 86' lang='lat' dir='ltr'><strong>Quia</strong></span> 
     </span>
    </p>
   </div>
   <div class='ocr_carea' id='block_1_112' title="bbox 1838 5307 3431 5389">
    <p class='ocr_par' dir='ltr' id='par_1_112' title="bbox 1838 5307 3431 5389">
     <span class='ocr_line' id='line_1_112' title="bbox 1838 5307 3431 5389; baseline -0.007 -16"><span class='ocrx_word' id='word_1_873' title='bbox 1838 5332 1979 5389; x_wconf 91' lang='lat' dir='ltr'><strong>quos</strong></span> <span class='ocrx_word' id='word_1_874' title='bbox 1995 5319 2158 5374; x_wconf 88' lang='lat' dir='ltr'><strong>modo</strong></span> <span class='ocrx_word' id='word_1_875' title='bbox 2177 5317 2464 5385; x_wconf 84' lang='lat' dir='ltr'><strong>conclusit,</strong></span> <span class='ocrx_word' id='word_1_876' title='bbox 2488 5332 2554 5374; x_wconf 91' lang='lat' dir='ltr'><strong>ne</strong></span> <span class='ocrx_word' id='word_1_877' title='bbox 2572 5317 2799 5375; x_wconf 77' lang='lat' dir='ltr'><strong>credant</strong></span> <span class='ocrx_word' id='word_1_878' title='bbox 2820 5317 2878 5372; x_wconf 89' lang='lat' dir='ltr'><strong>in</strong></span> <span class='ocrx_word' id='word_1_879' title='bbox 2896 5312 3196 5375; x_wconf 72' lang='lat' dir='ltr'><strong>Christum,</strong></span> <span class='ocrx_word' id='word_1_880' title='bbox 3208 5307 3431 5379; x_wconf 84' lang='lat' dir='ltr'><strong>quando</strong></span> 
     </span>
    </p>
   </div>
   <div class='ocr_carea' id='block_1_113' title="bbox 1842 5402 3431 5485">
    <p class='ocr_par' dir='ltr' id='par_1_113' title="bbox 1842 5402 3431 5485">
     <span class='ocr_line' id='line_1_113' title="bbox 1842 5402 3431 5485; baseline -0.006 -16"><span class='ocrx_word' id='word_1_881' title='bbox 1842 5413 2157 5485; x_wconf 83' lang='lat' dir='ltr'><strong>apparuerit</strong></span> <span class='ocrx_word' id='word_1_882' title='bbox 2178 5411 2431 5470; x_wconf 80' lang='lat' dir='ltr'><strong>Christus</strong></span> <span class='ocrx_word' id='word_1_883' title='bbox 2458 5428 2652 5472; x_wconf 90' lang='lat' dir='ltr'><strong>omnes</strong></span> <span class='ocrx_word' id='word_1_884' title='bbox 2676 5409 3097 5471; x_wconf 81' lang='lat' dir='ltr'><strong>confundentur.</strong></span> <span class='ocrx_word' id='word_1_885' title='bbox 3139 5402 3431 5460; x_wconf 80' lang='lat' dir='ltr'><strong>Habitasse</strong></span> 
     </span>
    </p>
   </div>
   <div class='ocr_carea' id='block_1_114' title="bbox 1842 5491 3429 5570">
    <p class='ocr_par' dir='ltr' id='par_1_114' title="bbox 1842 5491 3429 5570">
     <span class='ocr_line' id='line_1_114' title="bbox 1842 5491 3429 5570; baseline -0.009 -10"><span class='ocrx_word' id='word_1_886' title='bbox 1842 5503 2045 5560; x_wconf 90' lang='lat' dir='ltr'><strong>dicitur</strong></span> <span class='ocrx_word' id='word_1_887' title='bbox 2066 5511 2248 5560; x_wconf 87' lang='lat' dir='ltr'><strong>autem</strong></span> <span class='ocrx_word' id='word_1_888' title='bbox 2276 5504 2420 5562; x_wconf 86' lang='lat' dir='ltr'><strong>Seon</strong></span> <span class='ocrx_word' id='word_1_889' title='bbox 2441 5504 2496 5561; x_wconf 91' lang='lat' dir='ltr'><strong>in</strong></span> <span class='ocrx_word' id='word_1_890' title='bbox 2519 5505 2790 5567; x_wconf 82' lang='lat' dir='ltr'><strong>Hesebon,</strong></span> <span class='ocrx_word' id='word_1_891' title='bbox 2814 5499 2943 5570; x_wconf 84' lang='lat' dir='ltr'><strong>quia</strong></span> <span class='ocrx_word' id='word_1_892' title='bbox 2963 5493 3235 5558; x_wconf 78' lang='lat' dir='ltr'><strong>diabolus,</strong></span> <span class='ocrx_word' id='word_1_893' title='bbox 3271 5491 3429 5547; x_wconf 82' lang='lat' dir='ltr'><strong>radix</strong></span> 
     </span>
    </p>
   </div>
   <div class='ocr_carea' id='block_1_115' title="bbox 1804 5581 3431 5664">
    <p class='ocr_par' dir='ltr' id='par_1_115' title="bbox 1804 5581 3431 5664">
     <span class='ocr_line' id='line_1_115' title="bbox 1804 5581 3431 5664; baseline -0.009 -13"><span class='ocrx_word' id='word_1_894' title='bbox 1804 5595 2087 5651; x_wconf 85' lang='lat' dir='ltr'><strong>omnium</strong></span> <span class='ocrx_word' id='word_1_895' title='bbox 2146 5596 2406 5664; x_wconf 78' lang='lat' dir='ltr'><strong>vitiorum</strong></span> <span class='ocrx_word' id='word_1_896' title='bbox 2430 5636 2445 5663; x_wconf 92' lang='lat'><strong>,</strong></span> <span class='ocrx_word' id='word_1_897' title='bbox 2500 5589 2920 5663; x_wconf 76' lang='lat' dir='ltr'><strong>cogitationibus</strong></span> <span class='ocrx_word' id='word_1_898' title='bbox 2985 5600 3045 5641; x_wconf 86' lang='lat' dir='ltr'><strong>se</strong></span> <span class='ocrx_word' id='word_1_899' title='bbox 3093 5581 3431 5638; x_wconf 83' lang='lat' dir='ltr'><strong>intermiscet</strong></span> 
     </span>
    </p>
   </div>
   <div class='ocr_carea' id='block_1_116' title="bbox 1842 5672 3424 5755">
    <p class='ocr_par' dir='ltr' id='par_1_116' title="bbox 1842 5672 3424 5755">
     <span class='ocr_line' id='line_1_116' title="bbox 1842 5672 3424 5755; baseline -0.005 -10"><span class='ocrx_word' id='word_1_900' title='bbox 1842 5688 2115 5753; x_wconf 89' lang='lat' dir='ltr'><strong>humanis,</strong></span> <span class='ocrx_word' id='word_1_901' title='bbox 2147 5695 2203 5745; x_wconf 89' lang='lat' dir='ltr'><strong>et</strong></span> <span class='ocrx_word' id='word_1_902' title='bbox 2228 5699 2408 5744; x_wconf 83' lang='lat' dir='ltr'><strong>mente</strong></span> <span class='ocrx_word' id='word_1_903' title='bbox 2444 5687 2611 5755; x_wconf 83' lang='lat' dir='ltr'><strong>cingit</strong></span> <span class='ocrx_word' id='word_1_904' title='bbox 2632 5672 3424 5747; x_wconf 72' lang='lat' dir='ltr'><strong>sollicitudinibussuperﬁuis.</strong></span> 
     </span>
    </p>
   </div>
   <div class='ocr_carea' id='block_1_117' title="bbox 2724 5770 3341 5830">
    <p class='ocr_par' dir='ltr' id='par_1_117' title="bbox 2724 5770 3341 5830">
     <span class='ocr_line' id='line_1_117' title="bbox 2724 5770 3341 5830; baseline -0.005 0"><span class='ocrx_word' id='word_1_905' title='bbox 2724 5803 2729 5811; x_wconf 87' lang='grc'><strong>-</strong></span> <span class='ocrx_word' id='word_1_906' title='bbox 2822 5770 2995 5830; x_wconf 55' lang='grc' dir='ltr'><strong>ρὲπι-</strong></span> <span class='ocrx_word' id='word_1_907' title='bbox 3242 5812 3243 5815; x_wconf 31' lang='grc' dir='ltr'>γ</span> <span class='ocrx_word' id='word_1_908' title='bbox 3336 5776 3341 5787; x_wconf 93' lang='grc'><strong>·</strong></span> 
     </span>
    </p>
   </div>
  </div>
