3890 6340
513 292 618 350 845

1173 285 1235 341 Β.
1275 259 1531 341 sum
1568 282 1787 342 nsum
1824 276 2144 339 meumr.
2184 273 2490 333 uocum.
2530 251 2818 332 eruam
2848 270 3032 358 rans
3067 272 3143 368 ι..
3210 366 3213 368 _
3640 280 3725 338 su

506 419 577 459 ne
612 400 774 457 verba
803 380 1046 472 proferat
1067 398 1335 463 veritatis,
1358 409 1413 453 et
1434 412 1595 469 opera
1630 404 1882 454 exerceat
1911 394 2083 467 picta-
2100 394 2161 472 ¹Α
2185 387 2497 454 sceballlur.
2520 388 2615 444 sed
2642 395 2812 443 totum
2837 396 3050 467 tempus
3192 366 3421 461 profecti
3439 392 3506 449 de
3522 388 3725 469 Egypto

508 494 596 552 tis.
619 466 1015 565 Interpretatur
1034 500 1214 547 autem
1248 466 1494 548 Hesebon
1517 492 1773 563 cogitatio
1797 490 1880 545 vel
1902 466 2107 559 cingu:

505 587 615 641 lum
646 582 918 639 maeroris.
946 580 1037 637 Sic
1056 598 1269 653 quoque
1287 591 1343 638 et
1366 583 1445 656 0g
1468 597 1647 654 regem
1667 583 1839 637 Basan
1866 594 2087 637 manere

503 681 558 737 in
586 677 871 743 Haseroth,
902 685 958 732 et
994 676 1048 730 in
1075 674 1236 729 Edrai
1268 675 1549 748 Scriptura
1583 682 1990 741 commemorat.
2020 672 2089 729 Et

503 770 633 841 quid
643 766 914 825 Haseroth
935 767 1338 837 interpretatur,
1354 768 1457 822 nisi
1477 765 1738 822 vestibula
1752 765 1776 819 ?
1789 765 1902 821 sive
1915 764 2085 821 Achia
2116 780 2122 786 ’

503 873 560 919 et
610 861 806 929 Edrai,
845 860 950 917 hoc
982 870 1098 927 est,
1135 860 1415 916 mundatio
1444 860 1709 914 malorum
1755 858 2082 930 signiﬁcant,

502 953 611 1011 nisi
645 950 1019 1009 inﬁdelitatem
1065 965 1188 1005 cum
1224 948 1407 1020 pravis
1444 947 1744 1019 operibus?
1784 945 1912 1002 inde
1938 946 2080 1003 enim

502 1040 676 1101 certat
727 1044 993 1110 diabolus,
1048 1051 1111 1097 ut
1157 1057 1344 1098 omnes
1398 1056 1626 1114 quorum
1678 1040 1792 1113 ipse
1842 1051 1928 1096 est
1986 1055 2079 1096 rex

502 1153 780 1208 nunquam
816 1136 940 1192 ﬁdei
981 1136 1205 1206 januam
1246 1136 1487 1201 intrent,
1537 1135 1633 1190 sed
1682 1134 1813 1190 foris
1860 1147 2079 1189 manen-

503 1238 587 1286 tes
617 1228 673 1285 in
702 1228 1040 1295 inﬁdelitate,
1070 1226 1325 1299 operibus
1346 1242 1557 1298 semper
1581 1226 1833 1281 insistant
1859 1224 2077 1295 iniquis.

508 1339 528 1372 ι
572 1320 854 1394 Coepitque
881 1319 1092 1391 Moyses
1121 1317 1408 1389 explanare
1437 1317 1632 1387 legem,
1653 1324 1710 1373 et
1730 1316 1911 1373 dicere
1939 1330 1953 1370 :
2003 1336 2021 1369 ι

499 1481 937 1553 Gemmeuth
962 1408 1615 1553 κηκοιῖιῖἐιὶίἕξῂηᾷυὲρω
1644 1477 1815 1534 Israel
1836 1478 2079 1553 jubetire

569 1556 631 1609 in
654 1564 851 1609 terram
898 1552 1176 1618 Chanaan,
1204 1560 1256 1607 et
1298 1551 1363 1608 de
1407 1550 1713 1621 prmi-tione
1746 1551 2078 1622 septuaginta

474 1672 481 1693 ε
566 1625 833 1681 seniorum
854 1624 911 1679 in
930 1622 1142 1694 popula.

470 1786 475 1789 _
568 1718 747 1789 (1311).)
791 1736 813 1771 ι
855 1716 1116 1773 Dominus
1143 1716 1287 1775 Deus
1310 1725 1497 1772 noster
1514 1714 1731 1775 locutus
1757 1723 1842 1773 est
1873 1714 1945 1771 ad
1976 1728 2077 1771 nos

468 1862 481 1885 ἵ
504 1830 521 1865 ι
568 1812 625 1869 in
647 1810 814 1875 Oteb,
844 1810 1034 1867 dicens
1062 1827 1077 1862 :
1111 1806 1322 1867 Suﬁicit
1341 1806 1493 1864 vobis
1521 1807 1667 1878 quod
1687 1807 1744 1864 in
1768 1808 1876 1863 hoc
1893 1814 2077 1863 monte

474 1966 483 1975 ,
502 1922 527 1965 Α
575 1902 875 1963 mansistis.
892 1898 1251 1959 Revertimini
1271 1907 1327 1959 et
1341 1899 1520 1955 venite
1536 1899 1605 1954 ad
1624 1906 1866 1954 montem
1881 1897 2077 1954 Amor-

502 2011 522 2049 ι
567 1993 863 2058 rhaeorum,
877 1999 932 2047 et
948 1990 1016 2046 ad
1031 1998 1248 2055 caetera,
1267 2005 1388 2060 quae
1398 1990 1450 2044 ei
1462 1990 1708 2059 proxima
1722 1996 1851 2045 sunt
1866 2002 2079 2059 campo-

502 2103 523 2145 ι
568 2085 702 2142 stria
720 2093 887 2154 atque
907 2091 1163 2141 montana
1189 2090 1247 2138 et
1264 2082 1554 2141 humilium
1577 2081 1695 2139 loca
1706 2088 1901 2137 contra
1922 2080 2079 2137 meri-

503 2196 523 2231 ι
568 2178 712 2233 diem
732 2185 787 2233 et
800 2175 965 2245 juxta
977 2174 1129 2231 littus
1141 2174 1329 2239 maris,
1351 2181 1552 2229 terram
1571 2173 2003 2229 Chanantnorum
2023 2178 2079 2227 et

474 2288 519 2339 At
566 2269 757 2325 Libani
778 2283 951 2340 usque
971 2267 1041 2322 ad
1053 2264 1252 2323 flumen
1274 2280 1531 2337 magnum
1557 2264 1895 2334 Euphraten,
1917 2269 2023 2317 etc.
2050 2280 2071 2315 ι

489 2357 551 2419 In
578 2360 721 2415 lihro
766 2372 897 2427 ergo
937 2355 1301 2412 Numerorum
1348 2353 1417 2411 de
1461 2352 1800 2423 profectione
1844 2351 2076 2407 ﬁliorum

489 2448 659 2515 israel
690 2448 757 2505 de
786 2448 1002 2504 deserto
1031 2444 1184 2503 Sinai
1228 2452 1439 2511 narrat,
1468 2444 1566 2501 sed
1593 2451 1941 2514 praeceptum
1971 2443 2077 2498 De-

491 2540 624 2597 mini
644 2538 714 2593 ad
743 2536 964 2610 Moysen
992 2544 1180 2593 narrat
1211 2535 1278 2591 de
1306 2535 1499 2591 eodem
1530 2534 1784 2591 transitu.
1816 2534 1959 2604 Quin
1980 2549 2077 2606 po—

490 2631 598 2691 tius
627 2638 819 2685 narrat
857 2628 924 2685 de
953 2624 1096 2683 nube
1133 2642 1254 2697 qua:
1284 2623 1692 2681 tabernaculum
1724 2625 1969 2697 tegebat,
2011 2639 2078 2682 ac

492 2724 711 2797 quando
746 2721 1199 2795 proﬁciscendum
1238 2718 1361 2784 fuit,
1408 2719 1697 2775 recedebat
1722 2719 1789 2775 de
1819 2717 2077 2777 taberna-

488 2815 641 2882 culo;
679 2822 737 2871 et
762 2813 1076 2886 pmicedens
1123 2827 1240 2877 eos,
1287 2811 1459 2867 donec
1502 2810 1751 2867 venirent
1800 2809 1868 2865 ad
1898 2808 2077 2865 locum

488 2914 799 2963 castrorum
831 2905 924 2960 ubi
970 2901 1185 2974 figenda
1213 2910 1369 2959 erant
1401 2902 1774 2966 tabernacula,
1805 2902 1883 2958 ibi
1914 2916 2076 2971 supra

486 2997 661 3055 stetit.
718 2994 811 3051 Sic
857 2994 1003 3050 enim
1055 2993 1319 3063 scriptum
1368 3001 1454 3050 est
1508 3010 1521 3047 :
1570 3010 1589 3044 ί
1623 2992 1781 3049 Anno
1815 2992 2073 3058 secundo,

486 3102 676 3145 mense
723 3085 984 3151 secundo,
1037 3085 1301 3155 vigesimo
1335 3083 1424 3140 die
1468 3083 1696 3149 mensis,
1741 3082 1951 3139 elevata
1995 3090 2079 3135 est

486 3174 660 3230 nubes
689 3174 755 3229 de
787 3171 1134 3229 tabernaculo
1163 3171 1405 3227 foederis.
1437 3171 1787 3242 Profectique
1829 3178 1957 3227 sunt
1981 3170 2077 3227 filii

486 3263 657 3320 Israel
704 3280 801 3334 per
840 3272 1050 3318 turmas
1077 3278 1222 3331 suas,
1255 3264 1322 3319 de
1369 3263 1585 3319 deserto
1614 3261 1791 3330 Sinai,
1838 3272 1895 3318 et
1923 3278 2076 3318 recu-

487 3358 606 3419 buit
632 3357 804 3415 nubes
834 3357 890 3413 in
935 3356 1225 3414 solitudine
1252 3356 1489 3413 Pharao.
1524 3377 1546 3411 ι
1591 3357 1700 3414 Sed
1729 3356 2077 3413 manifestum

486 3459 573 3509 est
599 3463 817 3509 munem
860 3448 1148 3505 transitum
1175 3446 1340 3521 Litium
1373 3458 1644 3523 praecepto
1674 3449 1859 3507 divino
1897 3450 2075 3519 dispo-

487 3540 653 3598 situm
687 3555 831 3607 esse,
858 3539 987 3596 licet
1014 3539 1090 3596 ibi
1117 3554 1229 3595 non
1263 3552 1745 3609 commemoretur,
1770 3542 1865 3599 ubi
1890 3543 1957 3598 de
1976 3556 2076 3599 eo-

487 3630 610 3689 dem
642 3631 876 3687 transitu
924 3638 1129 3689 narrat.
1181 3626 1428 3687 Praesens
1455 3647 1668 3703 quoque
1708 3631 1848 3691 liber
1892 3631 2077 3704 Moyse

487 3731 746 3780 narrante
770 3738 869 3795 per
895 3722 1080 3778 omnia
1110 3722 1185 3777 ita
1218 3721 1425 3781 factum
1457 3737 1580 3780 esse
1606 3722 1936 3781 manifestat.
1965 3724 2078 3781 Nec

476 3804 600 3875 'non
649 3816 784 3873 liber
812 3814 1179 3872 Numerorum
1223 3814 1332 3870 alio
1362 3814 1482 3871 loco
1511 3815 1653 3872 idem
1697 3814 2075 3882 demonstrat,

488 3908 579 3965 ubi
615 3909 689 3964 ita
721 3909 986 3980 scriptum
1009 3915 1092 3963 est
1124 3926 1137 3962 :
1188 3926 1207 3960 ι
1249 3908 1333 3967 Ad
1372 3906 1661 3978 imperium
1702 3907 1937 3979 quidem.
1966 3906 2073 3967 Do-

488 4002 620 4063 mini
655 4004 939 4077 erigebant
988 4001 1225 4059 tentoria
1254 4011 1310 4058 et
1346 4001 1416 4057 ad
1471 4002 1761 4073 imperium
1793 4001 1938 4059 illius
1986 4002 2078 4061 tle-

487 4099 761 4172 ponehant
788 4095 987 4170 (Num.
1018 4097 1133 4169 rx).
1172 4118 1192 4151 ι
1236 4117 1256 4151 ι
1284 4098 1516 4167 Dixique
1541 4097 1697 4153 vobis
1724 4097 1780 4152 in
1815 4096 1908 4155 illo
1934 4105 2073 4155 tem—

491 4210 515 4245 s
558 4202 693 4259 pore
719 4205 734 4241 :
766 4185 885 4241 Non
909 4202 1130 4256 possum
1178 4187 1326 4245 solus
1356 4188 1626 4244 sustinere
1653 4203 1776 4254 vos,
1802 4188 1936 4258 quid
1970 4187 2077 4245 Do-

493 4297 515 4335 ι
560 4277 743 4334 minus
796 4273 941 4331 Deus
978 4282 1158 4331 vester
1208 4276 1590 4348 multiplicavit
1644 4290 1781 4342 vos,
1837 4284 1897 4333 et
1944 4275 2077 4333 estis

492 4391 513 4431 ε
559 4370 724 4429 hodie
766 4367 913 4427 sicut
951 4366 1121 4424 stellae
1158 4366 1284 4426 cadi
1328 4368 1570 4440 plurimi.
1627 4368 1889 4425 Dominus
1936 4368 2078 4427 Deus

495 4483 519 4519 ς
559 4470 777 4539 patrum
803 4467 1114 4516 vestrorum
1140 4458 1307 4515 addat
1329 4457 1401 4514 ad
1422 4458 1567 4515 hunc
1596 4472 1887 4515 numerum
1908 4459 2077 4515 multa

496 4572 518 4607 ι
559 4551 752 4629 millia,
798 4558 855 4608 et
884 4549 1181 4609 benedicat
1208 4550 1363 4606 vobis
1392 4549 1535 4606 sicut
1561 4549 1777 4606 locutus
1806 4557 1913 4606 est.
1960 4549 2076 4607 Non

497 4664 519 4699 ι
562 4642 714 4699 valeo
740 4642 889 4700 solus
912 4651 1095 4700 vestra
1123 4642 1343 4715 negotia
1369 4642 1662 4710 sustinere,
1690 4650 1749 4698 et
1774 4642 1988 4715 pondus
2014 4657 2080 4699 ac

497 4752 520 4791 ι
555 4732 753 4805 iurgia.
778 4732 913 4789 Date
942 4749 1011 4790 ex
1039 4734 1191 4791 vobis
1221 4732 1494 4805 sapientes
1524 4740 1579 4789 et
1613 4747 1837 4806 gnaros,
1866 4740 1923 4788 et
1945 4747 2082 4805 quo-

500 4845 525 4881 ι
567 4839 689 4882 rum
725 4825 1068 4883 conversatio
1095 4826 1167 4882 sit
1206 4824 1437 4896 probata
1466 4824 1527 4882 in
1569 4826 1772 4883 vestris
1797 4826 2076 4890 tribubus,

477 4938 524 4985 1
566 4926 848 4993 utponam
876 4931 972 4975 eos
988 4918 1143 4976 vobis
1162 4918 1454 4990 principes,
1476 4926 1532 4975 et
1555 4919 1782 4990 reliqua.
1820 4938 1840 4972 ι
1873 4918 1950 4974 De
1976 4920 2080 4983 hac

495 5015 645 5075 enim
690 5009 1062 5070 subdivisione
1086 5019 1417 5082 potestatum
1455 5013 1513 5068 in
1545 5012 1734 5068 Exodo
1785 5019 2080 5083 antequam

498 5106 570 5165 ad
595 5109 838 5162 montem
867 5088 1385 5172 Sinai’porvenirent
1402 5101 1662 5159 Israelita;
1682 5098 1947 5173 scriptum
1973 5110 2078 5167 est,

498 5203 557 5257 et
600 5194 747 5268 quod
785 5191 978 5250 Jethro
1032 5192 1286 5249 sacerdos
1334 5194 1549 5251 Madian
1594 5201 1856 5267 cognatus
1907 5185 2082 5266 Moysi

498 5284 605 5361 ipsi
637 5285 741 5343 hoc
778 5284 837 5341 in
863 5281 1155 5340 consilium
1181 5283 1393 5339 dederit
1422 5293 1696 5341 narratur.
1730 5282 1887 5342 Unde
1910 5284 2084 5356 quaeri

499 5384 681 5451 potest
721 5375 991 5449 quomodo
1027 5371 1131 5430 sibi
1177 5372 1527 5443 conveniant,
1560 5384 1673 5432 tam
1718 5376 1879 5433 modo
1921 5392 2086 5449 quam

500 5470 666 5527 etiam
694 5476 957 5539 tempore.
989 5463 1146 5534 Quod
1180 5465 1259 5521 sic
1299 5463 1434 5521 solvi
1459 5482 1620 5536 posse
1653 5483 1781 5523 reor
1826 5486 1837 5522 :
1873 5475 1935 5523 ut
1977 5469 2083 5524 hoc

501 5562 648 5633 quod
673 5558 761 5615 hic
784 5559 1048 5632 scriptum
1065 5566 1149 5615 est
1175 5557 1374 5615 dixisse
1403 5555 1621 5627 Moysen
1646 5559 1702 5613 in
1732 5559 1819 5614 illo
1841 5568 2085 5632 tempore

504 5649 573 5704 ad
618 5649 890 5719 populum,
926 5665 946 5701 ι
983 5645 1102 5705 Non
1143 5664 1364 5722 possum
1405 5646 1552 5704 solus
1582 5650 1851 5706 sustinere
1896 5667 2015 5719 vos,
2056 5672 2075 5705 ι

506 5753 615 5795 non
642 5739 774 5796 illud
812 5749 1031 5814 tempus
1054 5743 1323 5814 esprimat
1361 5756 1469 5813 quo
1508 5742 1573 5798 de
1613 5738 1826 5799 Choreb
1863 5744 2082 5821 proﬁci:

2103 4516 2157 4579 D

2188 479 2243 535 in
2292 479 2581 536 solitudine
2627 480 3010 547 morabantur;
3062 488 3117 535 et
3153 478 3376 554 Moysen
3415 499 3523 540 non
3562 500 3623 541 ex
3649 505 3722 547 sua

2188 568 2520 639 inventione,
2549 572 2644 627 sed
2682 571 2895 643 cognati
2922 571 3006 627 sui
3048 572 3273 628 consilio
3300 584 3542 646 accepto,
3564 580 3723 652 populo

2185 663 2514 734 persuaserit
2548 678 2668 733 qua:
2714 662 2802 717 hic
2829 662 3024 719 asserit
3068 662 3171 719 illis
3205 667 3563 737 persuasisse.
3603 670 3723 728 Unde

2186 750 2515 809 considerari
2548 762 2781 825 oportet,
2831 769 2994 824 quam
3042 755 3115 809 sit
3156 755 3573 826 observandum,
3611 768 3722 834 quod

2185 845 2261 900 ait
2308 844 2631 914 Scriptura:
2678 863 2696 895 ε
2728 842 2849 910 Fili,
2880 860 2949 900 ne
2980 846 3033 900 in
3071 845 3257 902 multis
3296 847 3407 903 sint
3453 856 3598 906 actus
3638 855 3719 923 tui,

2186 939 2320 995 satis
2356 946 2410 995 et
2438 938 2527 994 hic
2552 948 2774 1010 apparet
2805 936 2995 1011 (Eccli.
3028 939 3129 1011 XI).
3169 960 3187 993 ι
3226 940 3433 998 Deinde
3472 945 3623 1000 verba
3654 947 3720 1003 le

2185 1033 2309 1088 thro
2338 1032 2518 1089 dantis
2549 1032 2832 1087 consilium
2860 1031 3053 1104 Moysi,
3093 1033 3491 1090 consideranda
3516 1046 3642 1092 sunt.
3657 1039 3718 1099 Di-

2182 1124 2257 1180 cit
2283 1123 2428 1179 enim
2457 1143 2469 1178 :
2506 1142 2524 1175 ι
2555 1124 2708 1179 Nunc
2738 1125 2919 1194 itaque
2946 1124 3071 1181 audi
3094 1141 3202 1192 me,
3230 1139 3285 1181 et
3308 1128 3587 1184 consilium
3611 1130 3715 1189 dabo

2184 1215 2301 1282 tibi,
2348 1226 2403 1272 et
2449 1216 2591 1272 Deus
2617 1219 2723 1272 erit
2762 1227 2939 1272 tecum
2988 1217 3186 1290 (Exod.
3220 1220 3398 1292 xvm).
3443 1242 3461 1272 ι
3497 1220 3591 1279 Ubi
3617 1225 3715 1280 mihi

2179 1307 2394 1363 videtur
2436 1308 2731 1378 signiﬁcari
2763 1309 2923 1363 nimis
2966 1310 3232 1365 intentum
3264 1310 3519 1367 humanis
3545 1314 3713 1372 actibus

2181 1400 2444 1467 animum,
2474 1398 2585 1456 Deo
2610 1399 3010 1471 quodammodo
3056 1403 3300 1470 vacuari,
3330 1404 3478 1472 quod
3513 1404 3565 1459 ﬁt
3601 1413 3714 1464 tanto

2178 1489 2415 1560 plenius,
2464 1498 2668 1562 quanto
2714 1490 2767 1546 in
2799 1505 3034 1561 superna
3083 1499 3248 1562 atque
3291 1502 3498 1548 aeterna
3533 1493 3715 1551 liberius

2180 1581 2510 1637 extenditur.

2796 1694 3021 1753 CAPUT
3060 1695 3151 1753 Ill.

2092 1778 2152 1859 ,Β
2178 1792 2258 1848 De
2294 1794 2571 1851 duodecim
2614 1793 3045 1864 exploratoribus
3078 1795 3251 1849 missis
3279 1795 3349 1849 ad
3394 1806 3578 1864 terram
3602 1796 3710 1853 (iis:

2251 1880 2413 1931 uaan,
2442 1874 2489 1919 et
2532 1864 2596 1919 de
2626 1860 2984 1934 indignatione
3026 1863 3239 1918 Domini
3285 1875 3471 1920 contra
3499 1860 3657 1921 Israel.

2180 1982 2203 2039 ἑ·
2252 1975 2430 2049 (ιω.)
2470 1995 2489 2029 ι
2536 1977 2605 2033 Et
2629 1977 2938 2035 accessistis
2975 1978 3042 2035 ad
3070 1993 3161 2041 me
3189 1992 3384 2035 omnes
3425 1988 3574 2050 atque
3605 1979 3709 2037 diti

2186 2088 2205 2122 ι
2250 2069 2350 2126 stis
2380 2087 2394 2123 :
2429 2067 2706 2125 Mittamus
2736 2069 2883 2126 viros
2920 2069 3014 2139 qui
3053 2070 3412 2129 considerent
3445 2079 3710 2137 ternm,ct

2185 2179 2204 2214 ι
2248 2161 2562 2221 renuntient
2585 2176 2683 2232 per
2712 2162 2858 2231 quod
2886 2162 2991 2217 iter
3018 2162 3315 2219 debeamus
3340 2164 3636 2229 ascendere,
3665 2171 3711 2219 et

2185 2271 2204 2304 ι
2250 2253 2319 2309 ad
2351 2267 2489 2324 quas
2531 2252 2780 2315 civitates
2826 2266 3071 2325 pergere.
3122 2253 3372 2325 Cumque
3420 2254 3536 2313 mihi
3558 2268 3708 2310 sermo

2184 2362 2205 2396 ο
2248 2343 2562 2415 placuisset,
2585 2343 2709 2403 misi
2739 2358 2808 2399 ex
2837 2345 2990 2403 vobis
3014 2344 3303 2402 duodecim
3331 2347 3492 2413 viros,
3509 2345 3709 2417 singulm

2183 2452 2203 2486 ι
2244 2432 2312 2490 de
2340 2432 2588 2489 tribubus
2630 2432 2878 2504 singulis.
2913 2453 2934 2485 ι
2968 2432 3028 2490 In
3076 2432 3217 2490 libro
3255 2451 3472 2506 quoque
3497 2434 3708 2492 Numero-

2177 2541 2298 2583 rum
2333 2525 2597 2596 scriptum
2624 2532 2713 2581 est
2733 2524 2877 2595 quod
2905 2523 3166 2582 Dominus
3197 2527 3268 2582 ad
3297 2526 3516 2601 Moysen
3550 2529 3709 2587 dixerit

2178 2627 2238 2675 ut
2278 2619 2559 2675 mitterent
2605 2617 2753 2674 viros
2800 2618 2892 2689 qui
2923 2619 3340 2677 considerarent
3386 2629 3570 2677 terram
3599 2620 3709 2677 Cha-

2177 2726 2343 2767 naan.
2380 2710 2487 2767 Sed
2511 2708 2642 2769 licet
2671 2709 2886 2767 diversa
2912 2709 3200 2767 videantur
3228 2712 3376 2768 inter
3403 2728 3458 2769 se
3476 2712 3711 2782 essequod

2176 2796 2268 2859 hic
2300 2803 2356 2856 in
2385 2801 2825 2870 Deuteronomio,
2854 2812 2910 2857 et
2937 2800 3070 2859 illud
3111 2803 3260 2873 quod
3303 2802 3363 2859 in
3404 2802 3522 2860 libro
3542 2802 3708 2857 Nume-

2177 2908 2363 2949 rorum
2392 2907 2554 2969 super
2581 2891 2687 2949 hac
2718 2905 2777 2946 re
2808 2891 3069 2964 scriptum
3100 2892 3323 2965 legitur,
3360 2909 3536 2953 sensus
3560 2901 3709 2949 tamen

2177 2982 2355 3041 facilis
2388 2992 2476 3041 est
2499 2992 2559 3041 ut
2602 2984 2970 3057 intelligamus
2995 2984 3253 3057 populum
3284 2987 3355 3045 ad
3391 2986 3590 3058 Moysen
3621 2985 3710 3056 pri—

2183 3092 2332 3131 mum
2374 3092 2496 3133 esse
2533 3075 2776 3133 locutum
2803 3077 2871 3131 de
2899 3075 3345 3149 exploratoribus
3364 3078 3642 3143 mittendis,
3668 3084 3713 3132 et

2105 3138 2152 3205 ε
2184 3168 2263 3224 sic
2292 3167 2507 3240 Moyses
2534 3169 2603 3224 ad
2648 3168 2862 3225 Domini
2893 3169 3176 3229 consilium
3211 3186 3431 3229 causam
3478 3170 3713 3234 referens,

2182 3268 2515 3331 przeceptum
2547 3259 2617 3317 ab
2644 3274 2710 3315 eo
2736 3259 3035 3333 acceperit,
3064 3270 3336 3331 quatenus
3357 3262 3580 3319 mitteret
3593 3259 3716 3315 viros

2181 3352 2276 3422 qui
2312 3351 2660 3422 exploranent
2691 3359 2894 3408 terram
2924 3349 3206 3411 Chanaan.
3257 3373 3277 3407 ι
3324 3355 3422 3424 Qui
3466 3370 3581 3414 cum
3616 3367 3719 3425 per-

2188 3460 2207 3496 c
2255 3443 2526 3501 rexissent
2559 3452 2614 3499 et
2664 3443 3039 3503 ascendissent
3082 3445 3139 3501 in
3186 3456 3460 3513 montana,
3490 3448 3726 3503 venerunt

2187 3552 2208 3588 ι
2252 3550 2422 3608 usque
2458 3534 2527 3592 ad
2556 3536 2751 3593 vallem
2792 3536 2965 3595 Botri.
2996 3538 3067 3594 Et
3092 3540 3423 3599 considerata
3450 3549 3591 3603 terra
3602 3575 3618 3604 ,
3648 3552 3728 3595 su-

2188 3645 2209 3680 c
2251 3636 2461 3685 mentes
2506 3628 2574 3683 de
2604 3626 2869 3687 fructibus
2904 3628 3041 3701 ejus,
3078 3640 3140 3689 ut
3160 3633 3499 3691 ostenderent
3521 3632 3733 3687 uberta-

2186 3736 2207 3772 (
2249 3727 2376 3786 tem,
2416 3719 2715 3776 attulerunt
2742 3720 2819 3777 ad
2840 3736 2942 3779 nos
2968 3731 3126 3794 atque
3155 3724 3394 3778 dixerunt
3419 3739 3434 3776 :
3461 3720 3617 3777 Bona
3645 3728 3735 3779 est

2187 3829 2206 3862 s
2254 3818 2400 3867 terra
2430 3827 2592 3882 quam
2619 3810 2882 3870 Dominus
2910 3813 3054 3872 Deus
3077 3822 3252 3873 noster
3279 3813 3503 3870 daturus
3532 3821 3620 3870 est
3641 3828 3730 3873 no-

2187 3924 2215 3960 ι
2251 3906 2357 3962 bis.
2390 3902 2458 3960 Et
2483 3904 2732 3962 noluistis
2766 3908 3089 3975 ascendere,
3120 3908 3213 3965 sed
3237 3906 3501 3963 increduli
3533 3906 3598 3962 ad
3625 3920 3724 3963 ser-

2186 4014 2207 4050 ι
2252 4013 2468 4054 monem
2496 3998 2707 4055 Domini
2738 3997 2834 4055 Dei
2869 3998 3064 4067 nostri,
3092 3998 3473 4059 murmurastis
3497 3999 3551 4056 in
3573 3998 3727 4053 taber-

2189 4108 2207 4142 ι
2252 4090 2461 4147 naculis
2486 4091 2682 4147 vestris
2715 4099 2877 4163 atque
2908 4092 3163 4149 dixistis:
3187 4092 3316 4151 Odit
3337 4107 3441 4149 nos
3465 4090 3723 4153 Dominus;

2188 4200 2208 4235 ι
2252 4192 2309 4243 et
2332 4184 2537 4241 idcirco
2558 4185 2745 4241 eduxit
2764 4201 2865 4245 nos
2883 4186 2953 4243 de
2976 4197 3124 4243 terra
3154 4184 3399 4259 Egypti,
3432 4195 3495 4243 ut
3523 4182 3733 4243 traderet

2188 4292 2209 4326 ι
2254 4275 2421 4331 nosin
2440 4290 2635 4333 manus
2647 4275 3150 4349 Amorrhzei,atque
3173 4278 3405 4345 deleret,
3428 4287 3483 4334 et
3506 4277 3686 4345 reliqua
3709 4290 3728 4325 ο
3770 4340 3773 4343 ,

2182 4364 2475 4422 Duodecim
2513 4364 2666 4424 missi
2701 4379 2827 4424 sunt
2857 4368 3252 4440 inspectatores
3282 4384 3353 4424 ex
3398 4367 3523 4425 ﬁliis
3563 4360 3731 4429 Israel,

2183 4456 2252 4516 ad
2302 4459 2749 4521 considerandam
2803 4471 3007 4518 terram
3050 4478 3172 4533 quas
3221 4462 3304 4519 eis
3361 4463 3540 4519 fuerat
3582 4471 3735 4529 repro-

2184 4546 2371 4606 missa.
2405 4548 2602 4622 Hique,
2623 4559 2748 4623 post
2766 4553 3125 4624 quadraginta
3148 4553 3271 4610 dies
3294 4553 3537 4623 reversi,
3559 4551 3737 4607 diversa

2184 4640 2517 4701 renuntiant.
2575 4643 2709 4700 Nam
2750 4644 2940 4702 decem
2983 4661 3052 4703 ex
3099 4646 3185 4702 his
3234 4646 3292 4702 in
3338 4644 3737 4720 desperationem

2186 4735 2413 4791 mittunt
2451 4734 2733 4807 populum,
2778 4735 2855 4791 ita
2902 4743 2962 4793 ut
2988 4734 3159 4793 velint
3198 4733 3426 4806 abiecto
3477 4735 3642 4809 Moyse
3666 4728 3739 4787 eli-

2186 4842 2315 4903 gere
2336 4827 2506 4884 alium
2533 4828 2751 4896 ducem,
2773 4835 2830 4884 et
2858 4829 3059 4885 reverti
3087 4828 3143 4885 in
3169 4826 3504 4902 Egyptum.
3534 4826 3631 4884 Alii
3646 4835 3743 4881 rem

2187 4916 2294 4977 duo
2322 4916 2466 4976 bona
2507 4917 2782 4986 nuntiant,
2811 4926 2867 4976 et
2891 4919 3247 4981 cohortantur
3272 4921 3551 4992 populum
3570 4927 3742 4991 peruia

2185 5024 2317 5065 nere
2342 5008 2399 5067 in
2441 5008 2547 5066 fide
2572 5009 2817 5067 dicentes
2860 5028 2872 5064 :
2912 5027 2931 5061 ι
2968 5004 3026 5066 Si
3052 5008 3227 5081 diligit
3253 5025 3369 5067 nos
3405 5012 3571 5074 Deus,
3605 5008 3749 5061 intro-

2185 5098 2427 5159 ducetad
2443 5108 2646 5157 terram
2660 5103 2803 5159 hanc
2821 5101 3000 5174 (Deut.
3040 5100 3220 5173 xvnt).
3244 5120 3263 5154 ι
3303 5098 3429 5158 Sed
3456 5099 3669 5176 populus
3688 5094 3754 5147 in-

2188 5190 2469 5249 ﬁdelitatis
2498 5193 2877 5265 desperatione
2904 5207 3151 5265 prasceps
3200 5191 3418 5265 agitur,
3474 5203 3531 5250 et
3560 5190 3626 5247 ad
3652 5184 3758 5258 lapi-

2191 5284 2397 5345 dandos
2439 5300 2532 5343 eos
2587 5285 2679 5357 qui
2735 5284 2877 5342 bona
2940 5285 3196 5341 nuntiant
3232 5285 3492 5356 prosilit.
3546 5280 3763 5352 Majestas

2189 5391 2321 5434 vero
2352 5374 2567 5435 Domini
2597 5376 2833 5450 protegit
2858 5391 2953 5434 eos
2982 5378 3039 5432 in
3084 5376 3354 5445 nubibus,
3407 5384 3469 5434 et
3512 5375 3646 5433 dixit
3686 5371 3768 5426 Do-

2190 5469 2372 5527 minus
2409 5469 2481 5525 ad
2520 5467 2739 5541 Moysen
2780 5488 2803 5541 7:
2852 5487 2871 5520 ι
2906 5467 3124 5524 Feriam
3148 5483 3242 5523 eos
3277 5477 3477 5524 morte
3506 5476 3564 5524 et
3606 5459 3771 5520 interi-

2172 5575 2339 5616 mam
2366 5575 2493 5626 eos;
2532 5568 2588 5615 et
2611 5540 2807 5615 faciam
2835 5568 2889 5616 te
2914 5569 2970 5616 et
2993 5561 3213 5617 domum
3239 5562 3435 5631 patris
3467 5561 3549 5616 tui
3587 5559 3645 5614 in
3668 5569 3773 5628 gen.

2193 5659 2301 5708 tem
2357 5666 2610 5722 magnam
2669 5659 2726 5706 et
2775 5650 3033 5717 multam,
3088 5651 3261 5722 magis
3319 5668 3505 5724 quam
3562 5650 3675 5707 haec
3712 5650 3774 5700 es!

2193 5742 2382 5818 (Nam.
2416 5742 2552 5815 xiv).
2596 5764 2613 5799 ι
2648 5744 2736 5800 Fit
2762 5745 2880 5802 haec
2906 5753 3057 5803 tanta
3084 5744 3461 5815 comminatio
3489 5762 3524 5804 a
3552 5742 3779 5809 Domino.
