3890 6340
161 318 262 397 NB

939 310 1344 380 numnam
1383 312 1611 378 suam
1650 288 2271 380 naumachiam.
2308 348 2381 365 -
2411 308 2543 377 ue.
2582 306 2624 376 ιε

3319 328 3427 387 846

165 458 255 508 non
280 452 344 502 ut
362 434 635 516 passibilis
658 448 714 499 et
741 432 1038 497 iracundiae
1064 434 1198 495 vitio
1226 436 1513 510 subiacens
1546 443 1729 492 osten—
1754 414 1814 503 Ἀ
1836 435 1892 492 in
1935 428 2176 493 Canticis
2220 435 2561 493 canticorum
2595 430 2843 494 Ecclesia
2872 432 2941 493 de
2983 424 3201 497 Christo
3230 440 3369 504 dicit
3405 464 3423 503 :

164 543 306 602 datur
344 539 527 596 divina
564 545 781 603 natura,
827 535 923 592 sed
963 540 1025 590 ut
1052 542 1152 605 per
1174 532 1293 588 haec
1316 538 1377 588 et
1410 527 1578 602 Moysi
1605 528 1734 585 cha-

162 636 283 694 ritas
314 644 479 707 quam
508 644 637 706 erga
672 629 934 703 populum
971 626 1235 694 habebat,
1280 632 1335 682 et
1374 622 1471 680 Dei
1495 618 1733 694 bonitas,

165 740 269 803 qua!
306 734 531 798 superat
560 738 779 782 omnem
812 730 1069 790 mentem,
1102 722 1483 776 innotesceret.
1513 716 1737 790 Mystice

162 829 329 877 autem
356 817 647 874 duodecim
673 814 1045 889 exploratores
1070 814 1223 871 missi
1248 812 1318 869 ad
1345 804 1736 884 explorandam

162 923 350 970 terram
378 911 622 977 uberem,
656 911 750 981 qui
786 915 1100 965 terruerunt
1134 906 1416 981 pOpulum,
1442 921 1510 962 ne
1553 903 1739 960 crede-

161 1012 234 1061 ret
257 1017 416 1076 posse
447 1002 694 1073 accipere
723 1017 754 1055 a
788 999 1019 1056 Domino
1070 1007 1273 1053 terram
1314 996 1733 1069 repromissam,

162 1090 464 1151 Scribarum
498 1098 555 1148 et
601 1088 1001 1147 Pharismorum
1045 1087 1407 1160 praetulerunt
1451 1084 1732 1141 indicium.

161 1178 299 1239 Sicut
326 1183 476 1238 enim
499 1180 576 1236 illi
599 1196 702 1254 per
721 1179 944 1253 Moysen
974 1179 1129 1235 missi
1165 1186 1311 1246 sunt,
1346 1186 1404 1233 ut
1429 1176 1528 1234 soli
1554 1174 1738 1233 l'ecun-

165 1270 380 1331 ditatem
419 1270 651 1330 sollicita
702 1272 1139 1330 consideratione
1187 1278 1517 1335 tractarent,
1572 1271 1646 1324 ita
1670 1268 1741 1342 :et

159 1365 244 1421 isti
268 1379 366 1439 per
396 1365 569 1437 legem
616 1372 671 1420 et
700 1364 995 1436 prophetas
1024 1363 1173 1417 missi
1207 1370 1351 1426 sunt,
1383 1366 1443 1416 ut
1467 1368 1563 1429 per
1591 1358 1740 1414 Scri-

158 1467 433 1527 ptum'nm
489 1456 969 1529 investigationem
1009 1450 1353 1510 Dominicum
1398 1450 1741 1523 Specularen-

158 1556 243 1605 ttIr
291 1549 606 1607 adventum.
654 1549 717 1604 1n
765 1563 873 1620 quo
911 1554 1032 1604 erat
1111 1555 1278 1612 terra,
1329 1544 1383 1599 id
1439 1550 1558 1610 est,
1612 1546 1741 1597 caro

155 1646 359 1708 Sancta,
406 1643 465 1698 in
496 1654 604 1715 qua
633 1656 862 1713 regnum
891 1639 989 1696 Dei
1018 1646 1075 1695 et
1111 1639 1420 1695 ubertatem
1464 1634 1742 1692 fructuum

152 1733 498 1804 spiritalium,
546 1742 603 1789 et
648 1734 821 1788 vitam
875 1741 1139 1788 aeternam
1186 1731 1446 1803 consequi
1492 1738 1767 1803 possent,

147 1823 251 1881 Sed
301 1827 448 1882 sicut
476 1824 553 1881 illi
601 1822 984 1897 desperatione
1024 1830 1336 1880 terruerunt
1368 1821 1625 1894 populum
1675 1836 1744 1877 ne

142 1916 207 1973 de
231 1917 330 1973 Dei
363 1915 733 1988 promissione
758 1915 1127 1980 considerent,
1158 1914 1234 1970 ita
1261 1923 1316 1969 et
1342 1912 1433 1969 isti
1463 1912 1656 1969 scriba:
1690 1921 1746 1968 ct

135 2000 415 2065 Pharisaei
460 2016 753 2063 suaserunt
796 2007 993 2079 populo
1020 2004 1328 2063 Iudaeorum
1353 2020 1422 2061 ne
1460 2002 1747 2060 crederent

130 2098 452 2165 Christum,
481 2097 868 2171 ad'IEgyptum
892 2098 1073 2155 saeculi
1103 2099 1266 2170 hujus
1292 2094 1473 2153 redire
1517 2096 1743 2167 cupien-

136 2194 244 2259 tes,
277 2189 634 2261 repndiantes
658 2204 859 2243 manna
884 2189 1029 2255 ﬁdei,
1060 2194 1369 2258 quaerentes
1390 2185 1524 2241 ollas
1551 2199 1745 2255 pecca-

143 2287 327 2335 torum
358 2278 558 2350 nigras,
592 2287 646 2333 et
680 2293 842 2348 cepas
865 2276 1328 2348 blasphemiarum
1377 2277 1649 2347 putridas,
1688 2282 1746 2331 et

144 2380 405 2443 pepones,
457 2368 716 2425 vitiorum
762 2382 828 2424 ac
863 2368 1154 2423 libidinum
1200 2368 1554 2439 corruptione
1592 2374 1743 2422 mar-

146 2468 443 2517 cescentes.
480 2458 575 2513 llle
624 2468 806 2514 autem
854 2460 1047 2515 botrus
1101 2474 1240 2524 uvae,
1284 2474 1449 2530 quem
1498 2460 1554 2514 in
1596 2457 1744 2530 ligno

150 2552 395 2609 de-terra
423 2551 864 2623 repromissionis
893 2553 1001 2608 duo
1027 2551 1296 2609 advexere
1324 2560 1594 2618 vectores,
1643 2553 1743 2608 bo-

149 2653 263 2699 trus
287 2644 536 2715 pendens
570 2658 602 2698 e
637 2644 803 2713 ligno,
842 2643 1029 2714 utique
1060 2642 1312 2700 Christus
1342 2658 1410 2700 ex
1448 2642 1597 2716 ligno
1623 2660 1747 2700 cru-

154 2735 232 2791 cis
258 2735 567 2805 promissus
594 2734 845 2807 gentibus
882 2732 949 2789 de
993 2741 1135 2789 terra
1186 2735 1465 2807 genitricis
1518 2732 1702 2790 Mariae
1727 2776 1743 2803 ,

149 2835 378 2882 terrenae
417 2826 609 2897 stirpis
646 2825 945 2881 secundum
992 2840 1214 2881 carnem
1260 2825 1564 2882 visceribus
1616 2821 1749 2880 edu-

148 2934 257 2974 sus.
287 2920 409 2975 Duo
447 2916 621 2988 bajuli
664 2918 759 2989 qui
813 2917 913 2973 sub
953 2932 1120 2973 onere
1164 2918 1309 2973 botri
1355 2917 1502 2973 illius
1532 2918 1745 2975 incede-

145 3012 292 3081 bant,
319 3013 564 3086 populus
591 3019 677 3069 est
712 3019 944 3083 uterque
984 3011 1139 3082 cujus
1166 3012 1318 3083 prior
1345 3009 1603 3069 Iudaicus
1645 3026 1751 3068 ca}—

1845 518 1867 581 e
1908 524 2100 586 Frater
2136 540 2291 586 meus
2319 534 2381 585 ut
2400 529 2593 585 botrus
2619 527 2772 601 cypri
2801 527 2980 603 (Cant.
3006 528 3071 604 ι).
3108 549 3129 584 ι
3167 530 3305 602 Quia
3327 551 3430 596 nec

1836 614 2088 677 Christus
2112 619 2229 676 sine
2251 612 2395 692 lege,
2421 634 2523 678 nec
2548 620 2634 677 lex
2662 622 2783 678 sine
2814 618 3034 680 Christo
3059 639 3180 681 esse
3204 630 3427 699 poterit.

1845 726 1873 764 τ
1912 704 2023 769 Nec
2062 712 2311 770 miranda
2360 714 2661 787 indignatio
2706 714 2765 772 in
2808 716 3090 789 populum,
3131 736 3259 777 cum
3295 720 3433 782 mihi

1846 814 1868 855 ι
1913 812 2129 877 quoque
2174 807 2346 863 iratus
2392 806 2655 864 Dominus
2677 812 2901 879 prepter
2924 825 3022 867 vos
3045 810 3284 871 dixerit:
3318 812 3433 874 Nec

1847 904 1873 948 ι’
1913 905 1971 953 tu
1999 896 2321 971 ingrediaris
2351 898 2500 965 illuc,
2531 899 2626 955 sed
2651 896 2813 956 Iosue
2842 892 2987 958 illius
3018 899 3137 960 Nun
3178 905 3436 965 minister

1847 1005 1866 1040 ι
1912 996 2038 1045 tuus
2065 990 2181 1061 ipse
2208 989 2434 1045 intrabit
2453 1005 2556 1060 pro
2580 998 2653 1047 te.
2680 989 2835 1048 Hunc
2862 994 3157 1056 exhortare
3184 1006 3241 1055 et
3270 1002 3435 1058 robo-

1845 1097 1865 1131 ‹
1896 1095 1969 1159 ,τε
2014 1090 2115 1135 :et
2161 1081 2277 1152 ipse
2327 1088 2529 1136 terram
2579 1089 2727 1137 sorte
2756 1082 2959 1141 dividet
3006 1087 3209 1157 lsrael,
3260 1103 3368 1150 etc.
3405 1112 3426 1148 ι

1838 1170 2019 1241 ουτω
2070 1178 2253 1243 potest
2276 1172 2550 1242 quomodo
2584 1168 2800 1246 Mo’yses
2825 1172 2973 1232 dicat
3007 1179 3077 1235 ad
3112 1178 3282 1239 Israel
3306 1199 3434 1256 pro-

1837 1272 1962 1343 pter
1994 1277 2087 1319 eos
2128 1261 2329 1318 iratum
2365 1263 2469 1319 sibi
2515 1262 2807 1320 Dominum
2850 1265 3053 1326 dixisse
3101 1286 3115 1325 :
3155 1292 3173 1325 ι
3211 1273 3324 1333 Nec
3373 1286 3434 1334 tu

1841 1350 2167 1425 lngredieris
2197 1350 2361 1421 illuc,
2393 1374 2411 1406 ι
2449 1354 2552 1410 hoc
2590 1363 2696 1421 est,
2728 1355 2784 1411 in
2808 1363 3008 1412 terram
3050 1365 3431 1432 repromissio-

1842 1444 1948 1527 nis,
1968 1456 2090 1500 cum
2110 1443 2164 1499 in
2191 1442 2331 1500 libro
2351 1440 2710 1502 Numerorum
2739 1448 2815 1502 ita
2842 1444 3051 1521 legatur
3076 1468 3091 1506 :
3129 1470 3149 1503 ι
3181 1452 3436 1527 Dixitque

1842 1524 2108 1592 Dominus
2138 1536 2207 1590 ad
2231 1532 2453 1608 Moysen
2488 1545 2543 1591 et
2565 1536 2749 1595 Aaron
2778 1558 2791 1593 :
2827 1538 2965 1608 Quia
2994 1558 3103 1598 non
3126 1524 3437 1604 credidistis

1844 1627 2003 1695 mihi,
2044 1634 2103 1681 ut
2132 1626 2550 1685 sanctiﬁcaretis
2598 1646 2684 1685 me
2713 1647 2900 1686 coram
2932 1632 3060 1690 ﬁliis
3086 1633 3287 1705 Israel,
3329 1655 3438 1696 non

1843 1716 2203 1774 introducetis
2230 1720 2331 1775 hos
2360 1720 2590 1791 populos
2616 1722 2671 1776 in
2706 1730 2934 1792 terram,
2973 1741 3139 1797 quam
3171 1728 3314 1787 dabo
3357 1732 3440 1789 eis

1848 1809 2039 1881 (Nam.
2069 1811 2264 1883 xxvn).
2299 1833 2318 1864 ι
2349 1810 2459 1867 Sed
2477 1828 2713 1885 sequens
2738 1819 3007 1875 sententia
3033 1822 3440 1892 quodammodo

1846 1902 2063 1958 videtur
2091 1903 2233 1959 hanc
2262 1901 2550 1961 absolvere
2580 1909 2961 1976 quaestionem.
2998 1930 3017 1963 α
3057 1910 3205 1981 Παῖς,
3237 1917 3434 1988 inquit,

1848 2002 1935 2055 est
1960 2012 2103 2068 aqua
2132 1999 2607 2067 contradictionis,
2637 2002 2730 2055 ubi
2754 2003 2960 2074 jurgati
2991 2015 3117 2062 sunt
3146 2006 3241 2066 lilii
3268 2009 3439 2069 Israel

1849 2098 2043 2146 contra
2071 2090 2385 2160 Dominum,
2430 2102 2486 2149 et
2514 2094 2890 2151 sanctiﬁcatus
2919 2105 3007 2153 est
3035 2098 3092 2153 in
3123 2100 3224 2156 eis.
3260 2122 3280 2155 ι
3310 2100 3440 2160 Iur-

1847 2181 1996 2254 gium
2023 2183 2171 2238 enim
2199 2191 2364 2254 atque
2392 2184 2618 2240 rebellio
2643 2186 2830 2258 populi
2869 2203 3033 2243 causa
3061 2186 3164 2245 mn
3200 2191 3296 2247 ine
3332 2191 3440 2249 Do—

1845 2272 1980 2327 mini
2012 2280 2175 2344 atqne
2216 2274 2487 2342 vindictae,
2526 2284 2639 2330 tam
2683 2276 2740 2332 in
2768 2279 3028 2349 populum
3067 2295 3231 2351 quam
3270 2283 3440 2340 etiam

1845 2360 1904 2417 in
1946 2360 2167 2434 Moysen
2204 2372 2261 2419 et
2302 2364 2486 2420 Aaron
2515 2365 2761 2437 prolatae.
2808 2368 3038 2424 Videtur
3066 2371 3199 2426 mihi
3224 2372 3281 2428 in
3320 2373 3438 2429 Ma-

1848 2459 1930 2513 ria
1958 2459 2243 2531 prephetia
2277 2467 2521 2527 mortua;
2552 2462 2607 2516 in
2636 2459 2818 2535 Hoyse
2844 2470 2901 2518 et
2926 2463 3107 2521 Aaron
3132 2465 3240 2539 legi
3268 2475 3326 2523 et
3350 2483 3439 2525 sa-

1850 2550 2090 2607 cerdotio
2119 2550 2429 2606 Iudaeorum
2453 2552 2579 2607 linis
2605 2553 2912 2623 impositus,
2942 2554 3070 2623 quia
3112 2571 3213 2612 nec
3238 2556 3341 2628 ipsi
3368 2558 3441 2615 ad

1851 2652 2054 2700 terram
2095 2645 2536 2715 repromissionis
2562 2647 2859 2704 ascendere
2884 2648 3158 2715 volebant,
3184 2666 3287 2707 nec
3314 2665 3439 2706 ere-

1852 2734 2070 2791 dentem
2108 2737 2366 2807 populum
2414 2736 2482 2791 de
2527 2737 2825 2793 solitudine
2859 2736 3022 2807 hujus
3072 2740 3259 2795 saeculi
3305 2742 3442 2796 edu-

1852 2841 1999 2893 cere,
2031 2828 2135 2882 nisi
2183 2827 2330 2882 solus
2358 2826 2538 2889 Iesus.
2568 2829 2621 2883 id
2646 2837 2731 2884 est
2756 2827 3013 2885 Salvator
3036 2838 3224 2886 noster
3254 2831 3349 2886 Dei
3379 2830 3440 2887 li-

1853 2916 1978 2974 lius.
2005 2917 2066 2973 lu
2090 2919 2368 2991 trigesima
2398 2927 2580 2974 autem
2622 2928 2678 2975 et
2705 2920 2868 2975 tertia
2896 2920 3176 2978 mansione
3218 2931 3445 2994 propter

1853 3023 2026 3093 aquas
2081 3009 2528 3066 contradictionis
2583 3008 2796 3081 Moyses
2847 3008 3075 3068 offendit
3129 3013 3441 3082 Dominum,

146 3120 238 3162 cus
276 3116 334 3162 et
375 3120 630 3172 aversus,
664 3106 887 3177 ignarus
912 3107 1205 3177 pendentis
1248 3108 1470 3179 gratias,
1500 3117 1555 3165 et
1592 3123 1746 3183 pres.
1781 3172 1817 3183 __
1855 3101 2179 3173 prohibetur
2230 3101 2463 3158 transire
2507 3100 2820 3159 Iordanem.
2866 3103 3225 3163 Perturbatus
3291 3107 3440 3164 enim

147 3212 237 3256 sus
288 3214 464 3256 onere
516 3172 791 3270 suspensi,
842 3172 932 3254 cui
978 3172 1277 3269 subjicitur
1303 3172 1572 3273 iudicanti
1592 3172 1633 3257 ἐ
1678 3204 1746 3259 de
1771 3172 1818 3239 (ἶ
1848 3210 2129 3250 murmure
2168 3193 2371 3266 populi,
2404 3195 2715 3252 dubitanter
2738 3205 2949 3268 petram
2970 3199 3121 3272 virga
3145 3203 3440 3272 percussit,

146 3290 341 3363 quibus
370 3290 582 3346 dicitur
612 3306 624 3343 :
672 3307 691 3340 ι
729 3288 1105 3345 Obscurentur
1131 3289 1276 3346 oculi
1328 3305 1518 3348 eorum
1549 3308 1619 3349 ne
1664 3294 1742 3348 vi-

146 3379 327 3446 deant,
378 3388 437 3437 et
494 3381 719 3437 dorsum
757 3396 951 3436 eorum
1008 3398 1222 3457 semper
1271 3385 1499 3441 incurva
1550 3386 1737 3458 (Psal.

145 3472 357 3546 uvm).
396 3494 417 3525 ι
464 3471 570 3539 Qui
596 3488 729 3529 vero
757 3474 1027 3544 posterior
1069 3476 1346 3544 veniebat,
1396 3478 1582 3550 populi
1611 3495 1745 3551 gen-

146 3563 279 3621 tium
329 3565 562 3637 gerebat
612 3564 843 3638 ligurum
869 3606 885 3633 ,
930 3567 1023 3636 qui
1084 3567 1315 3623 credens
1356 3577 1413 3623 et
1465 3570 1746 3627 Christum

145 3661 270 3711 ante
305 3655 505 3711 oculos
544 3655 781 3722 habens,
812 3669 1029 3725 semper
1066 3671 1193 3710 eum
1222 3665 1446 3727 portans
1483 3657 1660 3725 videt;
1692 3668 1750 3715 et

146 3748 302 3815 quasi
335 3762 538 3803 servus
566 3748 845 3803 dominum
870 3755 931 3803 et
968 3746 1268 3819 discipulus
1297 3748 1622 3821 magistrum
1667 3765 1750 3808 se-

141 3840 356 3910 quitur,
392 3840 543 3893 sicut
588 3840 703 3910 ipse
749 3839 1010 3897 Dominus
1058 3843 1115 3896 in
1140 3836 1433 3915 Evangelio
1461 3845 1542 3900 ait
1575 3864 1589 3899 :
1634 3863 1652 3896 ι
1689 3844 1748 3903 Si

137 3932 265 4000 quis
302 3929 429 3984 vult
476 3939 602 4000 post
645 3947 737 3987 me
780 3933 989 3999 venire,
1022 3933 1177 3989 tollat
1209 3951 1437 3990 crucem
1468 3952 1649 4003 suam,
1694 3948 1750 3994 et

136 4028 417 4092 seqtratur
448 4036 540 4075 me
569 4018 786 4093 (Matth.
828 4025 1008 4096 xvm).
1043 4044 1065 4077 ι
1109 4023 1210 4080 llic
1233 4034 1319 4081 est
1342 4036 1525 4083 autem
1558 4029 1748 4087 botrus

139 4115 231 4186 qui
264 4111 516 4170 effusum
565 4114 621 4169 in
665 4116 895 4173 salutem
945 4126 1191 4175 nostram
1219 4120 1407 4176 vinum
1462 4125 1747 4196 sanguinis

142 4206 223 4262 sui
272 4205 466 4263 crucis
514 4206 843 4264 contritione
900 4208 1161 4279 perfudit,
1224 4221 1389 4284 atque
1429 4229 1747 4285 expressum

143 4300 418 4370 passionis
444 4313 562 4356 suae
604 4301 827 4356 calicem
858 4300 1119 4361 Ecclesiae
1147 4306 1476 4378 propinavit.
1517 4309 1620 4366 Hic
1664 4319 1749 4371 est

146 4391 331 4450 botrus
393 4407 567 4465 quem
627 4393 996 4466 malogranata
1056 4398 1206 4453 socia
1260 4399 1504 4456 humeris
1560 4411 1746 4458 secuta

149 4496 228 4544 est
250 4487 455 4559 gratia.
488 4486 634 4543 Nam
656 4488 865 4545 scilicet
886 4489 1130 4547 Ecclesia
1159 4505 1334 4549 mater
1368 4495 1581 4554 habens
1600 4498 1745 4555 intra

1848 3289 2001 3359 quasi
2036 3286 2167 3343 illud
2192 3302 2299 3343 non
2327 3297 2513 3358 posset
2538 3290 2682 3346 Deus
2706 3287 2892 3345 facere
2932 3298 2992 3344 ut
3015 3306 3155 3363 aqua
3191 3293 3259 3347 de
3281 3302 3439 3365 petra

1844 3381 2162 3454 producret,
2194 3372 2349 3452 quod
2370 3390 2496 3437 ante
2515 3379 2631 3451 jam
2658 3381 2884 3438 fecerat.
2915 3381 3053 3450 Quid
3079 3399 3211 3456 ergo
3253 3386 3342 3441 hic
3367 3387 3437 3440 tl-

1847 3475 1943 3531 des
1973 3473 2144 3546 Moysi
2179 3474 2442 3542 insinuat,
2467 3489 2590 3543 quae
2617 3490 2816 3544 aquam
2841 3475 2908 3530 de
2934 3481 3092 3545 petra
3120 3474 3444 3542 ejiciendum

1850 3576 2204 3640 titubaverat,
2245 3575 2353 3630 nisi
2390 3583 2452 3630 ut
2493 3575 2635 3629 hanc
2677 3576 2847 3629 etiam
2886 3576 3230 3646 prophetiam
3268 3576 3443 3635 fuisse

1851 3667 1919 3721 de
1953 3665 2173 3721 Christo
2201 3672 2350 3720 recte
2400 3663 2811 3735 intelligamus?
2848 3664 2988 3719 Dum
3025 3667 3173 3721 enim
3226 3666 3443 3739 Moyses

1850 3760 1910 3814 in
1942 3756 2247 3827 Scripturis
2275 3755 2449 3810 sacris
2475 3754 2639 3809 aliam
2670 3767 2833 3825 atque
2856 3755 3018 3810 aliam
3046 3770 3148 3827 pro
3174 3773 3237 3815 re
3261 3759 3441 3830 aliqua

1850 3848 2206 3924 signiﬁcanda
2231 3861 2520 3919 personam
2563 3857 2741 3917 gerat,
2767 3863 2913 3904 nunc
2937 3855 3117 3905 tamen
3142 3852 3327 3923 populi
3346 3850 3443 3907 Iu-

1852 3944 2095 3999 daeorum
2120 3943 2221 3997 sub
2249 3941 2367 4011 lege
2400 3940 2563 4011 positi
2598 3956 2893 4011 personam
2919 3943 3164 4013 gerebat,
3208 3960 3443 4017 eumque

1850 4034 2169 4106 prophetica
2231 4033 2677 4105 pronuntiatione
2751 4034 3038 4107 ﬁgurabat.
3099 4035 3237 4094 Nam
3299 4039 3445 4097 sicut

1852 4129 2067 4201 Moyses
2089 4136 2307 4200 petram
2329 4128 2482 4198 virga
2510 4129 2843 4199 percutiens,
2878 4132 2946 4187 de
2972 4130 3073 4188 Dei
3096 4134 3299 4190 virtute
3338 4134 3440 4191 du-

1853 4222 2070 4290 bitavit,
2108 4221 2184 4278 ita
2232 4220 2325 4278 ille
2364 4221 2599 4293 populus
2641 4222 2734 4293 qui
2783 4224 2885 4279 sub
2922 4224 3040 4295 lege
3075 4240 3174 4298 per
3217 4227 3440 4301 Moysen

1851 4314 1981 4372 data
2012 4313 2317 4380 tenebatur,
2350 4312 2627 4371 Christum
2654 4314 2803 4388 ligno
2832 4318 3015 4373 crucis
3046 4317 3288 4389 alligens,
3312 4336 3440 4377 eum

1851 4405 2108 4461 virtutem
2145 4404 2243 4460 Dei
2275 4418 2396 4461 esse
2435 4422 2544 4462 non
2574 4407 2841 4474 credidit;
2871 4409 2967 4463 sed
3010 4409 3151 4463 sicut
3175 4423 3439 4478 percussa

1851 4505 2007 4567 petra
2053 4496 2300 4551 manavit
2323 4511 2520 4569 aquam
2563 4497 2899 4563 sitientibus,
2943 4497 3024 4552 sic
3060 4497 3220 4570 plaga
3262 4499 3439 4558 Domi-

146 4592 202 4636 se
230 4590 330 4652 per
378 4593 690 4653 granorum
734 4594 1025 4636 numerum
1064 4583 1471 4641 multitudinem
1516 4589 1743 4660 populo-
1768 4568 1824 4631 Ῑ)
1849 4589 1987 4644 nicas
2027 4587 2300 4659 passionis
2337 4586 2531 4644 electa
2576 4595 2664 4644 est
2705 4588 2816 4643 vita
2853 4568 3220 4647 cretionibus.
3258 4591 3439 4652 liabe-

146 4684 283 4737 rum,
327 4672 598 4727 ruborem
646 4670 928 4742 sanguinis
976 4670 1183 4728 Christi
1211 4674 1492 4748 signaculo
1542 4678 1747 4737 haben-

148 4767 250 4817 tem
275 4762 443 4819 etiam
474 4762 635 4815 intus
657 4759 915 4816 distincta
941 4776 1135 4833 grana,
1170 4764 1312 4818 sicut
1331 4766 1623 4836 Apostolus
1646 4771 1743 4838 ait,

148 4854 355 4913 diversa
404 4854 773 4921 charismata,
821 4861 878 4910 et
920 4855 1061 4911 dona
1097 4856 1324 4927 spiritus
1349 4859 1525 4930 gratia
1553 4860 1743 4916 distri-

147 4943 286 5003 buta.
327 4946 548 5017 Quibus
612 4944 864 5001 omnibus
914 4946 1165 5019 indignos
1208 4964 1268 5005 se
1294 4949 1563 5007 increduli
1599 4952 1747 5026 judi-

150 5049 346 5108 cantes,
373 5050 597 5097 terram
622 5039 804 5096 carnis
834 5038 1039 5094 Christi
1066 5038 1323 5097 fluentem
1348 5044 1488 5100 lacte
1512 5053 1569 5100 et
1587 5045 1748 5102 melle

152 5134 388 5205 accipere
407 5151 522 5191 non
555 5142 907 5199 meruerunt,
933 5149 1097 5205 quam
1126 5150 1221 5206 per
1249 5136 1409 5193 ﬁdem
1438 5141 1581 5195 servi
1608 5140 1744 5210 ejus,

151 5222 202 5278 id
225 5238 305 5283 est
356 5226 677 5286 Christiani
729 5226 912 5297 populi
957 5231 1238 5284 consecuti
1298 5240 1443 5297 sunt,
1483 5232 1553 5288 de
1591 5233 1747 5303 cuius

153 5314 389 5376 doctrina
444 5317 709 5392 quotidie
760 5318 894 5375 dicit
931 5318 1176 5376 Ecclesia
1229 5340 1241 5376 :
1288 5341 1305 5374 ι
1344 5325 1525 5391 Quam
1566 5326 1745 5385 thlcia

157 5406 397 5470 lancibus
437 5413 593 5470 meis
633 5410 846 5482 eloquia
878 5421 968 5468 tua
1017 5430 1181 5485 super
1219 5416 1326 5472 mel
1354 5426 1421 5488 et
1450 5418 1639 5475 favum
1660 5422 1741 5477 ori

157 5503 305 5558 meo!
344 5524 365 5557 ι
394 5505 597 5561 Ficum
629 5513 834 5571 autem,
866 5521 1029 5577 quem
1053 5522 1175 5562 cum
1201 5509 1359 5566 botro
1387 5511 1454 5567 de
1481 5520 1635 5567 terra
1654 5529 1740 5573 ro-

157 5599 535 5665 promissionis
587 5598 907 5666 attulerunt,
955 5602 1247 5673 imaginem
1275 5604 1411 5676 legi
1454 5605 1736 5670 attulisse.

162 5693 483 5764 evangelicis
534 5693 829 5749 educatum-
876 5695 1160 5765 exemplis.
1219 5698 1371 5754 Sicut
1422 5707 1474 5754 et
1528 5700 1741 5756 botrum

165 5795 372 5842 constat
385 5789 628 5860 ﬁguram
653 5784 949 5845 Salvatoris
973 5791 1275 5860 ostendere,
1290 5793 1746 5863 quemadmodum

1850 4696 1975 4736 mus
2014 4679 2163 4735 enim
2198 4677 2269 4732 de
2300 4678 2406 4734 hac
2456 4690 2517 4733 re
2565 4678 3043 4749 praeterissimam
3088 4690 3147 4738 et
3194 4683 3440 4745 ﬁdelissi-

1845 4788 1994 4829 mam
2053 4786 2243 4828 vocem
2304 4770 2659 4841 apostolicam
2682 4806 2705 4838 ι
2754 4786 2881 4828 enim
2938 4772 3065 4829 inde
3115 4772 3433 4847 loqueretur

1848 4864 2036 4921 dicens
2074 4882 2087 4918 :
2128 4882 2151 4915 ι
2186 4863 2351 4919 Petra
2380 4871 2565 4920 autem
2588 4871 2727 4920 erat
2765 4863 3017 4923 Christus
3058 4865 3113 4942 (Ι
3140 4867 3264 4925 Cor.
3296 4870 3375 4943 x).
3407 4891 3427 4924 ι

1847 4958 2002 5015 Hane
2039 4974 2171 5033 ergo
2195 4972 2421 5015 carnem
2446 4958 2513 5015 de
2541 4956 2746 5015 Christi
2789 4960 3074 5018 nativitate
3095 4963 3430 5034 desperatio-

1850 5062 1974 5106 nem
2010 5052 2065 5108 in
2107 5051 2279 5121 ipsius
2308 5048 2510 5106 Christi
2551 5048 2836 5109 altitudine
2873 5052 3020 5110 Deus
3061 5054 3201 5110 mori
3235 5053 3457 5124 jubet,‘

1847 5157 1971 5197 eum
2019 5151 2255 5198 mortem
2281 5141 2462 5197 carnis
2487 5139 2675 5214 Moysi,
2725 5142 2780 5199 in
2820 5152 3005 5201 monte
3033 5145 3266 5215 imperat
3291 5143 3426 5200 lieri.
3446 5156 3463 5173 κ

1848 5230 2007 5288 Sicut
2030 5232 2187 5287 enim.
2225 5237 2387 5300 petra
2427 5230 2696 5300 Christus,
2740 5232 2816 5289 ita
2863 5243 2922 5291 et
2957 5249 3115 5289 mons
3155 5227 3457 5288 Christus.3

1845 5327 2009 5383 Petra
2037 5325 2265 5382 humilis
2302 5323 2581 5393 fortitudo,
2612 5342 2773 5384 mons
2792 5327 3037 5384 eminens
3071 5322 3431 5396 magnitudo:

1845 5420 1983 5491 quia
2014 5419 2155 5475 sicut
2185 5418 2477 5490 Apostolus
2528 5420 2621 5487 ait,
2657 5439 2681 5471 ι
2714 5419 2874 5474 Petra
2900 5424 3083 5471 autem
3118 5424 3238 5470 erat
3269 5414 3429 5476 Chri-

1850 5520 1989 5577 stus,
2023 5532 2043 5564 »
2075 5511 2157 5566 ita
2189 5512 2304 5581 ipse
2333 5511 2594 5589 Dominus
2625 5524 2641 5564 :
2691 5528 2710 5560 α
2750 5506 2865 5562 Non
2896 5514 3092 5578 potest,
3124 5506 3324 5576 inquit,
3353 5506 3431 5564 ci-

1850 5606 2002 5660 vitas
2021 5604 2275 5659 abscondi
2305 5619 2466 5673 super
2492 5611 2739 5658 montem
2758 5599 2935 5671 posita
2962 5598 3185 5670 (MUL-
3205 5600 3283 5672 v),
3317 5621 3341 5656 ι
3370 5615 3433 5660 se

1851 5698 2063 5755 scilicet
2079 5708 2321 5754 mentem
2355 5696 2650 5767 appellans,
2686 5690 2871 5746 ﬁdeles
2899 5699 3085 5747 autem
3109 5707 3238 5751 suos
3265 5694 3319 5750 in
3342 5694 3432 5753 sui

1853 5793 2088 5852 nominis
2108 5792 2281 5867 gloria
2301 5792 2569 5857 fundatos,
2594 5798 2845 5847 asserens
2864 5785 3161 5848 civitatem.
3186 5788 3431 5851 Pruden-
