3890 6340
179 345 270 407 sig
879 315 890 320 ’
942 297 1340 392 minuma
1376 289 1604 389 superi
1643 293 2258 387 nsurnnonmuun.
2298 361 2369 374 -
2404 329 2534 387 LIB.
2578 325 2617 385 ι.

3333 333 3438 389 850

177 437 374 517 decima
414 427 628 524 quinta
654 431 826 521 primi“
861 437 1065 505 mensis
1113 447 1448 519 ingressam,
1495 443 1744 500 ultimam
1770 446 1823 506 Α
1847 441 1971 510 fuit,
1996 446 2166 501 donec
2194 456 2610 503 consumeretur
2642 446 2822 503 omnis
2853 446 3133 518 generatio
3151 446 3437 506 hominum

177 549 509 612 solitudinem
552 545 703 601 Sinai
731 544 909 616 prima
935 545 1022 622 die
1050 543 1204 616 tertii,
1235 541 1440 598 mensis
1480 541 1665 598 addita
1694 549 1748 594 et

176 625 262 720 per
283 635 539 697 undecim
563 653 782 694 menses
806 636 1094 698 continuos
1117 632 1474 706 construendi
1499 632 1748 688 taberna-

177 727 290 804 culi,
317 742 376 804 et
405 731 661 804 docendae
694 729 829 799 legis
849 727 1024 801 gratia
1044 725 1266 782 minime
1296 723 1542 780 relictam
1571 741 1583 777 :
1613 740 1748 796 qua-

177 842 284 892 rum
310 809 570 902 videlicet
599 815 886 888 duodecim
921 820 1291 894 mansionum,
1322 831 1516 876 novem
1546 816 1748 873 solum-

169 917 318 993 modo
353 916 493 974 liber
534 915 706 978 Exodi
753 914 1086 978 nominatim.
1125 913 1470 988 exprimens,
1519 919 1747 978 caeteras

175 1019 274 1065 tres
298 1007 403 1064 sub
431 1007 631 1062 deserti
655 1005 782 1078 Sin,
806 1006 1099 1078 quodesse
1127 1004 1327 1060 dicitur
1359 1001 1660 1062 interElim
1689 1011 1745 1057 et

173 1093 328 1174 Sinai,
354 1098 621 1158 vocabulo
644 1098 943 1153 indiscrete
964 1096 1250 1169 praeteriit.
1271 1093 1553 1150 Secundus
1570 1109 1744 1152 annus

172 1181 544 1262 complectitur”
581 1187 896 1248 mansiones
929 1186 1122 1259 viginti
1164 1195 1218 1241 et
1245 1200 1439 1250 unam,
1465 1185 1662 1253 quibus
1687 1182 1743 1238 in

172 1281 347 1336 ordine
377 1280 621 1335 historia:
649 1279 860 1334 cunctis
887 1276 1260 1332 indilicrenter
1297 1275 1396 1329 sub
1437 1272 1744 1329 solitudinis

170 1369 378 1427 Pharan
421 1372 641 1428 nomine
693 1370 1135 1441 comprehensis,
1161 1367 1338 1437 prima
1365 1365 1541 1420 solum
1572 1373 1629 1418 et
1655 1377 1743 1418 se-

162 1461 336 1533 cunda
390 1471 445 1518 et
474 1462 684 1525 ultima,
716 1461 820 1515 hoc
855 1445 939 1514 est
969 1457 1217 1527 sepulcra
1254 1452 1742 1525 concupiscentia},

163 1541 428 1608 'Haseroth
457 1561 512 1608 et
541 1551 741 1620 Gades,
790 1566 888 1606 suo
933 1549 1344 1620 distinguuntur
1386 1559 1452 1600 ex
1495 1543 1740 1616 nomine;

169 1627 258 1698 sed
291 1633 626 1714 in‘catalogo
657 1627 1002 1722 mansionum
1037 1639 1246 1712 pariter
1268 1652 1457 1718 omnes
1491 1643 1624 1704 quot
1644 1648 1743 1716 nu-

160 1725 316 1788 ‘mero'
336 1709 676 1799 fnerititfvel
701 1747 808 1808 quo
831 1709 1068 1804 nomine,
1100 1709 1386 1812 diligenter
1413 1709 1738 1796 ostenditur.
1757 1769 1836 1812 ἐξ.

165 1781 308 1788 """'
336 1781 558 1799 "‘"'"'7
603 1781 676 1787 ’ν
706 1781 800 1808 11'
832 1781 979 1804 "'.""
1055 1781 1067 1791 ι
1198 1781 1228 1812 v,
1694 1793 1696 1796 .
1757 1797 1762 1808 ,

159 1812 400 1890 Quarum
442 1809 621 1896 prima
669 1819 915 1896 mansio,
951 1815 1054 1875 hoc
1081 1809 1165 1874 est.
1202 1819 1447 1890 sepulcra
1488 1815 1742 1886 concupi-
1770 1781 1818 1863 Β

159 1917 398 1983 scentiae,
430 1903 670 1970 secundo
697 1928 888 1969 mense
915 1911 1156 1981 ejusdem
1187 1909 1407 1968 secundi
1437 1908 1564 1962 anni
1593 1908 1739 1962 vice-

157 1991 299 2078 simo
353 2008 590 2062 secundo
645 2004 732 2061 die
784 2003 988 2059 mensis
1041 2002 1285 2056 introita.
1332 2020 1349 2051 ‹
1400 2000 1556 2054 Anno
1599 1999 1743 2054 enim

157 2096 433 2163 secundo,
471 2103 532 2150 ut
561 2091 840 2166 Scriptura
873 2094 1033 2159 dicit,
1071 2108 1262 2148 mense
1288 2092 1526 2147 secundo
1548 2132 1563 2156 ,
1592 2093 1738 2146 vice-

157 2187 300 2242 simo
341 2187 430 2243 die
469 2187 696 2254 mensis,
741 2193 1031 2240 moverunt
1077 2195 1260 2240 castra
1302 2183 1368 2238 de
1401 2184 1620 2238 deserto
1652 2181 1740 2238 Si-

154 2279 284 2333 nai:
319 2288 376 2333 et
416 2278 703 2344 recubuit,
731 2278 938 2348 inquit,
980 2277 1152 2332 nubes
1187 2277 1242 2331 in
1285 2276 1578 2331 solitudine
1604 2275 1743 2332 Pha-

154 2351 274 2423 ran.
326 2366 670 2437 Profectique
733 2377 860 2423 sunt
930 2368 999 2422 de
1054 2373 1242 2423 monte
1295 2366 1543 2440 Domini,
1592 2367 1740 2424 viam

160 2459 320 2514 trium
369 2457 616 2525 dierum,
655 2457 831 2514 donec
878 2459 1130 2526 venirent
1167 2459 1237 2515 ad
1270 2458 1450 2517 locum
1495 2461 1740 2516 mansio-

156 2549 268 2616 nis,
311 2566 432 2622 quaa
457 2551 642 2624 populi
683 2567 878 2606 carnes
909 2551 1196 2624 Egyptias
1230 2552 1627 2618 desiderantis,
1658 2567 1744 2610 se-

155 2643 464 2715 pulcrorum
511 2645 966 2714 concupiscentiae
1024 2660 1226 2701 nomen
1281 2648 1491 2718 accepit
1525 2646 1739 2718 (Num.

154 2733 228 2807 x).
265 2755 284 2786 ι
324 2735 530 2792 Ultima
578 2744 758 2791 autem
815 2737 1009 2792 harum
1051 2737 1294 2802 mansio,
1355 2739 1408 2793 id
1445 2747 1530 2794 est
1567 2738 1742 2808 Gades

154 2838 316 2900 quoto
346 2831 438 2888 die
460 2831 551 2888 vel
570 2847 760 2890 mense
788 2831 1031 2902 ejusdem
1068 2835 1194 2890 anni
1229 2835 1303 2889 sit
1327 2834 1598 2906 ingressa,
1633 2851 1743 2892 non

155 2923 385 2992 dicitur;
417 2925 520 2981 sed
549 2933 732 2982 tamen
757 2927 885 2996 quia
908 2936 964 2982 et
986 2927 1104 2998 ipsa
1135 2928 1190 2982 in
1215 2926 1506 2984 solitudine
1526 2927 1743 2984 Pharan

155 3013 286 3080 sita,
327 3017 463 3086 quia
513 3016 704 3072 eodem
749 3031 898 3074 anno
931 3017 1116 3076 addita
1151 3018 1344 3084 fuerit,
1373 3034 1481 3074 non
1507 3027 1737 3075 tacetur.

153 3101 421 3178 Scriptum
458 3113 550 3162 est
574 3106 721 3163 enim
748 3125 761 3162 :
801 3126 830 3160 ι.
857 3108 926 3163 Et
954 3107 1185 3179 populus
1212 3124 1322 3166 non
1348 3118 1434 3168 est
1455 3117 1637 3168 motus
1673 3110 1741 3166 de

148 3194 260 3253 loco
305 3199 433 3266 illo,
492 3199 667 3256 donec
702 3209 956 3261 revocata
993 3209 1080 3257 est
1114 3200 1302 3257 Maria.
1345 3201 1741 3273 Profectusque

147 3299 225 3346 est
266 3292 334 3348 de
374 3290 676 3358 liaseroth,
725 3290 850 3348 ﬁxis
891 3292 1143 3348 tentoriis
1172 3292 1230 3350 in
1255 3293 1474 3350 deserto
1496 3291 1734 3360 Pharan,

149 3382 236 3436 ubi
283 3383 504 3440 locutus
544 3392 629 3438 est
672 3383 937 3438 Dominus
972 3383 1206 3441 dicens:
1245 3384 1401 3440 Mitte
1448 3384 1598 3440 viros
1643 3386 1738 3456 qui

149 3473 499 3530 considerent
547 3482 752 3530 terram
789 3473 1049 3530 Chanaan
1103 3475 1297 3545 (Num.
1345 3477 1468 3547 xu).
1517 3496 1538 3528 ›
1583 3476 1740 3544 Quod

151 3579 216 3621 ne
241 3568 504 3636 proxima
527 3576 650 3638 post
675 3565 944 3623 Haseroth
970 3568 1254 3624 mansione
1269 3567 1482 3636 jussum
1511 3567 1742 3623 factum-

148 3671 249 3728 que
275 3667 527 3729 putetur,
551 3658 647 3714 sed
676 3659 858 3727 potius
902 3657 1240 3730 intelligatur
1276 3657 1330 3713 in
1362 3657 1552 3712 ultima
1574 3697 1589 3722 ,
1620 3673 1742 3726 quae

144 3750 240 3806 sub
263 3749 491 3806 Pharan
511 3749 817 3806 solitudinis
842 3749 1061 3812 nomine
1080 3749 1391 3806 continetur
1427 3749 1738 3819 impletum,

141 3841 430 3896 videamus
449 3841 599 3911 quod
616 3840 759 3895 intra
773 3841 1039 3912 scriptum
1065 3851 1168 3898 est.
1190 3841 1528 3912 Reversique
1555 3839 1741 3913 explo-

137 3949 200 4010 ra
208 3942 363 3989 tores
385 3940 552 3987 terra:
570 3940 696 4004 post
716 3936 1074 4006 quadraginta
1096 3935 1216 3990 dies
1229 3950 1450 3992 omnem
1463 3935 1740 4007 regionem

139 4023 437 4084 circuitam
457 4062 474 4090 ,
523 4033 791 4080 venerunt
832 4025 900 4080 ad
950 4024 1174 4096 Moysen
1218 4034 1276 4082 et
1317 4026 1504 4083 Aaron
1524 4066 1542 4093 ,
1575 4033 1632 4082 et
1671 4027 1741 4082 ad

143 4128 364 4170 omnem
394 4122 607 4170 acetum
635 4114 874 4172 ﬁliorum
904 4116 1071 4172 lsrael
1100 4116 1156 4173 in
1185 4117 1460 4174 desertum
1490 4117 1737 4185 Pharao,

145 4208 286 4276 quod
308 4216 396 4272 est
426 4207 484 4262 in
509 4206 705 4263 Gades.
731 4206 838 4266 Sed
858 4207 914 4263 in
939 4207 1362 4266 Deuteronomio
1389 4208 1604 4281 Moyses
1625 4209 1741 4280 ipse

146 4299 382 4371 loquitur
411 4300 656 4374 populo:
694 4321 712 4353 ‹
750 4302 994 4373 Cumque
1023 4303 1314 4360 venissetis
1344 4303 1402 4359 iu
1438 4303 1738 4364 Cadesbar-

149 4405 244 4458 ne,
290 4391 407 4450 dixi
449 4391 610 4450 vobis
655 4410 669 4447 :
722 4393 962 4449 Venistis
1013 4394 1085 4450 ad
1122 4403 1364 4452 montem
1397 4394 1732 4461 Amorrhaci,

1848 537 2168 614 bellatorum
2198 540 2266 596 de
2307 542 2538 608 castris,
2567 541 2710 598 sicut
2750 539 3036 610 juraverat
3083 541 3366 598 Dominus.
3409 564 3432 599 ι

1831 629 2023 706 Ζανθᾱ
2053 642 2232 687 autem
2257 648 2454 689 nomen
2482 650 2590 690 non
2615 643 2702 689 est
2734 633 3033 689 mansionis
3052 676 3066 700 ,
3093 635 3158 690 de
3183 634 3291 690 illis
3316 635 3437 693 dico

1849 725 2209 797 quadraginta
2239 727 2468 794 duabus,
2497 727 2592 782 sed
2616 741 2814 782 nomen
2840 728 3120 795 torrentis,
3153 727 3223 783 ad
3249 743 3437 799 quem,

1849 820 1989 880 sicut
2037 821 2093 876 in
2132 818 2495 882 Numerorum
2536 819 2809 875 volumine
2848 820 3064 892 legitur,
3111 830 3435 892 trangressa

1846 913 2104 969 vicesima
2144 920 2336 968 octava
2377 911 2657 968 mansione
2697 913 2914 968 nomine
2954 912 3227 968 Icabarim
3274 928 3438 968 vene-

1846 1010 1992 1058 runt.
2029 1001 2202 1070 Quem
2231 1002 2632 1073 relinquentes,
2662 1003 2868 1073 inquit,
2899 1003 3273 1059 castrametati
3306 1011 3437 1059 sunt

1846 1105 2037 1152 contra
2070 1097 2258 1150 Arnon
2307 1110 2428 1165 quae
2471 1103 2556 1150 est
2600 1095 2656 1150 in
2705 1096 2952 1161 deserto,
2982 1104 3036 1151 et
3071 1096 3350 1167 prominet
3377 1097 3436 1151 in

1843 1187 2044 1243 ﬁnibus
2063 1186 2366 1242 Amorrbzei
2395 1200 2408 1239 :
2434 1186 2576 1256 quod
2599 1185 3017 1257 quadragesimo
3042 1201 3184 1242 anno
3214 1197 3430 1259 gestum

1842 1277 2011 1344 fuisse
2059 1295 2168 1336 non
2193 1279 2345 1334 latet.
2400 1278 2502 1346 Qui
2552 1277 2804 1334 videlicet
2859 1293 3033 1332 annus
3077 1279 3430 1352 quadragesi-

1843 1388 1986 1442 mus,
2011 1372 2064 1427 id
2085 1381 2186 1438 est,
2207 1381 2262 1428 et
2285 1373 2529 1438 ultimus,
2554 1372 2884 1444 longissimae
2905 1387 3002 1442 per
3031 1371 3303 1427 desertum
3329 1373 3433 1428 via:

1846 1464 2160 1524 mansiones
2207 1465 2448 1519 continet
2511 1463 2893 1519 Numerorum.
2953 1463 3193 1530 Quarum
3254 1464 3430 1534 prima

1846 1556 2056 1626 mansio
2083 1571 2278 1626 magno
2296 1567 2381 1612 est
2402 1557 2587 1613 labore
2614 1557 2865 1628 repetita,
2897 1557 3092 1630 eadem
3119 1557 3238 1626 ipsa
3260 1556 3434 1613 Gades

1847 1635 2050 1716 deserti
2082 1646 2210 1718 Sin,
2231 1664 2403 1718 quam
2429 1657 2555 1704 ante
2598 1649 2822 1720 triginta
2852 1656 2978 1704 octo
3022 1664 3223 1716 annos,
3249 1656 3316 1714 ,ut
3356 1648 3435 1702 di-

1847 1749 1993 1794 ctum
2021 1750 2147 1807 est,
2184 1741 2339 1811 culpa
2371 1742 2836 1814 pi‘mvaricationis
2883 1742 3164 1814 exigente,
3203 1749 3330 1812 post
3375 1755 3435 1798 sc

1845 1835 2052 1908 reversi
2089 1835 2450 1904 reliquerant;
2481 1836 2546 1890 de
2575 1851 2682 1906 qua
2709 1836 2783 1890 ita
2815 1835 3084 1903 scriptum
3115 1842 3201 1890 est
3229 1851 3243 1902 ;
3281 1852 3300 1885 ‹
3337 1834 3436 1888 Ve-

1837 1935 2149 1996 .neruntque
2189 1926 2284 1981 ﬁlii
2315 1926 2480 1984 lsrael
2513 1935 2569 1983 et
2611 1928 2788 1983 omnis
2833 1926 3120 1982 multitudo
3157 1927 3210 1981 in
3248 1926 3435 1984 deser-

1844 2027 1962 2074 tum
1988 2018 2085 2074 Sin
2107 2034 2294 2076 mense
2315 2020 2493 2089 primo
2518 2037 2532 2074 :
2556 2027 2614 2076 et
2638 2021 2835 2076 mansit
2877 2019 3104 2091 populus
3135 2020 3188 2073 in
3218 2018 3393 2076 Gades
3413 2058 3431 2085 ,

1843 2118 2170 2179 mortuaque
2196 2120 2280 2166 est
2317 2111 2394 2166 ibi
2421 2110 2609 2175 Maria,
2647 2120 2703 2168 et
2732 2112 2942 2183 sepulta
2985 2113 3042 2167 in
3073 2113 3264 2168 eodem
3289 2112 3429 2168 loco.

1842 2199 2090 2272 Cumque
2114 2201 2381 2271 indigeret
2402 2202 2631 2273 populus
2655 2218 2790 2274 aqua
2810 2243 2824 2267 ,
2859 2203 3109 2258 coierunt
3139 2203 3430 2258 adversum

1841 2293 2064 2364 Moysen
2095 2304 2150 2349 et
2176 2294 2384 2360 Aaron,
2415 2304 2547 2360 etc.,
2572 2316 2590 2350 ι
2619 2311 2792 2366 usque
2815 2297 2882 2350 ad
2907 2295 2984 2361 id,
3004 2295 3147 2366 quod
3170 2295 3434 2365 scriptum

1841 2393 1926 2442 est
1950 2402 1963 2438 :
1999 2403 2018 2436 ‹
2054 2383 2179 2440 Haec
2201 2393 2284 2441 est
2309 2400 2450 2455 aqua
2473 2385 2946 2452 contradictionis,
2975 2385 3063 2439 ubi
3079 2383 3284 2456 jurgati
3308 2392 3436 2439 sunt

1841 2476 1939 2533 ﬁlii
1968 2477 2135 2533 Israel
2183 2486 2374 2534 contra
2419 2479 2739 2544 Dominum,
2771 2487 2826 2534 et
2867 2478 3238 2534 sanctiﬁcatus
3263 2487 3348 2532 est
3375 2478 3434 2534 in

1843 2569 1924 2624 eis
1950 2567 2140 2640 (Num.
2173 2571 2289 2639 xx).
2326 2590 2348 2623 ι
2379 2569 2794 2641 Notandumque
2814 2572 2960 2641 quod
2985 2573 3234 2628 eamdem
3258 2571 3434 2626 Gades

1843 2668 1899 2714 et
1928 2659 1982 2714 in
2003 2661 2216 2716 deserto
2230 2661 2448 2717 Pbaran
2467 2678 2612 2727 esse,
2634 2674 2689 2717 et
2711 2664 2764 2718 in
2786 2664 3002 2718 deserto
3025 2663 3122 2718 Sin
3149 2663 3433 2733 Scriptura

1842 2753 2004 2810 sitam
2051 2754 2261 2808 refert:
2291 2754 2435 2810 unde
2491 2753 2761 2823 coniectio
2811 2756 3006 2822 datur,
3061 2756 3116 2810 in
3172 2761 3436 2809 consueto

1843 2859 1996 2900 more
2026 2845 2268 2900 locorum
2297 2854 2508 2916 partem
2535 2847 2671 2902 semi
2699 2847 2945 2911 Pharan,
2969 2846 3064 2901 ubi
3106 2845 3282 2902 Gades
3312 2854 3397 2900 est
3415 2887 3430 2911 ,

1843 2937 2154 3007 specialiter
2181 2936 2278 2992 Sin
2307 2937 2669 3008 appellatam;
2703 2937 2798 2992 Sin
2832 2944 3038 3004 autem,
3070 2951 3180 2993 non
3205 2936 3322 3007 ipsa
3351 2944 3436 2992 est

1844 3027 2017 3086 Gades
2043 3043 2207 3100 quam
2235 3043 2361 3084 mox
2388 3036 2731 3100 transgresso
2755 3027 2895 3084 mari
2914 3026 3101 3084 Rubro
3124 3027 3267 3082 inter
3292 3025 3430 3082 Elim

1845 3127 1902 3176 et
1927 3119 2077 3176 Sinai
2100 3119 2494 3192 pertransiere,
2523 3119 2618 3176 sed
2644 3118 2751 3172 alia
2778 3132 3007 3188 prorsus
3033 3117 3267 3188 aliisque
3288 3115 3433 3185 apud

1844 3209 2100 3267 Hebraeos
2142 3210 2344 3280 scripta
2381 3209 2686 3266 elementis.
2729 3207 2978 3265 Secunda
3015 3222 3147 3263 vero
3186 3205 3432 3278 ejusdem

1842 3301 2243 3375 quadragesimi
2300 3301 2428 3358 anni
2488 3310 2634 3356 mota
2693 3311 2778 3358 est
2831 3301 2889 3356 in
2936 3307 3119 3358 monte
3175 3298 3321 3368 Hor,
3373 3298 3433 3355 in

1840 3409 1949 3464 quo
1977 3394 2236 3451 occubuit
2267 3394 2450 3450 Aaron
2491 3393 2668 3463 prima
2694 3392 2782 3450 die
2811 3394 2986 3464 quinti
3013 3393 3218 3449 mensis
3237 3434 3253 3461 ,
3284 3392 3430 3447 ultra

1842 3485 2170 3555 campestria
2218 3483 2406 3550 Moab,
2436 3498 2602 3552 super
2631 3483 2923 3539 Iordanem
2951 3492 3141 3540 contra
3179 3481 3432 3547 Iericho,

1842 3573 1938 3630 ubi
1966 3574 2451 3631 Deuteronomium
2473 3617 2478 3622 .
2498 3574 2832 3632 meditantes
2873 3579 3219 3638 manserunt,
3259 3586 3434 3642 usque

1841 3665 1972 3722 dum
1987 3674 2112 3735 post
2131 3674 2363 3720 mortem
2388 3665 2582 3734 Moysi,
2603 3663 2769 3719 Iosue
2796 3664 2955 3729 duce,
2976 3665 3154 3734 prima
3175 3664 3264 3724 die
3285 3679 3432 3718 men-

1843 3753 1922 3810 sis
1944 3753 2182 3819 decimi,
2210 3755 2356 3810 sicea
2396 3753 2548 3810 ﬂuvii
2585 3752 2841 3810 Iordanis
2883 3753 3154 3824 profunda
3199 3756 3432 3814 transie-

1841 3852 1990 3902 runt.
2014 3844 2179 3902 Fiunt
2200 3859 2332 3915 ergo
2355 3860 2548 3902 omnes
2575 3847 2891 3903 mansiones
2927 3847 3092 3918 primi
3128 3848 3257 3904 anni
3286 3848 3427 3904 duo-

1843 3938 2045 4004 decim;
2072 3937 2316 4004 secundi,
2343 3937 2535 4010 viginti
2561 3946 2624 3993 et
2649 3953 2790 4002 una;
2823 3937 3024 4002 ultimi,
3055 3945 3110 3992 et
3137 3938 3254 4007 ipsa
3276 3939 3427 3996 vice—

1843 4029 1990 4086 sima,
2010 4030 2205 4098 prima,
2238 4043 2361 4100 qua:
2382 4038 2470 4086 est
2494 4027 2698 4096 Gades;
2729 4038 2786 4086 et
2811 4029 2933 4088 alite
2961 4045 3159 4088 novem
3177 4069 3195 4099 ,
3225 4031 3280 4088 id
3306 4040 3391 4090 cst
3411 4073 3426 4098 ,

1841 4119 2005 4176 simul
2026 4136 2239 4188 omnes,
2271 4120 2632 4192 quadraginta
2658 4122 2800 4178 duae.

2462 4233 2690 4292 CAPUT
2721 4237 2804 4293 Vl.

1842 4323 2253 4400 Recapitulatio,
2285 4329 2546 4400 quomodo
2595 4328 2802 4400 Moyses
2851 4333 3051 4386 miserit
3103 4334 3314 4388 nuntios
3359 4339 3428 4388 ad

1929 4447 1932 4450 .
1986 4397 1993 4399 ’
2029 4397 2166 4454 Seon
2198 4397 2367 4471 regem
2395 4399 2619 4466 Euhan,
2644 4397 2797 4470 eiOg
2828 4418 2999 4472 regem
3020 4402 3223 4455 Busan.

150 4496 302 4553 quem
347 4483 618 4540 Dominus
655 4485 799 4545 Deus
830 4493 1011 4545 vester
1037 4485 1266 4544 daturus
1290 4497 1383 4543 est.
1399 4489 1576 4544 vobis.
1601 4487 1745 4545 Vide
1763 4531 1819 4592 Β
1915 4492 2095 4565 (Isim)
2131 4512 2150 4545 ι
2185 4492 2306 4548 Misi
2355 4507 2488 4564 ergo
2534 4494 2754 4548 nuntius
2809 4495 2878 4548 de
2927 4492 3220 4549 solitudine
3248 4493 3425 4552 Cade-

152 4584 344 4636 terram
384 4595 559 4652 quam
604 4579 864 4636 Dominus
906 4581 1050 4638 Deus
1089 4591 1216 4638 tuus
1235 4583 1387 4639 dabit
1406 4583 1530 4652 tibi,
1551 4598 1737 4640 ascen-

150 4671 210 4728 de
251 4681 305 4728 et
350 4673 585 4745 posside
629 4686 770 4728 eam.
827 4671 898 4727 Et
947 4675 1260 4730 accessistis
1298 4675 1372 4732 ad
1412 4689 1503 4730 me
1541 4689 1738 4732 omnes

148 4771 298 4836 atque
353 4764 588 4822 dixistis
635 4782 650 4817 :
700 4763 856 4820 Mitte
898 4763 1048 4821 viros
1074 4765 1188 4835 qui
1236 4765 1588 4822 considerent
1625 4773 1740 4822 ter-

149 4869 292 4926 ram,
343 4866 451 4914 etc.
491 4878 513 4912 ι
550 4856 720 4925 Quod
757 4864 941 4914 autem
985 4858 1236 4914 eamdem
1275 4857 1620 4914 mansionem
1646 4873 1735 4914 se-

147 4949 313 5007 cundo
351 4966 502 5009 anno
550 4949 893 5022 egressionis
924 4949 992 5006 de
1015 4947 1253 5021 Egypto
1281 4950 1537 5018 adierint,
1571 4966 1604 5006 a
1630 4966 1738 5023 qua

152 5049 321 5102 tamen
340 5053 585 5117 peccato
603 5043 1052 5100 murmurationis
1076 5051 1225 5099 retro
1244 5044 1469 5111 reverti,
1483 5060 1548 5100 ac
1571 5045 1740 5102 multo

160 5141 392 5208 tempore
415 5152 519 5210 per
549 5137 833 5194 desertum
862 5133 986 5203 vagi
1018 5147 1204 5188 errare
1231 5142 1286 5188 et
1317 5135 1520 5204 passim
1543 5135 1742 5193 cadere

159 5242 498 5299 meruerunt,
541 5235 779 5287 testatur
813 5226 1030 5298 Moyses
1065 5225 1122 5280 in
1155 5227 1614 5296 consequentibus
1651 5228 1738 5284 di-

157 5336 277 5382 cens
317 5324 542 5397 (1311).):
586 5342 607 5377 ι
647 5320 877 5378 Sedistis
923 5321 979 5376 in
1027 5318 1374 5376 Cadesbarne
1399 5319 1576 5376 multo
1604 5328 1738 5376 tem-

159 5427 297 5481 pore.
328 5414 686 5484 Profectique
712 5411 857 5479 inde,
886 5411 1135 5466 venimus
1159 5411 1214 5465 in
1239 5410 1586 5467 solitudinem
1619 5427 1740 5481 quat

161 5504 297 5564 ducit
329 5510 398 5566 ad
421 5524 580 5564 mare
607 5505 876 5570 Rubrum,
907 5505 1048 5560 sicut
1070 5504 1204 5560 mihi
1224 5503 1436 5560 dixerat
1455 5503 1737 5560 Dominus.

163 5597 224 5652 Et
245 5601 602 5657 circuivimus
625 5606 864 5653 montem
887 5595 1012 5653 Seir
1036 5596 1198 5669 longe
1219 5605 1483 5666 tempore.
1516 5616 1532 5648 ι
1569 5595 1637 5650 Et
1657 5597 1740 5650 in-

162 5685 240 5744 fra
258 5709 270 5745 :
292 5709 309 5743 ς
321 5691 562 5762 Tempus
586 5695 766 5743 autem
781 5704 888 5757 quo
905 5687 1299 5743 ambulavimus
1314 5688 1382 5743 de
1393 5686 1741 5743 Cadesbarne

165 5795 328 5854 usque
370 5785 438 5840 ad
471 5790 776 5840 torrentem
805 5783 978 5839 Zared
1049 5781 1277 5853 triginta
1318 5791 1444 5838 octo
1471 5797 1739 5840 annorum

1849 4603 1870 4637 ς
1907 4585 2082 4648 moth,
2135 4584 2202 4638 ad
2251 4581 2434 4638 Sehon
2486 4596 2673 4653 regem
2729 4581 2999 4648 Hesebon,
3051 4584 3233 4641 verbis
3277 4587 3426 4656 paci-

1845 4695 1870 4730 c
1907 4675 2026 4732 ﬁcis
2053 4675 2281 4731 dicens:
2316 4673 2694 4730 Trausibimus
2720 4687 2819 4742 per
2856 4681 3066 4730 terram
3105 4683 3286 4744 tuam,
3319 4695 3422 4750 pu-

1849 4785 1871 4822 (
1905 4768 2049 4822 blica
2084 4765 2397 4838 gradiemur
2421 4765 2529 4820 via.
2567 4762 2685 4820 Non
2719 4763 3114 4824 declinabimus
3149 4783 3326 4840 neque
3356 4773 3427 4828 ad

1851 4878 1872 4912 ι
1908 4860 2221 4924 dexteram,
2264 4869 2441 4928 neque
2482 4856 2551 4912 ad
2601 4855 2901 4912 sinistram.
2939 4855 3208 4916 Alimenta
3247 4863 3427 4930 pretio

1852 4970 1871 5005 ι
1907 4950 2084 5008 vende
2100 4950 2280 5017 nobis,
2295 4957 2358 5004 ut
2368 4963 2671 5005 vescamur.
2687 4947 2901 5018 Aquam
2913 4951 3146 5020 pecunia
3157 4952 3352 5018 tribue,
3370 4961 3428 5009 et

1850 5063 1870 5098 c
1907 5046 1987 5102 sic
2010 5045 2280 5101 bibemus.
2312 5041 2546 5096 Tantum
2575 5047 2658 5096 est
2680 5050 2742 5096 ut
2763 5041 2920 5098 nobis
2945 5044 3212 5100 concedas
3243 5051 3423 5099 trans-

1851 5158 1870 5192 ‹
1907 5139 2078 5202 itum,
2120 5136 2261 5191 sicut
2297 5133 2546 5188 fecerunt
2583 5131 2676 5187 ﬁlii
2722 5133 2896 5200 Esau,
2938 5135 3030 5204 qui
3075 5135 3324 5190 habitant
3367 5135 3424 5188 in

1851 5248 1870 5284 ε
1910 5228 2053 5294 Seir,
2067 5235 2124 5282 et
2144 5224 2390 5283 Moabitae
2406 5224 2499 5294 qui
2519 5234 2802 5281 morantur
2825 5227 2880 5282 in
2894 5226 2989 5291 Ar,
3004 5234 3062 5280 et
3083 5225 3318 5293 reliqua)
3339 5225 3427 5280 Di-

1845 5322 2023 5378 ximus
2047 5335 2177 5390 ergo
2207 5316 2454 5388 superius
2487 5317 2631 5388 quod
2663 5319 2846 5375 Sehon
2875 5316 3208 5385 signiﬁcaret
3231 5315 3425 5372 diabo-

1842 5414 1980 5482 lum,
2007 5412 2098 5484 qui
2123 5420 2210 5466 est
2239 5423 2458 5480 germen
2485 5410 2703 5476 inutile,
2734 5409 2817 5464 vel
2852 5407 3016 5463 arbor
3045 5407 3416 5476 infructuosa,

1846 5508 1960 5564 sive
1982 5504 2175 5560 elatus.
2204 5501 2369 5558 lsrael
2396 5517 2546 5573 ergo,
2571 5503 2662 5572 qui
2689 5515 2786 5570 per
2811 5499 2928 5569 ejus
2958 5507 3160 5553 terram
3185 5499 3424 5556 transire

1843 5599 2080 5662 volebat,
2095 5595 2366 5665 signiﬁcat
2384 5595 2594 5666 plebem
2608 5591 2990 5655 Christianam,
3013 5604 3133 5658 quae
3156 5604 3254 5660 per
3272 5591 3421 5648 viam

1845 5691 2032 5747 mundi
2083 5689 2199 5743 vult
2245 5689 2496 5743 transire.
2544 5681 2800 5736 Transire
2844 5680 3093 5736 volumus
3132 5697 3232 5753 per
3270 5684 3446 5744 hunc

1844 5778 2124 5848 mundum,
2142 5785 2201 5836 ut
2220 5775 2504 5848 pervenire
2520 5768 2791 5844 possimus
2819 5769 2889 5828 ad
2915 5778 3122 5834 terram
3145 5782 3418 5850 sanctam,
3451 5827 3454 5830 .
