3890 6340
159 354 240 414 857
918 349 1320 412 ENARRATIO
1348 350 1583 420 SUPER
1621 351 2243 420 DEUTERONOMIUM.
2282 391 2354 403 —
2388 361 2516 422 LIB.
2556 362 2597 423 Ι.

3287 361 3397 428 858

121 478 142 556 ι,
156 475 447 536 humanam,
480 485 586 527 non
617 477 797 556 tamen
818 469 1044 540 alicujus
1077 471 1312 527 hominis
1336 472 1711 542 exprimantur
1738 483 1791 543 Α
1822 492 1841 525 σ
1866 475 2071 530 creavit
2103 475 2364 531 Dominus
2393 473 2535 530 Deus
2562 482 2686 530 tuus
2713 473 2767 530 in
2789 470 3156 529 ministerium
3187 477 3398 533 cunctis

102 565 488 662 lineamenta,
511 565 650 620 sicut
691 565 934 635 pictores
962 565 1045 620 vel
1085 567 1334 622 statuarii
1366 565 1592 633 faciunt,
1629 567 1714 622 in-

106 629 345 732 iituentes
384 673 478 714 eos
509 674 645 730 quos
688 629 917 731 pingunt
961 660 1044 715 vel
1095 661 1320 732 ﬁngunt.
1370 661 1522 717 Hanc
1564 629 1710 716 enim

97 725 420 842 aimaginem
446 725 552 804 dici
597 725 758 806 nemo
788 725 1139 819 dubitaverit,
1172 725 1471 809 secundum
1517 755 1710 810 distin-

99 842 366 913 ‘jctienem
395 857 501 911 qua
528 843 708 897 omnis
734 844 911 913 imago
941 845 1104 900 etiam
1149 846 1444 901 similitudo
1465 854 1568 911 est,
1599 861 1709 903 non

95 933 301 1008 jomnis
326 933 623 990 similitudo
650 935 812 990 etiam
845 937 1039 1008 imago.
1070 938 1226 994 Unde
1262 939 1307 994 si
1339 939 1538 1010 gemini
1568 939 1710 995 inter

148 1039 200 1082 se
215 1025 414 1080 similes
445 1036 590 1092 sunt,
645 1028 938 1084 similitudo
976 1031 1084 1085 dici
1127 1037 1306 1102 potest
1354 1031 1575 1086 alterius
1609 1044 1706 1086 cu-

141 1119 342 1190 juslibet
371 1120 425 1174 in
463 1118 652 1187 altero,
691 1137 797 1176 non
827 1123 1021 1194 imago.
1056 1124 1114 1179 Si
1153 1133 1330 1180 autem
1373 1125 1514 1195 patri
1566 1123 1707 1182 {ilius

145 1212 313 1268 similis
353 1213 444 1277 sit,
489 1213 651 1268 etiam
690 1213 866 1284 imago
905 1223 1055 1270 recte
1091 1213 1307 1280 dicitur,
1355 1223 1414 1271 ut
1451 1217 1520 1270 sit
1550 1225 1708 1286 pater

146 1305 292 1362 totius
319 1305 462 1360 unde
504 1305 592 1360 illa
640 1306 820 1378 imago
849 1322 1102 1377 expressa
1143 1308 1429 1362 videatur:
1465 1323 1698 1377 quarum

143 1393 247 1450 alia:
268 1405 391 1450 sunt
413 1393 650 1464 ejusdem
678 1397 1016 1462 substantiae,
1063 1399 1202 1452 sicut
1248 1395 1413 1463 illius,
1442 1398 1560 1452 ali:e
1600 1414 1709 1453 non

143 1479 387 1548 ejusdem,
421 1483 562 1538 sicut
610 1484 840 1553 pictura.
871 1483 1024 1538 Unde
1056 1482 1182 1536 illud
1225 1483 1369 1552 quod
1414 1485 1468 1538 in
1511 1483 1710 1540 Genesi

140 1573 386 1641 scriptum
417 1581 537 1628 est:
581 1591 598 1624 α
633 1571 784 1628 Fecit
815 1573 956 1629 Deus
998 1573 1273 1628 hominem
1317 1574 1385 1628 ad
1421 1575 1711 1645 imaginem

135 1678 276 1717 suam
306 1662 460 1735 (Gen.
494 1665 556 1735 ι),
595 1684 612 1715 ι
648 1664 996 1719 manifestum
1029 1672 1113 1720 est
1140 1664 1212 1718 ita
1247 1664 1474 1732 dictum,
1513 1674 1573 1720 ut
1604 1681 1708 1722 non

129 1755 362 1824 ejusdem
389 1757 706 1812 substantiae
734 1757 804 1812 sit
828 1757 1005 1825 imago
1033 1771 1152 1826 qum
1177 1754 1317 1811 facta
1345 1767 1444 1811 est.
1481 1755 1537 1812 Si
1563 1758 1707 1813 enim

1821 583 1839 615 (
1866 565 2114 636 gentibus
2142 581 2261 636 quae
2287 567 2386 622 sub
2413 567 2552 622 coelo
2575 574 2724 632 sunt,
2756 567 2880 635 quia
2911 564 3188 620 distribuit
3216 565 3399 624 Domi-

1819 675 1839 708 ι
1865 671 1968 712 nus
1996 659 2138 713 Deus
2165 666 2289 714 tuus
2315 674 2379 714 ea
2401 659 2651 715 omnibus
2681 657 2933 729 gentibus
2973 673 3094 728 qua:
3125 659 3225 713 sub
3261 659 3400 716 coelo

1819 768 1839 802 ‹
1868 759 2010 806 sunt.
2046 771 2064 804 ι
2099 751 2216 806 Non
2251 751 2322 806 ita
2366 751 2569 806 dictum
2600 758 2684 806 est
2723 757 2982 821 tanquam
3011 750 3154 806 Deus
3194 765 3400 821 praece-

1811 843 1950 913 perit
1991 857 2055 899 ea
2080 843 2183 899 coli
2229 859 2258 897 a
2290 844 2561 914 gentibus,
2605 858 2636 897 a
2683 842 2796 898 solo
2841 851 3025 898 autem
3072 842 3271 914 populo
3299 857 3400 899 suo

1813 949 1920 990 non
1960 935 2083 990 coli.
2115 933 2220 989 Sed
2250 945 2341 989 aut
2366 936 2439 990 ita
2467 936 2668 1013 dictum
2694 943 2776 990 est
2802 944 3059 1007 tanquam
3096 935 3400 1007 praescierit

1811 1036 2001 1098 gentes
2025 1027 2291 1082 culturam
2323 1028 2656 1082 exhibituras
2681 1028 2765 1083 his
2780 1028 3112 1094 cmlestibus,
3138 1037 3191 1084 et
3215 1038 3397 1085 tamen

1810 1119 1914 1174 hoc
1956 1120 2247 1188 praesciens
2302 1119 2573 1174 creaverit
2627 1135 2726 1185 ea;
2793 1136 2916 1175 cum
2960 1137 3092 1176 vero
3138 1122 3398 1193 populum

1811 1226 1968 1266 suum
1999 1227 2118 1267 esse
2143 1212 2480 1283 praesciverit
2503 1212 2593 1282 qui
2623 1212 2725 1266 ista
2746 1228 2852 1267 non
2875 1213 3095 1280 coleret,
3128 1222 3221 1270 aut
3244 1235 3263 1268 (
3288 1215 3399 1272 dis-

1811 1305 2001 1360 tribuit
2031 1326 2049 1358 ι
2084 1306 2283 1360 dictum
2329 1313 2430 1372 est,
2464 1313 2524 1359 ut
2567 1304 2899 1376 intelligatur
2942 1322 3094 1371 usus,
3127 1309 3216 1378 qui
3243 1323 3396 1364 com-

1812 1397 2099 1451 mendatur
2121 1397 2174 1450 in
2199 1395 2418 1464 Genesi,
2463 1414 2483 1448 ‹
2510 1403 2570 1449 ιιι
2596 1397 2704 1450 sint
2733 1396 2789 1449 in
2821 1394 2991 1466 signis
3018 1406 3074 1450 et
3106 1396 3160 1450 in
3193 1407 3397 1470 tempo-

1814 1486 1966 1542 ribus
1993 1496 2050 1542 et
2090 1487 2144 1541 in
2174 1485 2361 1542 diebus
2391 1495 2445 1541 et
2483 1487 2537 1541 in
2569 1487 2745 1541 annis.
2784 1508 2802 1538 ι
2836 1487 3008 1553 Quem
3040 1504 3197 1543 usum
3239 1489 3292 1544 in
3322 1490 3404 1546 eis

1814 1592 2157 1633 communem
2198 1576 2362 1630 habet
2406 1575 2634 1646 populus
2663 1576 2756 1630 Dei
2806 1593 2931 1632 cum
2981 1579 3233 1633 omnibus
3275 1594 3404 1650 gen-

1815 1671 1982 1737 tibus,
2009 1687 2114 1726 non
2141 1679 2322 1725 autem
2368 1670 2571 1725 cultum
2601 1686 2760 1742 quem
2793 1671 2993 1727 habent
3035 1672 3154 1727 alim
3190 1683 3401 1745 gentes.

1821 1781 1840 1813 ‹
1865 1761 2010 1818 Cave
2057 1779 2126 1818 ne
2164 1762 2454 1832 aliquando
2496 1763 2834 1819 obliviscaris
2871 1765 3015 1835 pacti
3062 1765 3276 1820 Domini
3305 1765 3405 1822 Dei

120 1849 366 1918 ejusdem
397 1857 564 1913 esset,
594 1863 702 1903 non
743 1847 908 1913 facta,
934 1847 1028 1903 sed
1059 1849 1239 1918 genita
1267 1848 1555 1904 diceretur.
1602 1849 1709 1904 Sed
1736 1846 1784 1907 B
1818 1872 1836 1904 (
1865 1855 2033 1909 nostri
2069 1855 2210 1924 quod
2239 1853 2441 1924 pepigit
2484 1864 2682 1922 tecum,
2714 1864 2768 1911 et
2793 1856 2963 1912 facias
2994 1857 3088 1912 tibi
3135 1857 3401 1928 sculptam

113 1942 257 2013 quod
300 1955 420 1996 non
465 1941 691 2006 addidit,
739 1951 794 1997 et
827 1941 1252 2008 similitudinem,
1291 1959 1413 1999 cum
1461 1946 1706 2015 superius

119 2033 327 2087 dictum
352 2041 521 2097 esset,
563 2051 580 2082 ι
609 2031 894 2088 Faciamus
936 2033 1208 2089 hominem
1237 2036 1303 2088 ad
1332 2035 1624 2104 imaginem
1655 2043 1710 2093 et

125 2123 534 2178 similitudinem
583 2133 846 2190 nostram,
881 2145 899 2177 ›
937 2126 1258 2194 quibusdam
1286 2126 1460 2180 visum
1507 2136 1590 2181 est
1634 2127 1708 2182 si-

123 2215 482 2270 militudinem
529 2214 729 2285 aliquid
776 2215 1003 2284 amplius
1030 2229 1149 2270 esse
1199 2229 1361 2285 quam
1392 2216 1702 2287 imaginem,

119 2303 260 2374 quod
285 2303 486 2358 homini
515 2303 859 2358 reformando
878 2317 976 2374 per
997 2303 1200 2360 Christi
1244 2307 1476 2375 gratiam
1515 2317 1705 2377 postea

122 2400 504 2451 reservaretur.
549 2395 714 2449 Miror
744 2403 924 2450 autem
955 2397 1001 2451 si
1038 2412 1144 2452 non
1181 2405 1470 2468 propterea
1514 2409 1705 2469 postea

123 2488 410 2559 imaginem
464 2488 633 2543 solam
682 2488 853 2544 voluit
902 2505 1334 2547 commemorare
1362 2533 1376 2558 ,
1440 2493 1566 2562 quia
1615 2493 1707 2548 ubi

121 2582 314 2651 imago,
355 2588 410 2637 et
440 2581 738 2638 similitudo
767 2591 868 2638 est.
903 2581 1058 2640 Unde
1084 2593 1137 2639 et
1159 2585 1249 2641 hic
1277 2585 1488 2657 Moyses
1518 2587 1708 2642 simili-

121 2673 356 2727 tudinem
396 2682 453 2728 et
504 2673 797 2743 imaginem
845 2674 960 2730 fieri
1005 2686 1172 2743 vetat,
1237 2680 1532 2734 secundum
1582 2695 1705 2735 eam

120 2764 340 2820 formam
381 2764 473 2821 vel
499 2763 734 2822 fortasse
771 2782 891 2823 eam
937 2767 1206 2824 rationem
1239 2783 1403 2840 quam
1447 2770 1702 2825 diximus.

118 2854 170 2910 lu
196 2856 460 2926 decalogo
509 2865 690 2912 autem
737 2858 1061 2929 generaliter
1104 2859 1304 2915 dicitur
1348 2859 1554 2915 nullam
1593 2859 1709 2915 ﬁeri

118 2953 305 3010 debere
360 2953 800 3020 similitudinem,
850 2969 952 3011 nec
1000 2951 1177 3027 imago
1226 2957 1704 3012 commemoratur.

117 3043 241 3101 Cum
275 3047 423 3102 enim
447 3045 598 3102 nulla
623 3044 919 3102 similitudo
940 3045 1020 3114 iit,
1043 3045 1420 3118 proculdubio
1443 3061 1542 3103 nec
1571 3047 1708 3102 ima-

117 3153 175 3210 go
199 3138 277 3206 ﬁt,
310 3137 578 3210 quoniam
614 3135 660 3193 si
695 3137 895 3208 imago,
935 3139 1120 3209 utique
1146 3146 1200 3194 et
1232 3135 1554 3194 similitudo.
1584 3137 1699 3193 Non

116 3239 285 3284 autem
310 3227 355 3285 si
389 3228 453 3284 lit
484 3226 798 3294 similitudo,
851 3229 1110 3285 continuo
1151 3227 1214 3283 fit
1261 3235 1315 3284 et
1363 3229 1578 3299 imago;
1624 3237 1704 3283 ta-
1731 3217 1778 3281 C

114 3333 229 3375 men
273 3321 320 3376 si
369 3319 523 3376 nulla
567 3319 882 3387 similitudo,
931 3321 1175 3392 sequitur
1220 3329 1281 3376 ut
1318 3319 1465 3376 nulla
1502 3321 1700 3393 imago.

114 3409 345 3482 Denique
370 3411 470 3466 ubi
512 3411 790 3482 prohibuit
835 3411 1244 3470 similitudinem
1289 3422 1346 3470 et
1386 3413 1700 3486 imaginem,

111 3499 340 3558 hominis
362 3500 595 3572 intelligi
618 3502 806 3567 voluit,
833 3501 924 3556 ubi
950 3513 1004 3557 et
1035 3503 1334 3559 similitudo
1358 3503 1474 3558 ﬁeri
1500 3512 1703 3572 potest,

113 3606 211 3646 non
232 3593 402 3662 hujus
431 3600 526 3648 aut
553 3593 714 3657 illius,
745 3594 838 3649 sed
874 3595 1162 3664 cujuslibet
1187 3595 1455 3659 hominis;
1487 3605 1542 3650 ct
1568 3598 1704 3651 ima-

111 3699 192 3754 go,
243 3683 301 3740 id
339 3694 453 3751 est,
506 3683 667 3753 hujus
713 3685 931 3756 proprie
961 3683 1044 3739 vel
1090 3684 1235 3739 illius
1279 3683 1537 3738 hominis.
1571 3684 1706 3740 Cum

108 3789 232 3831 vero
273 3777 343 3832 de
391 3775 682 3848 pecoribus
721 3777 995 3832 diceretur
1031 3783 1195 3846 atque
1247 3773 1709 3831 irrationabilibus

105 3863 510 3929 animantibus,
546 3865 715 3920 solam
757 3865 1168 3920 similitudinem
1199 3865 1352 3920 dixit.
1385 3863 1518 3932 Quis
1558 3866 1702 3922 enim

103 3955 340 4026 reperiri
379 3959 567 4026 potest
591 3957 681 4024 qui
710 3955 813 4011 sibi
841 3973 1006 4010 unum
1042 3957 1338 4012 constituat
1375 3971 1590 4024 canem,
1622 3955 1708 4011 vel

103 4049 228 4120 quid
276 4045 583 4117 ejusmodi,
630 4062 789 4119 quem
838 4048 1055 4103 intuens
1110 4047 1228 4117 ejus
1271 4048 1564 4119 imaginem
1617 4056 1710 4104 aut

104 4138 287 4212 pingat
310 4146 412 4193 aut
438 4136 650 4209 ﬁngat?
673 4137 824 4205 Quod
854 4140 920 4220 de
955 4139 1266 4195 hominibus
1293 4139 1709 4196 usitatissimum

105 4240 201 4288 est.
237 4252 256 4286 (
297 4228 731 4287 Similitudinem
757 4230 997 4286 omnium
1021 4231 1392 4302 jumentorum
1421 4248 1545 4302 quae
1581 4237 1709 4287 sunt

113 4344 131 4378 (
156 4342 317 4399 super
347 4333 584 4390 terram,
615 4322 697 4378 vel
746 4325 925 4379 avium
964 4325 1062 4379 sub
1091 4325 1230 4379 cmlo
1259 4325 1577 4390 volantium,
1629 4334 1709 4379 at-

115 4432 133 4466 σ
160 4431 262 4488 que
287 4413 572 4486 reptilium
593 4427 712 4482 qnce
738 4422 1026 4468 moventur
1046 4413 1101 4468 in
1133 4423 1296 4480 terra,
1331 4415 1443 4470 sive
1469 4415 1703 4486 piscium

116 4523 134 4558 ι
160 4505 245 4577 qui
270 4508 374 4562 sub
405 4514 561 4560 terra
590 4514 870 4560 morantur
894 4506 949 4559 in
986 4505 1161 4575 aquis.
1197 4526 1216 4558 ι
1248 4505 1390 4574 Quid
1417 4515 1501 4562 est
1521 4514 1704 4561 autem

1820 1965 1839 1998 (
1868 1945 2278 2002 similitudinem
2302 1945 2513 2000 illorum
2535 1963 2654 2017 qua:
2677 1947 2792 2003 ﬁeri
2815 1948 3074 2003 Dominus
3090 1949 3400 2020 prohibuit:

1820 2057 1838 2090 ι
1869 2039 1996 2109 quia
2045 2038 2304 2094 Dominus
2353 2038 2496 2095 Deus
2547 2049 2671 2095 tuus
2721 2041 2861 2112 ignis
2913 2056 3240 2098 consumens
3295 2048 3402 2109 est,

1818 2150 1836 2185 ι
1871 2132 2015 2186 Deus
2052 2132 2352 2197 aemulator,
2391 2141 2496 2188 etc.
2534 2153 2554 2186 ι
2610 2131 2709 2188 llic
2752 2141 2900 2188 certe
2952 2134 3280 2205 generaliter
3325 2133 3405 2189 lo-

1810 2240 2006 2294 quens,
2041 2225 2445 2280 similitudinem
2481 2225 2683 2295 posuit,
2712 2226 3003 2296 imaginem
3035 2226 3237 2290 tacuit,
3272 2239 3408 2296 quo-

1808 2318 1955 2372 niam
2011 2318 2056 2373 si
2104 2318 2250 2373 nulla
2291 2319 2362 2374 sit
2410 2319 2707 2375 similitudo
2745 2320 2989 2391 profecto
3038 2337 3141 2377 nec
3185 2322 3405 2394 imago:

1810 2409 1936 2477 quia
1979 2408 2072 2462 ubi
2122 2409 2320 2480 imago,
2371 2410 2627 2466 continuo
2653 2411 2972 2479 similitudo,
3015 2413 3266 2483 quamvis
3295 2427 3406 2468 non

1810 2499 1901 2554 ubi
1947 2500 2265 2567 similitudo,
2298 2501 2558 2558 continuo
2591 2503 2788 2574 imago.
2814 2522 2833 2554 ‹
2873 2502 3180 2560 Novissinio
3220 2512 3404 2560 autem

1818 2608 1838 2640 ς
1868 2598 2112 2661 tempore
2158 2593 2446 2646 reverteris
2477 2593 2544 2646 ad
2588 2592 2880 2648 Dominum
2925 2593 3096 2649 Deum
3145 2603 3319 2660 tuum,
3349 2599 3408 2648 et

1816 2700 1836 2734 ς
1864 2682 2049 2737 audies
2077 2697 2266 2738 vocem
2293 2680 2425 2751 ejus,
2457 2683 2584 2754 quia
2613 2683 2924 2740 misericors
2963 2685 3106 2740 Deus
3135 2693 3190 2738 et
3225 2683 3409 2738 Domi-

1818 2791 1837 2824 ‹
1867 2790 1968 2829 nus
2015 2785 2160 2839 tuus,
2223 2783 2327 2830 etc.
2369 2795 2386 2827 ι
2451 2775 2549 2831 llic
2617 2775 3032 2832 conversionem
3095 2773 3408 2830 Israelitica

1811 2866 1987 2937 gentis
2016 2866 2083 2919 ad
2113 2864 2272 2920 ﬁdem
2313 2864 2516 2920 Christi
2565 2865 2914 2936 praenuntiat,
2947 2864 3166 2935 quando
3213 2877 3408 2919 secun-

1811 2957 1938 3012 dum
1987 2956 2214 3026 apostoli
2266 2954 2420 3010 Pauli
2466 2957 2813 3024 sententiam,
2850 2974 2870 3007 ι
2904 2963 3193 3028 postquam
3235 2953 3411 3025 pleni-

1810 3048 1941 3103 tudo
2014 3048 2254 3121 gentium
2315 3047 2749 3115 subintravcrit,
2805 3056 2937 3104 tunc
2998 3045 3176 3104 omnis
3237 3045 3408 3105 Israel

1814 3139 1998 3198 salvus
2048 3141 2157 3198 erit
2190 3140 2367 3213 (Rom.
2419 3142 2520 3215 χι).
2563 3163 2582 3195 ι

1887 3231 2208 3304 «Interroga
2238 3233 2303 3288 de
2343 3233 2532 3289 diebus
2579 3233 2836 3304 antiquis,
2875 3232 2968 3304 qui
3012 3232 3238 3290 fuerunt
3278 3240 3409 3291 ante

1813 3343 1832 3377 ‹
1862 3334 1932 3393 te,
1962 3342 2029 3382 ex
2052 3325 2140 3381 die
2171 3341 2276 3396 qua
2300 3327 2505 3382 creavit
2531 3326 2672 3382 Deus
2698 3327 2970 3382 hominem
2992 3342 3154 3398 super
3178 3336 3405 3394 terram,

1813 3434 1831 3467 (
1860 3432 1890 3470 a
1919 3432 2132 3472 summo
2169 3416 2294 3471 (ξωιί
2321 3433 2492 3488 usque
2518 3417 2583 3471 ad
2613 3433 2885 3474 summum
2912 3415 3049 3486 ejus,
3082 3417 3130 3473 si
3153 3417 3297 3472 facta
3324 3423 3411 3474 est

1815 3526 1834 3558 (
1865 3507 2156 3578 aliquando
2179 3507 2504 3576 vhujusmodi
2554 3522 2661 3572 res,
2703 3517 2797 3561 aut
2846 3521 3084 3577 unquam
3127 3507 3411 3578 cognitum

1820 3618 1838 3651 ί
1865 3609 1966 3664 est,
1996 3609 2056 3653 ut
2079 3601 2292 3655 audiret
2321 3601 2549 3671 populus
2580 3614 2767 3654 vocem
2798 3599 3014 3654 Domini
3036 3598 3306 3666 loquentis
3337 3597 3407 3653 de

1817 3709 1835 3740 ι
1866 3688 2042 3743 medio
2074 3689 2234 3758 ignis,
2268 3690 2406 3744 sicut
2431 3698 2488 3742 tu
2503 3688 2703 3742 audisti
2741 3696 2797 3743 et
2825 3687 3032 3752 vidisti,
3054 3695 3162 3742 etc.
3199 3707 3219 3739 ι
3251 3687 3411 3754 Qua:-

1811 3780 2039 3834 rendum
2093 3779 2362 3848 quomodo
2421 3778 2626 3832 dictum
2688 3777 2794 3841 sit,
2834 3796 2852 3828 ‹
2906 3776 3238 3848 interrogate
3291 3777 3414 3836 dies

1808 3871 2040 3941 priores,
2081 3871 2174 3942 qui
2216 3870 2416 3926 fuerint
2463 3869 2674 3942 priores
2721 3877 2793 3936 te,
2837 3883 2905 3924 ex
2934 3869 3022 3924 die
3053 3884 3162 3940 qua
3198 3869 3410 3925 creavit

1810 3961 1955 4017 Deus
1985 3961 2264 4017 hominem
2291 3977 2454 4034 super
2488 3968 2711 4026 terram,
2757 3975 2789 4015 a
2828 3975 3042 4016 summo
3072 3959 3196 4015 coeli
3233 3973 3410 4030 usque

1811 4051 1878 4108 ad
1909 4069 2180 4108 summum
2209 4051 2346 4122 ejus,
2383 4050 2700 4107 subauditur
2731 4051 2898 4116 enim,
2932 4051 3284 4121 interrogate.
3312 4050 3409 4106 Vi-

1811 4146 1969 4202 detur
2004 4145 2150 4200 enim
2195 4143 2503 4216 signiﬁcare
2534 4152 2706 4200 totum
2749 4144 2939 4200 orbem
2969 4150 3261 4200 terrarum.
3298 4140 3409 4201 Sed

1811 4252 1966 4292 cura
1995 4252 2207 4292 summo
2253 4236 2375 4290 coeli
2421 4250 2592 4306 usque
2640 4234 2707 4288 ad
2756 4249 3026 4289 summum
3075 4235 3203 4292 coeli
3233 4235 3400 4304 dicat,

1809 4344 1918 4384 non
1946 4344 1975 4382 a
2004 4344 2214 4383 summo
2255 4335 2411 4382 teme
2453 4339 2625 4396 usque
2651 4326 2719 4380 ad
2765 4341 3038 4381 summum
3083 4333 3266 4389 terrae,
3293 4342 3405 4382 non

1808 4429 1892 4477 est
1916 4420 2072 4476 facile
2098 4420 2436 4491 dignoscere.
2471 4418 2618 4473 Talis
2644 4418 2790 4474 enim
2811 4419 3060 4487 quaedam
3088 4415 3290 4470 locutio
3319 4424 3408 4472 est

1810 4512 1866 4567 in
1900 4511 2192 4584 Evangelio
2221 4527 2345 4566 cum
2391 4509 2650 4565 Dominus
2695 4511 2774 4563 ait
2803 4509 2951 4580 quod
2987 4507 3403 4579 congregaban-

112 4598 245 4669 quod
264 4599 364 4666 ait,
387 4616 408 4650 ι
433 4595 848 4654 similitudinem
871 4598 1048 4652 omnis
1073 4598 1235 4667 piscis
1255 4600 1565 4669 quicunque
1579 4607 1706 4654 sunt
1730 4571 1784 4632 D
1811 4613 1900 4659 tur
1923 4571 2083 4659 electi
2106 4603 2223 4671 ejus
2251 4623 2268 4652 ι
2293 4620 2325 4657 a
2371 4603 2597 4656 summis
2627 4601 2889 4656 calorum
2918 4614 3092 4670 usque
3121 4600 3190 4657 ad
3216 4601 3406 4658 termi-

111 4688 161 4744 iu
184 4693 335 4762 aquis
357 4693 466 4748 sub
490 4691 679 4746 terra?
701 4710 719 4742 ›
737 4691 819 4744 An
838 4698 894 4746 et
915 4700 1347 4766 aquampropter
1365 4693 1707 4749 tractabilem

112 4782 502 4854 corpulentiam
549 4790 755 4837 terram
800 4781 1026 4853 intelligi
1069 4782 1273 4838 voluit?
1315 4790 1370 4838 et
1413 4785 1711 4840 secundum

112 4873 206 4930 hoc
230 4878 375 4948 quod
399 4878 457 4934 in
489 4892 564 4934 eo
607 4875 870 4945 scriptum
896 4884 998 4942 est,
1031 4893 1050 4926 (
1085 4874 1214 4931 fecit
1252 4873 1394 4932 Deus
1431 4875 1629 4932 coelum
1658 4884 1712 4931 et

113 4973 324 5039 terram,
366 4991 387 5026 ›
425 4984 612 5043 aquas
656 4969 914 5024 debemus
959 4969 1232 5040 accipere.
1274 4969 1505 5026 Assidue
1557 4953 1710 5026 Scri-

112 5065 260 5128 ptura
302 5065 510 5136 quippe
560 5060 651 5116 his
691 5058 901 5115 duabus
947 5062 1197 5130 partibus
1246 5061 1705 5127 commemoratis,

114 5153 415 5213 universum
444 5153 720 5211 mundum
765 5151 879 5206 vult
906 5152 1154 5224 intelligi,
1199 5155 1500 5209 secundum
1531 5153 1702 5208 illud:

119 5261 136 5294 ι
163 5243 428 5303 Auxilium
462 5261 655 5302 meum
686 5261 715 5299 a
737 5244 984 5311 Domino,
1014 5245 1105 5314 qui
1128 5243 1256 5299 fecit
1282 5244 1480 5300 coelum
1509 5255 1565 5300 et
1595 5254 1705 5301 ter-

112 5348 217 5392 ram
239 5336 411 5409 (Psal.
443 5337 640 5410 CXX),|
668 5345 724 5392 et
748 5335 1156 5392 innumerabilia
1178 5334 1460 5405 ejusmodi.
1483 5337 1566 5391 An
1589 5338 1711 5395 ideo

115 5428 303 5488 dictum
351 5442 439 5490 est
477 5452 496 5484 (
535 5431 641 5488 sub
672 5438 837 5496 terra,
871 5450 889 5481 ι
925 5431 1067 5501 quod
1115 5440 1259 5486 terra
1307 5430 1413 5486 nisi
1459 5431 1708 5503 superior

116 5523 259 5589 aquis
280 5532 450 5590 esset,
466 5522 709 5578 habitari
740 5523 924 5591 utique
948 5521 1016 5575 ab
1036 5522 1346 5577 hominibus
1371 5532 1425 5578 et
1451 5521 1706 5579 animalia

117 5616 318 5668 terrena
349 5613 564 5669 habere
592 5629 696 5667 non
724 5613 938 5683 posset?
965 5632 983 5663 ‹
1014 5611 1091 5668 Ne
1122 5613 1258 5668 forte
1289 5613 1459 5669 oculis
1486 5613 1710 5669 elevatis

123 5718 140 5751 ι
168 5702 231 5758 ad
258 5706 483 5773 cretum,
516 5705 711 5760 videas
737 5705 906 5760 solem
932 5713 987 5760 et
1012 5705 1217 5772 lunam,
1250 5714 1304 5760 et
1348 5707 1530 5761 omnia
1561 5711 1708 5760 astra

124 5809 142 5848 ι
167 5797 316 5868 cali;
355 5808 415 5856 ct
441 5809 640 5854 errore
677 5796 954 5867 deceptus,
984 5796 1180 5855 adores
1206 5813 1269 5855 ea
1299 5805 1355 5855 et
1383 5798 1552 5868 colas,
1588 5813 1710 5872 quae

1807 4707 1906 4748 nos
1932 4708 2142 4747 eorum.
2174 4712 2190 4742 ι
2236 4690 2349 4745 Nisi
2380 4688 2520 4745 forte
2569 4690 2678 4756 hic,
2725 4703 2828 4744 nec
2857 4689 2914 4744 in
2955 4689 3265 4748 hominibus
3303 4706 3404 4752 nec

1808 4783 1863 4838 in
1893 4782 2098 4854 angelis
2140 4779 2382 4836 auditum
2411 4794 2532 4836 esse
2560 4779 2678 4835 vult
2723 4780 2971 4853 intelligi,
3005 4781 3150 4852 quod
3188 4783 3244 4839 in
3296 4784 3402 4842 hoc

1805 4875 2005 4948 populo
2042 4872 2246 4929 factum
2286 4872 2560 4945 singulare
2597 4873 2964 4930 commendat.
2997 4873 3112 4932 Hoc
3137 4876 3286 4932 enim
3311 4892 3400 4934 se—

1811 4966 2034 5037 quitur:
2067 4985 2084 5018 (
2121 4963 2180 5020 Si
2209 4965 2413 5020 factum
2436 4974 2521 5020 est
2552 4965 2850 5022 secundum
2878 4968 3107 5024 verbum
3139 4984 3395 5041 magnum

1813 5057 1934 5121 hoc,
1975 5057 2021 5111 si
2050 5057 2293 5112 auditum
2318 5065 2401 5112 est
2423 5056 2529 5111 tale
2551 5057 2708 5126 quid;
2736 5058 2781 5113 si
2809 5058 3014 5114 audivit
3041 5075 3172 5132 gens
3203 5075 3397 5116 vocem

1812 5148 2026 5204 Domini
2063 5149 2314 5215 viventis,
2347 5147 2615 5218 loquentis
2659 5165 2690 5204 e
2715 5151 2895 5206 medio
2932 5151 3093 5223 ignis,
3140 5149 3400 5222 quemad~

1812 5240 2034 5296 modum
2057 5239 2255 5295 audisti
2284 5248 2338 5294 tu
2368 5249 2422 5296 et
2444 5241 2646 5297 vidisti.
2682 5261 2700 5293 ›
2732 5241 2886 5312 Quod
2921 5243 2966 5298 si
2995 5243 3072 5296 ita
3102 5249 3188 5296 est
3210 5248 3268 5295 ut
3295 5255 3398 5298 nec

1813 5332 1870 5388 in
1900 5332 2209 5388 hominibus
2257 5348 2356 5390 nec
2407 5333 2460 5389 in
2504 5335 2727 5406 angelis,
2780 5336 2884 5390 hoc
2923 5334 3066 5388 dicat
3111 5332 3394 5400 auditum;

1815 5427 1944 5496 quid
1969 5435 2051 5481 est
2096 5439 2225 5498 ergo
2251 5427 2380 5483 illud
2418 5428 2473 5484 in
2515 5429 2827 5500 Evangelio,
2858 5447 2875 5477 ι
2912 5441 2943 5480 a
2971 5425 3198 5479 summis
3226 5423 3396 5480 c0310-

1815 5535 1938 5574 rum
1966 5535 2136 5591 usque
2158 5521 2224 5575 ad
2245 5521 2507 5578 terminos
2525 5537 2734 5584 eorum,
2769 5539 2787 5572 ι
2820 5533 2944 5574 cum
2971 5518 3092 5576 sine
3114 5517 3277 5572 dubio
3296 5517 3400 5572 Do.

1815 5610 1996 5665 minus
2024 5611 2098 5665 ait
2131 5611 2234 5667 hoc
2272 5629 2394 5669 cum
2437 5615 2503 5669 dc
2531 5610 2821 5668 novissima
2851 5608 3152 5664 electorum
3177 5624 3399 5665 suorum

1815 5703 2231 5772 congregatione
2282 5703 2612 5774 loqueretur.
2671 5699 2822 5770 (CAP.
2878 5699 2957 5769 v.)
3013 5719 3030 5750 (
3062 5699 3401 5770 Vocavitque

1821 5813 1840 5847 ‹
1870 5792 2080 5866 Moyses
2104 5812 2318 5854 omnem
2356 5797 2542 5865 Israel,
2570 5804 2626 5854 et
2671 5795 2809 5854 dixit
2843 5795 2912 5853 ad
2935 5809 3059 5854 eum
3081 5809 3097 5852 :
3123 5793 3284 5867 Audi,
3313 5793 3399 5884 Is:
