3890 6340
489 277 593 335 859

1124 265 1187 325 Β.
1233 267 1488 339 MBAN!
1525 268 1753 331 MAUBL
1774 267 2077 331 unum

2182 268 2467 331 DGiiNil‘.
2507 268 2792 331 GPERUH
2820 268 3007 328 PARS
3042 270 3086 327 Ι.

495 417 513 450 ι
545 396 678 479 rae],
722 403 1071 453 estremomas
1100 397 1264 461 atque
1282 389 1491 461 judicia
1519 407 1641 465 quae
1668 408 1768 465 ego
1792 392 1981 462 loquor
2016 394 2073 448 in

2182 400 2355 449 tamen
2389 394 2529 450 sicut
2570 381 2732 450 homo
2754 395 2948 450 Deum.
2976 393 3165 465 Neque
3193 397 3362 462 enim,
3396 401 3523 470 quia
3552 403 3718 461 dictum

493 511 511 543 ι
542 482 764 544 auribus
790 482 986 540 vestris
1012 483 1191 541 hodie.
1234 482 1434 543 Discite
1475 500 1539 543 ea
1568 494 1631 542 .et
1657 501 1755 541 ore
1782 486 2065 558 complete.

494 600 512 635 ς
541 575 801 633 Dominus
828 576 972 632 Deus
1014 584 1201 633 noster
1242 577 1447 649 pepigit
1496 577 1779 637 nobiseum
1809 577 1989 633 foedus
2015 578 2068 635 in

470 658 512 725 ἰ
536 669 735 727 ﬂoreb.
769 666 888 725 Non
911 683 1033 725 cum
1052 666 1300 739 patribus
1344 670 1546 727 nostris
1570 670 1697 727 iniit
1710 678 1953 741 pactum,
1975 672 2071 729 sed

494 784 513 818 ι
539 763 839 827 nobiscum,
870 760 963 832 qui
989 762 1042 817 in
1070 760 1487 835 praesentiarum
1508 777 1700 818 sumus
1727 771 1783 817 et
1815 762 2067 819 vivimus.

494 876 513 909 ι
543 854 703 911 Facie
733 853 801 908 ad
824 852 1020 909 faciem
1046 852 1258 910 locutus
1288 861 1371 909 est
1397 855 1554 910 nobis
1579 855 1646 909 de
1670 856 1855 912 mente
1872 856 1930 911 in
1958 869 2073 912 ms-

496 966 513 999 ‹
542 947 631 1002 dio
666 942 826 1018 ignis.
860 964 878 997 ι
911 943 1050 1013 Quid
1079 954 1161 1001 est
1190 945 1334 1016 quod
1359 945 1457 1012 ait,
1489 946 1753 1002 Dominus
1784 946 1930 1005 Deus
1962 962 2071 1003 no-

489 1024 602 1095 ster
638 1038 903 1111 disposuit
946 1038 1015 1093 ad
1058 1052 1158 1093 nos
1188 1044 1571 1095 testamentum
1604 1040 1657 1094 in
1682 1039 1905 1095 Herebi
1954 1039 2073 1096 Non

490 1144 612 1184 cum
650 1128 896 1201 patribus
940 1129 1142 1185 nostris
1170 1129 1436 1200 disposuit
1478 1131 1741 1189 Dominus
1768 1140 2071 1188 testamen-

489 1230 603 1277 tum
634 1221 756 1285 hoc,
788 1218 883 1274 sed
913 1221 979 1275 ad
1008 1236 1105 1276 vos
1134 1239 1146 1274 :
1178 1237 1277 1277 vos
1322 1222 1412 1279 hic
1453 1238 1659 1289 omnes,
1693 1225 1787 1295 qui
1830 1225 2074 1281 viventes

487 1312 646 1367 hodie
669 1312 825 1367 estis.
853 1309 1017 1366 Facie
1044 1312 1111 1368 ad
1130 1311 1334 1369 faciem
1360 1313 1575 1369 locutus
1602 1324 1690 1370 est
1711 1315 1976 1372 Dominus
1998 1317 2069 1372 ad

478 1417 582 1479 vos
604 1402 660 1458 in
682 1411 866 1459 monte
896 1417 928 1458 e
952 1404 1130 1459 medio
1158 1404 1315 1475 ignis.
1345 1405 1430 1460 An
1468 1406 1595 1475 quia
1639 1406 1715 1460 illi
1741 1408 1833 1478 qui
1856 1424 1962 1463 non
1992 1409 2074 1463 in.

487 1493 804 1565 grediuntur
841 1502 1045 1550 terram
1070 1495 1505 1565 repromissionis
1526 1496 1747 1569 (mortui
1777 1499 1924 1555 enim
1946 1508 2075 1556 sunt

485 1582 694 1657 omnes)
745 1600 851 1642 non
896 1586 1179 1656 pertinent
1223 1584 1290 1642 ad
1328 1588 1435 1643 hoc
1480 1595 1895 1655 testamentum,
1941 1606 2076 1662 quo-

486 1690 611 1733 rum
639 1684 769 1731 tunc
794 1676 1097 1747 recognitio
1139 1676 1283 1734 facta
1321 1690 1425 1746 est,
1466 1694 1594 1735 cum
1618 1696 1651 1735 a
1679 1682 1870 1753 viginti
1918 1684 2074 1739 annis

2171 492 2275 547 est,
2297 484 2529 541 «Estote
2557 484 2804 555 perfecti,
2824 485 2972 541 sicut
2990 484 3153 540 Pater
3175 495 3357 543 vester
3371 489 3609 548 celestis
3622 511 3717 565 per-

2170 574 2347 633 fectus
2373 586 2476 643 est,
2509 598 2527 628 ι
2563 579 2683 634 ideo
2711 578 3076 649 mqualitatem
3097 579 3298 647 Patris,
3327 597 3491 652 quam
3525 586 3718 645 Verbum

2161 667 2341 735 habet
2377 668 2734 739 unigenitum,
2782 683 3008 739 sperare
3035 670 3328 738 debemus;
3361 677 3607 743 quamvis
3636 693 3718 735 non

2174 758 2448 814 defuerint
2486 759 2579 829 qui
2630 767 2687 813 et
2728 759 2833 814 hoc
2856 758 3102 815 futurum
3126 762 3461 831 putaverint,
3495 766 3592 821 nisi
3614 767 3717 826 forte

2162 847 2307 917 quid
2336 848 2528 904 dicant
2561 862 2756 919 parum
2780 839 3157 920 intelligimus.

2790 959 3025 1017 CAPUT
3060 961 3129 1017 Χ.

2166 1048 2253 1106 ὒε
2272 1065 2333 1105 eo
2354 1050 2569 1122 quadra
2596 1051 2723 1105 dicit
2751 1049 2958 1122 Moyses
2986 1064 3312 1122 sequestrum
3340 1065 3389 1112 et
3419 1058 3635 1122 judicans
3653 1062 3713 1116 ia-

2370 1132 2449 1175 ter
2485 1121 2768 1176 Dominum
2803 1121 2858 1176 et
2892 1121 3065 1178 Israel
3096 1128 3151 1179 in
3184 1137 3361 1182 monte
3391 1121 3559 1183 Sinni.

2253 1234 2272 1268 ι
2304 1214 2417 1287 Ego
2462 1225 2745 1285 sequester
2772 1224 2827 1271 et
2855 1218 3067 1274 medius
3096 1219 3176 1274 fui
3210 1220 3353 1277 inter
3391 1220 3651 1279 Dominum
3675 1234 3715 1280 et

2178 1326 2202 1362 ι
2231 1322 2329 1363 vos
2341 1308 2397 1361 in
2412 1314 2654 1377 tempore
2665 1306 2777 1372 illo,
2794 1316 2857 1362 ut
2869 1308 3248 1365 annuntiarem
3263 1311 3421 1367 vobis
3448 1315 3592 1368 verba
3610 1313 3710 1382 cits.

2182 1418 2201 1452 ι
2231 1396 2511 1453 Timuistis
2553 1398 2701 1453 enim
2725 1399 2926 1469 ignem,
2948 1408 3005 1455 et
3025 1415 3131 1456 non
3152 1402 3475 1458 ascendistis
3512 1404 3558 1458 in
3596 1421 3716 1460 mou-

2182 1508 2203 1543 ‹
2233 1498 2359 1545 tem.
2385 1509 2405 1542 ι
2434 1488 2572 1557 Quid
2593 1498 2677 1545 est
2693 1491 2837 1560 quod
2867 1490 2964 1557 ait,
2998 1510 3020 1543 ‹
3041 1501 3095 1548 et
3122 1508 3226 1564 ego
3244 1503 3532 1564 sequester,
3553 1504 3601 1551 et
3624 1511 3714 1553 me-

2176 1577 2298 1635 dius
2317 1579 2402 1634 fui
2432 1580 2575 1636 inter
2603 1595 2700 1635 vos
2723 1588 2779 1635 et
2800 1581 3116 1648 Dominum,
3164 1586 3304 1649 sive,
3350 1593 3417 1640 ut
3454 1586 3544 1641 alia
3578 1588 3714 1642 editio

2176 1674 2380 1730 habet:
2413 1694 2430 1727 ι
2462 1675 2532 1730 Et
2555 1689 2657 1747 ego
2682 1676 2893 1731 stabam
2922 1677 3066 1733 inter
3090 1677 3385 1734 Dominum
3422 1688 3475 1735 et
3502 1681 3618 1736 inter
3642 1696 3710 1736 vos

485 1767 664 1822 anatis
690 1774 747 1822 et
789 1782 951 1839 supra
985 1777 1424 1835 numerarentur,
1475 1786 1647 1841 usque
1695 1748 1764 1827 ad
1812 1773 2077 1844 quinqua-

2182 1763 2236 1818 in
2273 1772 2517 1836 tempore
2554 1764 2665 1831 illo,
2706 1768 3031 1822 annuntiare
3065 1768 3221 1824 vobis
3252 1771 3425 1824 verba
3452 1770 3633 1826 Domini
3650 1772 3710 1826 (ﬁ-

486 1859 640 1935 ginta
665 1874 836 1917 annos
874 1859 1087 1916 habiles
1114 1862 1184 1917 ad
1226 1862 1466 1919 bellum?
1497 1864 1779 1933 Quomodo
1815 1882 1945 1941 ergo
1974 1869 2081 1926 illis

484 1948 701 2005 locutus
733 1957 817 2006 est
844 1951 1128 2020 Dominus,
1153 1954 1245 2023 qui
1274 1955 1435 2013 hodie
1462 1958 1694 2013 vivunt?
1724 1960 1811 2015 An
1839 1961 1963 2030 quia
2011 1977 2077 2016 ex

483 2039 681 2111 viginti
710 2040 868 2096 annis
902 2050 959 2097 et
985 2042 1127 2099 infra
1157 2053 1452 2114 potuerunt
1478 2049 1635 2105 multi
1664 2059 1793 2107 tunc
1820 2065 1963 2118 esse,
1984 2054 2080 2123 qui

482 2126 591 2187 hoc
618 2133 760 2187 bene
811 2135 1205 2201 meminissent,
1250 2137 1416 2195 alieni
1466 2141 1535 2195 ab
1580 2140 1675 2196 illa
1722 2157 1879 2212 prona
1918 2160 2080 2214 quam

480 2218 631 2278 Deus
671 2222 777 2279 illis
818 2226 1099 2282 constituit
1138 2228 1234 2297 qui
1279 2236 1409 2285 tunc
1462 2233 1737 2288 numerati
1778 2244 1923 2302 sunt,
1972 2251 2079 2291 non

485 2302 695 2369 intrare
720 2315 777 2369 in
809 2322 1010 2371 terram
1034 2318 1507 2389 repromissionis?
1534 2321 1602 2376 Et
1629 2325 1729 2380 hos
1751 2325 1938 2396 utique
1981 2342 2080 2397 up-

482 2400 670 2475 pellat,
698 2405 791 2473 qui
837 2408 1086 2477 quamvis
1126 2409 1314 2479 viginti
1360 2426 1624 2468 annorum
1664 2424 1718 2469 et
1759 2430 1923 2486 supra
1970 2432 2077 2472 non

486 2503 688 2562 essent,
719 2496 933 2566 quando
966 2496 1112 2555 Deus
1138 2500 1193 2555 in
1222 2510 1409 2557 monte
1437 2503 1778 2574 loquebatur,
1801 2514 1861 2561 ut
1882 2521 2078 2563 nume-

485 2585 596 2640 rari
638 2594 766 2642 tunc
804 2598 1047 2659 possent,
1080 2599 1375 2662 potuerunt
1413 2603 1597 2651 tamen
1639 2611 1762 2653 esse
1805 2597 1992 2654 decem
2026 2607 2081 2654 et

488 2689 702 2744 novem,
752 2685 807 2734 et
845 2676 984 2734 infra
1025 2696 1197 2753 usque
1243 2683 1311 2738 ad
1354 2685 1620 2754 puerilem
1676 2694 1913 2754 aetatem,
1961 2703 2082 2759 quae

486 2777 675 2838 posset
702 2768 794 2827 illa
839 2786 962 2847 qua:
1001 2770 1145 2829 facta
1187 2784 1331 2843 sunt,
1371 2784 1426 2831 et
1462 2764 1647 2837 videre
1688 2788 1747 2836 et
1786 2780 1999 2847 audire,
2025 2789 2082 2837 et

487 2858 750 2915 memoria
776 2861 1032 2920 retinere.
1065 2861 1173 2920 Sed
1197 2865 1328 2936 quid
1356 2874 1438 2922 est
1467 2868 1614 2938 quod
1650 2871 1745 2936 ait,
1777 2891 1796 2923 ‹
1825 2871 1989 2926 Facie
2010 2870 2081 2928 ad

486 2948 685 3006 faciem
726 2950 939 3011 locutus
968 2963 1054 3011 est
1090 2956 1159 3012 ad
1202 2974 1321 3025 vos,
1352 2979 1369 3010 ι
1413 2976 1553 3030 quos
1597 2962 1757 3033 paulo
1803 2973 1931 3019 ante
1964 2978 2075 3020 ma-

487 3038 634 3096 xime
667 3042 958 3102 admonere
996 3048 1209 3103 curavit
1233 3049 1378 3120 quod
1423 3051 1625 3107 nullam
1668 3053 2077 3111 similitudinem

488 3133 742 3200 viderint,
771 3137 867 3193 sed
892 3138 1063 3195 solam
1083 3117 1270 3197 vocem
1297 3142 1365 3198 de
1392 3146 1573 3200 medio
1602 3147 1741 3217 ignis
1776 3147 2080 3203 audierint?
2104 3117 2151 3183 ο

486 3218 571 3278 ‘An
592 3232 818 3294 propter
846 3242 1029 3281 rerum
1052 3230 1396 3297 evidentiam,
1427 3241 1484 3288 et
1511 3236 1920 3305 quodammodo
1946 3254 2079 3308 pra:-

486 3313 720 3369 lentiam
771 3315 1133 3372 manifestata:
1188 3321 1510 3391 divinitatis,
1563 3326 1630 3382 de
1674 3342 1781 3396 qua
1830 3328 2080 3387 dubitare

487 3408 650 3461 nemo
677 3408 877 3476 posset,
924 3408 1012 3465 his
1051 3409 1233 3467 verbis
1262 3428 1395 3469 usus
1431 3417 1554 3471 est?
1592 3415 1747 3486 Quod
1778 3418 1825 3474 si
1855 3420 1932 3476 ita
1970 3429 2077 3487 est,

488 3494 619 3565 quid
660 3495 914 3567 prohibet
958 3498 1026 3556 de
1073 3501 1191 3573 ipso
1239 3501 1425 3576 Moyse
1475 3506 1579 3563 hoc
1623 3507 1871 3581 intelligi,
1921 3511 1975 3567 in
2014 3526 2081 3568 eo

487 3584 633 3656 quod
662 3586 727 3644 de
752 3586 842 3644 illo
878 3588 1086 3645 dictum
1118 3599 1223 3662 est,
1251 3595 1395 3666 quod
1432 3594 1573 3653 facie
1596 3599 1668 3654 ad
1708 3597 1906 3657 faciem
1926 3601 2081 3658 locu-

488 3681 576 3733 tus
599 3676 668 3733 sit
704 3692 828 3734 cum
855 3695 921 3736 eo
963 3679 1245 3753 Dominus,
1274 3694 1334 3742 ut
1375 3702 1477 3745 nec
1524 3688 1639 3761 ipse
1664 3689 1867 3761 aliquid
1907 3693 2080 3751 oculis

486 3765 686 3824 viderit
704 3779 902 3839 praeter
928 3771 1148 3845 ignem?
1173 3772 1258 3831 An
1282 3775 1488 3849 aliquid
1510 3779 1743 3851 amplius
1770 3782 1968 3841 vidisse
1997 3784 2078 3841 in-
2106 3806 2109 3815 ί

488 3854 767 3932 telligitur,
797 3864 923 3935 quia
955 3865 1218 3936 scriptum
1249 3878 1334 3926 est
1375 3886 1502 3927 eum
1548 3872 1787 3930 intrasse
1819 3876 1875 3931 in
1903 3878 2078 3933 nebu«

487 3948 596 4005 lam
634 3951 722 4008 vel
750 3953 992 4011 nimbum
1023 3955 1116 4013 ubi
1158 3968 1278 4015 erat
1302 3961 1480 4018 Deus?
1523 3961 1632 4020 Sed
1677 3972 1731 4021 et
1777 3965 1825 4022 si
1877 3967 2083 4038 aliquid

489 4040 721 4112 amplius
744 4043 884 4101 vidit
923 4061 1088 4117 quam
1120 4046 1222 4117 illi,
1247 4068 1357 4108 non
1398 4069 1524 4110 eum
1544 4060 1735 4111 tamen
1763 4058 2081 4117 mortalibus

488 4130 661 4185 mdis
678 4128 885 4188 vidisse
932 4135 1031 4190 Dei
1063 4138 1425 4197 substantiam
1471 4159 1541 4200 ex
1577 4141 1685 4201 illis
1733 4145 1855 4216 ejus
1898 4149 2080 4211 verbis

489 4219 717 4292 intelligi
744 4226 944 4294 potest,
973 4226 1169 4297 quibus
1195 4232 1272 4285 ait
1298 4232 1450 4289 Deo:
1493 4256 1512 4288 ι
1546 4236 1605 4292 Si
1638 4238 1823 4295 inveni
1848 4243 2079 4312 gratiam

490 4324 615 4372 ante
639 4324 714 4385 te,
760 4317 986 4376 ostende
1026 4320 1160 4377 mihi
1203 4326 1571 4398 temetipsum,
1596 4339 1666 4385 ,ιιι
1702 4332 1913 4388 videam
1949 4343 2020 4391 te.
2052 4356 2074 4388 ι

487 4409 673 4481 Neque
718 4411 861 4469 enim
916 4414 1293 4473 arbitrandum
1341 4428 1427 4477 est
1476 4421 1623 4479 hunc
1658 4425 1942 4496 populum,
1986 4430 2078 4486 cui

489 4502 701 4572 Moyses
720 4500 1067 4576 loquebatur,
1102 4506 1180 4566 sic
1210 4518 1343 4568 tunc
1369 4510 1575 4573 vidisse
1614 4515 1786 4571 Deum
1822 4514 1964 4574 facie
2008 4520 2079 4576 ad

489 4593 684 4648 faciem
710 4598 924 4665 quando
948 4600 1007 4655 in
1036 4610 1221 4658 monte
1247 4601 1575 4676 loquebatur
1614 4623 1647 4666 e
1691 4609 1872 4667 medio
1913 4610 2080 4682 ignis,

490 4686 941 4754 quemadmodum
965 4692 1256 4766 Apostolus
1283 4697 1436 4768 dicit,
1486 4699 1545 4756 in
1573 4701 1682 4759 ﬁne
1717 4718 1821 4760 nos
1846 4719 1970 4763 esse
1995 4705 2079 4762 vi-

492 4786 671 4841 surus,
716 4776 809 4834 ubi
857 4781 971 4836 ait:
1005 4803 1023 4835 ι
1058 4784 1322 4846 Videmus
1371 4807 1517 4848 nunc
1551 4809 1657 4865 per
1694 4796 1975 4867 speculum
2022 4800 2083 4857 in

490 4868 796 4940 aenigmate,
838 4879 969 4928 tunc
995 4883 1173 4933 autem
1216 4879 1355 4938 facie
1397 4884 1465 4939 ad
1490 4883 1707 4942 faciem.
1740 4906 1764 4940 ο
1814 4887 1956 4955 Quid
1990 4905 2083 4946 au-

489 4971 603 5021 tem
636 4963 828 5054 hocet
857 4977 1118 5037 quantum
1149 4983 1311 5040 esset,
1345 4987 1744 5050 consequenter
1766 4984 1980 5054 aperuit
2000 4983 2084 5040 di-

494 5070 659 5112 cens:
697 5076 715 5109 ι
746 5050 907 5112 Nunc
930 5056 1046 5114 scio
1068 5076 1135 5115 ex
1162 5074 1338 5134 parte,
1376 5075 1506 5127 tunc
1543 5079 1728 5127 autem
1753 5050 2080 5145 etiam

493 5148 634 5204 siem
672 5153 725 5203 et
750 5146 1000 5221 cognitus
1036 5166 1166 5207 sum
1209 5152 1279 5225 (Ι,
1306 5154 1430 5213 Cor.
1474 5160 1619 5234 aut).
1660 5181 1679 5214 ι
1722 5161 1877 5230 Quod
1912 5166 2079 5227 etiam

494 5241 673 5313 ipsum
719 5252 877 5300 caute
923 5244 1296 5318 accipiendum
1339 5260 1440 5316 est,
1490 5268 1560 5311 ne
1605 5263 1813 5315 tantam
1854 5267 2079 5330 putetur

494 5330 970 5391 habiturus'homo
998 5336 1361 5408 cognitionem
1392 5340 1491 5397 Dei
1521 5355 1953 5415 quantamnunc
1972 5353 2075 5407 ha—

494 5423 588 5479 bet
610 5425 846 5481 hominis
875 5426 1053 5497 Deus;
1086 5427 1181 5485 sed
1212 5445 1314 5500 pro
1339 5446 1437 5486 suo
1459 5436 1618 5492 modo
1646 5439 1721 5493 ita
1744 5440 2073 5510 perfectam,

496 5522 557 5570 ut
582 5512 630 5571 e‘i
660 5517 791 5573 nihil
819 5529 1162 5590 exspectetur
1188 5522 1528 5581 addendum:
1567 5536 1626 5583 ut
1653 5546 1815 5599 quam
1839 5535 2078 5605 perfecte

502 5622 642 5665 nunc
667 5610 812 5670 Deus
854 5617 1005 5672 novit
1048 5619 1343 5687 hominem,
1385 5620 1480 5677 sed
1521 5629 1702 5679 tamen
1752 5628 1895 5684 sicut
1930 5631 2076 5689 Deus

503 5696 797 5776 hominem,
821 5704 894 5763 ita
916 5724 1059 5768 nunc
1075 5711 1313 5786 perfecte
1332 5712 1548 5770 noverit
1575 5714 1736 5773 homo
1756 5718 1951 5789 Deum,
1979 5723 2073 5778 sed

2179 1856 2346 1912 cens?
2382 1855 2660 1925 Tanquam
2687 1857 2743 1912 in
2772 1857 2891 1912 loco
2930 1867 3080 1913 esset
3122 1859 3407 1926 Dominus,
3456 1863 3548 1916 hoc
3575 1870 3640 1916 est
3669 1862 3708 1917 ὴ

2176 1957 2362 2007 monte
2384 1948 2524 2005 unde
2552 1949 2629 2004 illi
2653 1963 2814 2005 voces
2843 1951 3153 2006 audiebant.
3190 1951 3351 2019 Quod
3386 1952 3468 2009 sic
3497 1954 3706 2023 accipien-

2180 2040 2309 2095 dum
2337 2048 2441 2104 est,
2467 2049 2648 2095 utnec
2668 2055 2737 2095 ex
2760 2040 2864 2095 hoc
2899 2041 3239 2111 suspicemur
3278 2042 3375 2098 Dei
3418 2044 3708 2100 substantiam

2181 2128 2237 2185 in
2262 2129 2371 2183 ullo
2406 2129 2586 2198 aliquo
2616 2144 2739 2185 esse
2764 2130 3031 2199 corporali
3064 2130 3204 2197 loco,
3241 2132 3335 2202 qui
3362 2142 3449 2188 est
3470 2134 3632 2203 aliique
3650 2141 3707 2189 lo-

2182 2231 2286 2287 tus,
2308 2238 2417 2278 nec
2432 2237 2533 2292 per
2555 2222 2799 2278 locorum
2826 2223 3109 2280 intervalla
3136 2226 3462 2296 propinquat
3487 2234 3564 2280 aut
3588 2240 3709 2281 tece-

2180 2313 2293 2380 dit;
2320 2314 2416 2369 sed
2451 2314 2942 2370 demonstrationes
2972 2314 3089 2384 eius
3132 2317 3189 2370 in
3230 2331 3295 2370 ea
3338 2326 3580 2383 creatura,
3614 2330 3709 2386 qua

2180 2422 2288 2463 non
2313 2408 2561 2479 estquod
2597 2408 2715 2477 ipse
2745 2416 2848 2473 est,
2890 2422 3000 2464 non
3028 2408 3190 2465 aliter
3225 2411 3478 2467 humanis
3516 2410 3708 2467 senibus

2182 2497 2525 2554 exhibentur.
2587 2498 2742 2555 Unde
2792 2498 3056 2557 Dominns
3102 2501 3294 2558 volens
3334 2503 3535 2561 auferre
3566 2503 3707 2573 hujus-

2182 2588 2329 2645 modi
2359 2588 2723 2659 suspicionem
2760 2591 3032 2647 mentibus
3064 2593 3286 2657 nostris,
3331 2596 3517 2665 quibus
3538 2601 3707 2666 putatur

2183 2676 2326 2735 Deus
2369 2678 2488 2734 loco
2527 2679 2712 2750 aliquo
2751 2682 3039 2737 contineri.
3094 2700 3115 2735 ‹
3140 2683 3358 2749 Veniet,
3409 2685 3570 2754 inquit,
3601 2685 3708 2740 hort

2182 2769 2399 2840 quando
2431 2784 2607 2840 neque
2643 2771 2701 2826 in
2740 2780 2926 2827 monte
2962 2773 3089 2839 hoc,
3128 2789 3314 2844 neque
3350 2776 3407 2830 in
3432 2773 3711 2846 Jerosolymis

2182 2860 2480 2917 adorabitis
2506 2861 2744 2918 Patrem.
2796 2862 2901 2919 Vos
2935 2864 3174 2920 adoratis
3211 2868 3361 2935 quod
3390 2866 3603 2932 nescitis,
3632 2880 3711 2947 uos

2183 2955 2471 3011 adoramus
2490 2956 2635 3025 quod
2658 2956 2879 3021 scimus,
2902 2957 3029 3027 quia
3051 2956 3203 3012 salus
3222 2973 3293 3013 ex
3308 2957 3503 3014 ludatis
3518 2965 3601 3013 est.
3629 2953 3709 3011 Sed

2184 3047 2335 3102 venit
2370 3048 2504 3102 hora
2524 3055 2593 3102 act
2618 3063 2760 3103 nunc
2796 3055 2884 3102 est
2910 3048 3132 3118 quando
3168 3048 3287 3103 veri
3324 3048 3605 3103 adomtsres
3637 3045 3710 3099 atl-

2181 3140 2415 3197 orabunt
2444 3139 2661 3197 Patrem
2686 3141 2743 3196 iu
2764 3141 2957 3211 spiritu
2991 3149 3047 3196 et
3079 3141 3336 3197 veritate.
3369 3140 3495 3196 Nam
3520 3148 3565 3193 et
3585 3136 3714 3192 Pater

2181 3230 2318 3287 tales
2344 3231 2541 3301 quieuit
2562 3232 2655 3301 qui
2687 3231 2918 3286 adorant
2944 3246 3087 3287 eum.
3142 3231 3381 3303 Spiritus
3409 3242 3487 3290 est
3513 3231 3648 3295 Deus,
3673 3237 3715 3283 et

2180 3337 2275 3378 eos
2315 3324 2406 3393 qui
2444 3324 2677 3379 adorant
2703 3339 2828 3379 eum
2869 3324 2925 3379 in
2965 3325 3160 3394 spiritu
3206 3334 3265 3381 et
3307 3327 3525 3381 veritate
3542 3329 3717 3394 oportet

2181 3413 2409 3469 adorare
2433 3412 2615 3484 (Joau.
2651 3414 2784 3487 xu).
2820 3434 2839 3468 ι
2878 3414 3113 3471 Medium
3136 3432 3199 3471 se
3227 3417 3362 3472 dixit
3391 3415 3605 3487 Nam,
3633 3427 3719 3469 uos

2181 3505 2324 3561 inter
2348 3507 2707 3563 substantiam
2742 3516 2797 3563 et
2823 3509 3083 3580 populum
3104 3509 3388 3565 intervallo
3417 3508 3585 3578 aliquo
3610 3506 3719 3569 ioci,

2180 3600 2279 3658 sed
2306 3602 2433 3671 quia
2455 3616 2554 3670 per
2576 3616 2701 3657 eum
2723 3601 2927 3672 placuit
2951 3601 3145 3672 populo
3160 3603 3342 3657 audire
3358 3608 3536 3655 uetera
3571 3599 3725 3653 verba

2182 3689 2299 3756 Dei,
2329 3700 2685 3762 posteaquam
2705 3691 3056 3749 vehementer
3076 3692 3286 3747 territus
3302 3700 3402 3756 est,
3425 3689 3645 3744 audiens
3667 3687 3726 3743 de

2180 3783 2361 3839 medio
2386 3764 2738 3853 ignisvecem
2756 3783 2854 3839 Dei
2872 3784 3114 3840 dicentis
3128 3782 3435 3852 deealegum
3448 3779 3604 3852 legis.

2248 3874 2362 3932 Sed
2400 3878 2604 3931 merito
2648 3877 2913 3947 queritur
2958 3877 3235 3948 quem
3275 3875 3591 3945 accipiantur
3627 3872 3719 3930 huc

2182 3968 2347 4025 verba
2372 3967 2807 4035 .Deutetonomii.
2851 3969 3067 4026 dicente
3111 3969 3295 4041 Moyse
3318 3988 3332 4022 :
3356 3986 3385 4020 η(
3408 3968 3479 4024 Β
3516 3980 3599 4038 ⁸89
3622 3972 3719 4021 ³³³

2181 4058 2309 4117 bam
2334 4058 2789 4117 internuntium
2822 4068 2882 4115 et
2912 4074 3010 4117 tos
3045 4062 3103 4117 iu
3128 4068 3384 4132 tempore
3416 4060 3519 4126 ilo,
3544 4070 3721 4113 amun-

2181 4152 2323 4209 tiare
2345 4150 2510 4209 verba
2536 4151 3060 4225 DonninLquoniam
3092 4155 3363 4212 timuistis
3395 4171 3427 4211 a
3454 4152 3578 4209 facie
3607 4150 3721 4220 igni

2182 4245 2419 4313 Domini,
2445 4254 2502 4302 et
2530 4261 2640 4303 non
2675 4248 2998 4306 asoendistis
3026 4249 3085 4304 in
3112 4258 3385 4311 montem,
3423 4243 3720 4311 dicamut)

2181 4351 2304 4393 sum
2323 4337 2584 4395 Dominus
2605 4338 2749 4395 Deus
2766 4346 2921 4405 tuus,
2938 4360 2962 4394 ο
2988 4349 3098 4397 etc.
3136 4340 3277 4408 Qua
3288 4342 3469 4398 etiam
3490 4332 3720 4394 verbalki

2105 4466 2157 4531 Β
2183 4441 2483 4531 suntnquie
2518 4433 2809 4531 decaloqus
2827 4435 3105 4531 continet.
3138 4435 3291 4503 Quid
3326 4450 3462 4531 ergo

2183 4522 2409 4590 addidit,
2448 4542 2469 4577 ι
2494 4524 2733 4584 dicens?
2770 4546 2793 4580 ι
2823 4526 2883 4583 Si
2914 4527 3070 4584 enim
3097 4530 3479 4599 putaverimus
3512 4523 3721 4599 hypall-

2183 4617 2981 4683 ton,.utordoverborumsit:
3011 4619 3240 4691 «Etego
3273 4612 3720 4678 stabulum“)-

2183 4708 2393 4767 minam
2405 4717 2463 4765 et
2479 4724 2577 4767 vos
2600 4712 2659 4766 in
2677 4719 2922 4783 tempore
2943 4710 3057 4780 illo,
3088 4714 3428 4770 annuaﬁare
3445 4702 3720 4769 νῶναῆ

2182 4797 2398 4856 Domini
2424 4800 2613 4859 dicens
2633 4820 2653 4857 :
2674 4802 2791 4875 Ego
2817 4818 2938 4861 sum
2958 4804 3230 4863 Dominus
3258 4802 3422 4863 Deus
3446 4814 3579 4870 UB.
3596 4820 3617 4855 ³
3638 4810 3722 4854 Μ

2183 4892 2291 4953 erit
2315 4908 2527 4951 rem.
2558 4894 2843 4953 Nonarum
2869 4897 2987 4955 haec
3018 4900 3184 4956 verba
3206 4912 3317 4970 per
3350 4898 3568 4972 Moysen
3594 4904 3726 4966 PQ"

2181 4984 2285 5053 lus,
2312 4986 2416 5042 sed
2443 4987 2511 5043 de
2532 4989 2718 5044 medio
2734 4990 2879 5061 ignis
2900 4991 3134 5058 audivit;
3167 4993 3322 5063 quod
3348 5008 3487 5050 ea
3510 4986 3727 5048 nstin!!!

2181 5092 2289 5133 non
2310 5088 2499 5149 posset
2512 5081 2701 5138 audito
2724 5082 3001 5153 decalogo,
3032 5085 3332 5155 postulavit
3348 5094 3419 5142 ut
3434 5102 3531 5157 per
3556 5080 3728 5152 Ii!“

2181 5178 2378 5231 caetera
2417 5174 2645 5230 audiret.
2702 5174 2892 5233 Restat
2925 5191 3057 5249 ergo
3088 5178 3349 5248 utquod
3392 5178 3617 5250 positum
3652 5179 3727 5229 est,

2185 5278 2206 5313 ι
2234 5262 2441 5329 dicens,
2462 5282 2481 5316 ι
2521 5279 2621 5334 pro
2657 5278 2723 5320 eo
2755 5266 2991 5336 positum
3020 5268 3421 5339 intelligamus,
3451 5284 3515 5326 ac
3541 5266 3584 5323 si
3602 5266 3731 5323 essu.

2180 5360 2241 5408 ut
2265 5354 2499 5422 diceret;
2539 5364 2598 5411 ut
2628 5357 2730 5412 iste
2752 5357 3074 5414 sitsensus:
3108 5359 3219 5413 cEt
3255 5376 3367 5433 ego
3398 5357 3736 5417 stabamiatn‘
3844 5350 3845 5353 “

2181 5443 2466 5502 Dominum
2496 5456 2555 5503 et
2586 5462 2683 5503 vos
2719 5449 2772 5502 in
2810 5458 3058 5518 tempore
3094 5450 3204 5514 illo,
3246 5451 3587 5508 amiare
3616 5441 3736 5499 τά

2181 5538 2345 5593 verba
2386 5540 2598 5594 Domini
2647 5540 2833 5597 dicens
2875 5558 2888 5595 :
2924 5541 3191 5609 Quoniam
3246 5545 3517 5600 timuistis
3562 5557 3593 5595 a
3631 5535 3735 5593 facit

2180 5628 2337 5700 ignis,
2379 5635 2433 5683 et
2474 5644 2581 5684 non
2620 5632 2940 5688 ascendistis
2976 5632 3034 5688 in
3075 5642 3341 5701 montem.
3370 5649 3501 5691 cun
3532 5632 3737 5690 mw

2180 5721 2291 5795 Ego
2326 5735 2445 5777 sum
2473 5720 2734 5781 Dominus
2759 5722 2905 5783 DOtB
2933 5730 3079 5793 tuus,
3100 5744 3127 5802 _r
3156 5725 3739 5792 ιιιειὼδυῶωηω
