3890 6340
139 314 220 372 861
905 315 1318 376 ENARRATIO
1358 315 1584 378 SUFEB
1615 321 1706 378 ’ΒΕ

1811 323 2247 387 ΕκοΝοΜιυΜ.
2287 361 2357 374 --
2389 331 2522 386 ΠΒ.
2564 333 2604 387 ι.

3289 337 3393 395 869.

142 433 342 525 diceret,
381 429 568 525 utique
601 429 881 488 Dominus.
929 431 1066 490 Cum
1096 435 1242 490 enim
1279 436 1396 493 haec
1425 441 1586 496 verba
1618 424 1788 502 (ιε-Ἀ
1813 452 1898 501 tor
1923 454 1978 500 et
2015 448 2340 514 misericors,
2383 449 2596 519 patiens
2635 455 2693 503 et
2731 449 2916 504 amita:
2956 453 3345 525 miserationis,
3369 483 3388 511 ι

142 528 270 578 ceret
296 518 581 589 Dominus,
623 536 744 592 quae
785 533 1182 594 consequenter
1203 541 1267 581 ex
1297 527 1554 599 decalogo
1577 545 1709 586 ouu-

139 622 210 670 cta
233 622 647 681 commemorat,
684 622 816 670 tunc
841 615 1021 672 timuit
1045 617 1277 688 populus
1313 634 1343 673 a
1376 619 1515 676 facie
1550 622 1704 693 ignis,

139 716 183 763 et
210 721 314 762 non
346 706 592 762 ascendit
613 707 668 762 in
692 715 953 776 montem,
977 717 1032 764 et
1053 711 1268 780 rogavit
1287 721 1346 767 ut
1366 728 1464 783 per
1489 713 1708 785 Moysen

129 801 296 876 potius
341 800 506 856 verba
529 800 766 857 iDomini
807 802 1019 858 audiret
1064 823 1077 856 :
1121 818 1243 873 quae
1291 807 1457 860 verba
1503 806 1710 878 Moyses

138 902 509 949 commemorat
548 893 602 948 in
643 893 1062 950 Deuteronomio
1103 896 1245 950 dicta
1268 896 1382 952 sibi
1417 912 1451 951 a
1479 899 1706 969 populo,

137 1001 241 1040 cum
269 985 461 1041 audire
478 985 590 1057 jam
624 986 829 1043 nollent
851 1002 1043 1044 vocem
1075 988 1195 1054 Dei,
1223 990 1317 1046 sed
1343 1006 1441 1060 per
1471 1006 1591 1047 eum
1617 1009 1710 1062 pe-

137 1083 295 1131 terent
337 1076 439 1132 sibi
485 1077 590 1132 dici
631 1094 751 1148 qum
798 1079 1012 1134 dicebat
1057 1081 1220 1147 Deus,
1270 1081 1324 1136 id
1375 1092 1478 1149 est,
1528 1085 1708 1142 «Ecce

135 1166 357 1224 ostendit
383 1166 642 1224 Dominus
671 1168 814 1226 Deus
854 1178 1043 1224 noster
1077 1171 1232 1227 nobis
1267 1173 1495 1243 gloriam
1527 1191 1703 1241 suam;

136 1268 183 1315 et
211 1275 396 1315 vocem
432 1260 550 1331 ejus
583 1259 890 1318 audivimus
915 1277 947 1316 e
974 1263 1152 1320 medie
1177 1263 1338 1334 ignis,
1361 1286 1380 1318 ›
1421 1275 1526 1322 etc.
1587 1268 1706 1324 Non

134 1352 307 1409 eadem
333 1368 556 1424 prorsus
587 1354 837 1425 leguntur
862 1354 917 1409 in
950 1355 1156 1423 Exodo,
1187 1357 1279 1410 ubi
1315 1357 1552 1428 primum
1581 1375 1712 1413 nar-

135 1452 241 1498 rata
286 1452 413 1498 sunt
459 1460 579 1514 qum
616 1446 775 1500 modo
826 1453 1166 1514 repetuntur,
1221 1455 1280 1502 ut
1323 1448 1707 1518 intelligamus,

132 1537 261 1610 quod
290 1536 578 1607 aliquoties
599 1535 715 1607 jam
740 1538 1180 1604 commemoravi,
1211 1554 1320 1594 non
1340 1554 1460 1594 esse
1481 1541 1538 1595 in
1561 1556 1711 1596 men—

128 1628 274 1688 dacio
302 1629 687 1700 deputandum,
710 1629 754 1682 si
783 1629 902 1684 aliis
941 1630 1272 1699 quibuslibet
1307 1631 1488 1686 verbis
1519 1632 1709 1688 eadem

125 1720 366 1777 voluntas
393 1720 790 1785 manifestatur,
823 1729 1044 1790 propter
1063 1721 1520 1791 evangelistarum
1544 1723 1706 1777 etiam

1813 546 1869 590 et
1897 537 2164 592 infertur:
2198 561 2216 590 ι
2241 541 2488 595 Reddens
2509 542 2853 610 iniquitatem
2888 550 3104 612 patrum
3137 562 3298 617 super
3333 551 3396 604 ii-

1811 628 1914 683 lios
1949 638 2003 684 et
2045 631 2203 697 filias,
2229 650 2246 683 ι
2281 632 2384 687 hoc
2411 633 2612 687 indicat
2647 633 2791 702 quod
2819 642 2984 688 tanta:
3014 637 3398 697 misericordiae

1811 721 1902 786 sit,
1925 731 1986 776 ut
2007 738 2116 776 non
2141 723 2322 777 statim
2345 725 2556 793 puniat,
2579 724 2674 778 sed
2696 726 3021 781 sententiam
3055 727 3273 784 differat
3300 746 3400 804 pu-

1809 811 2013 866 niendi.
2069 811 2129 867 Si
2167 820 2349 866 autem
2385 814 2619 868 vindicta
2665 815 3005 883 peccantium
3045 818 3291 876 differtur
3340 823 3395 879 in

1811 908 2028 961 tertiam
2064 916 2118 962 et
2156 916 2405 977 quartam
2447 909 2867 979 generationem,
2906 914 3034 985 quid
3070 917 3247 988 agitur
3270 936 3396 976 cum

1803 996 1968 1065 justis
1993 1006 2046 1052 et
2081 999 2285 1052 sanctis
2325 999 2498 1054 viris?
2536 999 2669 1054 Illud
2699 1002 2892 1071 utique
2933 1007 3074 1073 qum]
3114 1006 3397 1082 subiungi-

1810 1098 1941 1142 tur:
1974 1109 1988 1138 ι
2016 1089 2209 1144 Servat
2245 1089 2512 1157 justitiam
2553 1100 2607 1145 et
2645 1093 3068 1151 misericordiam
3121 1097 3174 1153 in
3225 1099 3396 1156 multa

1810 1180 1975 1234 millia
2009 1181 2093 1235 bis
2122 1182 2216 1250 qui
2238 1181 2466 1252 diligunt
2497 1182 2669 1248 illum,
2697 1193 2754 1239 et
2791 1187 3099 1243 custodiunt
3126 1203 3395 1264 praecepta

1803 1287 1946 1341 ejus.
1971 1293 1988 1320 ι

2419 1345 2647 1402 CAPUT
2708 1346 2798 1402 XI.

1813 1433 1890 1488 De
1931 1436 2106 1490 decem
2151 1440 2414 1510 maritimis
2449 1439 2578 1508 legis
2619 1439 2674 1493 in
2715 1450 2888 1494 monte
2933 1439 3086 1497 Sinni
3135 1444 3292 1510 datis,
3339 1447 3400 1501 in

2203 1508 2406 1563 duabus
2445 1509 2635 1564 tubulis
2687 1512 3014 1581 conscriptis.

1884 1613 2062 1686 (Ιιςιυ.)
2115 1636 2132 1665 ‹
2163 1617 2279 1671 Non
2309 1619 2592 1688 usurpabis
2613 1635 2808 1674 nomen
2831 1619 3040 1676 Domini
3062 1622 3158 1678 Dei
3185 1624 3262 1678 tui
3285 1624 3401 1679 fru-

1821 1723 1838 1755 ι
1869 1715 2000 1771 stra,
2033 1707 2159 1776 quia
2191 1724 2295 1762 non
2333 1711 2438 1763 erit
2475 1710 2775 1780 impunitus
2817 1713 2909 1781 qui
2955 1728 3116 1784 super
3160 1729 3220 1768 re
3259 1731 3400 1770 vana

117 1814 301 1881 verba,
328 1830 453 1886 qua:
482 1815 550 1870 ab
579 1814 848 1886 imperius
880 1823 934 1869 et
967 1815 1317 1871 calumniosis
1341 1825 1596 1886 tanquam
1624 1832 1710 1873 re,
1735 1805 1784 1866 Β
1819 1816 1836 1849 ι
1867 1815 2062 1852 nomen
2091 1799 2206 1869 ejus
2239 1803 2616 1872 assumpserit.
2657 1804 2895 1860 Observa
2924 1806 3067 1862 diem
3099 1808 3306 1863 sabbati
3346 1819 3404 1865 ut

107 1906 416 1978 pugnantia
470 1907 958 1976 reprehenduntur.
1018 1906 1204 1976 Neque
1247 1907 1390 1961 enim
1439 1917 1558 1962 erat
1597 1925 1710 1964 ma-

104 2013 273 2068 gnum
306 1995 484 2066 Moysi
518 1996 798 2052 attendere
833 2012 950 2066 quae
989 1998 1044 2052 in
1079 1998 1264 2054 Exodo
1296 1999 1610 2070 scripserat,
1657 2012 1713 2057 et

100 2086 312 2141 eisdem
334 2084 569 2140 omnino
593 2086 770 2140 verbis
792 2087 882 2140 illa
907 2097 1174 2156 repetere,
1201 2088 1310 2142 nisi
1325 2089 1622 2158 pertineret
1642 2092 1709 2146 ad

96 2187 326 2232 sanctos
367 2176 615 2232 doctores
638 2188 850 2234 nostros
873 2179 972 2234 hoc
994 2179 1168 2250 ipsum
1189 2181 1468 2236 insinuare
1495 2183 1708 2238 disccn~

97 2271 266 2336 tibus,
293 2283 356 2325 ut
390 2269 679 2325 nibilaliud
696 2272 749 2326 in
767 2273 944 2327 verbis
965 2273 1303 2342 loquentium
1318 2284 1584 2344 quaerant,
1601 2277 1706 2332 nisi

92 2364 461 2426 voluntatem,
495 2372 718 2433 propter
741 2380 908 2434 quam
944 2367 1329 2424 enuntiandam
1355 2371 1524 2423 verba
1545 2369 1708 2424 «insti-

106 2463 221 2518 tuta
255 2461 410 2508 sunt.
450 2452 518 2510 Et
549 2454 661 2508 ait:
690 2454 866 2526 (lam)
911 2474 928 2507 ι
959 2457 1072 2527 Ego
1107 2474 1227 2512 sum
1265 2458 1528 2513 Dominus
1566 2459 1708 2515 Deus

109 2564 127 2596 ι
166 2553 317 2611 tuus,
341 2544 436 2614 qui
461 2545 622 2598 eduxi
648 2553 702 2600 te
727 2547 792 2601 dc
823 2555 970 2601 terra
990 2547 1231 2619 Egypti,
1261 2549 1327 2604 de
1350 2548 1512 2604 domo
1539 2551 1710 2604 servi-

111 2654 128 2686 ι
164 2636 318 2692 tutis.
347 2633 478 2690 Non
501 2637 726 2694 habebis
764 2638 903 2694 Deos
929 2640 1134 2696 alieuos
1159 2641 1217 2696 in
1244 2652 1540 2712 conspectu
1563 2659 1706 2700 meo.

107 2747 125 2806 ς
154 2727 273 2784 Non
297 2728 477 2786 facies
503 2731 601 2786 tibi
617 2732 890 2801 sculptile,
909 2751 1010 2789 nec
1030 2736 1440 2791 similitudinem
1463 2739 1707 2792 omnium

107 2835 126 2871 c
159 2835 280 2892 qum
297 2820 356 2875 in
382 2820 529 2877 caelo
541 2829 672 2880 sunt
692 2823 940 2894 desuper,
959 2835 1013 2880 et
1035 2842 1155 2895 qua:
1180 2828 1234 2881 in
1262 2837 1407 2882 terra
1425 2829 1704 2889 deorsum.

102 2928 123 2968 ι
153 2920 210 2967 et
231 2927 358 2983 quae
389 2922 688 2969 versantur
715 2915 772 2970 in
804 2917 961 2986 aquis
997 2918 1097 2980 sub
1121 2926 1289 2974 terra.
1309 2918 1429 2974 Non
1452 2921 1706 2976 adorabis

103 3020 122 3058 ι
154 3004 286 3062 deos
326 3004 584 3062 alienos:
618 3007 734 3078 Ego
779 3009 924 3064 enim
947 3024 1069 3070 sum
1098 3010 1360 3066 Dominus
1389 3014 1532 3069 Deus
1561 3023 1704 3075 tuus,

99 3117 119 3162 ς
145 3099 297 3159 Deus
313 3100 639 3168 aemulator,
657 3102 896 3164 reddens
926 3105 1274 3175 iniquitatem
1303 3118 1520 3178 patrum
1543 3126 1707 3181 super

1819 1914 1839 1946 ι
1867 1894 2172 1952 sanctiﬁces
2191 1912 2337 1963 cum,
2359 1898 2503 1953 sicut
2518 1900 2776 1968 prmeepit
2799 1899 3059 1956 Dominus
3083 1902 3226 1956 Deus
3251 1911 3398 1957 tuus.

1818 2005 1834 2037 (
1865 1986 1974 2042 Sex
2003 1988 2192 2043 diebus
2212 1988 2545 2059 operaberis,
2576 1998 2632 2044 et
2660 1990 2826 2046 facies
2849 1991 3033 2046 omnia
3073 2007 3239 2062 opera
3265 2001 3354 2046 tua
3381 2009 3396 2058 ;

1818 2099 1837 2133 ι
1866 2083 2129 2152 septimus
2156 2083 2270 2138 dies
2291 2093 2375 2138 est
2395 2083 2629 2150 sabbati,
2645 2084 2796 2140 idest
2820 2085 3036 2154 requies
3057 2085 3278 2142 Domini
3306 2086 3401 2142 Dei

1817 2191 1834 2222 ‹
1866 2172 1962 2226 tui.
2009 2172 2126 2227 Non
2149 2173 2317 2229 facies
2335 2174 2397 2245 in
2421 2190 2488 2228 eo
2514 2173 2813 2244 quidquam
2833 2176 3046 2246 operis,
3084 2185 3142 2230 tu
3177 2183 3232 2230 et
3255 2176 3400 2232 filius

1813 2284 1833 2315 ι
1865 2274 2008 2330 tuus,
2033 2277 2086 2321 et
2113 2267 2239 2329 lilia,
2278 2283 2467 2322 servus
2487 2277 2544 2323 et
2567 2269 2785 2332 ancilla,
2811 2277 2868 2323 et
2888 2271 3007 2334 bos,
3037 2277 3092 2323 et
3115 2269 3318 2332 asinus,
3345 2275 3403 2324 et

1815 2376 1833 2408 ι
1861 2373 2018 2412 omne
2039 2355 2349 2425 jumentmn
2389 2367 2562 2425 tuum,
2599 2367 2654 2415 et
2677 2361 2999 2430 peregrinus
3024 2362 3116 2431 qui
3145 2369 3230 2416 est
3253 2361 3400 2416 intra

1815 2467 1832 2498 ε
1862 2459 2049 2518 portas
2091 2459 2232 2516 tuas,
2270 2459 2332 2505 ut
2351 2453 2662 2522 requiescat
2691 2468 2885 2510 servus
2915 2462 3059 2519 tuus,
3103 2463 3160 2508 et
3200 2454 3399 2509 ancilla

1817 2559 1834 2591 ι
1862 2549 1968 2602 tua,
1994 2542 2131 2596 sicut
2166 2550 2220 2597 et
2247 2551 2322 2597 tu.
2371 2543 2640 2601 Memento
2658 2547 2801 2614 quod
2829 2555 2892 2601 et
2921 2548 3036 2615 ipse
3059 2546 3314 2603 servieris
3343 2549 3399 2602 in

1817 2651 1834 2686 ι
1862 2631 2118 2703 ΑΞωὴρω,
2141 2645 2196 2689 et
2221 2634 2470 2692 eduxerit
2490 2645 2542 2690 te
2563 2636 2690 2691 inde
2713 2637 2978 2692 Dominus
3000 2637 3145 2692 Deus
3168 2646 3313 2701 tuus,
3343 2639 3398 2690 in

1815 2745 1833 2778 ι
1864 2743 2024 2784 manu
2069 2727 2197 2783 forti
2241 2738 2296 2784 et
2336 2729 2565 2786 brachio
2606 2740 2844 2786 extento.
2889 2731 3101 2786 idcirco
3143 2731 3404 2801 praecepit

1816 2836 1834 2872 ι
1869 2820 1965 2873 tibi
2004 2830 2063 2874 ut
2092 2821 2411 2878 observares
2453 2823 2592 2878 diem
2637 2823 2868 2877 sabbati.
2929 2821 3145 2877 Honora
3191 2829 3400 2891 patrem

1819 2927 1836 2961 ι
1867 2918 2033 2972 tuum,
2061 2920 2116 2965 et
2141 2920 2370 2967 matrem
2401 2923 2577 2979 tuam,
2607 2912 2751 2968 sicut
2791 2915 3051 2983 prmoepit
3077 2913 3182 2968 tibi
3221 2913 3403 2969 Domi-

1818 3021 1835 3052 ι
1864 3018 1968 3058 nus
1994 3003 2141 3059 Deus
2171 3014 2315 3069 tuus,
2348 3013 2408 3059 ut
2426 3005 2770 3075 longovivas
2801 3012 3066 3075 tempore,
3086 3013 3149 3059 et
3163 3006 3308 3062 bene
3333 3006 3407 3061 sit

1817 3115 1836 3148 ι
1865 3097 1963 3152 tibi
1983 3098 2040 3154 in
2063 3106 2215 3153 terra
2246 3114 2410 3168 quam
2442 3098 2702 3154 Dominus
2727 3097 2870 3153 Deus
2893 3105 3023 3152 tuus
3055 3098 3283 3153 daturus
3313 3107 3402 3154 est

99 3209 120 3246 ι
149 3192 317 3262 filios,
345 3193 411 3252 in
437 3194 659 3250 tertiam
681 3204 738 3250 et
763 3204 1012 3265 quartam
1037 3201 1468 3269 generationem,
1490 3204 1574 3259 his
1608 3177 1699 3275 qui

1813 3206 1832 3239 ι
1864 3189 1978 3244 tibi.
2020 3187 2138 3244 Non
2181 3190 2416 3245 occides.
2475 3189 2591 3245 Non
2627 3189 3009 3244 miraberis.
3062 3187 3402 3259 Fanumque

95 3283 504 3343 (.oderuntme
530 3301 544 3338 :
567 3284 839 3342 etfaciens
864 3289 1295 3347 misericordiam
1315 3295 1374 3348 in
1391 3295 1558 3350 multa
1581 3298 1702 3351 mil-

95 3391 114 3428 σ
141 3374 216 3432 lia
228 3376 598 3449 diligentibus
611 3394 698 3436 me
711 3389 765 3438 et
777 3383 1213 3440 custodientibns
1231 3396 1502 3459 praecepta
1517 3405 1660 3445 mea.
1676 3411 1693 3443 ι

89 3464 221 3524 Sunt
247 3469 352 3540 qui
382 3470 500 3525 hoc
525 3471 671 3539 quod
709 3472 971 3542 scriptum
995 3484 1086 3529 est
1125 3477 1181 3530 in
1219 3477 1363 3546 iege,
1405 3497 1426 3529 ‹
1449 3479 1701 3535 Reddens

88 3557 445 3631 iniquitatem
490 3569 705 3630 patrum
749 3577 911 3631 super
945 3563 1087 3618 filios
1119 3565 1174 3618 in
1207 3567 1424 3621 tertiam
1453 3578 1704 3637 etrquar-

85 3657 188 3706 tam
235 3652 695 3724 generationem,
717 3672 740 3705 δ
790 3653 872 3708 ita
917 3655 1242 3721 edisset-ant,
1283 3665 1346 3711 ut
1373 3657 1440 3712 ad
1461 3659 1704 3713 animam

82 3742 392 3802 humanam
415 3745 755 3806 sententiam
783 3755 1000 3804 vertant
1025 3755 1298 3816 :patrem,
1335 3748 1394 3803 in
1423 3748 1586 3804 nobis
1625 3749 1703 3803 le-

79 3849 192 3894 vem
233 3851 533 3894 sensuum
575 3845 837 3905 punctim
884 3846 939 3894 et
983 3839 1255 3895 incentiva
1295 3840 1555 3895 vitiorum
1577 3855 1703 3896 esse

77 3929 369 3993 dicentes;
406 3926 592 3982 tilium
623 3942 774 3993 veno.
811 3929 858 3984 si
883 3930 1148 4000 cogitatio
1187 3942 1474 4001 peccatum
1511 3950 1705 3989 conce-

71 4022 242 4090 perit;
286 4025 597 4089 nepotem,
633 4019 680 4076 si
715 4019 858 4087 quod
893 4021 1218 4090 cogitaveris
1254 4031 1415 4093 atque
1441 4039 1706 4095 concepe-

73 4112 143 4168 ris
163 4153 183 4179 ,
239 4124 433 4182 opere
481 4111 919 4180 perpetraveris;
959 4123 1320 4183 prmepotom
1361 4125 1542 4171 autem
1580 4129 1707 4172 esse

72 4210 334 4274 quartam
371 4199 822 4273 generationem,
865 4202 914 4258 si
948 4217 1062 4262 non
1109 4204 1284 4260 solum
1321 4205 1514 4262 feceris
1559 4209 1704 4278 quod

73 4294 277 4350 malum
301 4299 399 4350 est
427 4299 490 4349 et
531 4290 838 4353 scelestum,
871 4293 966 4353 sed
993 4294 1145 4352 intus
1177 4296 1473 4354 sceleribus
1505 4298 1703 4370 glorio-

74 4384 183 4453 ris,
231 4383 570 4444 secundum
611 4381 742 4440 illud
780 4383 932 4453 quod
977 4385 1248 4456 scriptun
1291 4396 1420 4443 est:
1459 4389 1701 4460 tlmpius

75 4491 192 4531 cum
253 4478 319 4533 in
381 4472 735 4548 profundum
797 4473 1065 4532 malorum
1123 4477 1357 4542 venerit,
1397 4479 1698 4536 contemnit

76 4563 252 4635 (Prov.
279 4535 482 4638 xviii).
523 4582 546 4614 ι
569 4562 640 4618 Et
677 4563 955 4636 signanlet‘
989 4535 1240 4632 addidit,”
1263 4586 1284 4618 ι
1314 4535 1400 4623 bis
1427 4569 1521 4638 qui
1557 4571 1693 4626 ode-
1721 4535 1776 4595 Ῑ)

75 4668 193 4712 runt
238 4673 359 4724 me,
394 4676 418 4710 ι
477 4655 599 4711 hoc
652 4663 776 4720 est,
824 4655 931 4711 illis
967 4657 1065 4727 qui
1113 4657 1460 4714 hatreditario
1508 4660 1697 4730 utique

73 4749 204 4806 malo
221 4761 278 4806 et
305 4748 624 4821 impietate
637 4744 810 4804 Deum
823 4745 1078 4813 oderunt,
1097 4761 1264 4818 poena
1285 4750 1494 4819 peccati
1515 4766 1698 4805 serva—

71 4841 226 4899 bitur.
277 4843 476 4900 Aliter
538 4838 697 4895 enim
748 4838 991 4908 iniquum
1038 4848 1202 4909 atque
1249 4855 1564 4909 perversum
1614 4851 1700 4898 est

69 4946 284 5005 peccata
316 4946 566 5010 patrum
601 4930 728 4988 (iliis
748 4947 812 4988 ac
837 4932 1128 5004 nepotibus
1143 4932 1399 5005 imputari
1427 4949 1533 4990 non
1564 4948 1695 5003 pec—

67 5031 339 5097 cantibus,
369 5026 646 5086 maxime
684 5037 806 5077 cum
845 5038 942 5094 per
969 5023 1307 5080 Ezechielem
1331 5025 1593 5082 Dominus
1617 5025 1700 5088 di-

67 5129 181 5174 cat:
210 5121 469 5178 «Anima
519 5129 661 5189 qua:
691 5115 1024 5184 peccaverit,
1053 5115 1172 5184 ipsa
1207 5117 1494 5172 morietur.
1533 5116 1698 5172 Pater

65 5229 164 5270 non
208 5215 474 5289 portabit
527 5207 887 5278 iniquitatem
932 5207 1050 5262 ﬁlii.
1099 5207 1320 5264 Justitia
1355 5207 1490 5277 justi
1535 5225 1700 5280 super

62 5317 180 5360 eum
209 5309 344 5374 erit,
388 5314 450 5362 et
493 5299 771 5372 impietas
809 5298 961 5369 impii
996 5314 1161 5370 super
1189 5315 1312 5356 eum
1345 5299 1449 5355 erit
1478 5298 1694 5370 (Emit.

60 5399 230 5471 xvm).
285 5402 497 5457 Potest
549 5403 614 5450 et
670 5392 830 5446 aliter
864 5392 981 5447 hinc
1017 5391 1283 5446 sentcmtia
1323 5390 1550 5460 intelligi
1591 5405 1696 5459 qua

65 5489 224 5547 dicit:
257 5513 275 5545 ε
298 5491 587 5552 ltetldens
622 5485 972 5553 iniquitatem
1011 5493 1225 5552 patrum
1266 5499 1428 5554 super
1464 5482 1609 5541 ﬁlios
1642 5485 1697 5538 in

66 5584 280 5640 rerum
333 5593 395 5641 ει
439 5585 721 5653 quartam
767 5574 1235 5646 generationem,»
1280 5583 1468 5632 utnon
1512 5576 1583 5631 sit
1626 5577 1700 5632 si-

65 5688 222 5743 gnum
247 5670 654 5733 truculentiae,
680 5666 773 5722 sed
795 5665 1200 5730 misericordiae,
1216 5678 1431 5734 pCBnam
1454 5666 1692 5724 amara

67 5766 294 5835 (litando
323 5769 488 5829 enim
518 5759 803 5832 scriptum
834 5764 938 5825 est.
972 5775 991 5810 ι
1012 5758 1274 5816 Dominus
1300 5758 1447 5824 Dens
1467 5761 1695 5824 misera.

1809 3301 1830 3334 ι
1852 3297 1964 3337 non
1979 3281 2174 3338 facies.
2189 3282 2305 3338 Non
2329 3283 2567 3354 loqueris
2582 3291 2776 3339 contra
2803 3282 3110 3353 proximum
3131 3289 3288 3336 tuum
3303 3282 3406 3337 γαι-

1808 3396 1826 3429 ‹
1851 3392 1973 3432 sum
1995 3376 2384 3434 testimonium.
2422 3375 2540 3431 Non
2555 3377 2907 3447 concupisces
2931 3389 3153 3431 uxorem
3166 3375 3401 3446 proximi

1809 3488 1826 3520 ε
1858 3470 1952 3533 tui,
1976 3483 2084 3524 non
2113 3469 2358 3533 domum,
2383 3483 2490 3522 non
2519 3482 2726 3537 agrum,
2755 3481 2868 3521 non
2887 3479 3130 3525 servum,
3161 3480 3275 3519 non
3301 3480 3405 3518 an-

1811 3577 1828 3609 ι
1857 3559 2056 3622 uillam,
2077 3575 2194 3613 non
2215 3560 2436 3624 bovem,
2471 3572 2579 3612 non
2617 3556 2856 3622 asinina,
2887 3545 2942 3609 et
2993 3557 3244 3610 universa
3280 3565 3406 3624 quas”

1810 3668 1829 3701 ι
1857 3649 2001 3704 illius
2021 3657 2168 3703 sunt.
2191 3669 2211 3702 ι
2259 3649 2508 3705 Primum
2529 3647 2773 3716 analogi
2797 3646 3114 3700 mandatum
3137 3647 3205 3701 ad
3230 3641 3406 3700 Deum'

1803 3742 2024 3797 Patrem
2056 3743 2311 3811 paena,
2341 3742 2477 3796 dum
2511 3740 2645 3795 dicit
2675 3741 2734 3794 in
2769 3740 3164 3811 sequentibus:
3196 3759 3215 3792 ‹
3236 3741 3398 3811 Audi,

1803 3833 1994 3898 Israel,
2017 3833 2283 3890 Dominus
2309 3832 2457 3888 Deus
2475 3840 2622 3895 tuus,
2654 3831 2797 3885 Deus
2835 3845 2976 3885 unus
3008 3837 3124 3897 est;
3145 3851 3168 3884 ι
3211 3831 3399 3902 utique

1803 3933 1865 3978 ut
1899 3925 2016 3979 haec
2052 3923 2310 3989 audiens,
2351 3935 2519 3976 tinum
2557 3921 2730 3977 Deum
2765 3921 2989 3977 Patrem
3027 3921 3174 3978 co‘ias
3199 3963 3215 3988 ,
3253 3929 3309 3977 et
3341 3921 3398 3978 in
3427 3989 3430 3994 _

1804 4015 2004 4070 multos
2023 4015 2185 4070 ﬁctos
2215 4015 2345 4070 deos
2371 4012 2787 4069 fornicationem
2817 4021 3102 4069 tuumnon
3128 4015 3395 4072 eil'midas.

1806 4105 2112 4162 Secundum
2135 4115 2466 4177 praeceptum
2486 4105 2723 4176 pertinet
2746 4105 2810 4161 ad
2836 4105 3056 4174 Filium,
3079 4107 3210 4164 dum
3232 4105 3395 4166 dicit:

1812 4217 1830 4251 ‹
1850 4197 1969 4253 Non
1995 4213 2242 4253 assumes
2274 4212 2471 4253 nomen
2507 4195 2719 4252 Domini
2751 4197 2848 4253 ne“:
2883 4199 2962 4252 tui
2987 4199 3049 4254 in
3083 4214 3303 4256 vanum.
3333 4199 3398 4260 id

1804 4301 1907 4357 eat,
1931 4305 2003 4345 ne
2021 4291 2259 4346 aestimes
2277 4297 2590 4346 creaturam
2613 4301 2738 4345 esse
2762 4290 2962 4346 Filium
2979 4291 3104 4359 Dei,
3137 4295 3396 4365 quoniam
3432 4367 3434 4369 b

1803 4385 1980 4438 omnis
1997 4391 2250 4438 creatura
2273 4383 2500 4438 vanitati
2529 4383 2771 4452 subjecta
2797 4392 2903 4450 est,
2936 4385 3032 4440 sed
3054 4386 3247 4440 credas
3271 4399 3395 4442 cum

1802 4475 2060 4546 aequalem
2099 4489 2226 4531 esse
2263 4475 2411 4530 Patri
2431 4495 2452 4529 ‘:
2478 4476 2647 4531 Deum
2686 4477 2936 4543 deonim,
2977 4474 3217 4530 Verbum
3256 4478 3394 4548 apud

1803 4566 1998 4632 Deum,
2039 4583 2140 4637 per
2177 4583 2338 4636 quem
2368 4568 2556 4622 omnia
2593 4568 2735 4622 facta
2776 4574 2923 4622 sum.
2957 4565 3205 4622 Tertium
3248 4585 3396 4625 man-

1803 4659 1989 4714 datum
2015 4660 2083 4714 de
2105 4659 2334 4714 sabbato
2357 4658 2427 4713 ad
2458 4657 2724 4728 Spiritum
2745 4668 2991 4714 sanetum
3015 4661 3272 4732 pertinet,
3303 4679 3396 4720 cu-

1797 4753 1888 4824 jus
1917 4753 2058 4806 dono
2079 4751 2301 4820 requies
2319 4752 2652 4821 sempiterna
2681 4751 3018 4822 promittitur
3047 4756 3220 4811 nobis.
3258 4757 3396 4816 Nam
3421 4743 3424 4748 ’

1804 4845 1928 4915 quia
1953 4844 2187 4914 Spiritus
2217 4852 2435 4898 sanctus
2463 4843 2678 4908 dicitur,
2707 4852 2991 4915 propterea
3021 4855 3078 4901 et
3105 4849 3394 4918 septimum
3431 4911 3434 4914 ,

1805 4936 1948 4991 diem
1969 4933 2330 4988 sanctiﬁcavit
2351 4933 2510 4988 Deus.
2529 4933 2590 4987 In
2618 4933 2739 4988 aliis
2755 4933 2907 4988 enim
2929 4933 3119 4991 diebus
3145 4952 3392 5007 operum,
3418 5003 3424 5008 ζ

1801 5043 1910 5083 non
1943 5035 2026 5082 est
2049 5026 2332 5082 nominata
2365 5024 2744 5090 sanctiﬁcatio,
2775 5026 2887 5080 nisi
2920 5026 2973 5081 in
3014 5028 3260 5096 sabbato,
3301 5030 3392 5086 ubi

1801 5121 2017 5186 dicitur,
2046 5139 2068 5171 ε
2097 5115 2373 5190 requievit
2403 5118 2562 5172 Dens.
2592 5136 2612 5169 ι
2651 5116 2887 5174 Proinde
2921 5117 3084 5190 igitur
3103 5120 3213 5175 hoc
3239 5133 3392 5176 man-

1801 5213 1984 5267 datum
2029 5211 2267 5280 pert-inet
2308 5209 2376 5262 ad
2419 5208 2678 5279 Spiritum
2721 5217 2988 5273 sanctum,
3027 5219 3135 5264 tam
3169 5219 3394 5282 prOpter

1800 5319 1996 5359 nomen
2042 5300 2507 5366 sanctiﬁcationis,
2549 5307 2712 5371 quam
2747 5309 2969 5373 propter
3003 5309 3265 5356 aeternam
3305 5317 3391 5357 re—
3425 5297 3450 5376 ἰ

1803 5397 2006 5468 quiem,
2038 5395 2103 5449 ad
2123 5397 2351 5448 domum
2387 5396 2559 5450 sancti
2593 5395 2830 5467 Spiritus
2863 5392 3244 5465 pertinentem.
3297 5393 3388 5449 Di-

1803 5488 1945 5543 citur
1970 5486 2113 5540 enim
2147 5485 2259 5539 ibi:
2291 5503 2310 5536 ι
2333 5485 2599 5542 Memento
2632 5496 2693 5541 ut
2717 5487 2861 5541 diem
2893 5484 3102 5539 sabbati
3146 5485 3386 5541 sanctifi-

1803 5593 1911 5633 ces.
1955 5577 2061 5631 Sex
2094 5576 2280 5632 diebus
2304 5579 2637 5646 operaberis,
2673 5585 2728 5631 et
2763 5577 2926 5630 facies
2957 5591 3122 5644 opera
3145 5585 3267 5644 tua;
3303 5592 3389 5634 se-
3431 5569 3436 5572 ’

1801 5671 2003 5741 ptimus
2027 5679 2205 5725 autem
2233 5670 2347 5726 dies
2365 5671 2648 5726 sabbatum
2670 5677 2751 5724 est
2775 5667 2988 5722 Domini
3020 5667 3118 5724 Dei
3155 5667 3252 5737 tui,
3279 5685 3389 5727 non

1801 5759 1970 5820 facies
2001 5777 2160 5819 omne
2195 5777 2351 5834 opus.
2377 5784 2398 5817 ι
2449 5764 2505 5817 In
2539 5777 2635 5818 sex
2669 5759 2882 5817 dierum
2915 5774 3100 5834 opere,
3145 5776 3242 5820 sex
3265 5762 3390 5822 mil-
