3890 6340
148 335 237 395 865
931 323 1074 384 ENA
1082 322 1344 386 BRAiHO.
1377 319 1607 382 SUPER
1639 319 1708 394 Di

1813 268 2262 396 insomnium.
2302 311 2374 374 4-
2403 326 2544 399 Ltu-
2577 327 2620 385 ι.

3284 335 3396 400 866

149 469 165 502 ι
184 440 684 514 Βὶιὶεθεςβοωὶωηι
710 437 886 502 Deum
904 447 1060 502 tuum
1089 454 1156 500 ex
1175 445 1309 500 toto
1335 437 1502 494 corde
1521 445 1631 500 tuo,
1664 442 1708 490 el

1815 439 2050 502 missum,
2068 447 2182 504 est.
2203 443 2337 500 Cum
2367 444 2510 500 enim
2544 451 2848 515 praecurrat
2870 443 3244 514 intentione.
3273 449 3393 524 eius

77 553 98 641 j
150 554 240 598 «ex
281 544 396 591 tota
441 535 780 597 anima-tua,
812 542 866 588 et
896 548 966 588 ex
1012 541 1136 633 tota
1189 531 1501 641 fortitudine
1532 540 1658 596 tua.
1683 549 1701 582 ι

77 620 91 668 ξ
141 630 330 691 Anima;
361 624 618 684 rationali
647 638 768 692 qua:
796 622 1059 682 memoria
1091 630 1321 686 constat,
1351 620 1625 676 intellectu
1654 629 1710 676 et

143 733 328 784 amore,
376 724 580 780 sancte
619 714 906 770 Trinitatis
947 713 1082 770 ﬁdes
1117 711 1526 782 commendatur
1557 711 1615 766 in
1645 725 1709 767 eo

140 810 266 884 quod
289 808 425 866 dicit
452 825 469 864 :
503 825 522 862 ι
540 806 750 882 Diliges
778 804 1064 862 Dominum
1094 803 1268 860 Deum
1308 810 1458 868 tuum
1488 818 1555 858 ex
1594 810 1708 860 toto

140 903 284 964 corde
308 909 430 968 tuo,
458 909 516 957 et
536 915 606 958 ex
632 907 745 956 tota
784 897 966 954 anima
1004 905 1116 961 tua,
1153 903 1210 962 et
1246 910 1313 952 ex
1355 903 1468 950 tota
1509 895 1710 948 virtute

141 1003 239 1062 tua.
257 1012 276 1047 l
318 991 432 1050 Sed
457 993 575 1049 haec
593 990 858 1064 perfectio
891 987 1176 1045 charitatis
1197 987 1256 1042 in
1281 986 1461 1058 specie
1498 985 1709 1042 decoris

139 1096 215 1142 est
233 1084 325 1145 Dei
347 1084 445 1144 ubi
471 1082 805 1140 conditorem
826 1089 1076 1138 nostrum
1091 1078 1394 1135 videbimus
1422 1076 1582 1134 sicuti
1602 1085 1704 1134 est.

138 1177 274 1234 Nunc
289 1175 466 1248 ipsius
493 1191 686 1234 cursus
711 1172 1037 1230 rectitudine
1067 1179 1124 1228 et
1153 1170 1481 1243 perfectione
1523 1169 1709 1227 tenda-

138 1283 280 1326 mus:
303 1267 621 1340 castigando
662 1281 858 1338 corpus
897 1270 1142 1322 nostrum
1181 1270 1238 1317 et
1282 1261 1530 1316 servituti
1581 1261 1709 1320 sub-

132 1359 370 1429 iiciendo,
396 1367 456 1415 et
473 1357 830 1429 eleemosynis
850 1357 1059 1421 dandis,
1075 1363 1132 1410 et
1156 1355 1486 1410 dimittendis
1509 1367 1629 1420 quae
1653 1351 1710 1406 in

136 1454 279 1508 nobis
299 1460 424 1510 sunt
444 1452 732 1512 commissa
755 1451 1014 1522 peccatis,
1035 1449 1286 1512 hilariter
1305 1458 1362 1516 et
1380 1463 1447 1503 ex
1467 1446 1629 1516 corde
1657 1453 1714 1506 et

135 1545 458 1610 orationibus
486 1545 853 1608 indesinenter
879 1542 1149 1607 instando,
1172 1549 1230 1596 et
1254 1541 1374 1601 haec
1385 1539 1636 1600 faciendo
1654 1537 1712 1598 in

131 1637 368 1696 doctrina
389 1653 546 1704 sana,
573 1652 680 1708 qua
701 1635 1004 1694 aediﬁcatur
1023 1634 1159 1692 ﬁdes
1175 1640 1347 1702 recta,
1369 1647 1494 1702 spes
1520 1632 1676 1688 ﬁrma
1691 1671 1709 1698 ,

125 1728 359 1788 charitas
372 1744 527 1801 pura.
539 1729 675 1785 Hinc
697 1735 782 1786 est
800 1741 946 1784 nunc
963 1733 1020 1781 et
1043 1725 1180 1796 spei.
1204 1723 1344 1780 Nam
1364 1737 1454 1779 res
1471 1723 1586 1793 ipsa
1601 1736 1710 1782 non

1813 534 2325 602 dilectionismodus
2339 537 2694 607 praescriptus
2717 545 3000 607 appareat,
3017 538 3094 594 ita
3118 547 3177 592 ut
3196 548 3396 608 caetera

1810 624 1865 689 in
1895 623 2046 688 illum
2085 625 2377 682 confluant.
2411 627 2488 684 De
2529 627 2822 688 dilectione
2860 636 2956 684 tua
3002 627 3147 696 nihil.
3189 629 3398 704 dicmm

1807 717 2052 784 videtur;
2093 718 2187 774 sed
2234 733 2356 776 cum
2405 720 2609 776 dictum
2640 728 2764 776 est:
2795 737 2814 770 ι
2852 719 3066 792 Diliges.
3081 721 3396 791 proximum

1808 818 1962 870 tuum
1983 818 2242 880 tanquam
2269 819 2322 866 te
2344 811 2545 882 ipsum,
2568 831 2587 864 θ
2614 811 2851 868 simulet
2875 813 2949 867 tui
2975 812 3072 870 abs
3095 821 3147 870 te
3171 813 3398 886 dilectio

1807 915 1916 958 non
1957 901 2324 970 praetermissa
2351 909 2454 958 est.
2495 898 2796 958 llle'autem
2819 901 2969 972 juste
3010 913 3065 959 et
3107 914 3298 962 sancte
3318 906 3397 976 vi-g

1805 994 1905 1061 vit,
1935 993 2027 1063 qui
2073 1007 2257 1049 rerum
2307 994 2520 1065 integer
2567 994 2864 1050 aestimator
2902 1003 3004 1052 est.
3049 995 3167 1067 Ipse
3207 1005 3396 1064 autem

1807 1087 1900 1158 qui
1952 1086 2261 1142 ordinatam
2314 1087 2480 1142 habet
2529 1085 2897 1152 dilectionem,
2943 1103 3012 1144 ne
3064 1097 3159 1144 aut
3195 1089 3400 1164 diligat

1806 1180 1950 1251 quod
1981 1195 2089 1235 non
2125 1187 2210 1236 est
2241 1178 2594 1250 diligendum,
2631 1185 2725 1234 aut
2755 1194 2863 1234 non
2901 1179 3087 1251 diligat
3136 1181 3281 1250 quod
3307 1189 3394 1250 est

1807 1275 2157 1346 diligendum,
2191 1284 2287 1332 aut
2303 1275 2537 1346 amplius
2571 1275 2760 1345 diligat
2782 1275 2926 1346 quod
2959 1277 3139 1333 minus
3167 1277 3394 1360 diligeng-
3491 1293 3506 1305 '

1771 1378 1784 1386 ‘
1809 1369 1936 1426 dum
1976 1377 2080 1435 est,
2111 1377 2206 1425 aut
2233 1383 2388 1439 atque
2415 1368 2602 1439 diligat
2639 1368 2784 1437 quod
2821 1368 2908 1422 vel
2946 1368 3126 1426 minus
3163 1369 3250 1424 vel
3279 1385 3397 1452 am:

1808 1459 1951 1530 plius
1995 1459 2324 1531 diligendum
2366 1469 2469 1516 est.
2519 1458 2709 1516 Omnis
2747 1467 3005 1529 peccator
3026 1461 3083 1516 in
3133 1468 3396 1529 quantum

1809 1558 2065 1622 peccator
2085 1566 2194 1607 non
2223 1560 2307 1610 est
2331 1551 2652 1624 diligendus.
2677 1553 2744 1610 Et
2765 1553 2945 1612 omnis
2964 1553 3130 1610 homo
3151 1552 3206 1606 in
3227 1567 3399 1621 quam

1811 1648 1926 1698 tum
1965 1641 2127 1698 homo
2167 1649 2252 1698 est
2295 1641 2599 1714 diligendus
2635 1649 2720 1700 est
2759 1650 2983 1712 propter
3017 1641 3189 1698 Deum
3214 1655 3228 1696 :
3253 1642 3398 1700 Deus

1809 1749 1942 1792 vero
1968 1743 2191 1805 propter
2218 1736 2478 1805 seipsum.
2528 1735 2596 1794 Et
2619 1735 2665 1790 si
2690 1735 2834 1792 Deus
2854 1735 3002 1794 omni
3029 1734 3255 1794 homine

116 1837 233 1893 quae
260 1797 524 1880 credatur
539 1829 598 1878 et
621 1825 888 1890 speretur,
914 1817 1008 1879 sed
1021 1833 1142 1889 quae
1157 1817 1406 1876 videatur
1432 1822 1705 1874 ιθηθειιιπ·
1734 1797 1782 1872 Β
1809 1797 2017 1899 gendds
2051 1797 2138 1882 est
2171 1797 2426 1898 amplius,
2454 1827 2688 1896 amplius
2711 1827 2948 1897 quisque
2980 1826 3206 1898 diligere
3235 1825 3398 1888 debet

111 1933 237 1990 que,
265 1917 548 1982 succedit;
575 1915 814 1972 charitas
839 1921 1046 1978 autem,
1064 1927 1184 1982 quae
1213 1911 1267 1966 in
1290 1911 1374 1968 his
1402 1911 1577 1974 tribus
1594 1924 1708 1966 ma-

99 2012 190 2084 jor
225 2022 332 2077 est,
379 2024 492 2066 non
528 2008 824 2073 auferatur,
867 2006 964 2064 sed
998 2014 1260 2077 augeatur
1290 2013 1346 2060 et
1379 2004 1702 2074 impleatur:

99 2102 490 2176 contemplata
500 2104 642 2174 quod
661 2103 932 2167 credebat,
953 2109 1006 2156 et
1030 2101 1174 2170 quod
1201 2101 1457 2171 sperabat
1478 2099 1701 2168 adepta:

104 2197 163 2252 in
187 2212 296 2266 qua
308 2193 980 2266 plenitudinecbaritatis,
1012 2199 1340 2262 praeceptum
1368 2191 1497 2247 illud
1519 2189 1705 2260 imple-

112 2288 264 2344 bitur
292 2304 305 2342 :
337 2306 357 2338 ε
375 2287 576 2356 Diliges
605 2285 890 2342 Dominum
921 2272 1092 2342 Deum
1128 2291 1280 2340 tuum
1305 2298 1371 2339 ex
1399 2291 1514 2338 toto
1541 2285 1705 2340 corde

115 2388 227 2446 tuo,
258 2385 316 2434 et
335 2391 416 2432 ex:
431 2384 542 2432 tota
575 2376 760 2431 anima
801 2385 915 2441 tua,
953 2384 1020 2431 et
1050 2391 1119 2432 ex
1157 2383 1272 2432 tota
1313 2383 1495 2432 mente
1538 2385 1650 2438 tua.
1677 2397 1696 2428 ›

116 2468 262 2523 Nam.
281 2483 410 2523 cum
443 2477 530 2522 est
571 2467 748 2523 adhuc
777 2465 977 2536 aliquid
1001 2466 1240 2522 carnalis
1253 2467 1705 2536 concupiscentiae

115 2561 252 2630 quod
283 2559 384 2614 vel
426 2558 754 2615 continendo
793 2558 1058 2624 frenetur,
1096 2574 1206 2615 non
1251 2559 1398 2615 omni
1439 2559 1599 2616 modo
1635 2575 1705 2616 ex

118 2658 225 2707 tota
245 2652 432 2707 anitna
462 2651 702 2722 diligitur
726 2651 890 2708 Deus.
921 2649 1038 2706 Non
1063 2652 1206 2708 enim
1233 2666 1360 2708 caro
1384 2651 1502 2708 sine
1525 2651 1706 2708 anima

115 2741 490 2812 concupiscit,
543 2742 789 2811 qmmvis
849 2757 976 2798 caro
1029 2742 1410 2812 concupiscere
1461 2741 1702 2807 dicatur,

112 2833 566 2906 quiacamaliter
593 2833 934 2904 concupiscit
963 2834 1164 2890 anima.
1197 2834 1374 2890 'Tune
1402 2835 1509 2890 erit
1525 2833 1708 2903 justus

113 2924 240 2980 sine;
268 2925 384 2981 ullo
446 2925 970 2994 omninopecoato,
1007 2926 1132 2994 quia
1178 2926 1329 2982 nulla
1374 2925 1709 2984 lexeritin

112 3017 370 3074 membris
389 3016 522 3087 ejus
537 3025 856 3087 repugnans
882 3017 990 3085 legi
1012 3017 1212 3076 mentis
1229 3016 1371 3085 .ejus
1385 3018 1711 3088 -;-~sed;pr0r.—

109 3117 344 3166 custom
359 3108 555 3172 corde,
589 3116 703 3164 tota
727 3109 932 3173 anima,
969 3107 1704 3180 tuamenwrdiligitDeum.

113 3203 363 3273 quodest
385 3200 642 3272 primum.
660 3215 1037 3270 summumque
1062 3210 1412 3270 pmceptlm.
1442 3199 1553 3256 Cur
1573 3216 1708 3272 ergo

109 3309 214 3350 non
257 3296 664 3366 praeciperetur
708 3295 922 3351 homini.
966 3295 1068 3350 ista
1116 3293 1413 3365 perfectio,
1453 3294 1710 3365 quamvis

107 3388 322 3442 canini
340 3389 456 3442 hac
482 3387 595 3440 vita
623 3401 732 3442 non
765 3385 1006 3440 habeat?
1041 3384 1160 3440 Non
1188 3387 1334 3441 enim
1361 3396 1509 3442 recte
1535 3386 1710 3442 curri.

107 3484 212 3542 cur,
242 3479 290 3533 si
318 3493 436 3549 quo
474 3477 804 3532 currendum
829 3484 930 3541 est,
967 3476 1260 3531 nesciatur.
1302 3477 1588 3543 Quomodo
1613 3493 1708 3532 am

106 3575 230 3622 tem-
257 3568 529 3632 sciretur,
574 3568 622 3622 si
659 3565 823 3622 nullis
854 3565 1139 3634 praeceptis
1178 3566 1576 3622 ostenderetur.
1616 3564 1709 3621 Sic

107 3673 398 3714 curramus
436 3671 587 3728 ergo;
622 3665 684 3711 ut
717 3655 1264 3726 comprehendamus.
1321 3653 1522 3710 Omnes
1563 3655 1708 3710 enim

103 3750 191 3818 qui
232 3759 406 3806 recte:
447 3755 704 3813 current,
744 3745 1251 3817 comprehendent;
1303 3759 1414 3800 non
1457 3746 1602 3800 sicut
1653 3745 1710 3801 in

103 3846 276 3912 agone
305 3839 832 3908 theatrico,.omnes
871 3838 1093 3908 quidem
1135 3845 1386 3903 currunt,
1435 3836 1532 3894 sed
1558 3851 1710 3900 unus

97 3931 305 4000 accipit
353 3928 620 3998 palmam.
689 3927 987 3984 Curramus
1025 3943 1236 3997 corpus
1285 3928 1712 3998 castigandam

95 4020 486 4090 deemosynis
516 4018 574 4090 in
613 4017 769 4075 bonis
807 4018 1034 4083 dandis,
1074 4017 1342 4086 malisque
1374 4017 1713 4086 ignoscendis

101 4117 360 4174 hilariter
395 4120 456 4169 et
495 4111 767 4169 ert-corde
799 4111 1068 4176 faciendo,
1106 4119 1163 4166 et
1193 4111 1531 4166 currentium
1568 4110 1714 4167 vires

101 4218 160 4265 ut
203 4208 546 4278 adjuventur
593 4204 844 4266 orando;
886 4211 942 4260 et
987 4203 1068 4258 sic
1115 4201 1398 4258 audiamus
1443 4209 1713 4271 pracepta

105 4297 494 4368 perfectionis,
519 4310 590 4352 ne
619 4309 845 4352 currere
872 4293 1208 4364 negligamus
1234 4293 1303 4349 ad
1325 4293 1712 4364 plenitudinem

109 4391 413 4448 Charilaus.

717 4475 944 4534 CAPUT
988 4475 1102 4532 XII.

110 4597 182 4654 De
207 4596 488 4669 diligendo
512 4592 622 4669 Deo
644 4607 708 4646 ea:
730 4600 839 4669 tota
865 4591 1066 4669 anima,
1090 4598 1139 4669 et
1161 4605 1226 4644 ea:
1248 4598 1355 4669 tetu
1378 4591 1703 4669 fortitudine,

171 4679 220 4726 et
243 4661 636 4738 de'alligandis
667 4661 934 4738 mandatis
957 4661 1057 4716 Dei
1091 4661 1149 4738 in
1169 4661 1413 4716 cordibus
1435 4664 1706 4738 hominum

104 4787 106 4789 ›
171 4750 221 4796 et
256 4731 630 4810 medicandis
656 4734 732 4788 eis
754 4731 919 4788 soboli
957 4746 1068 4786 sua:
1086 4771 1101 4796 ,
1130 4731 1186 4784 in
1216 4747 1391 4786 omnes
1416 4735 1708 4802 generatio-

174 4825 282 4866 nes.

157 4943 324 5017 (Gn.
352 4941 463 5013 vr.)
495 4958 516 4990 ι
547 4937 771 5008 Diliges,
797 4936 994 5006 inquit,
1026 4935 1313 4992 Dominum
1338 4937 1507 4993 Deum
1532 4943 1707 5003 tuum,

109 5053 136 5090 ε
163 5049 225 5094 ex
253 5044 372 5094 toto
397 5031 584 5090 corde
609 5039 727 5095 tuo,
751 5035 806 5084 et
827 5041 894 5081 ex
925 5036 1036 5083 tota
1062 5029 1240 5084 anima
1267 5037 1374 5095 tua,
1401 5044 1469 5084 ex
1499 5044 1566 5084 ex
1597 5037 1708 5086 tota

118 5145 136 5180 ο
167 5137 349 5186 mente
400 5136 535 5193 tua;
573 5131 630 5177 et
663 5121 860 5192 diliges
901 5121 1210 5191 proximum
1247 5128 1399 5176 tuum
1445 5123 1588 5179 sicut
1633 5131 1712 5180 te-

119 5238 134 5271 ι
169 5220 361 5290 ipsum.
402 5240 423 5273 ι
455 5219 522 5274 In
570 5215 656 5270 his
696 5213 904 5271 duobus
942 5213 1230 5283 praeceptis
1258 5220 1371 5268 tota
1400 5213 1487 5269 lex
1513 5217 1712 5284 pendet

111 5317 163 5367 et
179 5315 484 5385 prophetae.
520 5307 685 5364 Finis
705 5307 888 5376 itaque
903 5306 1158 5376 praecepti
1180 5312 1264 5362 est
1285 5307 1524 5364 dilectio.
1556 5309 1623 5364 Et
1647 5323 1711 5368 ea

113 5405 408 5472 geminata,
435 5404 502 5460 id
537 5406 648 5472 ,est
675 5397 772 5454 Dei
815 5405 870 5452 et
912 5397 1356 5469 proximi:un
1399 5397 1558 5464 facis,
1585 5401 1631 5456 si
1663 5409 1716 5458 te

113 5503 294 5554 tctum-
344 5495 665 5566 intelligas,
722 5491 776 5546 id
825 5501 908 5548 est
975 5491 1154 5550 anima
1201 5500 1256 5546 et
1315 5507 1510 5562 co].pus
1563 5491 1712 5570 eius,

116 5601 168 5646 et
213 5594 538 5664 proximum
608 5596 797 5655 tuum,
844 5587 898 5644 id
945 5596 1029 5644 est
1087 5585 1324 5642 animam
1372 5595 1426 5641 et
1476 5603 1711 5658 corpus:

119 5681 276 5742 homo
318 5686 475 5743 enim
506 5699 582 5739 ex
625 5681 804 5737 anima
849 5689 1066 5738 constat
1111 5688 1165 5736 et
1208 5694 1456 5749 corpore.
1499 5679 1714 5739 Nullum

119 5791 296 5837 rerum
343 5777 756 5850 diligendarum
802 5787 970 5845 genus
1010 5775 1066 5830 in
1102 5773 1188 5833 his
1235 5774 1444 5831 duobus
1491 5785 1714 5844 printer-

1735 3154 1782 3218 Ω

1806 1933 1930 1976 eum
1969 1933 2146 1988 quam.
2168 1919 2426 1989 seipsum.
2470 1918 2607 1976 Item
2647 1918 2880 1989 amplius
2908 1917 3048 1976 alius
3075 1919 3239 1974 homo
3267 1917 3394 1976 didi:-

1807 2012 2012 2084 gendus
2032 2020 2116 2068 est
2139 2027 2300 2081 quam
2323 2028 2520 2082 corpus
2540 2022 2806 2077 nostrum,
2823 2011 2949 2081 quia
2971 2019 3195 2081 propter
3218 2009 3394 2072 Deum

1805 2106 1987 2164 omnia
2013 2107 2118 2162 ista
2143 2106 2417 2178 diligenda
2444 2115 2592 2164 sunt.
2640 2106 2708 2162 Et
2736 2113 2918 2176 potest
2943 2105 3244 2162 nobiscum
3271 2102 3398 2160 aliis

1805 2201 1972 2256 homo
2017 2201 2130 2257 Deo
2173 2199 2413 2270 perfrui,
2443 2199 2590 2271 quod
2633 2215 2741 2256 non
2790 2206 2973 2269 potest
3013 2212 3234 2267 corpus,
3269 2195 3398 2264 quia

1805 2306 2002 2362 corpus
2027 2307 2128 2361 per
2162 2294 2405 2348 animam
2440 2292 2606 2355 vivit,
2635 2307 2741 2361 qua
2769 2290 3004 2348 fruimur
3032 2290 3163 2346 Deo.
3197 2289 3398 2354 Omnes

1807 2388 1986 2436 autem
2016 2397 2172 2450 asque
2199 2380 2459 2453 diligendi
2485 2389 2628 2437 sum.
2665 2380 2769 2438 Sed
2803 2396 2929 2440 eum
2957 2380 3209 2440 omnibus
3235 2376 3399 2458 prodi

1805 2486 1924 2530 esse
1970 2489 2080 2530 non
2129 2474 2329 2542 possis,
2361 2473 2446 2530 his
2491 2474 2837 2543 potissimum
2883 2473 3276 2530 consulendum
3313 2477 3399 2550 est

1805 2562 1902 2632 qui
1939 2578 2038 2632 pro
2077 2562 2318 2620 locorum
2349 2571 2406 2618 et
2435 2572 2736 2635 temporum
2758 2604 2774 2630 ,
2806 2563 2892 2620 vel
2918 2563 3289 2633 quarumlibet
3312 2576 3398 2618 rc+

1807 2668 1930 2708 rum
1953 2652 2437 2723 oportunitatibus,
2463 2653 2812 2710 constrictius
2852 2654 2948 2709 tibi
2977 2653 3136 2724 quasi
3157 2653 3397 2722 quadam

1807 2755 1956 2802 sorte
1994 2745 2316 2815 junguntur.
2353 2763 2372 2796 ι
2401 2744 2684 2814 Eruntque
2733 2746 2899 2801 verba
2951 2746 3101 2809 haec,
3129 2759 3251 2816 qua-
3298 2757 3403 2815 ego

1810 2858 1848 2891 ι.
1868 2839 2286 2910 prmeipiotibi.
2317 2840 2370 2894 in
2409 2841 2573 2894 corde
2605 2849 2700 2896 tuo
2735 2839 3004 2903 hodie,et
3047 2836 3305 2893 narrabis
3331 2849 3398 2902 ea

1814 2950 1837 2986 ι
1861 2931 1996 2988 ﬁliis
2045 2931 2199 2995 misy
2223 2939 2279 2988 et
2307 2931 2660 2988 meditaberis
2687 2930 2883 2988 sedens
2924 2931 2981 2986 in
3014 2930 3322 2994 demortua,
3343 2935 3406 2985 et

1815 3041 1834 3080 ι
1869 3022 2161 3080 ambulans
2178 3022 2240 3080 in
2286 3022 2804 3088 itinere,.dormiens
2839 3029 3401 3092 atquepconsurgensi

1817 3131 1847 3164 ι
1872 3112 1941 3170 Ει
1965 3111 2164 3182 ligabis
2187 3110 2444 3181 ett-quasi
2461 3111 2684 3182 signum
2710 3111 2766 3166 in
2799 3119 3107 3176 manutua,
3135 3115 3404 3178 eruntque

1817 3224 1842 3260 ι
1874 3213 1932 3264 et
1956 3206 2314 3265 movebuntur
2341 3204 2484 3261 inter
2505 3204 2694 3262 oculos
2733 3213 2890 3269 tuos,
2921 3205 3226 3274 seribisque
3253 3201 3404 3258 eain

1815 3320 1838 3352 ‹
1872 3299 2059 3356 limine
2091 3307 2166 3356 et.
2185 3299 2342 3355 ostiis
2367 3298 2573 3354 .do‘mus
2620 3306 2748 3362 tum,
2779 3303 2882 3353 etc.
2905 3318 2928 3349 ι
2957 3295 3118 3353 Istius
3142 3309 3276 3368 ergo
3301 3293 3405 3350 loci

1812 3390 1932 3448 talis
1960 3399 2046 3449 est
2067 3405 2280 3448 sensus.
2325 3392 2606 3461 Praecepta
2637 3405 2759 3446 mea
2785 3391 2892 3446 sint
2922 3391 2976 3445 in
3009 3406 3176 3446 manu
3205 3400 3316 3455 tua,
3346 3395 3408 3444 ut

1809 3499 1972 3554 Opere
2013 3487 2414 3556 compleantur,
2445 3486 2555 3539 sint
2583 3492 2714 3539 ante
2747 3483 2937 3538 oculos
2985 3491 3108 3536 tuos
3135 3490 3198 3536 ut
3225 3481 3312 3535 die
3338 3493 3406 3534 ac

1809 3587 1971 3633 nocte
1999 3579 2286 3634 mediteris
2305 3579 2360 3632 in
2389 3578 2490 3632 cis.
2531 3576 2659 3632 Haec
2683 3576 2944 3631 Pharisaei
2969 3576 3112 3630 male
3139 3576 3407 3644 intemn-

1815 3677 2015 3731 tantes,
2040 3675 2102 3722 ut
2123 3667 2474 3738 Evangelium
2499 3668 2655 3722 testis
2682 3676 2787 3730 est,
2811 3667 3123 3722 scribebant
3150 3667 3204 3720 in
3233 3680 3405 3722 mem"?

1810 3756 2058 3816 branulis
2082 3757 2402 3827 dccalogum
2421 3755 2612 3826 Moysi,
2642 3756 2697 3810 id
2721 3763 2808 3810 est
2836 3757 3026 3811 decem
3045 3755 3397 3827 verbaleg'm;

1811 3857 1866 3905 et
1895 3848 2289 3920 complicantes
2318 3863 2384 3904 ea
2405 3856 2460 3903 et
2485 3847 2715 3917 ligentes
2739 3863 2816 3902 ea
2850 3848 2906 3902 in
2936 3847 3137 3914 fronte,
3169 3855 3224 3903 et
3248 3847 3406 3919 quasi

1811 3956 2086 3998 coronam
2103 3941 2264 4009 capiti
2279 3965 2282 3972 -
2297 3939 2576 4005 facientes,
2605 3947 2668 3993 ut
2683 3953 2902 4009 semper
2926 3948 3052 3994 ante
3067 3937 3262 3994 oculos
3288 3943 3406 3994 mo-

1810 4040 2064 4086 veantur.
2095 4029 2251 4097 Quod
2275 4043 2449 4099 usque
2473 4030 2642 4083 hodie
2655 4029 2940 4099 Babylonii
2971 4028 3196 4092 faciunt,
3227 4026 3408 4098 (ξι-ηπί

1814 4121 1920 4176 hoc
1943 4119 2214 4182 habuerit,
2245 4118 2402 4188 quasi
2444 4118 2733 4188 religiosus
2779 4117 3072 4188 inpopulis
3108 4118 3404 4188 judicaturt

1815 4212 1957 4280 Quia
1983 4226 2114 4283 ergo
2138 4209 2399 4265 Dominus
2430 4209 2852 4280 disputationem
2878 4217 3070 4263 contra
3096 4207 3404 4263 Pharisaeos

1813 4308 2046 4370 habens,
2083 4305 2300 4361 dixerat
2331 4305 2398 4359 ad
2427 4303 2720 4373 discipulos
2757 4317 2924 4358 suos:
2957 4320 2978 4352 ι
3013 4300 3208 4356 Omnia
3237 4311 3406 4369 opera

1816 4415 1915 4454 sua
1937 4398 2162 4465 faciunt,
2189 4406 2250 4452 ut
2270 4397 2558 4454 videantur
2581 4397 2651 4451 ab
2671 4394 3002 4456 hominibus,
3028 4409 3046 4442 ι
3072 4391 3217 4460 quod
3242 4404 3406 4459 genes-

1731 4500 1786 4562 j)
1813 4492 2003 4549 raliter
2044 4498 2420 4556 accusaverat,
2470 4503 2618 4545 nunc
2670 4488 2726 4542 in
2771 4493 2957 4556 partes
2999 4481 3210 4537 dividit.
3263 4479 3403 4536 Puta

1814 4583 1968 4640 scioli
2003 4582 2263 4652 decalogi,
2296 4579 2641 4651 phylacteria
2670 4578 2938 4632 vocabant
2963 4592 2982 4628 :r
3001 4573 3143 4645 quod
3173 4573 3405 4645 quicun-

1814 4689 1920 4744 que
1948 4673 2266 4729 habuissent
2295 4685 2380 4735 ea,
2411 4669 2568 4739 quasi
2595 4668 2660 4722 ad
2703 4665 3006 4723 custodiam
3031 4671 3085 4720 et
3108 4666 3407 4721 nutrimen-

1818 4772 1933 4818 tum
1975 4763 2059 4818 sui
2113 4761 2430 4827 habuerint,
2457 4758 2756 4814 Pharisaeis
2803 4771 2910 4813 non
2952 4757 3406 4829 intelligentibus,

1819 4853 1964 4923 quod
2006 4854 2124 4908 haec
2154 4853 2212 4906 in
2251 4852 2414 4907 corde
2460 4849 2732 4922 portanda
2761 4849 2892 4916 sint,
2931 4865 3037 4905 non
3068 4849 3124 4904 in
3152 4864 3402 4921 corpore.

1815 4943 2071 5014 Alioquin
2115 4951 2172 4999 et
2205 4942 2442 4998 armaria
2489 4949 2547 4998 et
2579 4955 2720 4997 arcae
2760 4941 2963 4997 habent
3003 4941 3196 5009 libros,
3229 4949 3285 4997 et
3307 4941 3406 4998 Dei

1818 5037 2068 5094 notitiam
2096 5053 2203 5093 non
2230 5037 2450 5092 habent.

1895 5146 1915 5179 ‹
1951 5128 2242 5184 Dominum
2283 5127 2454 5182 Deum
2490 5134 2643 5182 tuum
2673 5127 2918 5194 timebis,
2949 5135 3006 5183 et
3041 5128 3144 5198 ipsi
3175 5124 3404 5191 servies,

1822 5239 1845 5274 ‹
1865 5237 1928 5277 ac
1947 5235 2048 5291 per
2078 5235 2276 5276 nomen
2299 5219 2442 5275 illius
2457 5221 2686 5292 jurabis,
2711 5229 2766 5276 et
2786 5221 2992 5290 reliqua
3015 5237 3032 5271 ›
3059 5215 3215 5284 Quod
3241 5215 3318 5269 ait
3337 5214 3406 5271 de

1820 5312 2070 5376 Domino,
2103 5330 2122 5362 ‹
2151 5311 2218 5366 Et
2241 5312 2297 5366 in
2325 5312 2544 5367 nomine
2565 5311 2685 5382 ejus
2706 5311 2938 5382 jurabis,
2971 5329 2989 5360 ι
3025 5321 3131 5362 non
3161 5305 3406 5373 itaprre-

1820 5411 2039 5476 ceptum
2069 5403 2442 5474 accipiendum
2473 5413 2576 5471 est,
2603 5403 2758 5474 quasi
2799 5401 2988 5470 jUrare
3027 5395 3273 5465 jusserit,
3305 5393 3404 5448 sed

1818 5496 1876 5552 in
1918 5495 2141 5550 alterius
2189 5493 2415 5562 alicujus
2463 5497 2556 5551 Dei
2604 5495 2822 5549 nomine
2864 5491 3055 5558 jurare
3099 5484 3399 5557 prohibuit.

1819 5588 2009 5644 Melius
2036 5596 2214 5643 autem
2247 5588 2325 5654 fit,
2357 5589 2401 5644 si
2429 5587 2726 5643 secundum
2752 5583 3104 5653 Evangelium
3122 5593 3230 5635 non
3254 5578 3405 5648 jura»

1821 5682 1986 5737 veris.
2016 5679 2131 5736 Non
2161 5681 2288 5751 quia
2313 5679 2460 5735 mala
2482 5684 2568 5733 est
2586 5674 2790 5744 juratio
2813 5687 2966 5740 vera,
2992 5673 3088 5728 sed
3112 5685 3182 5726 ne
3206 5669 3261 5724 in
3284 5682 3407 5740 per-

1811 5775 2024 5848 iurium
2066 5774 2342 5831 incidatur
2371 5769 2632 5828 facilitate
2655 5765 2895 5838 iurandi.
2930 5764 3034 5833 Qui
3063 5763 3211 5821 enim
3229 5759 3407 5833 iurat,
