3890 6340
482 285 583 341 871

1117 270 1183 326 Β.
1222 264 1474 350 RABANI
1513 265 1732 324 MAURI
1771 260 2089 320 ARCHIEP.
2133 255 2440 316 MOGUNT.
2483 253 2767 314 OPERUM
2802 252 2983 310 PARS
3018 251 3062 308 l.

3639 252 3738 310 872

439 377 444 384 ’
486 412 510 448 ι
543 403 734 448 versus
754 385 1037 443 Dominum
1059 381 1406 444 mutendisti,
1430 388 1483 434 et
1504 353 1750 446 reliqua:
1783 375 1940 431 Certe
1969 371 2059 428 isti
2087 374 2137 435 Λ
2164 370 2357 424 merito
2383 367 2643 439 quaeritur
2672 365 2940 436 quomodo
2975 363 3028 416 in
3062 361 3488 417 Deuteronomio
3523 361 3643 418 hinc
3665 365 3740 420 di-

441 513 444 516 -
480 481 722 551 suntqui
745 485 1040 549 propterea
1069 479 1176 528 non
1206 480 1520 528 meruerunt
1546 470 1723 540 perire
1745 467 1797 520 in
1824 465 2058 528 deserto;

481 576 611 648 quia
637 569 944 624 nescierunt
984 564 1264 620 dexteram
1313 571 1407 616 aut
1445 561 1742 615 sinistram.
1790 555 1926 609 Ecce
1949 552 2061 621 jam

481 644 614 723 dura
638 660 852 720 cervice
873 656 1231 730 appellantur.
1257 654 1412 710 Unde
1431 651 1562 708 illud
1584 647 1875 705 videndum
1899 644 2062 700 estin

481 761 825 816 sacramento
854 765 977 807 esse
1019 750 1243 814 dictum,
1269 747 1415 818 quod
1443 760 1553 801 non
1601 745 1826 799 istorum
1868 737 2063 794 merita

483 845 858 906 commodata
900 849 1048 897 sunt.
1105 837 1244 894 Nam
1289 851 1359 892 ne
1412 836 1536 907 quis
1580 834 1854 890 existimet
1887 829 2064 886 subito

483 945 621 1000 istos
643 934 1052 1009 vituperabiles
1084 932 1257 988 factos
1291 929 1386 1000 qui
1430 930 1626 984 merito
1670 925 1899 981 fuissent
1939 930 2065 978 ante

483 1030 711 1097 laudati,
738 1028 899 1100 paulo
928 1032 1051 1098 post
1077 1023 1275 1078 dicitur
1301 1036 1316 1076 :
1345 1039 1364 1072 ι
1395 1019 1598 1075 Memor
1625 1025 1744 1074 esto
1764 1025 1819 1072 et
1839 1031 1909 1071 ne
1930 1009 2066 1070 obli-

485 1122 735 1186 viscaris,
766 1117 909 1190 quod
936 1112 1276 1172 exacerbasti
1309 1111 1599 1166 Dominum
1633 1109 1802 1163 Deum
1831 1115 1978 1161 tuum
2009 1104 2065 1158 in

486 1217 704 1274 deserto
730 1231 753 1280 ;-
782 1228 851 1269 ex
899 1225 1005 1281 qua
1049 1209 1136 1264 die
1163 1207 1324 1263 existi
1353 1205 1422 1260 de
1448 1214 1593 1259 terra
1622 1201 1862 1272 Egypti,
1895 1199 2066 1254 donec

485 1309 682 1366 venisti
724 1308 778 1362 in
816 1304 960 1360 hunc
1000 1303 1200 1367 locum,
1232 1297 1538 1354 incredulus
1581 1291 1966 1366 perseverabas
2010 1289 2066 1343 in

487 1401 574 1459 his
599 1414 720 1470 quae
764 1398 833 1453 ad
871 1395 1160 1452 Dominum
1203 1391 1495 1462 pertinent.
1524 1407 1543 1441 ο
1595 1386 1747 1453 Quod
1775 1385 1821 1439 si
1849 1383 2067 1454 quidam

484 1507 676 1550 eorum
701 1489 840 1546 tales
868 1496 1047 1554 erant,
1071 1485 1293 1558 quidam
1323 1497 1456 1540 vero
1502 1481 1688 1538 ﬁdeles
1726 1488 1780 1535 et
1809 1478 1954 1542 boni,
1990 1477 2068 1534 sic

484 1599 593 1641 non
615 1581 804 1653 utique
818 1580 926 1636 illis
944 1580 1106 1634 datur
1131 1587 1276 1632 terra
1288 1571 1688 1645 proissionis,
1705 1571 1797 1642 qui
1819 1568 2070 1624 nesciunt

481 1677 768 1734 dexteram
817 1681 913 1729 aut
954 1672 1269 1735 sinistram,
1299 1673 1359 1722 ut
1412 1668 1516 1722 hoc
1558 1665 1639 1720 sic
1680 1663 2066 1733 intelligamus,

2161 471 2358 518 cantur
2413 459 2592 528 Moyse
2649 455 2921 511 recolente
2979 467 3041 508 ac
3088 461 3370 523 repetente
3423 468 3549 523 quae
3603 465 3737 524 gesta

2160 559 2307 617 sunt,
2335 563 2459 606 cum
2486 550 2539 602 in
2568 546 2753 601 Exodo
2773 544 2866 600 ubi
2904 545 3138 614 primum
3176 543 3292 598 haec
3329 543 3477 598 dicta
3521 558 3737 599 namn—

2163 653 2271 710 tur,
2298 643 2373 698 ita
2395 641 2656 712 scriptum
2683 639 2754 693 sit
2778 653 2793 691 :
2822 655 2840 688 ‹
2871 636 2939 690 Ει
2964 636 3099 691 dixit
3120 636 3385 691 Dominus
3405 637 3476 690 ad
3491 635 3736 707 Moysen:

2165 752 2187 787 ι
2234 733 2422 789 Scribe
2463 729 2752 786 tibi‘verba
2777 728 2913 782 huic.
2951 725 3164 780 Etenim
3203 726 3259 780 in
3290 726 3478 780 verbis
3507 726 3617 789 his,
3658 741 3740 798 po-

2167 843 2189 879 (
2236 825 2319 880 sui
2342 823 2440 879 tibi
2469 826 2853 878 testamentum
2889 827 2944 908 et
2968 816 3153 873 lsrael.
3187 816 3256 872 Et
3280 823 3403 872 erat
3433 817 3516 872 ibi
3548 816 3738 888 Moysa

2171 935 2192 970 ‹
2237 917 2294 972 in
2323 921 2615 985 conspectu
2647 909 2860 967 Domini
2905 897 3265 980 quadraginta
3294 897 3510 972 diebus,
3548 917 3604 964 et
3628 925 3739 978 qua-

2170 1027 2191 1061 ι
2233 1007 2483 1079 draginta
2500 1004 2764 1060 noctibus.
2781 1001 2985 1057 Panem
3001 1015 3106 1056 non
3119 1001 3473 1056 manducavit
3494 1008 3550 1056 et
3572 1017 3738 1071 aquam

2171 1119 2191 1155 ι
2237 1115 2344 1156 non
2392 1099 2550 1164 bibit,
2583 1106 2637 1151 et
2669 1095 2888 1165 scripsit
2933 1097 2988 1149 in
3020 1095 3218 1150 tabulis
3245 1095 3418 1149 verba
3447 1095 3736 1148 testamenti

2173 1211 2191 1244 ι
2237 1193 2423 1248 decem
2474 1188 2670 1260 (Exod.
2699 1186 2908 1258 xxxiv).
2932 1204 2952 1237 ›
2983 1185 3118 1241 Cum
3162 1200 3293 1254 ergo
3324 1184 3381 1238 in
3422 1183 3614 1239 Exodo
3642 1185 3736 1254 ipse

2168 1283 2380 1355 Moyses
2426 1282 2613 1337 decem
2653 1278 2788 1349 legis
2832 1277 2998 1333 verba
3029 1277 3085 1330 in
3118 1275 3344 1341 tabulis,
3372 1274 3569 1330 eadem
3596 1273 3735 1330 verba

2169 1375 2454 1447 scripsisse
2502 1369 2791 1435 recolitur;
2844 1368 3076 1438 denique
3122 1367 3253 1422 illud
3302 1367 3539 1437 quodin
3579 1365 3739 1423 Exodo

2168 1481 2292 1522 cum
2331 1470 2678 1520 transeunter
2717 1468 3106 1525 tractaremus,
3134 1467 3191 1513 et
3235 1458 3368 1529 quid
3414 1456 3570 1512 nobis
3606 1456 3656 1511 in
3687 1471 3740 1512 ea

2169 1556 2474 1616 differentia
2519 1554 2696 1609 visum
2755 1551 2924 1608 fuerit
2976 1549 3173 1606 litteris
3231 1549 3613 1604 mandaremus
3659 1563 3741 1602 cur

2171 1651 2384 1721 priores
2413 1645 2612 1702 tabulae
2640 1659 2759 1715 quae
2781 1642 3030 1700 contrita:
3067 1648 3194 1696 sunt
3221 1640 3393 1710 digito
3423 1639 3520 1694 Dei
3549 1639 3738 1708 scripta

477 1729 1042 1839 lquandooll‘enderint
1069 1729 1379 1818 Dominum.
1413 1757 1550 1812 Nam
1579 1764 1637 1810 et
1659 1729 2071 1809 Patres‘eorum
2088 1745 2148 1830 ΖΒ
2175 1740 2503 1804 fﬂictentur,
2529 1735 2821 1792 secundam
2852 1742 3036 1788 tamen
3065 1733 3274 1839 incarca
3299 1729 3738 1800 tabernaculoque

486 1858 584 1930 qui
609 1855 810 1912 mortui
834 1861 985 1919 sunt,
1008 1866 1110 1908 nec
1135 1851 1192 1905 in
1217 1849 1465 1906 eamdem
1491 1855 1694 1902 terram
1723 1844 1928 1898 intrare
1949 1855 2074 1911 per-

486 1948 642 2006 missi
695 1955 853 2014 sunt,
885 1930 1022 2000 tales
1089 1942 1442 1998 inveniuntur
1492 1938 1694 2003 fuisse,
1727 1944 1788 1989 ut
1837 1936 2077 1989 inessent

489 2037 716 2110 quidam
755 2036 920 2092 etiam
965 2035 1093 2092 boni
1119 2051 1132 2087 :
1156 2040 1377 2104 propter
1420 2031 1566 2102 quod
1613 2025 1926 2098 Apostolus,
1966 2037 2075 2110 noti

482 2096 699 2195 omnes,
727 2128 822 2184 sed
855 2128 1120 2197 quosdam
1149 2096 1339 2197 eorum
1367 2096 1498 2179 dicit
1530 2096 1838 2181 offendisse,
1872 2117 1925 2171 in
1955 2096 2076 2184 qui-

486 2219 590 2278 bus
617 2191 806 2275 eorum
855 2191 1076 2288 peccata
1119 2191 1550 2270 commemorat:
1581 2227 1599 2260 ι
1630 2208 1847 2263 Similes
1878 2205 2076 2274 quippe

485 2309 622 2368 estis
650 2308 966 2380 parentibus
1007 2306 1226 2362 vestris.
1261 2323 1282 2356 ι
1325 2303 1404 2356 Ita
1452 2299 1758 2356 evidentius
1801 2297 1979 2359 docet,
2015 2301 2077 2347 ut

489 2397 594 2454 ista
619 2398 891 2466 scriptura
930 2391 1336 2450 Deuteronomii
1364 2391 1509 2459 quod
1545 2394 1942 2456 consequenter
1977 2383 2075 2438 ad-

489 2487 663 2562 iungit
688 2498 745 2546 et
783 2488 956 2546 dicit:
986 2506 1005 2541 ί
1043 2488 1113 2543 Et
1150 2486 1208 2542 in
1235 2485 1450 2542 Cboreb
1477 2479 1848 2539 exacerbastis
1890 2477 2078 2532 Domi-

491 2595 642 2638 num.
675 2600 694 2634 ι
726 2578 830 2637 Ubi
852 2585 999 2636 certe
1028 2576 1103 2632 illi
1151 2576 1636 2639 exacerbaverant,
1663 2572 1756 2641 qui
1790 2578 2080 2641 propterea

491 2671 559 2728 de
587 2669 732 2726 malo
776 2669 974 2726 merito
997 2682 1096 2726 suo
1128 2682 1238 2724 non
1273 2673 1398 2722 sunt
1433 2664 1489 2720 in
1525 2673 1731 2721 terram
1763 2658 2082 2733 promissio-

485 2758 578 2818 nis
601 2758 917 2816 introducti.

1100 2866 1328 2924 CAPUT
1367 2863 1485 2921 XV.

490 3005 930 3064 Commemoratio
975 3002 1490 3077 quomodoMoyses,
1514 3002 1867 3077 quadraginta
1896 3001 2084 3077 diebus

2171 1847 2517 1897 mansuram,
2549 1829 2664 1901 ipse
2698 1826 2910 1898 Moyses
2955 1819 3240 1892 scripsisse
3285 1821 3530 1876 dicatur.
3577 1819 3737 1889 Itaque

2169 1942 2270 1998 per
2316 1926 2459 1979 hanc
2506 1917 2866 1975 differentiam
2919 1915 3025 1969 duo
3069 1912 3423 1968 Testamenta
3459 1910 3733 1983 signiﬁcata

2171 2031 2292 2074 esse
2314 2025 2374 2071 ut
2402 2013 2640 2070 diximus
2666 2028 2679 2064 :
2720 2017 2781 2063 ut
2809 2008 2864 2063 in
2884 2005 3070 2060 Veteri
3105 2003 3458 2060 Testamento
3486 2003 3571 2057 lex
3607 2018 3734 2058 com-

2173 2111 2521 2168 mendaretur
2551 2112 2805 2174 tanquam
2849 2115 2985 2171 opus
3023 2100 3141 2164 Dei,
3188 2100 3278 2153 ubi
3321 2100 3487 2153 homo
3521 2097 3643 2152 nihil
3669 2097 3735 2153 fe-

2174 2205 2329 2268 cerit,
2359 2217 2424 2258 eo
2452 2200 2595 2272 quod
2629 2199 2716 2253 lex
2746 2197 2939 2251 timore
2975 2210 3082 2248 non
3115 2201 3303 2264 posset
3346 2192 3556 2263 impleri
3581 2212 3592 2246 :
3621 2206 3736 2261 quo-

2175 2296 2322 2353 niam
2347 2311 2471 2350 cum
2492 2305 2618 2347 vere
2645 2291 2706 2344 fit
2733 2303 2867 2359 opus
2890 2288 3043 2359 legis,
3068 2301 3167 2357 per
3192 2286 3514 2340 charitatem
3532 2283 3737 2352 iustitiae

2177 2389 2258 2454 fit,
2285 2401 2389 2441 non
2427 2385 2656 2438 timore:
2687 2396 2806 2450 qua:
2841 2379 3080 2434 charitas
3109 2375 3286 2448 gratia
3314 2385 3402 2429 est
3433 2373 3738 2427 Testamenti

2178 2478 2330 2534 Novi.
2349 2477 2473 2531 Ideo
2499 2475 2552 2528 in
2577 2472 2828 2528 secundis
2852 2469 3047 2524 tabulis
3073 2469 3236 2522 homo
3259 2466 3461 2538 legitur
3485 2465 3739 2534 scripsisse

2176 2571 2340 2626 verba
2369 2568 2488 2631 Dei,
2521 2566 2646 2635 quia
2678 2565 2840 2618 homo
2887 2569 3067 2632 potest
3109 2558 3288 2615 facere
3320 2573 3460 2628 opus
3503 2557 3627 2627 legis
3656 2567 3740 2624 per

2180 2660 2498 2717 cbaritatem
2530 2653 2779 2723 iustitiae,
2825 2652 2967 2722 quod
2996 2665 3103 2704 non
3148 2657 3331 2719 potest
3378 2663 3480 2717 per
3519 2646 3741 2700 timorem

2180 2766 2372 2824 poena.
2404 2748 2555 2803 Nunc
2584 2759 2712 2816 ergo
2755 2759 2878 2798 cum
2923 2741 3126 2824 legitur
3157 2740 3214 2794 in
3245 2737 3655 2793 Deuteronomio
3686 2737 3745 2791 de

2184 2811 2436 2899 secundis
2461 2811 2684 2900 tabulis,
2712 2835 2787 2889 ita
2810 2811 3013 2890 dictum
3044 2840 3127 2887 est
3150 2850 3162 2885 :
3195 2850 3213 2881 ‹
3235 2831 3304 2885 Et
3335 2830 3500 2885 excidi
3524 2829 3651 2885 duas
3673 2837 3746 2883 ta-

2191 2959 2210 2992 (
2245 2938 2400 2994 bulas
2425 2933 2666 3004 lapideas
2685 2930 2825 2986 sicut
2843 2927 3077 2999 priores,
3101 2933 3156 2980 et
3177 2925 3399 2981 ascendi
3425 2925 3481 2978 in
3501 2931 3742 2988 montem,

2193 3049 2214 3083 ι
2250 3039 2306 3085 et
2330 3030 2448 3084 dua!
2474 3023 2666 3080 tabula:
2710 3021 2765 3076 in
2790 3019 3037 3075 manibus
3061 3017 3214 3079 meis,
3257 3023 3312 3070 et
3341 3015 3560 3085 scripsit
3604 3015 3654 3068 in
3679 3024 3745 3068 ta-

540 3078 792 3150 jejunans
825 3080 880 3132 in
911 3071 1085 3131 monte
1109 3075 1279 3140 Sinai,
1309 3071 1537 3144 adeptus
1552 3084 1626 3127 est
1653 3071 1858 3125 tabulas
1889 3071 2042 3142 legis.
2110 3099 2156 3163 Ο
2193 3071 2212 3175 ;
2246 3071 3300 3183 εοῆριωξθω
3345 3071 3534 3162 (ποθέω
3547 3107 3695 3160 τρι-ω
3725 3123 3740 3157 ι

3308 3149 3323 3174 ,
3701 3142 3714 3156 .

3308 3149 3323 3174 ν
3345 3142 3534 3162 υιιυνυω
3556 3142 3626 3160 τι.
3637 3142 3714 3160 υιιο

564 3208 742 3281 (1811).)
777 3225 796 3260 ι
824 3207 1089 3277 Deditque
1116 3206 1251 3262 mihi
1287 3205 1548 3261 Dominus
1591 3204 1726 3260 duas
1761 3203 1972 3260 tabulas
1999 3203 2076 3260 la-

499 3316 522 3352 c
565 3299 752 3370 pideas
790 3299 1022 3368 scriptas
1053 3297 1221 3367 digito
1259 3296 1392 3362 Dei,
1431 3304 1488 3350 ct
1523 3294 1861 3350 continentes
1885 3295 2069 3349 omnia

501 3406 522 3441 ι
566 3389 734 3444 verba
771 3403 892 3459 quae
919 3388 1073 3442 vobis
1110 3387 1165 3441 in
1211 3394 1399 3441 monte
1426 3385 1639 3440 locutus
1668 3392 1754 3440 est
1801 3384 1870 3440 de
1895 3383 2076 3439 medio

501 3498 522 3531 σ
570 3479 729 3552 ignis,
761 3477 977 3549 quando
1004 3477 1192 3533 concio
1220 3475 1404 3546 populi
1434 3483 1760 3546 congregata
1785 3482 1890 3530 est.
1915 3473 2079 3530 Cum-

501 3589 520 3622 ι
567 3585 670 3642 que
715 3568 1036 3626 transissent
1081 3567 1439 3639 quadraginta
1469 3567 1585 3622 dies
1617 3575 1673 3622 et
1711 3566 1935 3622 totidem
1979 3581 2076 3622 no-

501 3682 520 3716 ¢
566 3672 702 3728 ctes,
733 3663 878 3720 dedit
905 3662 1037 3718 mihi
1065 3661 1326 3718 Dominus
1349 3660 1482 3715 duas
1510 3659 1721 3716 tabulas
1749 3659 1882 3730 legis
1908 3656 2076 3714 foede-

501 3774 521 3809 ι
567 3757 663 3824 ris,
700 3755 938 3826 dixitque
965 3754 1137 3810 mihi:
1170 3753 1343 3826 Surge
1383 3761 1437 3808 et
1466 3752 1734 3809 descende
1774 3752 1902 3807 hinc
1943 3753 2072 3818 cito,

503 3865 524 3900 ι
570 3847 696 3918 quia
740 3845 968 3917 populus
989 3861 1152 3916 quem
1183 3844 1418 3900 eduxisti
1447 3844 1512 3899 de
1541 3842 1800 3914 Egypto,
1825 3841 2078 3898 deserue-

505 3957 524 3990 ι
570 3946 696 3995 runt
730 3937 868 3992 viam
900 3936 1160 3992 velociter
1189 3951 1354 4006 quam
1382 3933 1765 3989 demonstrasti
1806 3933 1906 3999 eis,
1935 3932 2076 3990 fece-

502 4049 522 4083 ι
567 4039 800 4100 rumque
821 4028 928 4084 sibi
943 4027 1169 4082 vitulum
1193 4025 1613 4093 conﬂatilem,'et
1631 4024 1857 4095 reliqua.
1872 4043 1890 4076 ι
1912 4023 2076 4080 Com-

498 4127 765 4176 memorat
810 4133 940 4188 ergo
983 4119 1074 4174 hic
1118 4118 1328 4188 Moyses
1376 4117 1646 4187 quomodo
1689 4115 1901 4172 tabulas
1944 4116 2078 4186 legis

497 4209 732 4278 scriptas
781 4207 970 4264 decem
1016 4208 1286 4262 mandatis
1333 4223 1365 4261 a
1405 4207 1633 4262 Domino
1676 4206 1976 4277 acceperit,
2023 4211 2080 4260 et

491 4299 625 4376 inde
668 4304 858 4354 narrat
892 4298 1161 4368 quomodo
1189 4299 1259 4353 ob
1286 4307 1571 4369 peccatum
1600 4299 1782 4369 populi
1810 4314 1904 4354 eas
1943 4314 2076 4355 con-

499 4392 746 4460 triverit,
790 4399 847 4450 et
891 4388 1123 4462 qualiter
1168 4389 1366 4444 iterum
1406 4387 1662 4459 ieiunans
1707 4399 1870 4458 atque
1911 4404 2076 4446 orans

494 4481 870 4555 impetraverit
907 4479 1044 4536 alias
1089 4478 1300 4534 tabulas
1328 4479 1683 4548 conscriptas.
1711 4477 1821 4533 Sed
1853 4479 1943 4534 hic
1981 4493 2077 4534 na-

499 4573 669 4632 scitur
697 4588 805 4628 non
828 4571 1223 4629 contemnenda
1251 4570 1504 4640 quaestio.
1528 4568 1802 4640 Scriptum
1826 4577 1912 4624 est
1933 4569 2078 4624 enim

500 4665 617 4720 sic:
650 4661 904 4735 (Car.x.)
949 4680 968 4715 ί
1009 4661 1068 4716 ln
1120 4671 1359 4733 tempore
1406 4660 1495 4716 illo
1538 4659 1674 4716 dixit
1711 4660 1971 4716 Dominus
2009 4660 2078 4715 ad

507 4775 525 4806 ι
573 4769 697 4810 me:
729 4754 858 4810 Dola
895 4753 991 4811 tibi
1023 4754 1155 4810 duas
1184 4753 1396 4809 tabulas
1427 4752 1668 4824 lapideas
1697 4753 1838 4809 sicut
1863 4751 2078 4821 priores

506 4866 526 4901 ‹
571 4848 806 4911 fuerunt,
841 4852 896 4900 et
937 4845 1166 4901 ascende
1208 4846 1259 4899 in
1296 4852 1532 4900 montem
1558 4845 1626 4898 ad
1658 4858 1773 4909 me;
1800 4842 2076 4912 faciesque

505 4958 526 4993 ι
575 4953 762 4994 arcam
793 4937 1048 5008 ligneam,
1075 4946 1131 4992 et
1158 4938 1393 4994 scribam
1420 4937 1474 4991 in
1522 4936 1716 4990 tabulis
1749 4937 1915 4991 verba
1954 4949 2076 5004 qua:

508 5050 526 5083 ι
569 5031 790 5085 fuerunt
813 5027 867 5081 in
893 5027 977 5081 bis
1006 5040 1142 5097 quas
1168 5035 1292 5082 ante
1314 5025 1650 5097 confregisti,
1678 5039 1955 5096 ponesque
1982 5039 2076 5081 eas

508 5140 527 5176 ι
574 5122 628 5177 in
653 5134 800 5174 arca.
824 5115 952 5172 Feci
987 5115 1152 5188 igitur
1180 5133 1363 5172 arcam
1389 5117 1454 5172 de
1479 5116 1639 5190 lignis
1660 5115 1888 5171 Sethim.
1915 5115 2076 5171 Cum-

507 5233 526 5266 ι
573 5228 678 5286 que
706 5210 972 5268 dolassem
1014 5206 1144 5262 duas
1187 5207 1395 5264 tabulas
1440 5207 1677 5279 lapideas
1721 5207 1894 5262 instar
1933 5206 2076 5276 prio-

509 5324 527 5358 ι
572 5319 723 5369 rum,
755 5300 975 5358 ascendi
1006 5299 1063 5354 in
1092 5308 1328 5354 montem
1369 5299 1573 5356 habens
1598 5314 1691 5354 eas
1718 5299 1774 5353 in
1803 5299 2072 5362 manibus,

511 5414 529 5448 ι
576 5396 897 5466 scripsitque
927 5395 981 5449 in
1011 5391 1209 5447 tabulis
1229 5391 1384 5462 juxta
1413 5392 1464 5446 id
1495 5393 1636 5462 quod
1663 5393 1814 5462 prius
1845 5391 2076 5462 scripse-

513 5509 530 5540 ε
581 5497 684 5554 rat,
717 5488 878 5544 verba
927 5487 1142 5550 decem,
1186 5499 1306 5552 quae
1350 5484 1561 5538 locutus
1609 5493 1691 5537 est
1721 5485 1979 5539 Dominus
2005 5481 2075 5536 ad

513 5600 531 5632 ε
578 5597 673 5634 vos
722 5581 778 5634 in
815 5586 996 5635 monte
1043 5579 1110 5636 de
1156 5576 1334 5632 medio
1366 5576 1551 5648 ‘ignis,
1593 5576 1805 5644 quando
1849 5575 2077 5644 populus

517 5692 536 5732 ι
582 5683 938 5747 congregatus
961 5681 1072 5740 est;
1100 5681 1157 5729 et
1189 5671 1336 5730 dedit
1366 5669 1494 5726 mihi
1527 5684 1639 5734 eas,
1665 5678 1768 5726 etc.
1792 5691 1812 5725 ι
1844 5671 1955 5726 Nec
1978 5671 2078 5728 im-

2179 3215 2297 3271 Non
2325 3212 2470 3268 enim
2499 3209 2597 3274 ait,
2623 3217 2670 3261 et
2701 3205 2909 3275 scripsi,
2934 3202 3029 3258 sed
3055 3203 3265 3272 scripsit
3289 3216 3308 3254 :
3335 3201 3446 3255 hoc
3470 3207 3569 3262 est,
3599 3198 3747 3261 Deus,

2179 3309 2318 3365 sicut
2339 3305 2497 3377 paulo
2518 3311 2642 3356 ante
2664 3299 2894 3363 dixerat,
2919 3297 3084 3352 verba
3107 3295 3204 3349 Dei
3231 3294 3336 3348 sibi
3362 3293 3544 3348 dicta:
3569 3289 3751 3345 Excide

2179 3398 2277 3453 tibi
2311 3397 2445 3453 duas
2477 3393 2685 3450 tabulas
2708 3387 3163 3461 quemadmodum
3187 3386 3428 3456 priores,
3457 3393 3513 3439 et
3537 3382 3751 3438 ascende

2180 3490 2246 3546 ad
2283 3504 2370 3544 me
2405 3487 2461 3542 in
2498 3495 2762 3547 montem,
2784 3490 2839 3536 et
2877 3479 3039 3535 facies
3065 3478 3161 3532 tibi
3199 3492 3384 3531 arcam
3416 3475 3679 3546 ligneam,
3709 3480 3755 3527 et

2179 3580 2411 3637 scribam
2438 3577 2490 3630 in
2537 3573 2735 3628 tabulis
2782 3571 2944 3626 verba
2969 3583 3086 3640 quis
3114 3576 3268 3623 erant
3307 3567 3360 3619 in
3394 3564 3598 3618 tabulis
3627 3562 3758 3633 prio-

2178 3671 2352 3726 ribus.
2387 3663 2733 3722 Discutienda
2768 3661 3012 3716 nascitur
3033 3653 3278 3728 quaestio,
3310 3654 3460 3722 quod
3496 3662 3763 3719 utrasque

2179 3761 2413 3826 tabulas,
2441 3758 2495 3813 id
2520 3765 2621 3822 est,
2650 3755 2859 3826 priores
2885 3761 2942 3808 et
2971 3733 3238 3811 secundas,
3266 3746 3409 3799 Deus
3438 3744 3538 3799 hic
3557 3743 3764 3814 legitur

2177 3851 2482 3920 scripsisse,
2513 3862 2620 3901 non
2647 3847 2829 3900 homo.
2870 3841 2978 3898 Sed
3011 3841 3056 3896 si
3081 3839 3195 3908 ipso
3223 3850 3446 3907 quoque
3474 3835 3536 3889 in
3581 3834 3758 3889 Exodo

2175 3944 2341 3999 verba
2367 3940 2466 3995 Dei
2492 3938 2759 4009 legantur,
2791 3935 2883 3989 ubi
2904 3933 3059 4002 jubet
3083 3925 3297 3984 easidem
3326 3925 3555 3981 tabulas
3581 3939 3756 3980 secun-

2179 4037 2276 4091 das
2306 4031 2481 4087 excidi
2515 4046 2544 4084 a
2583 4028 2784 4098 Moyse,
2814 4023 2948 4080 nihil
2983 4021 3132 4078 aliud
3161 4018 3466 4082 invenitur,
3491 4031 3648 4085 quam
3683 4017 3756 4082 ip-

2179 4141 2298 4180 sum
2327 4125 2496 4178 Deum
2543 4133 2600 4175 sc
2627 4119 2843 4174 easdem
2876 4111 3194 4185 promisisse
3241 4107 3592 4177 scripturum.
3626 4103 3756 4158 Nam

2178 4216 2254 4270 ita
2279 4214 2538 4283 scriptum
2573 4217 2657 4265 est
2696 4205 2862 4262 Exodi
2898 4217 3096 4258 xxxiv:
3121 4219 3140 4252 ι
3164 4199 3232 4254 Et
3252 4198 3391 4253 dixit
3413 4197 3674 4280 Dominus
3698 4195 3756 4250 ad

2180 4278 2405 4377 Moysen
2426 4321 2439 4356 :
2472 4301 2672 4357 Excide
2711 4298 2846 4353 duas
2890 4292 3101 4348 tabulas
3132 4290 3230 4345 tibi
3272 4278 3424 4343 sicut
3443 4294 3502 4342 et
3539 4286 3753 4356 priores,

2181 4404 2237 4451 et
2271 4375 2504 4449 ascende
2531 4391 2586 4444 in
2622 4395 2889 4448 montem;
2913 4391 2968 4438 ct
2997 4380 3236 4436 scribam
3261 4378 3318 4432 in
3348 4376 3553 4431 tabulis
3584 4375 3751 4437 verba,

2181 4501 2301 4556 quae
2324 4489 2480 4539 erant
2506 4482 2561 4535 in
2583 4478 2780 4534 tabulis
2803 4474 3076 4546 prioribus
3101 4485 3239 4541 quas
3259 4467 3595 4524 contrivisti.
3618 4487 3635 4518 δ
3661 4465 3754 4518 Ex-

2180 4583 2335 4644 cepto
2365 4574 2545 4642 itaque
2575 4572 2713 4624 libro
2738 4561 3170 4627 Deuteronomii,
3198 4559 3564 4630 quaestionem
3585 4557 3754 4624 utique

2176 4667 2340 4724 etiam
2386 4667 2546 4721 istam
2592 4663 2739 4718 solus
2786 4660 2926 4715 liber
2969 4655 3145 4711 Exodi
3193 4652 3476 4716 continet,
3517 4649 3749 4719 quoniam

2175 4754 2374 4810 dixerit
2403 4753 2696 4809 Dominus:
2731 4767 2750 4801 ‹
2779 4749 2845 4803 Et
2873 4747 3110 4804 scribam
3134 4744 3190 4799 in
3221 4740 3426 4796 tabulis
3456 4739 3625 4794 verba
3649 4751 3752 4805 qua:

2178 4845 2410 4900 erantin
2441 4842 2636 4898 tabulis
2664 4839 2952 4911 prioribus,
2979 4855 2997 4889 ι
3033 4851 3160 4892 cum
3189 4831 3352 4904 paulo
3373 4838 3506 4900 post
3537 4828 3751 4897 tegitur.

2183 4952 2204 4984 ‹
2231 4934 2420 4988 Scribe
2436 4931 2538 4986 tibi
2567 4929 2734 4984 verba
2760 4928 2897 4983 habe.
2926 4925 3140 4980 Etenim
3167 4923 3226 4977 in
3253 4919 3442 4975 verbis
3472 4919 3579 4980 bis,
3613 4911 3756 4986 posui

2181 5027 2278 5083 tibi
2315 5032 2695 5080 testamentum
2737 5029 2796 5076 et
2839 5020 3024 5076 lsracl.
3057 5019 3127 5073 Et
3167 5023 3288 5072 erat
3335 5013 3412 5069 ibi
3453 5012 3659 5080 Moyses
3707 5007 3759 5062 in

2181 5122 2474 5186 conspectu
2502 5114 2746 5179 Domini,
2791 5110 3148 5182 quadraginta
3177 5105 3391 5169 diebus,
3445 5113 3504 5159 et
3537 5101 3760 5171 quadra-

2179 5209 2328 5281 ginta
2372 5208 2644 5264 noctibus.
2684 5205 2885 5260 Panem
2930 5217 3038 5258 non
3074 5196 3447 5261 manducavit,
3485 5203 3545 5250 et
3574 5204 3761 5263 aquam

2180 5280 2290 5357 non
2326 5300 2482 5356 bibit.
2525 5299 2595 5354 Et
2634 5296 2854 5366 scripsit
2899 5295 2955 5349 in
3001 5290 3198 5347 tabulis
3240 5287 3408 5342 verba
3456 5280 3766 5341 testamenti

2181 5395 2422 5450 decem.»
2452 5391 2511 5447 Si
2537 5392 2681 5446 enim
2707 5387 2972 5458 superius,
3006 5385 3151 5454 quod
3165 5381 3378 5436 dictum
3399 5388 3512 5444 est,
3541 5396 3563 5430 ι
3585 5376 3770 5433 Scribe

2179 5487 2277 5542 tibi
2303 5487 2470 5541 verba
2493 5485 2628 5539 hinc.
2655 5481 2865 5537 Etenim
2890 5479 2946 5534 in
2970 5477 3149 5532 verbis
3177 5474 3264 5530 his
3287 5473 3448 5543 posui
3473 5471 3578 5526 tibi
3611 5477 3770 5524 testa»

2181 5586 2425 5634 mentum
2473 5583 2528 5630 et
2563 5572 2757 5636 Israel,
2797 5591 2814 5622 ι
2863 5569 2932 5624 ad
2979 5567 3261 5638 superiora
3303 5562 3589 5633 pertinet,
3633 5555 3768 5630 quod

2183 5669 2441 5725 Dominus
2478 5668 2580 5721 ista
2609 5661 2971 5736 praecipiebat,
3005 5667 3066 5717 ut
3096 5671 3206 5714 non
3236 5657 3293 5711 in
3323 5653 3544 5710 duabus
3581 5648 3771 5707 tabulis
