3890 6340
123 353 219 413 875

890 343 1292 405 ENARRATIO
1331 343 1560 404 SUPER
1593 341 2217 434 DE-UTERONOMIUM.
2253 370 2328 385 —
2361 341 2490 399 LIB.
2529 339 2574 397 Ι.

3272 340 3382 399 επ

123 462 340 538 lapideis
389 459 784 529 scriberentur,
829 463 926 518 sed
969 463 1026 518 in
1073 461 1166 519 illo
1213 461 1356 519 libro
1395 461 1561 535 legis,
1602 461 1696 517 ubi
1723 463 1858 524 Aut
1886 461 1988 530 ipsi
2015 461 2129 516 sint
2150 461 2206 515 in
2227 459 2446 517 Christo
2467 455 2682 530 iustitia
2708 453 2829 514 Dei.
2853 452 2992 510 Nam
3019 462 3076 510 et
3101 453 3215 511 illic
3233 454 3384 529 Apo-

92 551 283 618 imulta
329 553 635 626 conscripta
678 561 824 609 sunt.
872 553 1035 610 Certe
1073 553 1205 610 illud
1241 553 1391 624 quod
1428 552 1691 624 sequitur,

128 671 146 706 ι
171 650 236 706 Et
259 655 378 704 erat
413 645 486 702 ibi
532 645 744 717 Moyses
771 646 829 702 in
863 655 1157 717 conspectu
1202 644 1418 702 Domini
1463 643 1698 717 quadra-

124 744 259 816 ginta
287 739 500 804 diebus,
526 746 582 793 et
626 739 987 812 quadraginta
1027 739 1300 794 noctibus.
1345 736 1558 794 Panem
1587 751 1698 796 non

99 825 481 898 manducavit,
519 841 576 888 et
603 847 798 902 aquam
826 847 936 888 non
962 830 1120 886 bibit.
1145 830 1220 885 Et
1262 829 1481 900 scripsit
1524 829 1582 884 in
1611 836 1696 884 ta-

121 925 252 984 bulis
277 923 446 980 verba
474 923 785 980 testamenti
811 923 1022 990 decem,
1044 942 1062 976 »
1094 926 1230 978 satis
1253 921 1544 979 manifeste
1569 920 1701 977 dicit

122 1017 361 1074 eumdem
389 1016 610 1086 Moysen
654 1015 709 1072 in
743 1013 940 1070 tabulis
980 1013 1098 1071 haec
1126 1012 1317 1072 decem
1359 1013 1524 1070 verba
1565 1012 1701 1071 scri-

119 1107 306 1181 psisse,
341 1119 447 1162 non
477 1105 646 1162 Deum
673 1123 684 1160 :
713 1105 817 1162 nisi
843 1106 987 1162 forte
1016 1104 1281 1162 violenter
1316 1104 1535 1175 quidem
1554 1145 1571 1172 ,
1605 1105 1702 1162 sed

123 1210 261 1254 certa
291 1198 618 1254 necessitate
646 1197 1044 1270 compellimur,
1075 1197 1166 1253 ubi
1205 1197 1411 1254 dictum
1435 1205 1549 1262 est,
1585 1215 1605 1248 ‹
1634 1196 1704 1252 Et

124 1292 334 1363 scripsit
380 1291 436 1346 in
485 1291 683 1346 tabulis
722 1292 888 1350 verba
940 1291 1254 1350 testamenti
1287 1290 1537 1357 decem,»
1591 1304 1702 1348 non

122 1382 332 1454 Moysen
376 1384 688 1451 subaudire,
733 1385 830 1444 sed
857 1385 1049 1442 Deum.
1084 1383 1262 1454 Supra
1296 1384 1441 1440 enim
1464 1383 1705 1454 positum

121 1482 194 1528 cst
225 1493 237 1528 :
278 1493 296 1526 ‹
326 1473 394 1529 Et
423 1485 542 1532 erat
562 1477 636 1532 ibi
659 1475 873 1548 Moyses
899 1476 956 1530 in
977 1483 1274 1544 conspectu
1290 1474 1531 1540 Domini,
1553 1493 1574 1526 ι
1592 1481 1708 1530 uta

121 1567 344 1624 Domino
363 1569 419 1624 in
437 1568 591 1639 cujus
603 1577 898 1639 conspectu
915 1575 1036 1624 erat
1056 1566 1288 1640 Moyses,
1307 1585 1327 1617 ι
1347 1566 1709 1639 quadraginta

121 1655 328 1727 diebus,
355 1671 412 1720 et
446 1663 806 1736 quadraginta
830 1661 1086 1718 noctibus
1114 1675 1313 1732 panem
1346 1675 1456 1716 non
1483 1659 1710 1736 mandu-

119 1764 333 1838 cansget
376 1771 576 1828 aquam
619 1771 733 1812 non
773 1755 1031 1822 bibens”
1080 1753 1286 1824 scripta
1338 1752 1729 1822 intelligantur:

112 1844 230 1900 haec
258 1847 448 1903 decem
474 1847 643 1903 verba
676 1846 734 1902 in
777 1845 998 1911 tabulis,
1035 1844 1178 1900 sicut
1205 1853 1333 1900 ante
1359 1841 1703 1914 promiserat.

108 1936 271 2006 Quod
297 1939 344 1994 si
390 1940 464 1994 ita
491 1938 713 2010 quidem
736 1945 840 2004 est,
882 1936 976 1993 illa
1005 1935 1314 1993 dilferentia
1339 1936 1569 1992 duorum
1619 1943 1704 1992 te-

103 2037 537 2095 stamentorum,
565 2027 872 2099 quaenohis
888 2028 1001 2083 visa
1023 2036 1106 2084 est
1138 2028 1191 2082 in
1219 2027 1308 2084 his
1331 2027 1530 2092 verbis,
1557 2041 1710 2084 com-

101 2119 365 2174 mendari
401 2127 603 2190 potest,
632 2119 848 2189 quando
873 2119 1086 2188 priores
1111 2127 1168 2174 et
1199 2117 1468 2174 secundas
1499 2116 1708 2172 tabulas

103 2211 335 2280 scripsit
365 2226 470 2266 non
500 2211 683 2277 homo,
707 2211 803 2266 sed
833 2211 999 2266 Deus.
1023 2209 1411 2264 Verumtamen
1440 2208 1531 2262 illa
1559 2216 1707 2264 certe

106 2301 374 2357 distantia
407 2318 514 2358 non
543 2303 710 2358 habet
751 2302 1167 2368 dubitationem,
1195 2301 1344 2370 quod
1380 2301 1593 2372 priores
1625 2308 1707 2356 ta-

103 2389 268 2446 bulas
313 2399 370 2446 et
403 2391 666 2448 Dominus
696 2391 854 2459 fecit,
898 2401 956 2449 et
1002 2393 1266 2450 Dominus
1314 2393 1552 2462 scripsit.
1587 2390 1708 2448 Non

111 2483 258 2537 enim
287 2489 413 2537 tunc
437 2482 642 2538 dictum
663 2491 751 2539 est
779 2482 849 2538 ad
881 2483 1137 2556 Moysen:
1169 2505 1187 2538 ι
1218 2484 1424 2542 Excide
1449 2483 1549 2540 tibi
1573 2483 1709 2539 duas

110 2573 343 2640 tabulas,
377 2595 396 2628 ›
441 2575 536 2631 sed
587 2575 663 2631 ita
701 2577 887 2648 potius
935 2577 1134 2632 dicitur
1169 2596 1185 2632 :
1233 2597 1254 2628 ι
1294 2578 1363 2632 Et
1407 2591 1708 2633 conversus

110 2663 345 2736 Moyses,
376 2666 656 2722 descendit
687 2667 752 2723 de
799 2675 1012 2733 monte,
1054 2675 1112 2722 et
1143 2668 1264 2724 dua:
1306 2667 1502 2724 tabulae
1546 2667 1705 2724 testi-

109 2755 278 2810 monii
315 2755 368 2809 in
399 2756 652 2812 manibus
695 2756 836 2825 ejus.
862 2777 880 2810 ι
912 2757 1132 2814 Tabula:
1167 2773 1304 2828 opus
1339 2759 1437 2814 Dei
1466 2765 1625 2814 erant
1655 2764 1711 2812 et

111 2844 386 2916 scriptura
424 2847 520 2902 Dei
551 2855 641 2903 est
688 2847 845 2920 culpa
875 2849 931 2903 in
961 2849 1181 2904 tabulis.
1214 2847 1337 2905 lam
1366 2849 1511 2906 enim
1554 2863 1715 2919 supe—

109 2938 219 2994 rius
249 2940 470 2995 dixerat
513 2939 736 2995 easdem
781 2939 992 2996 tabulas
1023 2941 1259 3010 scriptas
1291 2941 1460 3012 digito
1496 2940 1595 2996 Dei
1635 2939 1716 2994 sic

109 3026 382 3099 loquens:
425 3050 442 3081 ι
472 3031 541 3085 Et
572 3031 718 3088 dedit
757 3029 950 3101 Moysi,
974 3032 1161 3087 statim
1199 3041 1258 3086 ut
1297 3031 1532 3087 cessavit
1567 3030 1714 3100 loqui

109 3120 174 3174 ad
211 3136 348 3177 eum
380 3120 434 3174 in
471 3129 654 3178 monte
685 3121 836 3188 Sina,
878 3122 1014 3178 duas
1043 3121 1286 3192 lapideas
1315 3123 1528 3180 tabulas
1561 3121 1714 3180 testi-

110 3215 275 3269 monii
313 3215 549 3286 scriptas
575 3215 743 3288 digito
776 3217 894 3272 Dei.
916 3237 936 3270 ι
970 3216 1073 3273 Ubi
1112 3232 1240 3300 ergo
1265 3227 1320 3274 et
1357 3217 1552 3274 tabulae
1579 3230 1716 3289 opus

111 3303 200 3362 Dei
230 3313 426 3373 erant,
465 3315 518 3361 et
548 3307 819 3377 scriptura
849 3323 1038 3364 earum
1077 3309 1246 3381 digito
1287 3310 1386 3366 Dei
1414 3309 1579 3366 facta.
1611 3309 1716 3367 Se-

112 3399 326 3455 cundas
354 3398 562 3454 tabulas
590 3399 703 3469 ipse
733 3398 945 3472 Moyses
969 3401 1192 3472 jubetur
1215 3401 1487 3468 excidere,
1504 3411 1562 3456 ut
1586 3401 1717 3473 ipsa

113 3496 256 3543 certe
299 3503 470 3558 opere
516 3488 756 3543 humano
795 3489 1165 3561 intelligantur
1205 3491 1424 3556 excisae,
1466 3493 1718 3562 quamvis

112 3589 202 3631 eas
233 3577 388 3632 Deus
419 3577 534 3647 ipse
564 3577 859 3646 scripserat
886 3578 1030 3632 sicut
1056 3580 1311 3647 promisit
1340 3596 1465 3636 cum
1496 3581 1720 3650 juberet

111 3668 312 3723 excidi.
342 3667 514 3723 Porro
546 3676 750 3735 autem,
781 3668 829 3723 si
859 3667 1172 3740 diligentius
1199 3671 1568 3737 attendamus,
1597 3671 1721 3726 ideo

113 3768 415 3830 utrumque
462 3761 664 3816 dictum
708 3776 829 3817 esse
861 3761 914 3816 in
946 3761 1201 3818 secundis
1243 3762 1464 3829 tabulis,
1491 3763 1622 3834 quia
1666 3771 1723 3818 et

115 3847 258 3908 Deus
287 3852 425 3908 facit
453 3867 551 3922 per
594 3853 826 3924 gratiam
855 3869 1011 3908 suam
1045 3868 1182 3924 opus
1213 3853 1352 3926 legis
1378 3855 1434 3910 in
1462 3855 1718 3924 homine;

114 3951 161 3998 et
183 3945 369 4000 homo
397 3959 496 4012 per
522 3942 686 3999 fidem
710 3945 1012 4013 suscipiens
1036 3946 1268 4017 gratiam
1298 3947 1417 4012 Dei,
1445 3948 1722 4019 pertinens

115 4035 174 4090 ad
220 4040 630 4089 testamentum
661 4050 887 4102 novum,
917 4045 1238 4106 cooperator
1281 4046 1367 4093 est
1413 4036 1721 4106 adjuvantis

116 4125 230 4182 Dei.
265 4125 403 4181 Ideo
440 4133 622 4180 autem
651 4126 710 4180 in
737 4125 930 4197 primis
969 4126 1144 4183 solum
1183 4142 1318 4198 opus
1346 4127 1445 4184 Dei
1485 4144 1724 4186 comme-

118 4229 394 4286 moratur,
443 4218 573 4290 quia
603 4218 848 4275 inﬁdeles
889 4234 998 4275 non
1045 4227 1407 4290 cooperantur
1455 4219 1722 4289 adjutorio

118 4314 346 4382 gratiae;
382 4311 478 4366 sed
521 4312 840 4384 ignorantes
869 4310 969 4367 Dei
1006 4311 1310 4382 justitiam,
1339 4321 1394 4368 et
1423 4327 1576 4368 suam
1621 4329 1720 4370 vo-

120 4401 295 4461 lentes
345 4402 710 4470 constituere,
738 4401 965 4473 justitite
1001 4401 1098 4458 Dei
1141 4418 1251 4458 non
1293 4410 1420 4458 sunt
1467 4401 1716 4474 subjecti.

1801 553 1972 610 stolas
1994 561 2287 623 utrumque
2329 553 2494 618 dicit,
2541 559 2596 608 et
2627 551 2802 604 Deum
2847 547 3084 618 operari.
3114 556 3172 603 et
3209 548 3382 618 ipsos.

1797 645 1937 702 Nam
1965 645 2010 702 si
2043 645 2148 716 ipsi
2176 660 2283 702 non
2309 645 2698 716 operabantur,
2719 642 2994 713 quomodo
3016 641 3101 697 eis
3127 640 3384 698 dicebat:

1806 755 1824 790 ι
1855 737 1988 792 Cum
2029 736 2225 792 timore
2247 744 2306 792 et
2330 745 2566 792 tremore
2594 742 2833 791 vestram
2869 733 3114 804 ipsorum
3147 732 3387 790 salutem

1799 829 2136 900 operamini?
2167 847 2186 881 ι
2225 827 2495 898 Operatur
2532 841 2662 897 ergo
2693 826 2816 891 ille,
2856 841 3214 896 cooperamur
3256 842 3384 884 nos.

1801 920 1921 978 Non
1966 921 2112 978 enim
2157 919 2353 988 offert,
2383 919 2484 976 sed
2512 919 2734 991 adjuvat
2762 920 2920 978 bonae
2964 919 3261 978 voluntatis
3297 935 3388 978 ar-

1801 1012 2048 1071 bitrium.

2365 1106 2594 1164 CAPUT
2632 1105 2776 1163 XVI.

1805 1197 2080 1258 Transito:
2127 1198 2362 1268 ﬁliorum
2391 1197 2562 1253 Israel
2593 1213 2660 1254 ea:
2699 1197 2894 1253 Beroth
2936 1199 2996 1254 in
3035 1199 3254 1267 Maera,
3296 1201 3390 1258 tibi

2143 1270 2323 1326 Aaron
2347 1279 2586 1325 mortuus
2615 1278 2687 1324 est
2716 1278 2764 1324 et
2792 1269 3046 1340 sepultus.

1876 1383 2132 1454 (Carum)
2164 1401 2185 1437 ι
2210 1383 2335 1441 Filii
2366 1391 2558 1442 autem
2594 1383 2761 1440 Israel
2790 1393 2970 1440 castra
3000 1396 3288 1444 moverunt
3325 1401 3394 1443 ex

1813 1493 1836 1528 ‹
1878 1474 2084 1534 Berct]:
2111 1475 2347 1532 ﬁliorum
2373 1474 2540 1532 Jacan
2566 1475 2626 1532 in
2667 1475 2866 1542 Musra,
2898 1477 2989 1533 ubi
3025 1485 3276 1533 mortuas
3309 1486 3399 1533 est

1779 1623 1782 1628 .
1816 1585 1842 1622 ι
1875 1568 2068 1626 Aaron
2093 1583 2159 1626 ac
2177 1568 2577 1638 sepultus..Pro
2600 1584 2708 1639 quo
2731 1569 3036 1626 sacerdotio
3057 1570 3277 1626 functus
3306 1578 3397 1625 est

1819 1679 1838 1714 ‹
1867 1660 2027 1724 ﬁlius
2049 1659 2166 1729 ejus
2191 1661 2437 1720 Eleazar.
2481 1660 2614 1718 lude
2647 1671 2918 1718 venerunt
2941 1661 3004 1716 in
3039 1661 3281 1732 δωρεὰ.
3320 1659 3400 1718 De

1823 1770 1844 1808 ι
1891 1769 2012 1824 quo.
2037 1753 2436 1824 loco:profecti,
2464 1761 2648 1812 castra
2661 1754 2860 1810 .metati
2899 1763 3031 1810 sunt
3055 1755 3111 1809 in
3135 1753 3402 1818 Jothaha-

1733 1822 1784 1885 Β
1811 1863 1838 1898 4
1881 1822 2158 1912 thaterra.
2175 1822 2442 1918 aquarum
2467 1856 2630 1918 atque
2655 1849 3002 1913 torrentium,
3035 1856 3094 1903 et
3115 1847 3349 1918 reliqua.
3371 1867 3392 1901 ι

1810 1937 1990 2005 Ωιιτειὶ
2029 1945 2212 2008 potest
2271 1939 2546 2009 quomodo
2596 1939 2809 1995 dicatur
2856 1939 2916 1994 in
2948 1939 3398 1996 Deuteronomio

1807 2029 1990 2086 Aaron
2016 2031 2074 2086 in
2107 2030 2292 2088 Musra
2325 2039 2574 2088 mortuis
2597 2039 2766 2103 atque
2795 2032 3057 2103 sepultus,
3085 2047 3212 2088 cum
3237 2032 3292 2086 in
3322 2029 3400 2090 Οι-

1809 2129 1995 2182 monte
2021 2121 2078 2177 in
2107 2121 2472 2179 Numerorum
2497 2123 2661 2190 libro,
2690 2123 3034 2179 describatur
3059 2139 3184 2180 esse
3206 2124 3400 2180 delim-

1809 2218 1931 2268 ctus
1983 2210 2174 2283 (Num.
2207 2213 2426 2286 xxxiii).
2477 2213 2588 2270 Sed
2637 2213 2872 2270 forsitan
2920 2215 3250 2272 idem-locus
3289 2215 3403 2272 duo

1807 2305 2032 2360 nomina
2060 2306 2271 2361 habuit.
2302 2307 2502 2362 Beroth
2528 2308 2676 2362 enim
2705 2308 2942 2365 ﬁliorum
2974 2305 3196 2364 Jachlm-
3221 2310 3276 2364 in
3308 2309 3408 2366 de-

1809 2405 1959 2454 serto
1983 2406 2067 2454 est
2105 2397 2274 2464 locus,
2301 2399 2448 2454 sicut
2471 2399 2651 2455 Musra
2693 2416 2803 2472 quo
2830 2401 2968 2457 obiit
3002 2403 3206 2468 Aaron,
3248 2413 3310 2458 ut
3347 2403 3404 2458 in

1810 2487 1965 2548 libris
1993 2489 2236 2546 locorum
2266 2491 2516 2562 legimus,
2560 2506 2736 2563 usque
2763 2493 2926 2548 hodie
2955 2493 3013 2548 in
3056 2493 3270 2549 decimo
3318 2493 3403 2548 la-

1812 2581 1940 2653 pide
1979 2583 2132 2638 urbis
2161 2581 2338 2638 Petra:
2383 2584 2439 2638 in
2469 2573 2671 2641 montis
2697 2586 2921 2641 vertice.
2950 2585 3052 2641 Cui
3101 2601 3209 2641 non
3238 2585 3405 2641 dissi-

1814 2673 1966 2729 milia
1991 2673 2160 2730 sentit
2183 2672 2470 2744 Joseplms,
2499 2675 2554 2729 in
2599 2676 3002 2746 Antiquitatum
3044 2676 3187 2732 libro
3210 2682 3408 2744 quarto

1813 2765 1888 2822 ita
1913 2766 2160 2822 scribens
2182 2768 2322 2838 (cap.
2351 2766 2407 2837 '5)
2434 2785 2447 2821 :
2473 2768 2659 2834 Duxit,
2685 2769 2880 2839 inquit,
2911 2768 3120 2839 Moyses
3147 2766 3408 2838 populum

1812 2871 1912 2927 per
1946 2858 2222 2913 desertum
2250 2865 2306 2912 et
2346 2871 2445 2927 per
2490 2859 2772 2926 Arabiam,
2818 2860 3076 2929 venitque
3119 2858 3187 2913 ad
3228 2858 3406 2914 locum

1815 2963 1979 3018 quem
2005 2949 2216 3004 Arabes
2259 2950 2602 3020 metropolim
2629 2966 2784 3007 suam
2827 2960 3042 3023 putant,
3087 2953 3265 3028 primo
3289 2953 3411 3024 qui-

1817 3040 1941 3096 dem
1964 3042 2188 3097 Archim
2216 3043 2578 3108 nominatum,
2608 3061 2730 3116 quae
2755 3033 2902 3100 nunc
2929 3044 3092 3102 Petra
3113 3044 3408 3102 vocitatur.

1821 3131 1922 3188 Hic
1967 3133 2152 3203 itaque
2188 3149 2312 3189 cum
2337 3145 2482 3190 esset
2510 3137 2758 3192 excelsus
2794 3151 2974 3203 mons,
3011 3136 3313 3192 ascendens
3353 3136 3410 3190 in

1743 3196 1789 3260 (ἶ
1821 3241 1946 3283 eum
1975 3228 2179 3294 Aaron,
2206 3227 2389 3300 Moyse
2415 3227 2798 3285 man-ifestante
2818 3227 2944 3299 quia
2970 3229 3267 3284 moriturus
3292 3235 3413 3283 erat

1815 3322 2040 3379 vidente
2067 3331 2266 3379 cuncto
2306 3324 2551 3380 exercitu
2593 3323 2732 3395 (erat
2755 3323 2900 3379 enim
2929 3339 2960 3379 e
2989 3323 3205 3380 diverso
3234 3322 3410 3388 locus,

1818 3415 1912 3470 ubi
1962 3423 2082 3470 erat
2128 3415 2360 3487 populus
2416 3416 2805 3489 constitutus),
2861 3425 3058 3471 exutus
3111 3415 3416 3486 pontificali

1821 3510 1984 3576 stola,
2012 3510 2234 3566 tradens
2267 3527 2388 3566 eam
2413 3511 2679 3566 Eleazaro
2709 3510 2839 3575 ﬁlio,
2885 3511 2950 3564 ad
2981 3525 3147 3580 quam
3192 3519 3415 3580 propter

1822 3607 2040 3654 aetatem
2078 3599 2430 3669 pontiﬁcatus
2481 3601 2737 3666 advenit,
2775 3608 3026 3655 mortuus
3079 3608 3163 3656 est
3214 3599 3414 3671 populo

1824 3703 1948 3744 eum
1976 3689 2214 3755 vidente,
2243 3691 2360 3759 ipso
2386 3690 2606 3759 quidem
2638 3704 2780 3744 anno
2810 3704 2918 3758 quo
2949 3703 3104 3743 soror
3128 3689 3416 3744 videbatur

1823 3794 1944 3836 esse
1983 3778 2258 3844 defuncta,
2301 3776 2428 3836 cuni
2460 3779 2691 3835 vixisset
2731 3779 2889 3833 annis
2919 3778 3095 3833 tribus
3123 3786 3180 3833 et
3222 3778 3417 3851 viginti

1825 3881 1882 3926 et
1919 3879 2160 3939 centum,
2183 3878 2289 3928 etc.
2326 3871 2626 3928 Defunctus
2657 3881 2741 3928 est
2771 3878 2956 3926 autem
2986 3873 3223 3927 secunda
3259 3871 3411 3936 luna,

1825 3960 1986 4016 initio
2038 3963 2262 4027 mensis,
2310 3961 2404 4032 qui
2459 3963 2599 4034 apud
2626 3963 2992 4019 Athenienses
3031 3963 3252 4032 quidem
3282 3974 3420 4019 Ἐκα-

1823 4053 2105 4122 «pedm»,
2139 4053 2282 4122 apud
2311 4052 2634 4111 Macedones
2659 4062 2841 4110 autem
2872 4052 3104 4120 Lochos,
3135 4054 3278 4124 apud
3311 4052 3419 4108 lle—

1823 4143 2002 4199 braeos
2045 4159 2176 4200 vero
2220 4144 2511 4210 Sedebath,
2560 4145 2701 4215 apud
2731 4144 3023 4210 Romanos,
3073 4152 3420 4215 nuncupatur

1823 4235 2120 4305 Augustus.
2144 4235 2389 4308 Cumque
2414 4236 2593 4294 luctus
2633 4252 2797 4309 super
2821 4253 2947 4294 eum
2979 4237 3164 4309 populi
3193 4238 3418 4307 triginta

1826 4328 2016 4384 diebus
2049 4328 2243 4385 fuisset
2267 4329 2537 4400 expletus,
2578 4338 2702 4400 post
2738 4329 2854 4386 haec
2900 4331 3153 4385 cessavit.
3185 4328 3421 4384 Sumens

1825 4419 1992 4492 igitur
2035 4419 2252 4493 Moyses
2293 4423 2493 4478 exinde
2537 4424 2861 4488 exercitum,
2894 4421 3044 4476 venit
3079 4421 3168 4489 ad,
3196 4418 3418 4475 ﬂuvium

124 4492 280 4553 Unde
314 4495 428 4552 illis
472 4497 563 4551 lex
601 4496 672 4550 ad
699 4495 1212 4552 condemnationem
1239 4495 1386 4552 valet
1422 4513 1436 4550 :
1469 4496 1613 4566 quod
1647 4496 1721 4552 si-
1745 4557 1800 4583 “
1824 4510 2014 4568 Ατηοη
2033 4552 2049 4578 ο
2077 4492 2171 4583 φὴ
2202 4514 2267 4568 de
2296 4512 2573 4569 montibus
2602 4511 2818 4566 Arabiae
2857 4509 3213 4575 descendens,
3241 4519 3296 4564 et
3319 4525 3420 4573 per

124 4586 353 4658 gniﬁcat
397 4586 654 4643 contritio
689 4586 1010 4642 tabularum.
1043 4586 1295 4644 Profecto
1323 4605 1433 4645 non
1474 4557 1714 4659 cogimur

1824 4557 2049 4578 --.-.ν.,,
2078 4557 2171 4583 ν..
2202 4557 2266 4568 ..ν
2297 4557 2572 4569 ...ν..-.,,,.,
2602 4557 2817 4566 --.ηπ
2861 4557 3213 4575 _------_--.-,
3245 4557 3295 4564 ν-
3323 4557 3410 4573 νη-

1827 4614 2001 4662 totum
2064 4607 2337 4661 desertum
2392 4605 2594 4669 fluens,
2650 4605 2705 4658 in
2763 4611 3012 4672 stagnum
3073 4601 3416 4673 Asphaltiten

125 4679 374 4736 violento
407 4679 687 4735 intellectu
730 4679 1046 4745 subaudire,
1074 4681 1220 4750 quod
1245 4680 1388 4736 Deus
1415 4681 1720 4750 scripserit,

126 4767 213 4822 ubi
261 4768 557 4840 Scriptura
585 4769 754 4826 dicit:
794 4787 813 4822 ι
841 4767 911 4824 Et
951 4776 1074 4824 erat
1111 4769 1188 4826 ibi
1239 4769 1454 4839 Moyses
1491 4770 1550 4826 in
1585 4786 1720 4826 con-

125 4868 315 4926 spectu
371 4857 588 4914 Domini
631 4859 992 4931 quadraginta
1037 4860 1232 4916 diebus
1266 4869 1323 4916 et
1357 4861 1725 4933 quadraginta

125 4953 405 5008 noctibus.
428 4950 634 5008 Panem
661 4968 770 5009 non
805 4955 1178 5020 manducavit,
1203 4963 1261 5012 et
1283 4970 1481 5026 aquam
1508 4972 1617 5012 non
1642 4957 1726 5012 bi-

126 5039 224 5098 bit.
273 5045 347 5100 Et
398 5047 621 5117 scripsit
670 5047 728 5102 in
769 5049 968 5104 tabulis
1013 5051 1180 5106 verba
1229 5053 1574 5120 testamenti,
1599 5074 1618 5107 ι
1651 5054 1727 5111 ibi

129 5134 286 5192 valde
335 5147 500 5193 sonat
543 5139 831 5209 scripsisse
880 5138 1124 5211 Moysen.
1171 5143 1284 5198 Sed
1319 5145 1444 5201 ideo
1478 5150 1727 5220 superius

129 5224 274 5283 Deus
322 5242 386 5285 se
415 5231 669 5298 promisit
711 5232 1068 5303 scripturum,
1109 5242 1169 5289 et
1212 5235 1268 5289 in
1303 5235 1727 5298 Deuteronomio

129 5331 238 5375 non
259 5321 446 5377 solum
470 5323 544 5378 ita
560 5325 900 5396 promisisse,
916 5341 1105 5381 verum
1118 5327 1287 5383 etiam
1313 5329 1429 5399 ipse
1441 5330 1729 5402 scripsisse

127 5422 416 5480 narratur,
441 5424 503 5471 ut
526 5415 882 5486 signiﬁcetur,
902 5419 1147 5488 quodait
1172 5421 1467 5492 Apostolus
1492 5441 1506 5478 :
1537 5442 1556 5474 ι
1585 5424 1729 5482 Deus

127 5512 214 5559 est
239 5505 392 5561 enim
419 5507 514 5578 qui
542 5516 798 5579 operatus
842 5518 930 5566 est
973 5510 1030 5566 in
1057 5511 1218 5569 nobis
1244 5522 1301 5570 et
1328 5513 1470 5571 velle
1505 5523 1563 5571 et
1599 5531 1729 5588 ope-

130 5597 242 5654 rari
276 5613 384 5668 pro
410 5600 554 5657 bona
580 5601 899 5659 voluntate»
934 5600 1117 5675 (Phil.
1140 5604 1238 5678 ιι),
1267 5606 1373 5663 hoc
1405 5616 1523 5676 est,
1562 5607 1616 5664 in
1646 5609 1730 5665 eis

130 5689 225 5757 qui
273 5703 350 5744 ex
395 5690 500 5747 ﬁde
535 5693 770 5764 gratiam
800 5696 1120 5766 suscipiunt,
1151 5706 1208 5752 et
1236 5714 1346 5754 non
1379 5713 1535 5755 suam
1557 5697 1729 5771 justi-

133 5780 268 5839 tiam
298 5783 490 5842 volunt
509 5796 812 5854 exstruere,
835 5789 929 5845 sed
948 5787 1176 5858 iustitia:
1200 5793 1297 5850 Dei
1325 5792 1552 5863 subjecti
1581 5809 1728 5863 esse,

467 5875 748 5941 ΡΔτιιοι..
792 5877 1012 5944 CVlll.

1825 4700 2092 4771 erumpit,
2136 4699 2380 4755 dividens
2425 4697 2720 4754 Moabitida
2761 4706 2817 4752 et
2862 4695 3250 4752 Ammonitida.
3289 4697 3419 4755 Haec
3468 4720 3474 4771 ς

1827 4799 2010 4846 autem
2051 4799 2198 4846 terra
2238 4797 2322 4845 est
2361 4786 2664 4855 fructifera,
2699 4796 2754 4844 et
2783 4788 3065 4845 hominum
3110 4789 3416 4847 multitudi-

1829 4896 1954 4938 nem
1987 4880 2060 4935 ibi
2093 4880 2437 4937 nascentium
2467 4879 2612 4935 alere
2643 4880 2880 4950 copiosa.
3191 4875 3210 4885 ”

1907 4993 1928 5025 ‹
1971 4973 2340 5039 Quamobrem
2378 4989 2486 5028 non
2541 4972 2732 5028 habuit
2775 4981 2986 5044 partem
3029 4975 3190 5043 Levi,
3239 4991 3416 5048 neque

1836 5084 1856 5118 ‹
1900 5067 2302 5136 possessionem
2329 5081 2454 5121 cum
2501 5063 2761 5122 fratribus
2801 5067 2954 5122 suis:
2988 5068 3115 5139 quia
3157 5067 3272 5138 ipse
3311 5069 3417 5124 Do-

1837 5173 1856 5209 ‹
1902 5158 2083 5213 minus
2117 5156 2388 5226 possessio
2410 5155 2527 5225 ejus
2569 5165 2672 5223 est,
2702 5158 2842 5213 sicut
2863 5158 3118 5230 promisit
3157 5158 3414 5213 Dominus

1836 5268 1854 5302 ι
1902 5248 2048 5306 Deus
2087 5257 2234 5316 tuus,
2262 5257 2415 5303 etc.»
2461 5246 2574 5304 Nisi
2605 5262 2702 5320 per
2752 5251 2894 5304 hanc
2941 5250 3144 5304 tribum
3192 5247 3415 5303 univer-

1829 5355 1952 5396 sum
1991 5340 2170 5411 regale
2209 5339 2601 5406 sacerdotium,
2643 5341 2788 5412 quod
2829 5342 2895 5396 ad
2931 5356 3130 5396 novum
3179 5340 3418 5411 pertinet

1830 5441 2250 5500 testamentum,
2282 5432 2429 5489 nullo
2456 5434 2617 5489 modo
2660 5434 2807 5489 visus
2850 5439 2994 5488 esset
3032 5431 3216 5488 dicere
3254 5433 3418 5489 homo

1833 5526 1926 5594 qui
1959 5539 2026 5580 ex
2062 5524 2254 5580 eadem
2295 5525 2438 5580 tribu
2479 5540 2588 5580 non
2634 5532 2781 5588 erat,
2812 5522 2948 5577 Pars
2978 5539 3094 5576 mea
3135 5523 3414 5579 Dominus.

1829 5614 1898 5671 Et
1935 5616 1992 5672 in
2029 5616 2136 5672 alio
2172 5615 2386 5674 Psalmo
2426 5631 2442 5672 :
2478 5616 2738 5672 Dominus
2775 5630 2898 5685 pars
2933 5613 3238 5672 hereditatis
3287 5628 3416 5670 mea

1832 5708 2010 5784 (Ρεαι.
2037 5710 2161 5785 xv).

2907 5882 2989 5951 28
