3890 6340
138 370 142 373 ’
171 358 274 419 877

985 348 1385 411 ENARRATIO
1423 347 1652 409 SUPER
1670 343 2312 429 'DEUTERONOMIUM.
2349 373 2423 386 —-
2456 342 2586 401 LIB.
2623 342 2686 399 Il.

3337 345 3442 413 878

170 485 298 543 ergo
319 469 374 525 in
402 471 687 526 bortomm
716 458 873 524 more
914 462 1110 539 aquam
1141 461 1291 524 ducit
1318 462 1600 539 irriguam,
1632 464 1757 535 q‘uia
1784 460 1836 528 Α
1860 460 2067 518 ultimis
2090 456 2482 518 incarnationis
2512 473 2623 514 suae
2646 454 2967 529 mysterium
2990 453 3139 511 facit.
3170 474 3189 509 ‹
3218 456 3446 525 Quando

169 563 416 621 carnales
457 564 685 633 quique,
716 562 810 633 qui
836 568 1161 633 praesentem
1192 550 1505 615 felicitatem
1553 558 1756 613 habere

170 665 295 713 ante
321 656 505 712 omnia
536 662 815 727 appetunt,
842 654 897 711 in
930 656 1033 711 hoc
1078 655 1342 719 laborant,
1374 652 1429 709 in
1472 653 1576 708 hoc
1604 648 1757 707 tanto

170 752 289 807 uisu
316 752 591 807 certantes
616 750 858 816 student,
883 759 945 804 ut
967 749 1178 819 copiam
1199 758 1382 802 rerum
1405 744 1459 801 in
1485 745 1588 802 hoc
1606 760 1755 800 mun-

167 841 232 899 do
262 850 388 897 cum
419 842 627 899 deliciis
653 841 982 914 possideant.
1025 839 1133 896 Sed
1182 837 1442 910 spiritalis
1488 834 1749 904 lsraciita,

167 935 253 1007 qui
284 948 385 1006 per
405 932 657 992 ducatum
687 934 855 1008 Moysi
885 949 1139 1007 egressus
1166 938 1250 989 est
1272 932 1337 988 de
1367 924 1624 1003 Egypto,
1648 931 1752 985 hoc

165 1033 264 1095 est,
300 1038 400 1098 per
430 1025 803 1100 magisterium
833 1027 990 1097 legis,
1031 1022 1221 1081 didicit
1267 1024 1516 1079 deserere
1547 1018 1753 1091 cupidi-

167 1124 331 1174 tatem
380 1122 719 1174 mrrenarum
768 1112 1129 1188 voluptatum,
1179 1128 1242 1170 ac
1269 1126 1369 1185 per
1396 1110 1753 1185 dispensatio-

168 1222 287 1267 nem
311 1208 439 1267 Jesu
465 1210 690 1279 Christi,
722 1213 927 1266 terram
950 1207 1411 1281 repromissionis,
1436 1212 1654 1262 aeternis
1674 1206 1753 1260 vi-

167 1303 497 1360 delicetvitie
524 1304 936 1370 beatitudinem,
962 1301 1278 1359 habiturum
1299 1316 1357 1357 se
1378 1296 1572 1367 credit,
1600 1310 1755 1354 mon-

168 1400 338 1452 losam
363 1405 418 1453 et
446 1400 809 1469 campestrem
838 1394 1111 1467 regionem
1156 1392 1477 1464 ingreditur,
1508 1394 1754 1444 sanctam

166 1486 415 1545 videlicet
439 1488 765 1555 Ecclesiam,
801 1486 896 1543 ubi
934 1482 1166 1541 altitudo
1204 1484 1493 1549 virtutum,
1518 1486 1575 1537 et
1597 1488 1756 1536 mun-

167 1576 292 1637 ditia
321 1582 587 1640 bonorum
631 1580 839 1639 existit.
882 1578 1014 1648 Quae
1064 1582 1211 1634 terra
1262 1572 1329 1633 de
1359 1573 1498 1632 ctelo
1540 1580 1757 1646 semper

163 1674 401 1747 pluviam
431 1678 731 1748 exspectat,
763 1670 889 1745 quia
920 1674 1203 1729 desursum
1229 1669 1457 1743 gratiam
1486 1664 1758 1724 desiderat

165 1764 366 1823 habere
395 1766 667 1835 divinam;
716 1780 881 1839 quam
908 1764 1171 1820 Dominus
1199 1756 1342 1819 Deus
1380 1776 1595 1833 semper
1619 1760 1756 1817 invi-

155 1854 241 1927 sit,
276 1859 409 1931 quia
448 1861 658 1916 caelesti
688 1857 834 1913 illam
873 1870 1098 1913 munere
1130 1857 1320 1928 replet.
1362 1852 1430 1911 Et
1449 1855 1591 1911 oculi
1612 1850 1757 1911 illius
1781 1846 1831 1912 Β

143 1954 268 2007 sunt
298 1950 369 2007 in
398 1962 462 2006 ea
487 1964 519 2005 a
545 1948 815 2022 principio
836 1949 962 2005 anni
988 1962 1159 2019 usque
1179 1946 1246 2003 ad
1268 1946 1431 2003 ﬁnem
1461 1940 1599 2016 ejus,
1624 1945 1751 2018 quia

142 2040 479 2112 propitiatio
519 2037 637 2108 ejus
666 2038 735 2094 ab
766 2039 919 2095 initio
951 2039 1107 2094 bonae
1144 2036 1443 2094 voluntatis
1473 2046 1646 2108 usque
1684 2037 1755 2093 ad

157 2131 560 2202 perfectionem
590 2130 718 2186 boni
747 2130 927 2202 operis
955 2142 1112 2185 usum
1140 2130 1265 2185 vita:
1303 2140 1517 2199 semper
1548 2126 1751 2201 dlrigit.

160 2220 321 2279 Unde
346 2220 631 2277 Psalmista
658 2223 761 2277 ait:
795 2238 815 2274 ι
864 2220 1016 2279 Oculi
1046 2220 1258 2277 Domini
1290 2236 1455 2292 super
1475 2219 1673 2291 justos,
1698 2227 1756 2277 et

156 2328 321 2369 aures
341 2311 456 2382 ejus
476 2314 530 2368 in
551 2324 740 2388 preces
760 2324 948 2369 eorum
968 2308 1142 2387 (Psal.
1169 2313 1387 2385 χχχιιι).
1412 2328 1431 2367 ι
1459 2312 1589 2369 Tale
1606 2313 1754 2369 enim

154 2400 358 2459 donum
396 2402 677 2475 percipere
720 2418 844 2460 cum
882 2404 1086 2477 ingenti
1131 2400 1421 2473 desiderio,
1454 2404 1597 2460 idem
1626 2416 1755 2476 pro-

152 2494 315 2565 pheta
332 2492 571 2565 postulat
607 2492 834 2552 dicens:
863 2508 882 2548 ‹
912 2490 1285 2554 Misericordia
1316 2495 1434 2569 ejus
1452 2497 1755 2568 praeveniet

156 2604 242 2644 me
278 2583 457 2662 (Psal.
500 2589 678 2661 tvm).
702 2608 723 2645 ι
768 2588 838 2647 Et
862 2590 994 2647 item
1022 2610 1035 2646 :
1066 2606 1086 2643 σ
1131 2586 1526 2657 Misericordia,
1554 2590 1749 2662 inquit,

154 2678 267 2750 ejus
305 2678 676 2755 subsequatur
718 2694 830 2752 me,
863 2682 1118 2741 omnibus
1147 2685 1337 2742 diebus
1357 2680 1483 2741 vita:
1507 2700 1661 2751 mem,
1691 2690 1755 2738 ut

155 2773 453 2832 inhabitem
500 2778 555 2833 in
586 2778 749 2834 domo
790 2777 1031 2846 Domini,
1063 2774 1119 2835 in
1156 2774 1493 2851 longitudine
1542 2778 1755 2834 dierum

154 2862 323 2940 (Paul.
354 2869 519 2943 uti).
543 2888 563 2923 ι
590 2860 658 2926 Et
687 2870 815 2927 item
843 2890 857 2926 :
888 2890 910 2923 ‹
943 2864 1115 2929 Unam
1141 2871 1295 2943 petii,
1321 2872 1422 2939 ait,
1448 2886 1479 2926 a
1502 2870 1753 2938 Domino,

152 2958 291 3017 hanc
327 2962 641 3034 requiram:
695 2966 757 3019 ut
796 2962 1094 3021 inhabitem
1124 2963 1180 3020 in
1228 2965 1389 3021 domo
1431 2962 1673 3030 Domini,
1700 2960 1759 3019 in

150 3046 489 3126 longitudine
514 3054 725 3111 dierum
757 3055 932 3129 (Psal.
958 3058 1130 3130 xxvu).
1165 3078 1183 3111 ι
1218 3054 1357 3113 Hinc
1387 3067 1443 3113 et
1462 3052 1755 3131 Apostolus

148 3146 261 3202 ait:
292 3165 313 3199 ‹
360 3148 514 3205 Deus
537 3150 682 3204 enim
713 3148 807 3221 qui
833 3161 1093 3222 operatur
1129 3150 1184 3206 in
1225 3150 1406 3222 nobis,
1436 3160 1492 3210 et
1534 3151 1674 3210 velle
1701 3160 1757 3210 et

147 3240 413 3311 perlicere
453 3256 555 3313 pro
582 3238 722 3297 bona
748 3241 1026 3300 voluntate
1052 3238 1221 3316 (Phil.
1247 3245 1333 3315 ιι).
1357 3264 1378 3298 ι

216 3354 236 3388 α
267 3336 327 3392 Si
354 3352 494 3409 ergo
513 3330 826 3393 obedieritis
846 3336 1117 3395 mandatis
1142 3338 1302 3407 meis,
1329 3355 1450 3411 quae
1471 3353 1572 3413 ego
1594 3338 1758 3396 hodie

154 3446 172 3479 ι
189 3428 456 3502 praecipio
474 3420 648 3498 vobis,
665 3437 727 3485 ut
746 3426 984 3503 diligatis
1000 3430 1286 3487 Dominum
1306 3430 1477 3488 Deum
1490 3439 1753 3501 vestrum,

154 3537 172 3570 ι
198 3528 250 3577 et
278 3520 545 3577 serviatis
572 3522 621 3577 ei
649 3516 702 3576 in
724 3528 849 3607 toto
875 3524 1038 3578 corde
1062 3531 1272 3590 vestro,
1315 3532 1372 3580 et
1397 3514 1453 3580 iu
1478 3532 1591 3579 tota
1634 3524 1754 3579 ani-

154 3632 171 3665 ‹
198 3631 283 3671 ma
316 3624 531 3683 vestra,
562 3610 713 3671 dabit
759 3614 1000 3686 pluviam
1048 3623 1207 3671 terra:
1247 3624 1446 3672 vestrae
1492 3624 1761 3688 tempora-

153 3724 171 3759 ‹
199 3724 363 3763 neam
400 3717 462 3763 et
507 3708 830 3776 serotinam,
878 3716 941 3762 ut
995 3702 1263 3779 colligatis
1318 3693 1672 3772 frumentum,
1702 3714 1760 3764 et

146 3799 359 3868 vinum,
387 3808 446 3857 et
475 3796 675 3857 oleum.
704 3821 722 3854 ι
760 3799 901 3869 Quid
927 3800 1033 3856 hoc
1074 3799 1194 3856 loco
1225 3814 1324 3872 per
1351 3799 1617 3871 pluviam,
1651 3799 1757 3855 nisi

145 3890 313 3951 verba
338 3909 519 3950 sacra:
549 3894 949 3965 pmdicationis
993 3894 1330 3965 accipimus?
1374 3893 1515 3949 sicut
1540 3894 1607 3949 de
1633 3909 1757 3950 san-

140 3988 245 4044 ctis
280 3984 614 4042 doctoribus
642 3985 711 4039 ab
747 3983 952 4041 oilensa
999 3983 1182 4040 Judaza
1207 3984 1593 4057 praedicatione
1632 4000 1755 4041 sus-

137 4077 350 4150 pensis,
385 4074 657 4146 scriptum
708 4087 792 4132 est
824 4093 838 4129 :
878 4074 1144 4132 Mandabo
1190 4076 1425 4132 nubibus
1454 4090 1524 4131 ne
1567 4075 1760 4146 pluant

143 4187 308 4244 super
345 4185 479 4226 eam
510 4169 740 4225 imbrem
786 4178 1210 4243 temporaneam,
1248 4171 1375 4243 quia
1398 4178 1529 4244 potu
1554 4180 1757 4229 sancta:

145 4261 564 4336 praedicationis
592 4263 905 4333 irrigamur,
932 4278 1057 4319 cum
1094 4278 1222 4320 vera
1258 4261 1566 4321 humilitate
1589 4265 1756 4321 aridi-

148 4364 313 4412 tatem
368 4354 553 4411 nostri
606 4354 787 4411 cordis
841 4355 1204 4425 agnoscimus.
1255 4352 1410 4413 Unde
1464 4366 1611 4414 recte
1657 4372 1755 4431 per

149 4448 503 4507 Psalmistam
533 4448 646 4506 Deo
686 4449 919 4505 dicitur:
950 4469 969 4502 ι
1014 4451 1207 4506 Anima
1238 4466 1380 4520 mea,
1429 4452 1571 4509 sicut
1607 4459 1751 4507 terra

154 4546 263 4602 sine
297 4562 468 4619 aqua,
516 4543 613 4599 tibi
644 4543 778 4617 (Isa.
803 4544 914 4618 ιγ).
937 4566 956 4600 ι
990 4545 1088 4602 His
1127 4546 1391 4603 doctrinm
1427 4546 1644 4604 ﬂuentis
1669 4547 1751 4603 in-

153 4635 293 4695 fundi
329 4637 619 4709 Propheta
660 4637 918 4693 admonet
942 4638 1162 4694 dicens:
1193 4657 1211 4690 ι
1243 4637 1523 4705 Sitientes,
1565 4638 1750 4696 venite

156 4730 214 4783 ad
236 4746 428 4801 aquas.
457 4750 476 4783 ι
525 4727 629 4796 Qui
659 4728 786 4783 dum
815 4740 1065 4785 extrema
1099 4730 1154 4784 in
1173 4738 1330 4800 parte
1360 4731 1545 4787 saeculi
1582 4731 1749 4788 verba

157 4831 349 4879 sancite
396 4820 811 4895 praedicationis
842 4821 1160 4892 accipimus,
1192 4822 1346 4892 quasi
1391 4822 1571 4892 pluvia
1601 4838 1750 4880 sero-

159 4912 259 4969 tina
289 4914 617 4986 irrigantur.
651 4912 754 4981 Qui
783 4913 1041 4971 nimirum
1063 4915 1321 4972 serotinis)
1342 4913 1657 4986 praedicatio
1681 4914 1749 4970 ad

159 5016 246 5059 nos
271 5006 530 5077 pervenit
559 5018 634 5060 ex
662 5002 780 5072 ejus
808 5006 1095 5073 sacriﬁcio,
1143 5007 1237 5077 qui
1276 5023 1375 5079 per
1402 5006 1751 5064 Psalmistam

159 5095 259 5150 ait:
290 5116 310 5149 ‹
338 5098 599 5156 Elevatio
623 5112 882 5153 manuum
900 5112 1168 5166 mearum,
1192 5100 1519 5157 sacriﬁcium
1538 5114 1753 5172 vesper-

162 5184 338 5245 tinum.
363 5211 382 5245 ι
420 5191 567 5259 Quia
601 5189 750 5243 enim
788 5189 1117 5261 Redemptor
1159 5199 1343 5247 noster
1382 5191 1540 5261 juxta
1566 5192 1752 5248 mundi

162 5276 308 5335 ﬁnem
336 5284 448 5337 vim
477 5281 936 5353 persequentium
975 5281 1220 5352 pertulit,
1269 5284 1618 5353 semetipsum
1651 5298 1751 5353 pro

160 5370 305 5428 nobis
328 5373 679 5430 sacriﬁcium
702 5373 872 5428 dedit.
909 5372 1113 5443 Populo
1149 5387 1281 5445 ergo
1314 5374 1751 5446 repromissionis

162 5466 352 5521 terram
378 5467 689 5530 intrature,
709 5465 890 5535 pluvia
912 5475 1262 5538 temporanea
1286 5475 1344 5524 et
1369 5469 1607 5525 serotina
1632 5486 1755 5540 pro-

164 5553 409 5627 mittitur,
435 5559 591 5631 quod
622 5571 724 5613 nos
767 5557 969 5614 factum
999 5558 1318 5629 spiritaliter
1346 5562 1457 5633 jam
1483 5562 1749 5619 videmus.

166 5639 601 5719 Temporaneam
649 5648 850 5720 quippe
891 5651 1132 5723 pluviam
1176 5654 1345 5723 dedit,
1391 5657 1521 5728 quia
1567 5656 1754 5714 electis

167 5741 270 5797 suis
284 5744 477 5814 priore
504 5751 762 5814 tempore
784 5741 920 5815 legis
957 5744 1292 5804 intellectum
1318 5749 1565 5806 contulit.
1596 5750 1756 5806 Sero-

169 5837 572 5912 tiuamquoque
600 5837 841 5909 pluviam
861 5839 1069 5909 tribuit,
1095 5841 1221 5923 quia
1252 5844 1538 5915 praedicari
1567 5842 1756 5902 diebus
1796 5918 1811 5923 ἡ
1828 5898 1857 5925 _._

1857 556 2065 614 sederis
2087 555 2145 611 in
2168 554 2330 612 domo
2360 563 2477 620 tua,
2502 556 2558 610 et
2587 548 2953 607 ambulaveris
2977 544 3031 605 in
3057 549 3168 618 via,
3202 555 3257 607 et
3286 556 3444 611 ac'cu.

1860 668 1880 706 α
1906 652 2091 710 bueris
2116 658 2278 723 atque
2306 649 2635 714 sumseris,
2667 645 2877 702 scribes
2898 658 2964 701 ea
2994 650 3163 717 super
3187 654 3371 718 postes
3392 656 3449 705 et

1861 764 1880 798 ι
1904 744 2102 816 januas
2124 744 2177 800 in
2200 746 2361 801 domo
2382 752 2497 811 tua,
2528 746 2591 798 ut
2612 738 3043 812 multiplicemur
3067 736 3184 796 dies
3212 740 3292 797 tui
3313 746 3367 798 et
3388 742 3451 796 ﬁ-

1860 837 2104 892 aliorum
2152 844 2399 903 tuorum,
2455 834 2512 891 in
2564 840 2713 890 terra
2744 842 2906 904 quam
2939 830 3143 905 juravit
3185 832 3448 893 Dominus

1859 943 1880 979 ι
1908 927 2157 998 patribus
2185 926 2311 992 tuis,
2343 932 2450 981 etc.
2493 945 2510 977 ι
2540 920 2681 991 Quid
2722 930 2807 980 est
2836 918 2980 995 quod
3010 925 3267 995 praecepit
3308 920 3451 999 Moy-

1855 1035 1944 1076 ses
1986 1017 2373 1075 commendans
2414 1016 2582 1072 vcrba
2613 1014 2850 1083 Domini,
2880 1025 2934 1073 et
2964 1017 3075 1073 ait:
3107 1036 3125 1069 ‹
3184 1016 3449 1075 Scribetis

1854 1125 2016 1182 super
2044 1109 2229 1164 limina
2266 1107 2552 1164 domorum
2582 1114 2887 1164 vestrarum
2918 1129 2937 1161 ι
2970 1116 3093 1164 cuiu
3119 1102 3222 1166 hoc
3250 1126 3448 1167 secun-

1854 1200 1983 1257 dum
2026 1200 2418 1272 proprietatem
2468 1206 2627 1255 nemo
2674 1198 2867 1255 fecisse
2904 1198 3271 1257 lsraelitarum
3300 1218 3451 1259 com-

1854 1292 2191 1348 memoratur
2219 1292 2307 1347 vel
2333 1291 2586 1365 legatur?
2611 1290 2748 1360 Quia
2778 1304 2877 1348 nec
2924 1292 3212 1365 quisquam
3247 1300 3446 1368 potest,

1853 1384 1960 1441 nisi
1989 1384 2129 1440 forte
2157 1382 2364 1441 dividat
2394 1396 2459 1440 ea
2504 1396 2603 1455 per
2627 1382 2830 1441 multas
2855 1372 3041 1455 partes
3070 1385 3261 1443 domus
3297 1403 3408 1444 suae
3426 1387 3452 1441 ‘l

1855 1473 1940 1530 An
1989 1470 2339 1548 hyperbolica
2366 1476 2768 1536 commendatio
2818 1482 2921 1545 est,
2974 1478 3117 1535 sicut
3152 1468 3322 1537 multa
3363 1479 3448 1537 di-

1857 1566 2088 1623 cuntur?
3460 1584 3471 1589 ·

2482 1654 2713 1719 CAPUT
2742 1658 2831 1717 Ill.

1857 1773 1937 1831 De
1959 1791 2020 1848 ego
2044 1776 2183 1848 quod
2211 1768 2445 1848 prohibet
2469 1775 2781 1848 holocausta
2805 1778 2861 1832 in
2898 1778 3043 1832 omni
3075 1775 3191 1833 loco
3223 1775 3451 1834 Domino

1927 1846 2129 1918 offerri,
2167 1846 2453 1919 primitias,
2483 1846 2814 1919 decuriasque
2855 1849 3076 1915 comedi,
3102 1848 3194 1904 sed
3222 1858 3455 1906 tantump

1928 1916 2085 1973 mede
2107 1916 2176 1973 ιη’
2191 1917 2305 1974 loco
2324 1932 2478 1991 quem
2512 1916 2736 1990 elegerit
2752 1918 3031 1975 Dominus.

1930 2023 2082 2105 (Car.
2113 2026 2238 2108 xu.)
2272 2052 2291 2085 ‹
2325 2032 2470 2090 Cave
2502 2040 2573 2090 ne
2617 2028 2815 2090 oﬁ‘eras
2866 2033 3183 2092 holocausta
3215 2026 3271 2092 in
3301 2036 3454 2092 omni

1821 2178 1830 2191 ο
1865 2138 1884 2174 ι
1914 2122 2037 2181 loco
2061 2140 2222 2196 quem
2245 2122 2471 2194 videris,
2516 2127 2612 2185 sed
2636 2127 2693 2184 in
2718 2143 2784 2184 eo
2826 2144 2989 2199 quem
3021 2120 3247 2204 elegerit
3269 2124 3456 2187 Domi-

1862 2237 1881 2271 σ
1912 2235 2034 2275 nus.
2061 2218 2124 2274 In
2146 2236 2255 2275 una
2281 2218 2523 2277 tribuum
2567 2229 2787 2278 tuarum
2815 2215 3013 2279 olleres
3041 2222 3269 2291 hostias,
3296 2231 3353 2279 et
3381 2223 3458 2281 fa-

1862 2329 1882 2363 c
1914 2311 2027 2367 cies
2059 2327 2404 2385 quaecunque
2426 2314 2688 2385 praecipio
2732 2315 2853 2384 tibi,
2891 2323 2949 2373 et
2995 2298 3223 2389 maligna.
3257 2337 3278 2372 ι
3311 2316 3455 2387 Quid

1854 2415 2036 2463 autem
2065 2417 2150 2465 est
2170 2409 2316 2481 quod
2341 2406 2431 2466 lex
2463 2410 2741 2469 lsraclitas
2770 2420 2921 2469 vetat
2944 2412 3001 2468 in
3034 2412 3184 2469 omni
3213 2411 3334 2468 loco
3357 2410 3457 2466 ho-

1851 2493 2100 2555 locausta
2124 2496 2342 2568 oll‘erre,
2376 2500 2471 2558 sed
2494 2502 2550 2558 in
2579 2518 2647 2560 eo
2674 2519 2838 2576 quem
2884 2504 3112 2578 elegerit
3145 2502 3409 2561 Dominus
3427 2503 3453 2557 ‘I

1794 2658 1805 2665 ᾗ
1853 2587 1961 2644 nisi
1990 2598 2052 2645 ut
2094 2606 2193 2662 per
2216 2586 2325 2649 hoc
2378 2602 2623 2666 amputet
2651 2596 3001 2652 occasionem
3031 2594 3193 2650 idolis
3245 2592 3455 2649 sacriﬁ-

1855 2680 2037 2740 candi.
2070 2682 2197 2741 ideo
2221 2686 2367 2742 enim
2399 2688 2481 2744 eis
2506 2690 2765 2760 praecepit
2792 2690 2849 2745 in
2893 2689 3095 2761 templo
3117 2697 3173 2745 et
3201 2690 3256 2744 in
3283 2688 3457 2744 altare

1855 2776 2076 2834 Domini
2104 2779 2317 2837 hostias
2344 2780 2565 2850 oil'erre,
2587 2792 2649 2838 ut
2676 2783 2768 2839 ubi
2800 2782 2988 2854 religio
3016 2784 3229 2855 integra
3253 2784 3458 2839 existe—

1855 2868 1975 2936 bat,
2005 2869 2081 2924 ibi
2111 2878 2168 2926 et
2185 2870 2367 2928 cultus
2393 2888 2670 2945 congruus
2705 2874 3078 2930 exhiberetur.
3110 2872 3334 2946 Mystice
3361 2888 3458 2930 aus

1857 2968 1969 3017 tem
1994 2959 2172 3015 innuit
2216 2962 2377 3019 nobis
2404 2963 2612 3020 nullum
2645 2965 2996 3033 sacriﬁcium,
3020 2964 3231 3021 nullum
3258 2979 3459 3021 munus

1856 3050 1970 3109 Deo
1998 3055 2336 3126 aceeptabiie
2383 3055 2504 3113 fore
2552 3065 2709 3115 extra
2755 3057 3058 3115 Ecclesiam
3104 3058 3455 3128 catholicam,

1857 3148 1987 3220 quia
2016 3149 2137 3222 ipse
2169 3159 2252 3207 est
2300 3150 2455 3209 locus
2478 3167 2643 3224 quem
2692 3152 2858 3227 elegit
2885 3152 3171 3223 Dominus,
3202 3161 3266 3210 ut
3289 3159 3460 3225 ponat

1781 3236 1828 3301 C
1857 3260 2061 3302 nomen
2090 3262 2251 3303 suum
2276 3247 2375 3315 ibi,
2404 3256 2462 3304 et
2484 3246 2698 3305 habitet
2720 3247 2777 3304 in
2795 3262 2881 3304 eo.
2913 3246 3069 3307 Unde
3092 3256 3150 3305 et
3175 3247 3456 3319 sequitur:

1866 3356 1888 3392 ι
1912 3337 2034 3397 Non
2062 3340 2272 3413 poteris
2294 3342 2586 3400 comedere
2603 3342 2661 3399 in
2683 3341 2902 3415 uppidis
2918 3341 3190 3400 decimam
3213 3341 3458 3403 frumen-

1866 3449 1887 3485 ι
1914 3432 1959 3490 ti
1992 3440 2048 3489 et
2078 3434 2192 3489 vini
2227 3441 2282 3491 et
2308 3428 2416 3491 olei
2463 3434 2564 3503 tui,
2602 3435 2966 3508 primogenita
3002 3443 3376 3493 armentorum
3401 3442 3457 3491 et

1864 3539 1887 3576 σ
1912 3538 2193 3595 pecorum,
2226 3534 2282 3578 et
2311 3525 2496 3581 omnia
2523 3541 2646 3595 quas
2670 3527 2907 3593 voveris,
2952 3533 3011 3583 et
3040 3526 3313 3597 primitias
3342 3539 3458 3585 ma-

1867 3630 1886 3664 ι
1913 3628 2081 3668 nuum
2108 3621 2358 3682 tuarum;
2398 3616 2495 3672 sed
2521 3630 2707 3672 coram
2756 3616 2988 3673 Domino
3013 3614 3128 3673 Deo
3155 3623 3250 3672 tuo
3276 3630 3457 3671 come—

1865 3720 1887 3755 ι
1914 3702 2012 3759 des
2036 3718 2122 3771 ea,
2147 3704 2204 3759 in
2234 3704 2356 3762 loco
2381 3720 2542 3777 quem
2587 3706 2819 3780 elegerit
2848 3707 3113 3765 Dominus
3138 3708 3286 3765 Deus
3310 3716 3450 3772 tuus,

1866 3812 1886 3847 ι
1914 3802 1971 3852 et
1994 3801 2054 3849 tu
2078 3802 2134 3851 et
2162 3794 2310 3851 titius
2340 3803 2492 3863 tuus,
2519 3804 2577 3852 et
2599 3795 2712 3853 ﬁlia
2748 3805 2863 3863 tua,
2918 3810 3112 3854 servus
3145 3806 3200 3854 et
3228 3797 3452 3866 famula,

1864 3907 1886 3943 ι
1914 3897 2079 3962 atque
2105 3887 2325 3948 Levites
2354 3892 2450 3962 qui
2478 3900 2662 3948 manet
2689 3893 2744 3948 in
2786 3890 3017 3948 urbibus
3048 3891 3155 3947 tuis
3179 3907 3196 3957 ;
3223 3899 3279 3946 et
3305 3891 3454 3946 laeta-

1862 4004 1884 4039 c
1911 3986 2079 4053 beris,
2109 3994 2165 4043 et
2195 3985 2462 4044 reficiaris
2488 4001 2675 4044 coram
2720 3986 2953 4044 Domino
2983 3985 3096 4042 Deo
3121 3993 3218 4041 tuo
3243 3986 3300 4041 in
3322 4000 3455 4040 cun-

1862 4097 1883 4132 4
1913 4079 2017 4134 ctis
2038 4079 2105 4133 ad
2132 4092 2255 4149 quae
2278 4079 2590 4136 extenderis
2629 4092 2850 4135 manum
2874 4087 3042 4134 tuam.
3074 4097 3095 4131 ι
3141 4076 3453 4135 Secundum

1857 4170 2215 4242 tropologiam
2263 4172 2590 4228 contradicit
2625 4172 2783 4227 nobis
2818 4186 2977 4227 sacra
3025 4168 3333 4241 Scriptura,
3380 4184 3451 4226 ne

1856 4260 2204 4316 eomedamus
2226 4246 2280 4316 in
2306 4262 2523 4332 oppidis
2551 4263 2757 4318 nostris
2784 4263 3056 4318 decimam
3102 4261 3361 4317 frumenti
3391 4268 3449 4317 et

1853 4351 1965 4406 vini
1991 4360 2049 4408 et
2074 4352 2200 4420 olei,
2234 4354 2360 4423 quia
2398 4354 2556 4410 valde
2605 4354 2890 4426 indignum
2921 4365 3004 4409 est
3052 4361 3113 4407 ut
3154 4354 3294 4407 dona
3329 4367 3450 4421 qua:

1854 4459 1922 4500 ex
1951 4444 2135 4501 divina
2161 4445 2412 4517 largitate
2440 4454 2724 4517 percepta,
2772 4446 3001 4501 Domino
3030 4443 3146 4498 Deo
3164 4443 3450 4499 universo-

1853 4554 1975 4593 rum
2025 4538 2327 4604 offerimus,
2357 4555 2423 4595 ea
2458 4540 2663 4596 nostris
2690 4537 2899 4593 viribus
2924 4535 3012 4591 vel
3056 4535 3449 4592 benevolentia

1775 4604 1829 4666 Ῑ)
1853 4630 2211 4685 ascribamus.
2243 4628 2416 4685 Olfert
2438 4644 2571 4701 ergo
2611 4629 2881 4685 decimam
2909 4626 3167 4682 frumenti
3200 4628 3286 4683 vel
3311 4629 3444 4696 viri,

1856 4726 1941 4780 vel
1970 4724 2074 4781 olei
2102 4726 2155 4780 in
2184 4725 2397 4796 oppidis
2445 4726 2584 4791 suis,
2625 4725 2718 4796 qui
2744 4724 2832 4779 vel
2858 4722 3056 4779 bonam
3079 4723 3442 4794 voluntatem,

1855 4819 1941 4875 vel
1962 4818 2195 4889 gratiam
2235 4818 2558 4889 spiritalem,
2586 4817 2671 4873 vel
2699 4818 2961 4873 virtutum
2990 4830 3147 4887 opem
3187 4817 3300 4873 suis
3332 4831 3448 4874 me-

1856 4912 1998 4979 ritis,
2036 4911 2120 4967 vel
2166 4913 2402 4983 proprim
2433 4912 2623 4968 virtuti
2670 4912 2910 4982 deputat,
2956 4917 3012 4966 et
3054 4911 3181 4966 inde
3206 4912 3447 4983 graviter

1857 5003 2028 5060 Deum
2076 5004 2323 5071 oﬂ‘endit,
2365 5018 2490 5060 cum
2526 5018 2682 5059 suam
2710 5016 2816 5059 non
2857 5004 2953 5060 Dei
2982 5004 3198 5059 laudem
3226 5003 3441 5074 quaerit.

1854 5098 1951 5157 ille
1981 5115 2111 5172 ergo
2140 5101 2195 5156 in
2218 5100 2338 5155 loco
2363 5098 2474 5155 Deo
2502 5099 2676 5155 electo
2700 5105 2824 5155 Vota
2850 5110 2946 5154 sua
2973 5097 3079 5153 rite
3114 5102 3169 5153 et
3196 5097 3445 5152 ordinate

1857 5194 2113 5258 exsolvit,
2149 5193 2243 5263 qui
2272 5192 2416 5262 quod
2446 5192 2502 5247 in
2545 5206 2605 5248 se
2634 5192 2762 5247 boni
2803 5192 3067 5265 agnoscit,
3116 5189 3223 5243 hoc
3248 5186 3443 5243 divina:

1856 5286 2047 5357 pietati
2076 5298 2183 5340 non
2227 5294 2340 5339 sua:
2386 5282 2574 5340 virtuti
2617 5284 2825 5342 tribuit.
2867 5283 3105 5339 Affectus
3130 5279 3275 5334 enim
3300 5290 3444 5335 vera:

1855 5379 2183 5436 humilitatis
2230 5380 2395 5449 atque
2439 5379 2782 5444 innocentiae,
2835 5378 3040 5444 absque
3080 5371 3245 5428 dubio
3288 5369 3441 5427 locus

1853 5479 1939 5527 est
1965 5484 2127 5542 quem
2175 5462 2338 5541 elegit
2382 5466 2663 5527 Dominus.
2719 5471 2787 5525 Et
2817 5464 2909 5539 qui
2938 5467 2992 5519 in
3019 5480 3086 5521 eo
3110 5463 3266 5519 bonis
3308 5472 3440 5534 ope-

1857 5564 2010 5621 ribus
2038 5563 2240 5632 studet,
2265 5563 2523 5619 nimirum
2571 5565 2682 5619 Deo
2704 5576 2802 5633 per
2827 5564 3037 5630 gratum
3062 5566 3261 5611 munus
3290 5553 3445 5611 exhi-

1859 5657 1972 5714 bet.
2000 5656 2131 5713 lnde
2162 5656 2252 5714 lex
2293 5650 2446 5728 jubet
2481 5656 2653 5711 ﬁlium
2699 5666 2762 5707 ac
2806 5651 2991 5715 tiliam,
3024 5660 3241 5705 servum
3270 5660 3335 5705 ac
3359 5645 3443 5704 fa-

1861 5750 2090 5819 mulam,
2115 5759 2279 5821 atque
2322 5750 2585 5815 Levitam,
2617 5753 2802 5802 coram
2830 5742 3062 5799 Domino
3089 5741 3261 5799 laetari
3284 5749 3448 5816 atque

1863 5844 2111 5912 reﬁcere,
2161 5844 2290 5916 quia
2341 5840 2667 5915 generaliter
2701 5837 2803 5894 hoc
2831 5843 3165 5909 praeceptum
3192 5835 3447 5892 omnibus
