1988 3170
145 200 198 232 881

556 193 762 223 ἙΝΗΕΒΑΤΙΟ
782 188 1230 227 SUPERIDEUTFBQNOMIUM,
1245 203 1282 216 --»
1297 187 1361 225 LIB.
1375 186 1412 223 ΥΠ,
1426 210 1429 215 ,

1728 184 1786 216 88Ξ

146 270 159 288 ἰ
172 262 225 293 est,
240 260 271 286 et
280 256 382 285 dixerit
394 254 460 283 tibi:
477 254 579 282 Eamus
593 257 623 281 et
636 257 783 288 sequamur
796 250 862 279 deos
875 249 940 280 alie-
949 247 981 286 Δ
991 252 1019 277 et
1028 248 1126 282 serici,
1151 251 1180 277 et
1192 246 1306 281 cocciui,
1332 251 1359 273 et
1382 252 1463 273 omne
1485 244 1586 281 lignum
1603 244 1738 282 thyinum,
1753 249 1785 275 et

146 316 157 334 ‹
170 313 222 334 nos
240 309 310 340 quos
324 303 443 338 ignoras,
468 304 496 327 et
519 299 673 327 servimus
691 297 747 325 eis:
776 303 830 324 non
843 295 938 325 audias

146 362 157 380 ε
169 353 256 381 verba
279 349 421 386 prophetat
441 347 514 374 illius
532 349 581 374 aut
603 344 787 376 somnialoris,
811 342 875 377 quia
890 349 938 370 vos

146 407 156 424 ε
169 399 259 426 tentat
268 405 269 408 π
278 394 410 423 Dominus
421 395 565 425 vester,'et
580 394 613 418 ut
624 390 715 426 palam
738 388 831 421 faciat,
846 392 939 416 utrum

146 453 157 470 ε
170 442 290 478 diligatis
299 448 362 468 eum
375 446 467 467 annon
482 438 511 466 in
525 441 586 465 toto
593 436 677 465 corde
689 439 792 468 vestro,
804 438 833 463 et
845 434 874 462 in
883 437 939 461 tota

146 499 156 516 ι
171 489 263 517 anima
279 490 382 515 vestra.
398 485 543 513 Dominum
554 483 640 511 Deum
649 486 771 510 vestrum
783 479 937 516 sequimini,

146 546 156 562 ι
170 539 198 564 et
212 535 301 570 ipsum
323 533 429 565 timete,
453 531 580 558 Mandata
604 528 677 556 illius
691 527 839 559 custodite,
852 529 880 554 et
892 533 940 552 au-

148 591 157 607 ι
172 581 229 609 dite
242 585 336 608 vocem
350 579 418 614 ejus.
430 577 485 612 ipsi
497 575 635 608 servietis,
647 579 676 602 et
688 574 741 609 ipsi
753 571 938 604 adhaerebitis,

148 637 157 653 ε
176 630 229 654 etc.
243 636 252 653 ι
269 626 298 653 1η
322 624 442 653 editione
466 626 559 650 autem
575 620 649 648 LXX
668 619 706 647 ita
725 619 841 649 habetur
857 625 864 644 :
881 628 890 644 ι
912 615 941 655 Si

147 682 158 699 ί
174 677 264 700 autem
274 670 422 698 surrexerit
435 669 461 696 in
474 672 500 695 te
511 666 641 703 propheta
652 673 700 693 seu
710 664 860 695 somniatur
870 669 941 695 som-

148 728 159 744 ‹
173 718 266 749 nians,
280 720 309 744 et
325 714 432 743 dederit
454 713 503 740 tibi
516 713 622 747 signum
641 710 684 738 vel
697 706 943 745 prodigium,quod

149 774 158 791 ‹
173 765 281 792 locutus
293 767 336 791 est
350 762 445 789 dicens
458 769 464 787 ε
481 759 583 787 Eamus
600 761 629 786 et
643 756 796 786 serviamus
811 754 863 783 diis
877 753 944 781 alie-

149 819 158 836 ‹
171 810 225 841 nis,
240 816 309 844 quos
335 806 463 838 nescitis;
488 812 542 832 non
561 802 678 831 audietis
706 801 788 830 verba
804 799 944 835 prophetae

148 854 254 887 «illius,
281 858 309 882 et
336 851 498 881 somniantis
527 850 663 878 somnium
685 848 748 876 illud
762 846 835 882 quod
858 848 944 877 tentat

148 909 220 929 «vos
233 900 364 928 Dominus
386 898 456 925 Deus
479 900 570 924 vester
592 903 641 922 vos
658 895 738 926 scire,
764 900 797 920 an
825 891 943 927 diligatis

149 956 159 973 ε
173 947 317 974 Dominum
332 945 416 972 Deum
434 946 565 975 vestrum,
579 948 613 969 ex
627 944 685 968 toto
700 939 787 967 corde.
798 941 903 970 vestro,
915 927 982 967 et;B

148 999 206 1019 «ex
225 995 282 1018 tota
301 990 390 1017 anima
414 992 535 1015 vestrm:
563 986 620 1014 Hoc
644 985 753 1020 quidem
781 983 943 1017 interpretes

144 1036 237 1064 Latini
251 1043 306 1063 non
317 1035 354 1062 ita
366 1037 523 1069 posuerunt,
539 1033 610 1060 scire
625 1039 661 1058 an
675 1030 804 1065 diligatis,
817 1029 942 1064 quamvis

144 1086 243 1112 eadem
255 1082 390 1112 sententia
409 1081 545 1109 videatur.
557 1080 665 1108 Verum
673 1079 739 1107 illud
753 1078 826 1113 quod
838 1077 942 1105 dictum

144 1133 198 1163 est,
212 1129 289 1161 scire,
302 1127 409 1155 facilius
429 1127 463 1154 ad
488 1126 548 1153 illos
561 1125 689 1158 refertur,
713 1128 744 1152 ut
767 1124 808 1151 sic
824 1123 941 1158 accipia-

146 1180 226 1203 mus:
246 1173 347 1201 Tentat
367 1180 416 1200 vos
435 1173 516 1206 scire,
532 1179 565 1200 ac
580 1172 603 1199 si
629 1172 784 1199 diceretur:
800 1170 942 1198 Tentando

146 1227 197 1248 vos
211 1219 277 1247 facit
290 1219 370 1247 scire.
389 1218 440 1247 Ubi
452 1226 518 1246 sane
534 1219 617 1246 etiam
638 1218 723 1246 voluit
735 1217 781 1246 illa
797 1225 858 1253 qua:
868 1224 887 1244 a
902 1217 943 1245 di-

145 1266 302 1294 vinantibus
326 1274 381 1293 non
406 1265 554 1293 secundum
576 1265 662 1292 Deum
675 1264 815 1296 dicuntur,
831 1264 855 1291 si
869 1263 942 1291 acci-

147 1313 238 1341 derint
251 1321 311 1348 quae
333 1313 437 1345 dicunt,
452 1320 506 1339 non
520 1312 677 1347 accipienda
697 1311 776 1339 sicut
791 1311 866 1344 fiant,
881 1317 943 1346 quae

122 1351 124 1355 ’
146 1358 342 1394 praecipiuntur
355 1357 389 1385 ab
401 1358 451 1391 eis,
473 1364 538 1392 quae
546 1357 672 1385 coluntur
690 1357 724 1384 ab
735 1357 794 1389 eis;
809 1365 863 1385 nec
872 1364 944 1392 pm-

146 1408 191 1432 ter
214 1412 291 1432 suam
314 1408 476 1439 potestatem
495 1404 567 1431 Deus
587 1403 706 1431 ostendit
729 1411 800 1436 esse,
815 1403 889 1439 quod
904 1404 943 1431 ita

146 1450 202 1478 ista
222 1450 390 1486 contingunt,
417 1450 464 1478 sed
479 1450 557 1485 quasi
583 1453 752 1484 quaereretur
765 1457 814 1477 cur
836 1456 869 1477 ea
881 1456 944 1484 per-

148 1496 271 1524 mitteret
282 1496 350 1528 ﬁeri,
366 1503 476 1524 causam
490 1495 647 1524 tentationis
658 1495 792 1530 exposuit,
803 1493 836 1523 ad
848 1502 945 1530 cogno-

149 1544 276 1571 scendam
292 1551 387 1572 eorum
414 1542 595 1575 dilectionem,
621 1545 714 1570 utrum
741 1549 802 1569 eam
826 1541 945 1569 habeant

148 1596 214 1624 erga
227 1589 311 1617 Deum
328 1597 415 1621 suum,
441 1589 475 1616 ad
503 1588 717 1624 cognoscendam
730 1594 797 1615 vero
820 1587 855 1614 ab
876 1586 944 1622 ipsis

149 1636 241 1669 potius
254 1643 335 1670 quam
349 1635 384 1663 ab
397 1634 455 1667 illo,
470 1635 516 1669 qui
534 1634 586 1662 scit
605 1634 698 1661 omnia
708 1637 854 1668 antequam
867 1626 947 1660 fiant.'

148 1680 204 1708 Per
218 1685 304 1709 totum
322 1682 394 1709 enim
419 1681 490 1709 istud
516 1681 676 1716 capitulum,
693 1680 832 1716 legislator
851 1683 947 1708 contra

148 1725 308 1754 idololatras
329 1727 394 1762 agit,
411 1731 438 1754 ct
461 1727 579 1754 maxime
594 1731 689 1754 contra
709 1727 861 1760 haereticos,
877 1734 949 1762 prte-

149 1771 255 1806 cipiens
270 1771 415 1806 unicuique
426 1771 545 1799 fidelium
564 1776 594 1799 ut
610 1775 705 1800 caveat
715 1780 731 1799 a
745 1772 948 1807 deceptionibus

148 1817 391 1853 gentilium,atque
399 1811 602 1845 seductionibus
611 1817 799 1844 haereticorum
810 1817 947 1850 observet,

149 1868 180 1892 et
192 1869 223 1892 ut
235 1872 265 1892 se
278 1867 385 1899 separet
399 1870 414 1891 a
435 1863 544 1897 talibus,
574 1871 679 1891 memor
692 1863 825 1891 Dominici
840 1870 949 1898 praece-

148 1910 192 1946 pti
204 1918 258 1945 quo
278 1911 355 1937 ait”
375 1909 404 1937 Si
427 1911 522 1938 oculus
538 1914 601 1938 tuus
624 1909 791 1937 scandalizat
816 1913 855 1943 te,
882 1916 948 1937 erue

149 1963 215 1983 eum
230 1959 258 1983 et
272 1956 375 1990 projice
393 1956 442 1983 abs
453 1960 490 1983 te.
505 1956 540 1983 Et
553 1956 575 1983 si
599 1963 696 1983 manus
712 1959 756 1983 tua
768 1956 812 1984 vel
826 1963 874 1991 pes
886 1960 950 1984 tuus

151 1999 322 2028 scandalizat
337 2004 375 2033 te,
389 2001 497 2028 abscide
510 2006 571 2028 eum
584 2004 612 2027 et
625 1999 727 2035 projiee
744 2000 793 2027 abs
808 2005 844 2029 te.
859 2001 950 2037 Expe—

148 2045 193 2073 dit
207 2045 280 2074 enim
294 2042 342 2074 tibi
365 2050 395 2074 ut
419 2051 514 2082 pereat
530 2054 612 2074 unum
628 2047 812 2075 membrorum
827 2052 948 2082 tuorum,

148 2099 233 2128 quam
248 2096 334 2120 totum
349 2101 447 2128 corpus
459 2097 536 2121 tuum
555 2097 600 2121 eat
615 2094 641 2121 in
663 2093 815 2129 gehennam
839 2094 947 2130 (Matt/5.

147 2137 190 2174 ν).
203 2148 212 2164 ›
229 2138 305 2166 Unde
322 2139 444 2174 prtedicit
457 2146 567 2174 poenam
582 2140 622 2167 eis
643 2147 703 2174 quae
716 2140 891 2175 superveniet
905 2139 950 2167 in-

149 2183 283 2211 correctis
305 2188 333 2211 et
356 2183 604 2219 impmnitentibus;
622 2185 758 2219 quomodo
774 2191 821 2212 eos
844 2185 950 2220 gladius

149 2233 281 2257 extremae
291 2228 402 2257 ultionis
417 2229 572 2263 interﬁciat,
586 2233 781 2266 consumatque
805 2231 875 2267 ignis
889 2238 950 2265 per-

147 2276 248 2308 petuus
262 2281 371 2302 omnem
384 2275 577 2310 supellectilem
600 2282 706 2309 eorum,
721 2276 773 2303 hoc
790 2280 841 2309 est,
858 2276 946 2310 studia
958 2285 986 2316 D

147 2323 178 2346 et
192 2326 275 2354 opera
287 2326 391 2347 eorum.
408 2319 510 2348 Civitas
521 2320 593 2348 enim
608 2321 665 2354 illa,
680 2328 740 2355 quze
750 2328 843 2348 errore
858 2317 944 2349 rebel-

145 2363 184 2393 lis
199 2371 294 2394 contra
309 2366 453 2394 Dominum
469 2370 497 2395 et
508 2374 602 2395 aversa
618 2370 678 2394 esse
691 2366 864 2400 describitur,
877 2367 944 2394 urbs
958 2372 960 2375 '

103 2410 105 2412 ’
148 2414 192 2439 est
204 2412 302 2440 diaboli
314 2407 456 2448 :Babylon
472 2413 598 2441 videlicet
621 2409 729 2448 magna,
745 2418 807 2439 cum
830 2419 884 2447 qua
899 2420 944 2440 re-

149 2465 198 2494 ges
212 2462 291 2485 terrae
303 2457 430 2486 fornicati
441 2463 512 2493 sunt,
527 2459 596 2487 etde
616 2458 692 2494 cujus
708 2457 886 2486 fornicatione
900 2459 943 2487 bi-

147 2504 248 2531 berunt
259 2512 353 2532 omnes
363 2508 456 2540 gentes
467 2514 474 2538 ;
486 2505 514 2532 in
525 2512 576 2540 qua
587 2509 628 2533 est
636 2504 768 2532 habitatio
779 2505 942 2537 daemonum,

149 2552 178 2577 et
189 2551 312 2578 custodia
323 2551 412 2579 omnis
426 2551 537 2585 spiritus
551 2551 692 2584 immundi,
706 2555 733 2578 et
747 2552 869 2579 custodia
885 2559 945 2579 om-

148 2595 195 2623 nis
207 2596 324 2624 volucris
337 2596 481 2625 immundae
491 2600 518 2624 et
528 2596 644 2624 odibilis.
660 2596 701 2624 Ad
714 2604 794 2632 quam
807 2597 945 2625 civitatem

148 2643 289 2677 pertinent
303 2650 398 2670 omnes
411 2643 519 2678 reprobi
531 2650 539 2676 ;
556 2642 633 2676 cujus
645 2643 786 2670 subversio
799 2651 849 2678 per
865 2643 945 2671 Joan-

120 2725 123 2728 ν
149 2695 215 2715 nem
229 2688 257 2715 in
281 2688 441 2725 Apocalypsi
456 2689 493 2716 ita
521 2688 667 2715 scribitur:
683 2697 693 2713 ‹
709 2688 766 2721 Var,
781 2696 831 2721 vae,
849 2689 945 2716 civitas

149 2734 198 2764 illa
211 2743 307 2771 magna
319 2735 448 2772 Babylon,
469 2735 565 2764 civitas
577 2735 621 2763 illa
637 2734 715 2763 fortis
728 2744 733 2762 :
749 2735 875 2770 quoniam
890 2742 943 2762 una

149 2782 220 2810 hora
234 2783 310 2810 venit
323 2782 454 2817 judicium
472 2786 560 2815 tuum,
573 2786 600 2809 et
611 2782 793 2818 negotiatores
804 2786 884 2808 terrae
894 2780 943 2808 ﬂe-

149 2828 220 2856 bunt
231 2833 260 2856 et
274 2828 405 2864 iugebunt
418 2836 499 2864 super
514 2828 597 2862 illam,
614 2828 740 2863 quoniam
764 2835 869 2855 meroes
884 2827 944 2855 illo-

150 2884 213 2905 rum
229 2883 311 2904 nemo
322 2880 394 2903 emet
407 2876 531 2911 amplius,
554 2883 660 2903 merces
673 2874 732 2903 auri
746 2878 774 2902 et
788 2874 903 2910 argenti,
915 2878 944 2902 et

151 2923 251 2959 lapidis
264 2923 384 2959 pretiosi,
400 2927 428 2951 et
442 2922 605 2959 margaritae,
618 2925 647 2950 et
663 2921 751 2957 byssi,
763 2924 792 2949 et
803 2928 942 2957 purpurae,

989 295 1081 327 omnia
1094 301 1159 323 vasa
1173 294 1273 327 eboris,
1290 297 1318 320 et
1329 292 1419 320 omnia
1429 299 1494 319 vasa
1505 299 1538 319 ex
1553 292 1642 327 lapide
1651 292 1783 328 pretioso,

984 344 1191 377 ‘etteramento,
1206 344 1235 367 et
1246 339 1329 372 ferro,
1341 342 1369 366 et
1382 345 1527 370 marmore,
1539 343 1566 364 et
1579 345 1781 373 cynamomum,

989 392 1016 417 et
1028 394 1181 418 amomum,
1191 390 1218 413 et
1230 385 1445 416 odorameutum,
1457 387 1484 410 et
1495 383 1634 418 unguenti,
1648 387 1675 409 et
1686 381 1783 416 thuris,

989 433 1100 471 etvini,
1115 436 1144 460 et
1155 432 1217 463 olei,
1234 435 1261 458 et
1274 430 1379 463 similae,
1396 434 1423 458 et
1439 429 1531 462 tritici,
1553 433 1580 457 et
1600 428 1786 464 jumentorum

989 482 1018 506 et
1030 478 1133 510 ovituu,
1160 480 1187 512 et
1210 484 1351 511 equorum,
1366 479 1393 502 et
1417 471 1574 507 rhedarum,
1594 478 1621 501 et
1636 474 1785 510 mancipio—

990 532 1061 557 rum,
1073 528 1101 554 et
1116 523 1278 554 animarum,
1295 526 1322 548 et
1340 521 1488 548 hominum.
1515 520 1548 548 Et
1563 528 1642 556 poma
1658 520 1787 548 desiderii

991 568 1088 598 anima:
1105 572 1159 596 tute
1172 567 1355 596 discesserunt
1377 574 1392 593 a
1406 569 1450 592 te:
1478 569 1505 592 et
1527 566 1618 593 omnia
1636 566 1746 602 pinguia
1760 570 1788 593 et

992 615 1065 649 clara
1089 615 1230 650 perierunt
1242 622 1256 640 a
1268 618 1294 640 te
1311 613 1403 649 (Apoc.
1423 612 1512 648 xvm).
1526 622 1535 638 ι
1553 612 1671 640 Cunctas
1695 613 1788 640 mundi

992 664 1157 696 pompashet
1169 667 1203 693 ea
1216 668 1276 694 qum
1290 659 1331 686 vel
1347 659 1471 686 sensibus
1489 659 1609 693 corporis
1625 659 1729 692 suavia,
1746 658 1790 686 vel

992 706 1113 736 externis
1127 710 1190 739 sunt
1203 706 1296 733 usibus
1310 705 1461 737 commoda,
1477 704 1592 732 deﬁcere
1607 705 1707 739 lugent.
1723 704 1791 739 Spe-

994 753 1051 782 cies
1063 752 1137 781 enim
1154 752 1326 779 metallorum
1342 752 1375 778 ad
1387 751 1485 784 visum,
1510 751 1689 778 odoramcnta
1705 751 1737 777 ad
1752 750 1792 777 ol-

994 799 1108 831 factum,
1134 802 1271 834 unguenta
1297 798 1329 824 ad
1346 802 1468 824 tactum:
1489 797 1592 828 vinum,
1622 796 1741 823 triticum
1764 800 1792 823 et

981 847 1094 879 .oleum,
1119 846 1152 874 ad
1172 850 1279 880 gustum
1294 845 1441 880 pertinent.
1466 843 1652 871 Jumentorum
1668 850 1749 878 porro
1764 847 1792 870 et

995 892 1193 927 mancipiorum
1218 891 1348 918 vocabulo
1372 895 1467 917 caetera
1491 890 1668 918 humanitatis
1691 889 1791 916 auxilia

995 937 1085 974 perire
1098 940 1265 972 quaruntur,
1280 936 1377 970 duplici
1397 944 1506 971 genere,
1525 940 1554 962 ut
1568 935 1621 962 dixi
1637 945 1643 961 :
1660 936 1730 969 quod
1745 935 1792 962 de-

996 983 1091 1012 ﬁciunt
1102 983 1153 1010 ista
1168 983 1268 1010 mundo
1289 982 1430 1014 moriente,
1447 982 1488 1009 vel
1503 982 1573 1016 quod
1594 982 1683 1009 miseri
1698 989 1793 1016 super-

994 1030 1074 1059 stites
1086 1037 1180 1058 eorum
1201 1029 1352 1061 interitum,
1368 1029 1413 1063 qui
1427 1028 1519 1056 mundi
1534 1028 1630 1063 gaudia
1645 1032 1731 1055 morte
1749 1034 1793 1054 re-

994 1076 1152 1111 liquerant,
1178 1075 1256 1109 quasi
1289 1083 1345 1102 sine
1374 1074 1491 1102 civitatis
1522 1074 1614 1101 ruinas
1641 1073 1791 1109 deplorent.

998 1130 1009 1148 ι
1022 1121 1084 1150 Filii
1098 1125 1187 1149 estote
1198 1121 1304 1148 Domini
1322 1121 1369 1147 Dei
1392 1120 1485 1147 vestri.
1509 1119 1567 1147 Non
1592 1127 1640 1146 vos
1656 1118 1791 1150 incidetis,

995 1175 1046 1196 nec
1071 1167 1178 1195 facietis
1206 1167 1346 1194 calvitium
1362 1173 1443 1199 super
1458 1169 1576 1197 mortuo,
1599 1164 1727 1193 quoniam
1745 1170 1794 1198 po-

995 1213 1075 1249 pulus
1083 1216 1195 1241 sanctus
1206 1220 1236 1239 es
1244 1212 1358 1239 Domino
1373 1211 1428 1238 Deo
1443 1215 1498 1238 tuo.
1511 1221 1520 1236 ›
1538 1212 1653 1237 Larncm
1672 1209 1794 1237 incidere

995 1262 1024 1287 et
1035 1259 1175 1287 calvitium
1188 1266 1268 1293 super
1290 1262 1408 1290 mortuo,
1433 1257 1532 1285 indicia
1550 1257 1660 1288 fuerunt
1683 1257 1792 1287 luctus:

995 1304 1025 1332 in
1039 1312 1093 1340 quo
1106 1304 1181 1332 luctu
1193 1303 1329 1333 nonnullae
1340 1308 1435 1340 gentes
1448 1303 1550 1339 habent
1568 1302 1795 1331 consuetudinem

996 1358 1090 1379 secare
1111 1358 1227 1385 corpora
1253 1358 1313 1378 sua.
1338 1349 1396 1381 Hoc
1408 1349 1479 1379 Deus
1493 1349 1536 1382 his
1551 1356 1619 1385 quos
1631 1348 1661 1384 in
1675 1347 1795 1376 ﬁliorum

995 1396 1106 1424 nomine
1120 1396 1236 1428 censuit,
1261 1395 1353 1424 facere
1373 1395 1523 1431 prohibuit.
1545 1393 1591 1422 Sic
1617 1393 1690 1425 enim
1712 1393 1795 1428 aﬂligi

997 1450 1079 1478 super
1091 1446 1216 1470 mortuos
1229 1445 1347 1477 oportet,
1361 1445 1392 1469 ut
1413 1447 1464 1469 nec
1487 1440 1515 1467 in
1530 1439 1629 1467 faciem
1641 1438 1731 1470 laedat,
1744 1445 1795 1466 nec

996 1496 1096 1524 corpus
1112 1492 1279 1523 corrumpat,
1297 1495 1313 1514 a
1336 1487 1434 1521 quibus
1455 1493 1506 1514 nos
1526 1484 1627 1513 Paulus
1647 1484 1795 1524 prohibens

997 1535 1054 1562 ait:
1069 1544 1078 1561 ι
1091 1534 1160 1562 Nolo
1174 1542 1223 1562 vos
1237 1534 1373 1569 ignorare,
1390 1532 1499 1565 fratres,
1523 1535 1554 1559 ut
1576 1539 1630 1559 non
1653 1530 1797 1561 contriste-

998 1581 1076 1614 mini,
1089 1581 1160 1609 sicut
1170 1584 1199 1608 et
1212 1580 1314 1613 ueteri,
1326 1579 1371 1615 qui
1386 1586 1464 1614 spem
1485 1585 1539 1606 non
1552 1577 1655 1614 habent
1677 1575 1793 1614 (IﬂTher.

999 1627 1064 1663 iv).i
1075 1626 1142 1654 Nam
1154 1626 1293 1662 quodlibet
1303 1632 1477 1660 eorum,qu:c
1486 1623 1616 1660 praedicta
1628 1627 1692 1653 sunt
1703 1630 1795 1659 agere,

998 1680 1053 1701 non
1065 1676 1108 1700 est
1121 1680 1197 1708 spem
1209 1671 1310 1700 habere
1321 1670 1530 1700 resurrectionis
1539 1674 1719 1702 mortuorum,
1731 1669 1797 1705 quia

998 1723 1130 1754 tanquam
1142 1718 1196 1746 illis
1206 1717 1352 1752 corruptis,
1375 1716 1536 1752 semetipsos
1559 1715 1692 1750 dissipant
1713 1719 1798 1750 atque

999 1769 1187 1799 corrumpunt.
1201 1763 1367 1798 Spiritaliter
1382 1762 1455 1790 enim
1476 1761 1567 1797 capilli
1587 1760 1686 1796 capitis
1700 1767 1796 1796 omnes

998 1809 1133 1837 numerati
1157 1813 1229 1837 sunt.
1254 1808 1308 1844 Ipsi
1332 1808 1405 1837 enim
1426 1807 1511 1843 judici
1532 1810 1564 1835 ut
1580 1810 1655 1842 patet
1670 1810 1698 1834 et
1712 1805 1796 1834 corda

999 1855 1143 1888 scrutanti,
1166 1858 1315 1882 numeratae
1336 1857 1400 1882 sunt
1424 1860 1519 1880 omnes
1536 1852 1723 1887 cogitationes
1743 1857 1796 1885 lno-

1000 1905 1074 1930 atrae.
1087 1899 1148 1928 Non
1170 1903 1278 1935 oportet
1303 1906 1368 1926 erro
1390 1905 1437 1927 eas
1452 1897 1557 1933 agitare
1583 1896 1736 1932 quempiam
1748 1894 1797 1924 vel

1000 1950 1156 1978 concutere,
1167 1946 1220 1974 sed
1235 1953 1285 1974 nec
1296 1944 1392 1974 offerte
1405 1943 1524 1977 diabolo,
1540 1942 1612 1978 quod
1624 1941 1728 1975 faciunt
1736 1940 1796 1978 qui—

1000 1994 1073 2027 dam,
1085 1997 1114 2020 et
1124 1993 1159 2020 de
1170 1992 1304 2025 sensibus,
1321 1991 1349 2019 id
1364 1995 1417 2025 est,
1429 1989 1534 2025 capillis
1556 1989 1661 2019 erinem
1681 1987 1795 2017 otl‘eren-

1000 2043 1052 2071 tes,
1070 2037 1141 2065 sicut
1150 2037 1274 2072 superius
1287 2036 1416 2064 diximus.

1301 2083 1415 2112 CAPUT
1439 2083 1483 2111 Vl.

1000 2130 1039 2159 De
1053 2130 1158 2158 mundis
1172 2134 1195 2157 el
1207 2129 1350 2157 immundis
1370 2127 1541 2161 animalibus,
1555 2131 1581 2156 et
1597 2136 1658 2164 qua
1673 2128 1740 2156 uesci
1754 2127 1794 2156 uel

1237 2173 1288 2192 non
1306 2164 1372 2192 vesci
1392 2163 1492 2191 licitum
1509 2168 1556 2191 est.

1036 2222 1117 2259 (CAP.
1133 2222 1202 2258 nv.)
1218 2231 1228 2248 ‹
1242 2221 1303 2250 Non
1315 2221 1464 2250 comedatis
1487 2226 1547 2254 quae
1561 2218 1701 2251 immunda
1716 2223 1791 2253 sunt.

1003 2278 1012 2296 ι
1030 2269 1087 2298 Hoc
1102 2273 1155 2301 est,
1171 2268 1271 2296 animal
1283 2268 1355 2303 quod
1366 2266 1510 2295 comedere
1521 2265 1635 2294 debetis.
1647 2265 1749 2293 Bovem
1763 2271 1791 2294 et

1002 2324 1012 2341 ι
1030 2322 1118 2347 ovem,
1133 2319 1162 2341 et
1180 2321 1301 2348 capram,
1315 2319 1426 2340 cervum
1450 2315 1478 2339 et
1497 2317 1638 2346 capream.
1650 2309 1804 2344 bubalum,-‘

1001 2369 1012 2386 ‹
1028 2359 1396 2394 tragelaphum,pygargum,
1409 2362 1530 2392 orygem.
1538 2350 1805 2392 eamelopardalimd

1002 2416 1011 2432 ι
1029 2406 1116 2435 Omne
1129 2405 1240 2438 animal,
1256 2404 1329 2440 quod
1342 2404 1372 2431 in
1381 2404 1558 2443 duaspartes
1571 2402 1698 2439 ungulam
1711 2402 1791 2443 findit

1000 2461 1012 2478 σ
1028 2456 1057 2480 et
1067 2451 1197 2484 ruminat,
1208 2449 1368 2482 comedetis,
1382 2454 1435 2478 etc.
1453 2459 1464 2476 ι
1481 2448 1685 2479 Primumenim
1700 2447 1790 2476 scien-

998 2500 1062 2528 dum
1087 2502 1129 2526 est
1151 2496 1283 2533 quidquid
1303 2503 1327 2523 ar
1341 2495 1397 2523 Deo
1414 2494 1570 2523 institutum
1591 2493 1789 2522 est.muudum

995 2556 1067 2581 esse,
1079 2551 1107 2575 et
1124 2547 1152 2574 in
1167 2546 1225 2581 ipsa
1240 2543 1422 2572 institutionis
1446 2542 1609 2571 auctoritate
1631 2544 1787 2577 purgatum.

994 2594 1065 2628 Quid
1078 2600 1143 2628 ergo
1152 2591 1216 2619 est?
1228 2591 1256 2618 In
1281 2589 1443 2618 animalibus
1458 2590 1542 2624 igitur
1556 2594 1647 2615 mores
1666 2586 1787 2621 pingun-

995 2644 1040 2668 tur
1062 2638 1182 2671 humani,
1198 2641 1226 2664 et
1246 2641 1323 2664 actus
1341 2641 1368 2664 et
1388 2637 1550 2667 voluntates,
1566 2641 1600 2661 ex
1619 2631 1719 2666 quibus
1733 2631 1786 2666 ipsi

995 2686 1063 2713 ﬁunt
1075 2683 1170 2712 mundi
1191 2682 1234 2710 vel
1247 2681 1388 2709 immundi.
1405 2681 1469 2708 Haec
1487 2680 1578 2713 itaque
1605 2676 1707 2708 munda
1723 2683 1785 2709 esse

996 2731 1070 2761 dicit.
1088 2739 1097 2756 Ι
1109 2730 1204 2762 Omne,
1212 2728 1310 2764 inquit,
1318 2728 1390 2764 quod
1397 2727 1481 2754 habet
1489 2724 1603 2752 divisam
1612 2721 1784 2758 ungulam,et

994 2778 1113 2806 ruminat
1129 2777 1156 2804 in
1168 2774 1323 2811 pecoribus,
1338 2771 1497 2802 comedetis.
1516 2779 1525 2796 ι
1539 2767 1615 2802 Quod
1631 2775 1693 2795 cum
1709 2766 1785 2794 dice-

994 2828 1047 2857 ret,
1062 2830 1116 2851 non
1129 2829 1237 2858 pecora,
1258 2821 1306 2849 sed
1325 2825 1415 2847 mores
1440 2815 1580 2844 hominum
1600 2812 1783 2842 discernebat.

994 2870 1116 2904 Denique
1130 2869 1159 2896 hi
1173 2867 1297 2896 homines
1314 2863 1407 2893 mundi
1426 2865 1490 2890 sunt
1510 2861 1558 2896 qui
1576 2859 1724 2892 ruminant,
1737 2858 1784 2894 qui

996 2917 1024 2945 in
1036 2924 1084 2944 ore
1094 2921 1201 2950 semper
1214 2914 1323 2950 portant
1334 2908 1412 2947 quasi
1426 2908 1518 2938 cibum
1527 2909 1669 2944 praecepta.
1680 2904 1780 2933 divina.
