3890 6340
415 415 518 471 885

1109 403 1169 461 B.
1207 399 1466 459 RABANI
1501 395 1722 454 MAURI
1757 388 2077 453 ARCHIEP.
2120 386 2431 449 HOGUNT.
2469 386 2753 446 OPERUM
2777 384 2956 441 PARS
2988 383 3035 442 Ῑ.

2276 279 2305 295 ,υ

3576 385 3668 447 ω

415 532 480 587 lli
505 537 558 584 et
579 525 834 597 ungulam
859 522 1070 582 findunt
1088 563 1103 590 ,
1128 521 1256 594 quia
1278 519 1385 578 duo
1409 516 1757 574 Testamenta
1779 513 1917 583 legis
1939 520 1997 569 et
2020 513 2075 573 Α
2096 524 2192 566 sus
2218 508 2328 565 lota
2357 508 2416 563 in
2440 504 2725 564 volutabro
2743 505 2904 561 omni.
2928 522 2946 597 ι
2977 500 3086 558 Sed
3111 500 3257 571 quod
3280 500 3372 559 hic
3395 514 3519 597 qum
3537 499 3671 563 dicta

414 622 828 695 Evangeliorum
850 617 1158 682 credentes,
1181 630 1242 671 se
1260 613 1420 669 ﬁrmo
1440 626 1630 682 gressu
1654 607 1995 674 innocentia,

406 716 743 791 justitiaeque
791 717 1056 769 statuunt.
1097 708 1234 764 item
1260 706 1429 762 Judaai
1470 705 1753 760 ruminant
1779 699 2001 791 quidem

412 807 578 866 verba
605 790 765 881 legis,
788 802 883 859 sed
911 801 1169 874 ungulam
1198 812 1307 854 non
1336 796 1571 861 findunt,
1597 795 1702 851 hoc
1727 799 1831 858 est,
1853 790 2000 862 quod

412 915 515 961 nec
545 898 653 961 duo
686 896 1038 953 Testamenta
1068 891 1203 967 legis
1233 889 1521 959 recipiunt,
1555 903 1656 941 nec
1696 887 1750 941 in
1778 885 1998 939 Patrem

411 1000 469 1055 et
490 989 688 1049 Filium
715 986 842 1041 ﬁdei
864 1001 975 1041 sua:
1004 996 1249 1052 gressum
1279 986 1561 1043 statuunt,
1587 984 1875 1047 propterea
1898 974 2000 1028 im-

410 1081 601 1137 mundi
651 1077 941 1133 habentur.
997 1070 1252 1137 Hmretici
1305 1085 1521 1141 quoque
1568 1068 1697 1123 licet
1740 1066 1998 1137 ungulam

410 1172 624 1235 findunt
648 1171 704 1225 in
738 1169 956 1223 Patrem
1001 1171 1057 1219 et
1102 1163 1299 1218 Filium
1336 1161 1650 1227 credentes,
1683 1169 1740 1213 et
1765 1158 1870 1212 duo
1899 1156 1999 1212 Te-

411 1275 680 1325 stamenta
718 1262 1063 1332 recipientes,
1093 1259 1187 1325 sed
1232 1258 1360 1325 quia
1410 1253 1709 1310 doctrinam
1750 1250 1999 1307 veritatis

413 1361 468 1415 in
496 1373 592 1417 ore
637 1372 745 1412 non
794 1352 1107 1416 ruminant,
1147 1346 1497 1403 nihilominus
1547 1342 1811 1399 immundi
1849 1349 1993 1397 sunt.

416 1469 437 1504 ι
474 1449 551 1504 De
588 1448 674 1502 his
704 1453 885 1500 autem
912 1458 1032 1513 qua:
1058 1440 1336 1496 ruminant
1364 1445 1417 1492 et
1455 1435 1711 1507 ungulam
1754 1449 1861 1488 non
1901 1433 2000 1487 iin-

415 1560 434 1595 ‹
474 1542 642 1605 dunt,
680 1539 795 1595 haec
831 1534 1119 1591 comedere
1155 1546 1263 1587 non
1298 1529 1507 1586 debetis
1545 1546 1559 1581 :
1600 1526 1892 1590 camelum,
1922 1524 1999 1578 le-

414 1653 435 1687 ι
469 1648 677 1705 porem,
704 1626 1151 1699 chaarogryllum.
1183 1624 1316 1692 Quae
1355 1623 1481 1693 quia
1510 1620 1786 1675 ruminant
1807 1626 1861 1674 et
1888 1632 1997 1673 non

336 1718 347 1741 ⁴
413 1743 433 1778 ι
466 1725 715 1789 dividunt
765 1720 1023 1791 ungulam
1051 1758 1066 1784 ,
1122 1713 1404 1771 immunda
1465 1722 1627 1767 erunt
1673 1710 1847 1766 vobis.
1892 1708 1998 1763 Sus

332 1809 345 1835 ί
413 1834 432 1870 ι
467 1830 703 1889 quoque,
723 1812 979 1883 quoniam
1010 1808 1202 1864 dividit
1229 1805 1487 1878 ungulam
1514 1814 1569 1859 et
1598 1818 1707 1858 non
1735 1802 1995 1867 ruminat,

2101 611 2229 661 sunt
2257 601 2485 660 addidit.
2526 598 2732 655 Horum
2777 596 3031 653 carnibus
3068 610 3179 652 non
3206 594 3543 661 vescemini,
3583 610 3671 657 nec

2100 699 2367 755 cadavera
2392 693 2736 765 contingetis,
2764 691 2894 762 quia
2919 689 3201 746 immunda
3221 698 3353 751 sunt
3379 687 3558 754 vobis,
3580 703 3671 753 me

2100 789 2365 848 camelum
2383 828 2399 855 ,
2458 800 2561 841 nec
2609 784 2871 856 leporem,
2926 797 3029 843 nec
3077 780 3538 853 ehmrogryllum.
3582 799 3671 845 nec

2098 898 2253 940 suem
2282 882 2426 936 inter
2471 878 2671 935 munda
2694 876 2980 946 judicavit.
3008 874 3148 929 Nam
3191 874 3436 931 camelos
3472 873 3670 934 Scriba-

2098 992 2219 1033 rum
2244 983 2299 1030 et
2326 974 2748 1035 Pharisaeorum,
2784 979 2845 1025 ut
2872 970 3131 1034 diximus,
3160 983 3451 1039 personam
3480 979 3665 1040 gestat,

2099 1067 2190 1139 qui
2214 1082 2313 1137 per
2332 1064 2643 1135 superbiam
2667 1060 2910 1116 stultitia:
2936 1060 3070 1115 vitio
3092 1060 3360 1117 notabiles
3398 1069 3529 1118 sunt
3566 1076 3667 1133 qua

2100 1159 2375 1217 contraria
2420 1166 2506 1213 est
2535 1155 2833 1228 sapientiai.
2867 1154 3170 1211 Stultorum
3213 1156 3415 1226 quippe
3436 1164 3524 1211 est
3562 1173 3668 1228 pro-

2097 1252 2276 1324 prium
2305 1247 2605 1320 superbire.
2652 1247 2835 1319 Lepus
2861 1255 2922 1302 ut
2947 1247 3187 1312 timidus,
3219 1244 3529 1302 fortitudini
3560 1262 3666 1304 eon-

2098 1342 2301 1399 trarius
2337 1348 2458 1407 est;
2507 1338 2901 1410 cliterogryllus
2936 1346 2999 1399 ut
3040 1352 3209 1408 rapax
3253 1337 3514 1408 iustitiae;
3567 1355 3660 1405 sus,

2097 1437 2211 1493 vita
2241 1436 2461 1493 sordida
2493 1437 2681 1490 vivens
2707 1444 2763 1490 et
2796 1434 3099 1499 immunda,
3138 1433 3381 1487 castitati
3411 1434 3661 1488 contraria

2098 1539 2202 1588 est.
2262 1530 2469 1586 Horum
2518 1543 2713 1585 carnes
2760 1541 2865 1583 nec
2906 1526 3293 1590 comedamus,
3338 1526 3393 1582 id
3434 1536 3532 1590 est,
3570 1540 3658 1581 nec

2099 1638 2260 1711 quam
2299 1623 2554 1678 videntur
2592 1622 2794 1678 habere
2819 1620 3103 1685 virtutem,
3151 1633 3462 1689 sequamur.
3494 1619 3552 1674 ln
3572 1620 3655 1690 lay-

2100 1714 2299 1784 pocrisi
2349 1715 2494 1769 enim
2550 1713 2697 1768 illam
2743 1719 2799 1767 et
2840 1726 2948 1767 non
2997 1711 3053 1765 in
3098 1710 3332 1767 veritate
3377 1719 3654 1778 sectantur;

2101 1806 2271 1861 multo
2300 1807 2472 1875 magis
2515 1814 2697 1860 autem
2737 1803 3024 1860 morticina
3057 1817 3246 1859 eorum
3276 1803 3546 1873 tangenda
3573 1819 3658 1859 non

411 1904 436 1965 ἀ
470 1908 749 1965 immunda
780 1906 907 1961 erit.
958 1903 1231 1961 Carnibus
1256 1916 1443 1957 eorum
1495 1915 1605 1955 non
1656 1898 1949 1955 vescemini
1973 1939 1988 1965 ,
2023 1874 2070 1933 Β
2098 1907 2243 1964 sunt,
2270 1913 2373 1953 nec
2401 1897 2559 1953 malis
2583 1911 2775 1953 eorum
2814 1894 3331 1950 communicandum
3375 1901 3466 1949 est
3517 1894 3658 1950 aetio-

412 2017 433 2052 ι
469 2008 525 2054 et
546 2000 810 2054 cadavera
827 2012 937 2051 non
966 1995 1221 2065 tangetis.
1247 2013 1265 2046 ι
1290 1992 1398 2066 (Ea:
1423 1990 1724 2063 Hesychia.)
1741 1989 1993 2045 Camelus

406 2099 489 2147 est
528 2087 745 2144 Judaeus
776 2096 991 2143 tumens
1034 2102 1130 2157 per
1175 2084 1485 2155 superbiam
1518 2102 1530 2137 :
1563 2081 1751 2153 quales
1787 2080 1994 2136 Scribze

404 2189 600 2235 suntet
617 2179 900 2244 Pliarisaai,
926 2178 990 2232 ad
1014 2192 1149 2249 quos
1164 2177 1378 2233 dicebat
1401 2175 1697 2230 Dominus:
1721 2192 1737 2225 ι
1760 2172 1993 2242 Liquan-

410 2288 430 2325 ι
468 2281 551 2328 tes
579 2271 836 2339 culicem,
868 2270 1135 2326 camelum
1166 2269 1456 2339 glutientes
1500 2264 1718 2339 (Matth.
1752 2265 1936 2337 XXIII).
1969 2283 1988 2316 ι

403 2362 547 2434 Ergo
585 2363 791 2419 Scribae
839 2371 894 2418 et
942 2362 1201 2417 Pharisaei
1254 2360 1621 2416 ruminantem
1671 2357 1990 2423 comedunt,

403 2456 535 2526 quia
566 2454 621 2508 in
669 2454 804 2523 legis
841 2454 1037 2509 littera:
1083 2453 1386 2524 gloriantur
1433 2450 1810 2515 meditatione,
1843 2456 1895 2503 et
1938 2449 1994 2504 in

403 2545 550 2601 cultu
601 2545 808 2601 sabbati
866 2544 1372 2616 puriﬁcationisque
1398 2584 1411 2611 ,
1452 2552 1508 2598 et
1554 2541 1991 2608 sacrificiorum,

403 2639 744 2711 aliorumque
771 2638 1051 2695 similium.
1080 2638 1350 2711 Ungulam
1378 2646 1560 2693 autem
1598 2651 1707 2691 non
1747 2636 1994 2691 dividunt

400 2747 465 2790 ea
494 2747 615 2805 quae
642 2733 713 2793 ab
738 2732 821 2789 eis
860 2734 1243 2799 eomeduntur,
1272 2746 1446 2802 neque
1474 2731 1791 2785 discernunt
1821 2743 1852 2783 a
1882 2726 1993 2799 Spi-

399 2827 511 2882 ritu
540 2826 778 2887 litteram
813 2844 826 2880 :
852 2832 908 2880 et
935 2833 1226 2896 prepterea
1247 2839 1439 2879 eorum
1460 2822 1688 2878 scientia
1713 2817 1991 2874 immunda

400 2927 504 2973 est.
557 2917 718 2973 Tales
747 2926 873 2972 sunt
924 2926 979 2973 et
1024 2916 1117 2987 qui
1157 2916 1396 2988 leporem
1445 2913 1757 2977 comedunt,
1812 2920 1866 2966 et
1898 2911 1991 2981 qui

399 3008 840 3080 ebaarogryllum.
872 3007 1173 3063 Ruminant
1196 3008 1342 3061 enim
1366 3012 1420 3060 et
1452 3006 1593 3076 ipsa,
1618 3005 1712 3059 sed
1736 3001 1992 3074 ungulam

397 3117 508 3158 non
561 3101 827 3165 dividunt.
876 3099 935 3154 ln
975 3098 1221 3171 populari
1278 3105 1461 3153 autem
1504 3094 1854 3151 multitudine
1900 3093 1993 3149 Ju-

398 3194 658 3258 daeorum,
714 3198 1005 3259 utrumque
1050 3189 1335 3258 accipitur.
1370 3186 1581 3243 Debilia
1630 3186 1829 3256 quippe
1870 3198 1992 3241 esse

399 3283 660 3337 animalia
683 3281 803 3336 haec
831 3280 1109 3345 dicuntur,
1145 3286 1379 3334 testante
1415 3278 1584 3334 David
1613 3286 1668 3332 et
1698 3276 1987 3333 Salomone

398 3384 759 3451 utrorumque
775 3372 1090 3428 animalium
1111 3371 1410 3426 debilitate.
1437 3370 1545 3426 Sed
1576 3368 1837 3426 Salomon
1867 3370 1988 3439 qui-

401 3469 524 3524 dem
581 3482 707 3522 cum
739 3464 857 3520 ait:
894 3483 913 3515 ‹
953 3463 1293 3532 Lepusculus
1344 3462 1497 3534 plebs
1543 3462 1777 3517 invalida
1810 3462 1993 3533 posuit

397 3561 456 3618 in
486 3569 640 3639 petra
689 3556 867 3615 cubile
918 3558 1019 3614 sibi
1073 3555 1266 3629 (Prov.
1318 3552 1484 3628 xxx).
1522 3575 1541 3610 ι
1600 3556 1772 3613 David
1817 3570 1987 3612 vero:

404 3671 424 3705 ι
462 3653 625 3708 Petra
652 3649 921 3729 relugium
950 3650 1206 3706 erinaciis
1229 3649 1344 3705 sive
1368 3648 1766 3721 choerogryilis.
1798 3668 1816 3702 ι
1844 3647 1989 3717 Quo-

397 3740 519 3805 rum
547 3760 716 3801 unum
744 3752 832 3800 est
853 3744 1014 3800 velox
1050 3752 1103 3799 et
1131 3742 1379 3798 timidum
1407 3757 1530 3798 cum
1556 3742 1895 3808 infirmitate,
1933 3743 1989 3798 id

396 3838 678 3913 estlepus;
700 3836 844 3897 aliud
861 3846 1043 3895 autem
1060 3834 1236 3890 debile
1263 3835 1483 3904 quidem
1499 3834 1592 3889 sed
1614 3849 1805 3905 rapax,
1825 3841 1989 3904 atque

396 3919 645 3994 bsstiale,
668 3940 832 4002 atque
852 3927 1197 3984 mortiferum
1227 3928 1433 3993 dicunt,
1467 3926 1520 3981 id
1545 3935 1629 3982 est
1660 3925 1989 3998 chtnrOgryi-

396 4021 499 4077 lus.
543 4021 697 4090 Quod
738 4022 886 4078 omni
938 4020 1155 4088 quidem
1211 4018 1456 4089 plebeio,
1515 4017 1748 4073 maxime
1806 4024 1988 4072 autem

397 4109 708 4167 Iudaeorum
757 4119 841 4165 est
891 4110 947 4164 in
992 4109 1207 4180 populo.
1241 4109 1318 4164 De
1374 4108 1571 4178 quibus
1599 4108 1734 4164 dixit
1774 4108 1984 4165 David:

405 4221 426 4269 ς
464 4200 689 4257 Veloces
713 4199 878 4269 pedes
905 4213 1113 4262 eorum,
1145 4198 1212 4252 ad
1255 4197 1635 4253 effundendum
1667 4202 1987 4271 sanguinem

402 4287 581 4364 (Psal.
613 4284 757 4359 xm).
797 4306 817 4340 ι
850 4283 1047 4341 Timidi
1072 4294 1249 4343 autem
1272 4294 1536 4363 quantum
1578 4295 1632 4341 et
1658 4287 1861 4342 iniirmi
1890 4288 1985 4343 ﬁlii

401 4380 711 4440 Judteomm
764 4381 910 4448 sint,
956 4393 1061 4433 vox
1106 4376 1288 4432 divina
1334 4376 1571 4431 ostendit
1628 4394 1751 4433 cum
1809 4379 1983 4435 dicit:

406 4493 428 4528 ι
464 4475 559 4532 Vae
591 4474 849 4533 cordibus
876 4470 1123 4542 trepidis,
1175 4477 1230 4524 et
1274 4464 1524 4524 manibus
1551 4468 1815 4524 remissis.
1848 4489 1865 4522 ι
1900 4468 1987 4524 ln-

2093 1991 2270 2046 nibus.
2304 1987 2420 2060 ipsa
2472 1988 2619 2043 enim
2660 1987 2967 2058 hujusmodi
2990 1986 3179 2057 procul
3203 1984 3368 2041 dubio
3398 1987 3658 2041 morticina

2092 2097 2222 2136 vera
2250 2089 2395 2136 sunt.
2432 2098 2451 2130 ι
2482 2078 2609 2134 llazc
2633 2078 2936 2134 comedetis
2960 2093 3028 2134 ex
3049 2078 3307 2133 omnibus
3324 2093 3449 2148 qua»
3475 2094 3658 2133 moran-

2101 2192 2120 2225 ι
2158 2181 2244 2227 tur
2272 2172 2327 2227 in
2359 2170 2545 2241 aquis;
2568 2185 2689 2239 qua:
2714 2170 2914 2223 habent
2942 2166 3209 2238 pennulas
3231 2176 3289 2222 et
3310 2183 3565 2238 squamas
3586 2182 3657 2222 co-

2101 2280 2120 2313 ι
2158 2262 2388 2329 medite;
2437 2275 2559 2331 qua!
2607 2260 2813 2330 absque
2852 2258 3103 2330 pennulis
3142 2266 3200 2312 et
3247 2258 3499 2328 squamis
3536 2266 3651 2321 sunt,

2100 2371 2121 2407 ι
2155 2369 2225 2409 ne
2254 2352 2574 2419 comedetis,
2599 2352 2727 2424 quia
2760 2351 3035 2407 immunda
3062 2359 3209 2406 sunt.
3248 2369 3268 2404 ι
3304 2349 3652 2422 intelliguntur

2092 2462 2192 2517 per
2212 2448 2327 2503 haec
2359 2446 2415 2503 hi
2435 2444 2528 2517 qui
2556 2445 2611 2500 in
2631 2445 2884 2517 gentibus
2911 2443 3102 2499 salvati
3130 2452 3359 2510 sunt,ut
3378 2452 3507 2515 pote
3528 2457 3654 2511 rcge-

2091 2540 2431 2595 nerationem
2454 2538 2721 2593 habentes
2749 2537 2805 2590 in
2830 2550 2969 2607 aqua
2991 2534 3357 2607 baptismatis.
3383 2535 3465 2590 De
3492 2533 3653 2605 quibus

2092 2639 2148 2689 et
2180 2632 2347 2688 lsaias
2385 2630 2518 2686 dicit
2559 2646 2575 2685 ε
2626 2648 2646 2682 ι
2696 2629 2839 2685 Ecce
2888 2638 3078 2702 gentes
3125 2630 3287 2701 quasi
3329 2628 3477 2685 stilla
3513 2627 3656 2684 situla

2093 2724 2231 2798 (Isa.
2258 2724 2384 2797 XL);
2408 2744 2427 2777 ι
2457 2722 2592 2788 sive,
2618 2730 2680 2777 ut
2706 2721 3078 2793 Septuaginta,
3100 2740 3120 2777 ι
3140 2723 3283 2777 sicut
3308 2737 3467 2793 aque
3482 2720 3651 2785 multa,

2093 2820 2281 2888 gentes
2302 2814 2505 2873 multae.
2534 2834 2554 2868 ι
2585 2812 2741 2870 Unde
2765 2820 2823 2868 et
2845 2812 2927 2869 eis
2946 2813 3278 2869 conveniunt
3300 2828 3424 2883 quae
3448 2826 3647 2882 sequun-

2091 2915 2182 2964 tur
2209 2926 2223 2963 ς
2254 2909 2425 2965 Omne
2473 2907 2618 2979 quod
2648 2908 2814 2963 habet
2833 2906 3100 2978 pennulas
3138 2915 3237 2963 aut
3267 2921 3529 2977 squamas,
3555 2913 3655 2958 tam

2093 3001 2149 3056 in
2179 3002 2317 3059 mari
2346 3016 2510 3071 quam
2553 3001 2611 3059 in
2660 3000 2973 3055 ﬂuminibus
3006 3008 3064 3055 et
3104 3000 3338 3070 stagnis,
3371 2997 3654 3056 comedetis.

2093 3090 2296 3145 Eadem
2323 3090 2490 3145 etiam
2533 3089 2619 3145 his
2646 3104 2768 3159 quae
2796 3104 2863 3145 ex
2892 3088 3146 3159 gentibus
3179 3098 3308 3144 sunt
3352 3091 3422 3146 de
3452 3087 3657 3144 medita-

2096 3181 2242 3243 tione
2267 3181 2403 3252 legis
2425 3181 2546 3236 aliis
2572 3180 2831 3252 praecepit
2858 3180 3144 3251 praedicari
3170 3182 3375 3236 verbis.
3403 3178 3657 3237 Vulteuitn

2097 3289 2190 3331 eos
2224 3276 2426 3330 habere
2466 3275 2521 3329 in
2557 3274 2911 3331 meditatione
2944 3273 3081 3344 legis
3118 3273 3387 3344 pennulas
3414 3273 3662 3341 vitamque

2097 3368 2383 3424 sublimem
2416 3376 2578 3437 atque
2607 3366 2914 3433 caelestem,
2962 3367 3059 3422 sed
3106 3367 3497 3438 exposrtionem
3544 3362 3664 3431 legis

2097 3460 2225 3515 huic
2268 3459 2521 3515 similem.
2562 3458 2792 3531 Propter
2819 3457 2964 3528 quod
3019 3473 3126 3513 non
3174 3457 3458 3528 peunuiam
3491 3455 3663 3519 habet,

2097 3552 2191 3607 sed
2242 3551 2505 3623 pennulas
2542 3566 2637 3607 eos
2683 3551 2802 3606 vult
2844 3551 3068 3608 habere.
3118 3549 3253 3619 Quia
3299 3561 3471 3604 autem
3521 3549 3667 3619 igno-

2098 3648 2278 3703 rantia
2326 3647 2523 3702 divinas
2578 3644 2875 3716 Scriptum
2929 3653 3116 3717 gentes
3167 3645 3459 3701 obtinuerat
3516 3641 3657 3711 (non

2097 3739 2242 3794 enim
2274 3747 2628 3808 susceperant
2663 3737 2835 3807 legem
2879 3753 3052 3808 neque
3077 3736 3372 3807 prophetas,
3416 3746 3517 3786 nec
3550 3730 3660 3785 alia

2095 3832 2153 3887 in
2176 3832 2256 3887 eis
2287 3830 2515 3886 scientia
2539 3829 2721 3885 divina
2749 3826 3043 3902 subtilior),
3068 3844 3134 3884 ne
3155 3843 3282 3900 ergo
3328 3829 3430 3882 hoc
3471 3824 3667 3881 morbo

2094 3923 2434 3995 permanenti
2486 3931 2544 3978 et
2602 3931 2863 3995 perpetuo
2901 3922 3249 3988 laborarent,
3305 3934 3555 3990 squamas
3581 3932 3668 3974 eos

2095 4015 2297 4070 habere
2339 4013 2487 4081 vult,
2539 4029 2660 4085 qua:
2708 4012 2866 4069 facile
2921 4012 3267 4068 auferuntur.
3309 4011 3445 4080 Quia
3499 4019 3659 4069 autem

2095 4124 2333 4177 squama:
2374 4106 2742 4176 temporalem,
2776 4114 2832 4161 et
2875 4106 3004 4176 quia
3028 4104 3189 4167 facile
3232 4113 3485 4159 careatur
3527 4104 3662 4171 igno-

2095 4203 2326 4255 rantiam
2358 4200 2685 4272 significant,
2720 4200 3103 4256 demonstrans
3140 4214 3205 4254 ea
3254 4215 3377 4270 quae
3405 4200 3472 4255 de
3514 4196 3666 4254 Paule

2095 4292 2297 4362 scripta
2345 4298 2472 4346 sunt
2511 4292 2565 4346 in
2627 4290 2997 4362 apostolorum
3050 4290 3302 4351 Actibus.
3353 4289 3496 4347 Cum
3541 4292 3667 4346 enim

2095 4389 2210 4442 zelo
2233 4387 2452 4458 judaico
2496 4372 2793 4443 Ecclesium
2824 4397 3268 4459 persequeretur,
3300 4387 3469 4443 facile
3518 4385 3672 4442 caruit

2095 4481 2211 4535 zelo
2248 4489 2469 4552 propter
2494 4481 2876 4551 ignorantiam,
2919 4490 3207 4551 postquam
3241 4481 3508 4551 cognovit
3530 4492 3671 4551 quem

391 4565 610 4637 iustitia
638 4573 817 4620 autem
842 4572 1046 4635 quanta
1081 4570 1137 4615 et
1176 4558 1367 4617 feritas
1406 4560 1547 4631 apud
1576 4576 1670 4616 eos
1690 4567 1829 4627 erat,
1860 4561 1983 4615 audi

2096 4583 2510 4644 persequeretur
2555 4583 2780 4630 vocatus
2816 4591 2845 4628 a
2893 4574 3143 4641 Christo,
3186 4584 3242 4629 et
3290 4585 3588 4645 postquam
3629 4569 3672 4625 ei

394 4655 591 4713 Isaiam
625 4655 895 4709 dicentem
929 4673 943 4710 :
972 4654 1252 4721 Quomodo
1275 4652 1419 4708 facta
1450 4659 1535 4709 est
1574 4652 1828 4707 meretrix
1859 4653 1987 4707 civi-

395 4756 485 4803 tas
514 4745 687 4800 ﬁdelis
710 4746 867 4815 plena
902 4746 1129 4817 judicii?
1154 4744 1371 4801 Justitia
1404 4754 1583 4800 autem
1614 4746 1882 4801 habitavit
1928 4745 1984 4800 in

395 4853 463 4894 ea
496 4855 510 4890 :
544 4851 689 4891 nunc
714 4843 894 4890 autem
920 4837 1208 4893 homicidae
1232 4837 1367 4910 (lsa.
1396 4837 1459 4909 l).
1492 4857 1510 4890 ι
1537 4836 1667 4892 Post
1702 4839 1801 4895 hos
1831 4852 1983 4893 suem

396 4929 532 4986 dicit
574 4941 696 4984 esse
738 4928 1094 4994 immundam,
1126 4931 1252 5000 quia
1285 4929 1476 4985 dividit
1500 4931 1756 5001 ungulam
1785 4940 1838 4985 et
1877 4948 1984 4987 non

396 5022 656 5078 ruminat.
688 5018 790 5087 Qui
815 5031 946 5087 ergo
975 5019 1083 5072 sint
1108 5022 1198 5089 qui
1229 5021 1572 5086 :emuientur,
1602 5036 1666 5075 ac
1698 5028 1984 5090 propterea

397 5116 549 5171 illum
597 5113 881 5169 comedere
924 5112 1197 5168 dicuntur.
1253 5114 1475 5171 Petrum
1522 5118 1888 5187 expositorem
1929 5125 1985 5171 et

396 5209 717 5281 magistrum
742 5204 954 5275 suscipe
984 5222 997 5259 :
1026 5219 1149 5259 eum
1172 5209 1367 5279 quippe
1391 5211 1482 5279 qui
1508 5208 1671 5265 habet
1700 5209 1983 5265 scientiam

398 5300 726 5364 divinorum,
760 5298 859 5353 sed
887 5312 991 5351 non
1036 5295 1126 5351 illa
1163 5298 1301 5352 bene
1346 5301 1540 5368 utitur,
1574 5302 1875 5357 actionibus
1901 5302 1983 5357 in-

399 5392 651 5463 congruis
680 5406 802 5445 eam
828 5389 1037 5460 polluit,
1066 5389 1295 5460 vilmque
1317 5390 1608 5447 immundae
1633 5394 1979 5464 semetipsum

399 5483 644 5548 tradidit,
673 5497 825 5538 suem
870 5482 1034 5536 etiam
1082 5480 1196 5552 ipse
1243 5481 1530 5550 appellavit
1560 5484 1785 5540 dicens:
1818 5502 1836 5535 ι
1873 5484 1982 5539 Me-

400 5570 502 5626 lius
528 5572 722 5628 fuisset
763 5572 843 5628 eis
869 5587 976 5626 non
1008 5586 1338 5643 cognoscere
1364 5572 1507 5626 viam
1545 5573 1766 5641 iustitiae
1795 5591 1979 5646 quam,

400 5663 611 5730 cognita
645 5678 731 5730 ea,
760 5672 910 5719 retro
943 5665 1144 5720 reverti
1190 5680 1220 5719 a
1253 5664 1455 5719 tradito
1483 5665 1581 5720 sibi
1616 5675 1803 5722 sancto
1830 5685 1982 5725 man-

280 5738 325 5839 ’ξ
401 5751 529 5805 dato
575 5751 677 5821 (11
721 5749 868 5809 Patr.
928 5753 1012 5827 ιι).
1055 5775 1074 5808 ι
1108 5755 1348 5830 Contigit
1396 5757 1544 5813 enim
1599 5757 1704 5815 illis
1750 5775 1838 5817 res
1865 5763 1981 5818 veri

400 5841 719 5903 Proverbii:
754 5863 774 5899 ι
807 5844 971 5906 Canis
994 5863 1248 5908 reversus
1290 5851 1359 5911 ad
1398 5852 1662 5912 vomitum
1704 5870 1862 5913 suum
1880 5897 1897 5926 ,
1925 5864 1980 5914 et

2094 4667 2162 4721 ab
2185 4666 2395 4721 Anania
2423 4668 2853 4736 evangelizatum
2874 4674 2959 4722 est
2987 4685 3000 4720 :
3033 4685 3051 4717 ι
3089 4664 3227 4720 Nam
3272 4681 3530 4736 squamae
3556 4662 3676 4719 ceci-

2092 4757 2289 4811 derunt
2324 4757 2395 4811 ab
2416 4757 2588 4812 oculis
2616 4754 2754 4825 ejus,
2780 4766 2836 4812 et
2876 4771 3004 4811 mox
3030 4756 3184 4811 vidit.
3225 4774 3245 4807 ι
3280 4755 3439 4830 Ergo
3491 4758 3545 4811 in
3579 4768 3675 4809 mo—

2091 4850 2218 4905 dum
2270 4865 2617 4919 squamarum
2647 4848 3063 4920 superjacebant
3094 4849 3381 4906 instantes
3412 4849 3465 4906 ei
3495 4859 3677 4918 tenipo-

2090 4940 2231 4995 rales
2268 4941 2605 5011 ignorantiae.
2643 4940 2797 4997 Unde
2825 4941 2993 4997 etiam
3032 4950 3457 5010 consequenter
3482 4937 3676 5013 legisla-

2090 5042 2178 5087 tor
2215 5033 2452 5087 subdidit
2474 5052 2486 5088 :

2166 5142 2185 5176 ι
2220 5124 2492 5195 Quidquid
2525 5133 2707 5181 autem
2733 5125 3000 5197 pennulas
3023 5134 3118 5180 aut
3155 5141 3440 5197 squamas
3465 5144 3568 5185 non
3590 5125 3681 5183 ba-

2095 5234 2114 5268 ι
2148 5218 2240 5271 bet
2267 5232 2454 5272 eorum
2484 5233 2604 5287 quae
2636 5219 2688 5273 in
2719 5219 2875 5289 aquis
2905 5228 3195 5275 moventur
3240 5231 3305 5277 et
3337 5224 3560 5288 vivunt,
3596 5220 3683 5275 ab~

2096 5323 2115 5355 ι
2154 5306 2445 5362 omiuabile
2472 5308 2628 5362 vobis
2655 5308 2762 5363 erit
2791 5316 2846 5363 et
2873 5310 3298 5367 exsecrandum.
3330 5333 3352 5367 ι
3392 5313 3539 5370 Sunt
3557 5310 3685 5365 enim

2086 5400 2331 5468 quaedam
2360 5401 2589 5470 piscium
2628 5416 2852 5472 genera,
2887 5410 3081 5457 testam
3111 5418 3206 5473 pro
3233 5406 3394 5475 pelle
3427 5402 3688 5467 habentia.

2087 5508 2317 5563 quorum
2343 5510 2567 5565 squama
2600 5494 2804 5549 auferri
2834 5510 2942 5550 non
2974 5505 3172 5566 potest.
3203 5495 3386 5555 Tales
3441 5508 3571 5556 sunt
3607 5494 3692 5566 qui

2086 5598 2187 5637 nec
2216 5599 2470 5653 squamas
2502 5584 2817 5655 ignorantiae
2846 5586 3014 5640 verbo
3064 5586 3160 5640 Dei
3216 5586 3521 5657 deponere
3543 5630 3559 5657 ,
3602 5600 3695 5643 nec

2087 5677 2298 5732 culmen
2355 5677 2578 5745 spiritus
2616 5679 2896 5748 suscipere
2946 5680 3249 5747 patiuntur.
3306 5682 3383 5737 Hi
3432 5691 3493 5739 et
3548 5683 3594 5739 si
3640 5681 3695 5737 in

2086 5767 2222 5822 mari
2272 5767 2618 5823 inveniantur
2675 5770 3053 5840 baptismatis,
3095 5781 3151 5827 et
3192 5771 3241 5827 si
3279 5773 3345 5829 in
3381 5774 3697 5841 fluminibus

2082 5859 2418 5934 poenitentia:
2466 5860 2861 5921 abominabiles
2913 5873 3081 5934 sunt,
3132 5866 3190 5924 in
3240 5869 3534 5929 omnibus
3581 5879 3696 5950 qui
