3890 6340
1044 297 1447 371 causam
1482 299 1712 371 suras
1747 304 2372 383 unurnnouomuu.
2412 339 2484 359 --
2516 310 2647 381 LIB.
2684 311 2749 367 ιι.

3395 320 3504 385 886

233 416 520 475 moventur
559 409 619 469 in
643 409 798 481 aquis
820 416 878 469 et
925 408 1132 472 vivunt.
1162 412 1235 475 Et
1271 429 1396 475 cum
1427 415 1597 472 vitam
1626 417 1803 475 sortiti
1831 420 1885 491 Α
1908 419 2054 476 tione
2083 421 2345 487 ciborum,
2371 420 2507 481 ﬁnes
2542 423 2622 481 eis
2639 422 2889 498 proprios
2916 425 3085 485 dedit.
3115 428 3263 497 Quos
3298 432 3499 503 perdu-

230 510 357 565 sunt
399 503 457 563 in
502 500 847 577 baptismate,
888 504 1228 573 vocationem
1281 514 1462 567 tamen
1499 508 1807 585 generatio-

229 611 463 669 nemque
488 603 865 674 corruperunt.
896 596 1026 663 dum
1049 599 1311 673 pendulas
1335 610 1393 659 et
1418 617 1675 672 squamas
1698 618 1808 661 non

219 687 454 756 habent,
485 687 769 753 sublimem
788 688 1041 752 videlicet
1068 690 1237 757 vitam
1263 732 1278 758 ,
1328 693 1807 769 cognitionemque

226 782 561 851 divinorum,
594 798 715 858 qua}
760 783 1021 854 celestis,
1049 785 1146 853 sed
1172 801 1270 847 cor
1314 802 1520 851 mecum
1569 788 1626 853 in
1657 788 1807 861 igno-

226 877 406 941 rantia
432 877 692 945 detinent,
738 886 794 939 et
840 886 1133 952 propterea
1162 882 1219 945 in
1257 882 1344 945 bis
1388 898 1510 953 quae
1552 900 1808 957 squamas

222 971 445 1040 habent,
472 987 579 1033 non
606 972 1047 1039 adnumerantur.
1098 975 1322 1036 Intende
1375 987 1553 1039 autem
1603 990 1807 1052 quanta

221 1065 558 1129 sublimitate
598 1082 932 1135 sermonum,
964 1077 1024 1131 ut
1048 1069 1301 1135 videlicet
1328 1074 1564 1134 maxima
1593 1089 1691 1145 per
1712 1090 1807 1139 eos

222 1158 484 1230 mysteria
508 1166 564 1219 et
589 1159 928 1225 admirabilia
947 1162 1257 1234 signiﬁcans
1281 1164 1579 1237 legislator,
1596 1176 1803 1233 utatur.

220 1246 497 1311 Peunulas
538 1251 681 1313 enim
719 1257 774 1311 et
801 1268 1058 1324 squamas
1095 1254 1397 1324 conjunxit,
1439 1259 1571 1328 quia
1616 1276 1807 1330 quem-

222 1342 515 1403 admodum
562 1344 802 1415 piscibus
830 1347 1031 1416 quibus
1076 1357 1205 1409 sunt
1254 1363 1513 1419 squamae.
1547 1351 1634 1413 bis
1681 1359 1808 1411 sunt

223 1433 536 1489 omnimodo
582 1442 639 1493 et
685 1437 956 1505 permulsi,
1007 1437 1089 1497 sic
1135 1439 1332 1509 quibus
1383 1442 1696 1512 temporalis
1722 1452 1809 1502 est

1907 525 2039 569 cens
2065 520 2123 569 et
2150 513 2506 575 terribiliores
2526 513 2754 591 faciens,
2785 530 2898 575 non
2926 517 3068 583 sicut
3100 519 3168 576 de
3206 526 3495 592 pecoribus

1906 609 1965 661 et
2011 604 2288 677 piscibus,
2339 606 2502 669 etiam
2550 608 2617 667 de
2662 608 2748 669 his
2803 609 3000 671 sciant.
3053 610 3133 670 Ibi
3183 615 3333 675 enim
3372 620 3495 680 ait:

1913 715 1943 753 ι·
1966 695 2094 755 Hzec
2116 706 2242 757 sunt
2266 698 2519 759 animalia
2544 714 2667 775 quae
2692 701 2981 763 comedere
3005 701 3222 767 debetis
3257 707 3325 765 de
3368 724 3501 771 cun—

1906 787 2011 845 ctis
2059 787 2425 849 animantibus
2468 798 2654 859 terrae;
2688 810 2709 847 ι
2762 798 2816 851 et
2868 807 3106 855 rursus;
3145 815 3165 849 ι
3197 795 3327 855 Haec
3374 811 3504 860 sunt

1908 893 2027 949 quae
2051 879 2345 951 gignuntur
2368 880 2423 941 in
2444 881 2620 952 aquis,
2648 888 2706 936 et
2722 881 2869 945 vesci
2893 883 3103 945 licitum
3132 896 3232 946 est.
3267 889 3385 951 Hoc
3405 908 3502 951 au-
3594 896 3599 899 ’

1908 978 2019 1029 tem
2059 978 2204 1039 sunt,
2251 987 2371 1043 quae
2401 973 2466 1031 de
2496 975 2686 1037 avibus
2712 977 2999 1039 comedere
3045 996 3154 1038 non
3184 982 3414 1052 debetis,
3442 996 3500 1047 et

1903 1063 2125 1125 vitanda
2167 1064 2340 1125 vobis.
2375 1084 2393 1121 ι
2423 1063 2564 1125 Vere
2596 1066 2996 1129 abominatioue
3044 1074 3267 1147 dignum
3309 1086 3414 1149 est,
3444 1087 3503 1139 et

1902 1154 2061 1215 valde
2113 1155 2256 1216 inter
2314 1155 2504 1217 illicita
2561 1166 2726 1231 atque
2782 1160 2946 1218 nimis
2999 1164 3249 1231 evitanda
3292 1182 3502 1231 conuu-

1904 1245 2261 1315 merandum,
2311 1248 2756 1319 contemplationi
2811 1262 3093 1311 vacantem
3137 1260 3493 1337 quempiam,

1904 1349 2101 1412 sponte
2130 1342 2266 1398 tales
2288 1343 2491 1400 habere
2515 1346 2776 1413 maculas,
2806 1350 2992 1420 quales
3012 1366 3109 1423 per
3129 1352 3502 1417 dinumeratas

1907 1448 2035 1489 aves
2077 1433 2353 1507 legislator
2400 1437 2691 1509 significat.
2744 1438 2835 1501 Ait
2890 1442 3036 1502 enim
3090 1459 3104 1497 :
3142 1443 3394 1519 Aquilam
3436 1457 3498 1507 et

219 1539 467 1595 squama,
499 1527 565 1587 Et
588 1538 919 1601 quapropter
949 1531 1058 1591 cito
1092 1546 1156 1587 ea
1186 1534 1361 1591 cereri
1382 1535 1572 1605 possit.
1610 1534 1708 1595 His
1752 1546 1793 1599 ei

1907 1523 2188 1594 gryphem,
2233 1525 2527 1593 haliaetum,
2554 1538 2608 1587 et
2645 1528 2870 1587 milvum
2903 1529 3059 1600 juxta
3095 1548 3270 1604 genus
3313 1553 3494 1597 suum.

220 1617 457 1688 mgnum
480 1619 747 1687 σηωίωίβ,
774 1629 833 1683 ει
861 1623 971 1681 vita
1000 1624 1239 1683 εωιθειίε
1266 1624 1542 1695 adjicitur.
1576 1625 1804 1703 Horum,
1906 1613 2153 1685 Rapaces
2180 1624 2236 1672 ct
2268 1617 2447 1677 cibum
2478 1618 2716 1678 alienum
2759 1621 2899 1681 male
2944 1630 3239 1692 sectantes,
3274 1629 3498 1699 qumsti-

219 1710 311 1780 qui
343 1727 452 1775 ηοη
495 1722 621 1777 sum
660 1715 816 1781 mles,
857 1730 959 1777 nec
984 1732 1184 1781 carnes
1232 1721 1549 1787 comedere,
1577 1723 1673 1779 sed
1703 1736 1804 1781 ηοο
1904 1706 2009 1765 bus
2034 1704 2247 1777 injustis
2280 1710 2597 1779 gaudentes,
2618 1724 2718 1782 per
2742 1712 3003 1781 praedicta
3032 1715 3323 1787 signiﬁcat.
3356 1718 3499 1787 Quia

213 1805 510 1871 morticina
551 1813 796 1877 tangere,
825 1823 927 1867 nec
954 1809 1189 1879 aliquam
1219 1812 1653 1882 coniunctionem
1676 1828 1793 1875 oms

1902 1799 2049 1857 enim
2074 1800 2295 1873 quidam
2326 1801 2673 1859 inveniuntur
2714 1804 2769 1863 in
2797 1803 3039 1865 Ecclesia
3085 1806 3231 1869 inter
3278 1823 3376 1867 eos
3404 1811 3499 1883 qui

214 1894 348 1948 nino
374 1911 498 1949 cum
538 1897 617 1961 eis
639 1897 842 1963 mme
866 1908 1102 1969 θροηθι,
1137 1900 1292 1968 Quod
1318 1910 1553 1965 mm",
1576 1904 1800 1973 panius.
1901 1899 2163 1965 putantur
2218 1894 2659 1966 contemplationi
2725 1910 2948 1969 operam
3006 1896 3178 1966 dare,
3237 1900 3332 1975 qui
3387 1916 3499 1961 non

215 1984 407 2045 dicens
440 2004 453 2039 :
500 2005 522 2047 ι
568 1985 626 2049 Si
669 1989 717 2049 is
759 1989 853 2061 qui
878 1988 1051 2051 frater
1074 1993 1407 2062 nominatur,
1436 2002 1523 2055 est
1567 1995 1804 2055 fornica-
1904 1985 2357 2059 quemadmodum
2387 1988 2584 2051 debent
2623 1990 2692 2050 ad
2738 1990 2845 2049 hoc
2884 1999 3102 2061 vacant,
3154 1991 3250 2051 sed
3290 1991 3497 2057 frustra

216 2082 327 2147 tor,
357 2085 453 2141 aut
477 2093 692 2149 avarus,
714 2089 810 2137 aut
850 2081 1009 2143 idolis
1036 2084 1299 2151 serviens,
1340 2094 1436 2149 aut
1479 2086 1795 2155 maledicus,
1901 2079 2196 2149 inﬂantur,
2247 2080 2375 2139 audi
2418 2079 2647 2137 Paulum
2697 2081 2969 2139 dicentem
3002 2100 3015 2135 :
3056 2099 3078 2137 ί
3133 2080 3193 2139 Si
3228 2084 3352 2163 quis
3386 2084 3496 2141 alia

211 2177 311 2223 aut
341 2171 611 2239 ebriosus,
642 2180 736 2235 aut
766 2189 956 2245 rapax,
989 2191 1113 2231 cum
1145 2176 1457 2245 huiusmodi
1485 2193 1586 2239 nec
1615 2180 1793 2242 cibum

1901 2172 2083 2240 docet,
2112 2179 2168 2227 et
2190 2187 2299 2235 non
2340 2173 2639 2245 acquiescit
2686 2174 2838 2235 sanis
2886 2175 3232 2262 sermonibus
3278 2176 3496 2241 Domini

208 2261 410 2317 sumite
440 2262 460 2325 (
476 2260 507 2319 Ι
527 2259 650 2325 Cor,
676 2262 752 2332 v).
788 2284 808 2321 υ
841 2264 1084 2332 Adulter,
1124 2276 1217 2331 aut
1238 2284 1456 2338 avarus,
1493 2279 1590 2327 aut
1620 2272 1793 2329 ebrio-

1899 2261 2075 2318 nostri
2100 2259 2229 2317 Iesu
2257 2260 2484 2330 Christi,
2528 2272 2583 2318 et
2613 2264 2664 2319 ei
2710 2280 2834 2337 quas
2884 2259 3185 2327 semiudum
3234 2268 3497 2347 pietatem

206 2365 322 2415 sus,
352 2358 448 2409 aut
473 2352 768 2423 detractor,
808 2370 916 2418 non
964 2356 1129 2417 habet
1173 2361 1461 2430 pauculas,
1509 2371 1604 2419 aut
1629 2366 1798 2425 vitam

208 2440 461 2503 videlicet
475 2443 691 2511 habens
724 2446 997 2511 sordidam
1042 2457 1100 2506 et
1136 2450 1495 2515 immundam.
1524 2449 1800 2517 [dolorum

209 2542 392 2589 autem
425 2532 624 2601 cultor.
647 2536 741 2606 qui
771 2552 1029 2609 squamas
1050 2556 1159 2603 non
1183 2541 1369 2612 habet,
1388 2559 1497 2607 non
1520 2556 1799 2618 computa-

208 2633 315 2687 tur.
353 2625 557 2689 Duram
612 2627 809 2699 quippe
848 2637 904 2695 et
956 2630 1013 2691 in
1055 2648 1264 2693 morem
1309 2643 1467 2699 testa
1510 2647 1675 2710 atque
1720 2641 1800 2701 in-

206 2715 512 2781 sanabilem
552 2719 755 2784 habere
800 2720 1014 2786 videtur
1059 2725 1365 2789 divinorum
1404 2729 1794 2803 ignorantiam.

202 2808 354 2873 Alias
385 2826 732 2889 nequaquam
760 2824 1047 2885 postquam
1075 2818 1188 2879 Deo
1232 2821 1559 2892 coniunctus
1586 2835 1692 2895 est,
1715 2829 1798 2883 ul-

204 2907 287 2961 tra
332 2906 573 2967 serviret
620 2909 799 2971 Molis.
839 2912 1112 2973 Praturea
1157 2917 1459 2987 notandum
1495 2929 1604 2989 est,
1651 2923 1797 2994 quod

202 2995 400 3065 pisces,
426 2998 535 3067 qui
552 3002 819 3070 pennulas
844 3020 1195 3076 squamarum
1217 3010 1442 3078 habent,
1468 3011 1598 3068 dare
1626 3015 1797 3072 saltus

202 3087 363 3142 etiam
398 3104 572 3159 super
598 3107 769 3162 aquas
794 3095 989 3155 solent.
1017 3096 1157 3165 Quid
1194 3114 1326 3170 ergo
1352 3103 1603 3171 pennatis
1629 3105 1796 3175 pisci-

1896 2360 1985 2409 est
2005 2352 2286 2419 doctrinm,
2314 2355 2581 2425 superbus
2602 2367 2707 2424 est,
2736 2355 2873 2415 nihil
2898 2356 3209 2425 sciens,sed
3237 2356 3498 2431 languens

1899 2449 2048 2507 circa
2097 2450 2420 2520 quaestiones
2468 2459 2526 2511 et
2562 2466 2778 2522 pugnas
2824 2453 3141 2520 verborum,
3178 2467 3247 2509 ex
3293 2454 3491 2527 quibus

1897 2539 2149 2595 oriuntur
2175 2540 2413 2606 invidia),
2444 2542 2844 2611 contentiones,
2878 2542 3263 2615 blasphemiae,
3316 2533 3498 2617 suspi-

1898 2629 2085 2687 ciones
2134 2630 2310 2699 malae,
2369 2630 2743 2693 conﬂictiones
2802 2634 3087 2697 hominum
3130 2643 3315 2697 mente
3366 2651 3493 2695 cor-

1899 2732 2205 2793 ruptorum,
2231 2731 2288 2779 et
2309 2724 2401 2797 qui
2432 2741 2464 2779 a
2498 2724 2730 2787 veritate
2754 2726 2953 2799 privati
2983 2735 3129 2795 sunt,
3165 2726 3489 2787 existiman-

1900 2816 2036 2873 tium
2076 2825 2342 2886 qurestum
2385 2831 2507 2875 esse
2558 2816 2821 2891 pietatem
2873 2817 2940 2891 χΙ
3000 2817 3137 2873 Tim.
3172 2816 3271 2889 vr).
3311 2837 3331 2874 ι
3382 2817 3496 2883 Bos

1897 2906 2062 2979 igitur
2084 2906 2390 2977 signiﬁcant
2411 2920 2476 2963 ea
2519 2921 2640 2977 quae
2666 2921 2811 2967 nunc
2836 2908 3177 2973 dinumerata
3202 2917 3333 2971 sunt
3368 2911 3492 2977 anl-

1897 3000 2081 3069 malia,
2124 3000 2325 3061 victum
2371 3015 2439 3057 ex
2466 3000 2655 3072 rapina
2678 3000 3074 3073 eonquirentia.
3116 3000 3373 3075 Quaedam
3398 3018 3494 3069 au-

1904 3100 2010 3153 tem
2046 3108 2115 3149 ex
2143 3093 2229 3151 his
2256 3092 2392 3149 alias
2420 3108 2549 3149 aves
2594 3093 2873 3160 invadunt,
2907 3101 2961 3153 et
2997 3109 3065 3149 ex
3113 3095 3492 3157 venationibus

201 3176 322 3245 bus,
352 3156 491 3239 nisi'
516 3156 704 3243 eiecta:
748 3186 944 3251 animus
971 3156 1370 3261 signiﬁcarim:
1406 3156 1798 3266 αυωῖτξέέᾷίο
1825 3156 1872 3225 C
1902 3198 2089 3243 earum
2122 3184 2455 3243 nutriuntur.
2487 3182 2608 3247 Alia
2636 3198 2765 3247 vero
2789 3184 2843 3245 lu
2890 3184 3080 3246 domos
3106 3184 3488 3265 ingredientia,

204 3269 332 3331 solm
382 3272 440 3334 in
480 3272 723 3337 caelestis
759 3276 1014 3339 Ecclesia
1058 3297 1258 3353 corpus
1296 3290 1620 3344 transeunt?
1665 3290 1796 3359 Qum

206 3362 366 3451 modo
392 3364 656 3429 virtutum
687 3370 939 3439 pannulis
980 3371 1149 3443 ﬁlum,
1177 3376 1346 3434 saluis
1381 3379 1512 3436 dare
1545 3396 1643 3451 per
1683 3400 1796 3442 cm-

209 3450 342 3511 leste
369 3456 698 3519 desiderium
728 3463 930 3530 sciunt,
978 3474 1037 3523 ut
1070 3483 1359 3540 supernam
1381 3478 1796 3548 contemplatio-

210 3560 333 3600 nem
356 3556 633 3618 appetant,
676 3555 926 3622 quamvis
954 3557 1012 3613 in
1040 3573 1100 3613 se
1140 3560 1274 3630 ipsis
1302 3563 1499 3619 iterum
1531 3581 1594 3621 es
1648 3584 1795 3627 mor-

202 3635 303 3719 tali
335 3652 504 3693 carne
530 3640 862 3709 relabantur.
908 3644 1020 3704 Soli
1061 3664 1192 3725 ergo
1222 3651 1277 3706 in
1329 3652 1627 3711 electorum
1675 3675 1796 3722 cor:

201 3741 335 3797 pore
363 3731 525 3810 quasi
546 3733 698 3793 cibus
717 3736 923 3802 electus
950 3742 1363 3819 transeunt,qui
1394 3744 1448 3805 in
1478 3762 1544 3802 eo
1571 3751 1713 3820 quod
1740 3751 1797 3806 in

206 3818 333 3877 imis
376 3821 709 3892 deserviunt,
744 3829 1034 3899 aliquando
1060 3834 1128 3890 ad
1158 3818 1394 3906 superna
1424 3818 1794 3901 conscendere

200 3908 438 3971 saltibus
474 3916 673 3973 mentis
699 3917 880 3979 sciunt
906 3936 976 3979 ne
995 3937 1211 3994 semper
1237 3927 1294 3984 in
1328 3929 1612 3999 profundis
1640 3951 1797 3991 cura-

199 4013 324 4092 rum
358 4000 590 4071 lateant,
638 4016 695 4062 et
731 4007 878 4069 nulla
915 4026 1009 4069 eas
1054 4017 1256 4073 amoris
1278 4021 1500 4087 summi,
1529 4024 1683 4092 quasi
1730 4026 1795 4082 li-

199 4090 319 4186 beri
345 4093 495 4150 aeris
518 4111 651 4158 aura
675 4100 974 4173 contingat.
1000 4103 1104 4172 Qui
1141 4121 1272 4179 ergo
1311 4111 1476 4170 rebus
1521 4090 1792 4186 tempora-

202 4182 344 4242 libus
371 4196 743 4258 occupantur,
802 4199 932 4251 tunc
968 4196 1108 4254 bene
1150 4202 1425 4260 exteriora
1473 4182 1785 4277 disponunt,

202 4290 324 4372 cum
350 4278 584 4339 sollicite
607 4283 676 4347 ad
698 4283 957 4345 inferiora
985 4287 1280 4363 refugiunt,
1301 4310 1426 4352 cum
1446 4313 1789 4372 nequaquam

204 4365 349 4428 feras
381 4373 853 4443 perturbationum
884 4382 1139 4452 strepitus
1169 4384 1415 4459 diligunt,
1458 4405 1517 4445 se
1536 4365 1678 4462 apud
1704 4408 1789 4449 se-

204 4462 458 4531 metipsos
488 4463 636 4525 intus
666 4470 1074 4539 tranquillitatis
1104 4476 1162 4531 in
1189 4477 1313 4534 sinu
1344 4483 1712 4551 requiescunt.

278 4568 295 4600 ι
329 4551 532 4610 Omnes
574 4571 704 4611 aves
754 4563 985 4622 mundus
1012 4568 1310 4637 oomedite,
1356 4572 1661 4632 immundos
1715 4594 1784 4634 ne

210 4654 230 4693 ι
261 4645 581 4733 comedetis.
627 4647 882 4719 Aquilam
926 4654 1134 4715 scilicet
1180 4666 1235 4713 et
1276 4664 1559 4733 gryphem,
1592 4676 1647 4721 et
1694 4668 1785 4723 ha-

1898 3275 2157 3350 diripiunt
2172 3291 2291 3349 qua:
2317 3284 2649 3351 repererunt,
2668 3291 2736 3333 ne
2762 3276 2982 3348 quidem
3004 3279 3307 3350 gerentium
3335 3279 3491 3343 obso-

1895 3370 2002 3433 niis
2036 3371 2315 3441 parcentia
2344 3384 2358 3425 :
2384 3370 2581 3446 quibus
2607 3377 2735 3439 sunt
2775 3369 2983 3434 similes
3007 3371 3229 3445 quidam
3273 3372 3367 3445 qui
3398 3386 3492 3453 pe-

1894 3472 2116 3525 netrant
2145 3467 2353 3535 domos,
2382 3472 2438 3525 et
2461 3465 2702 3537 captivas
2736 3464 2941 3527 ducunt
2980 3463 3329 3523 mulierculas
3355 3479 3488 3523 one-

1896 3563 2047 3613 ratas
2074 3555 2346 3624 peccatis;
2399 3567 2536 3628 quos
2563 3551 2764 3615 Paulus
2808 3551 3005 3633 arguit.
3039 3550 3233 3610 Vultur
3269 3551 3404 3609 rixis
3431 3559 3489 3615 et

1894 3644 2052 3700 beliis
2081 3644 2283 3714 gaudet.
2327 3655 2549 3719 propter
2593 3644 2860 3707 cadavera
2905 3642 3241 3715 prmliorum,
3294 3644 3480 3702 intan-

1895 3746 2010 3795 tum
2037 3746 2098 3793 ut
2122 3737 2287 3795 etiam
2326 3744 2586 3811 sequatur
2608 3735 2930 3803 exercitum.
2959 3734 3078 3793 Non
3113 3750 3245 3811 ergo
3269 3745 3485 3811 oportet

1893 3827 2125 3891 aliorum
2154 3826 2374 3887 casibus
2416 3826 2565 3898 pasci
2600 3835 2765 3899 atque
2807 3826 3008 3891 nutriri
3058 3842 3184 3885 eum
3231 3828 3325 3905 qui
3357 3843 3485 3893 con-

1895 3921 2231 3992 temtilationi
2262 3919 2352 3981 dat
2384 3935 2626 3990 operam.
2659 3918 2878 3987 Corvini
2933 3918 3154 3990 generis
3203 3933 3337 3989 ergo
3365 3919 3483 3981 ani-

1892 4012 2057 4073 malia
2099 4019 2226 4073 sunt
2270 4010 2573 4073 aﬂectionis
2623 4011 2864 4082 expertia
2901 4011 3093 4084 :.quod
3126 4009 3479 4079 manifestum

1893 4111 1978 4163 est
1999 4119 2068 4160 ex
2093 4102 2318 4173 ecquod
2349 4102 2581 4168 emissus
2606 4117 2637 4158 a
2658 4102 2793 4171 Noe,
2820 4118 2888 4163 ex
2914 4103 3092 4176 prima
3125 4118 3478 4166 eum.corvus

1893 4195 2195 4255 avolatione
2220 4203 2592 4266 transgressus
2640 4202 2740 4261 est.
2773 4193 2873 4257 Cui
2915 4194 3109 4250 similis
3134 4193 3301 4263 ludas
3329 4194 3476 4251 circa

1890 4304 2048 4362 suum
2066 4287 2386 4358 magistrum
2411 4296 2467 4345 et
2486 4287 2777 4351 Dominum
2803 4287 2924 4349 fuit.
2945 4285 3196 4353 Strutbio
3226 4289 3474 4359 quaedam

1890 4386 1975 4436 est
2002 4378 2146 4447 avis,
2200 4379 2295 4436 sed
2341 4378 2524 4437 volare
2570 4394 2679 4441 non
2728 4387 2929 4453 potest,
2975 4387 3254 4453 totamque
3304 4380 3471 4447 vitam

1889 4485 2045 4529 suam
2073 4470 2219 4531 circa
2245 4477 2445 4535 terram
2474 4477 2705 4540 occupat
2732 4484 2747 4523 :
2791 4467 2979 4541 quales
3020 4465 3135 4521 Deo
3173 4465 3472 4533 militantes

1810 4520 1863 4595 Β
1888 4571 1943 4619 et
1987 4562 2167 4621 saeculi
2227 4577 2288 4618 se
2331 4562 2564 4633 negotiis
2612 4520 2973 4633 implicantes.
3023 4558 3291 4623 Noctuam
3338 4575 3470 4625 vero

1883 4652 2027 4708 LXX
2084 4651 2333 4722 glaucum
2379 4652 2651 4713 dixerunt.
2699 4649 2850 4707 Hanc
2900 4658 3153 4711 asserunt
3199 4650 3257 4706 in
3308 4658 3468 4707 nocte

210 4747 228 4787 ι
260 4730 479 4803 lienam.
503 4736 661 4797 ixion
688 4746 742 4795 et
768 4739 1055 4811 vulturem,
1080 4761 1145 4802 ac
1169 4730 1415 4818 milvum,
1436 4752 1591 4823 juxta
1615 4772 1783 4826 genus

1895 4744 2029 4800 acuti
2054 4759 2176 4799 esse
2196 4744 2361 4812 visus,
2385 4744 2500 4800 sole
2537 4751 2718 4803 autem
2749 4753 3062 4817 apparente,
3098 4744 3280 4801 minus
3321 4743 3468 4805 utili-

210 4836 228 4873 t
261 4837 431 4893 suum,
471 4835 537 4891 et
565 4843 726 4889 omne
752 4833 963 4892 cervini
1009 4837 1244 4907 generis.
1298 4838 1695 4911 struthionem,
1729 4854 1785 4903 ει
1882 4844 1995 4899 tate
2024 4834 2305 4892 oculorum
2329 4834 2458 4890 frui.
2490 4835 2649 4891 Tales
2684 4843 2809 4895 sunt
2858 4834 2951 4905 qui
2988 4835 3124 4909 legis
3160 4836 3466 4907 gloriantur

208 4927 226 4969 α
257 4924 526 4985 noctuam,
566 4925 625 4983 et
657 4918 856 4989 larum,
889 4932 1053 4994 atque
1084 4929 1402 5000 accipitrem
1429 4931 1585 5001 juxta
1614 4914 1782 5005 genus
1884 4926 2339 4997 contemplatione
2372 4934 2428 4980 ct
2472 4924 2721 4991 scientia,
2754 4924 2929 4983 lucem
2966 4926 3295 4997 evangelicae
3338 4938 3464 4985 eon-

207 5020 225 5055 σ
256 5020 435 5097 suum;
466 5010 787 5077 heredium,
811 5021 868 5070 et
909 5029 1166 5087 cygnum,
1212 5028 1268 5075 et
1294 5021 1429 5089 ibin,
1458 5038 1523 5078 ac
1568 5039 1781 5097 mergu-

206 5108 224 5146 ι
256 5095 381 5166 lum.
406 5102 844 5173 porphyrionem
862 5144 878 5171 ,
921 5112 979 5161 et
1018 5109 1443 5180 nycticoracem,
1488 5095 1781 5173 onocrota-

210 5201 231 5245 ι
261 5186 390 5260 lum,
415 5202 472 5253 et
494 5195 867 5261 charadrium,
894 5196 1106 5268 singula
1146 5200 1205 5259 in’
1237 5216 1436 5273 genere
1478 5218 1597 5263 suo.
1634 5206 1779 5276 Πρω

216 5296 234 5335 t
270 5297 388 5353 pain
409 5303 626 5361 quoque
653 5296 709 5346 et
734 5291 1195 5361 vespertilionem,
1236 5301 1294 5350 et
1320 5309 1479 5355 omne
1506 5298 1652 5367 quod
1700 5314 1782 5356 re-

1879 5019 2203 5077 versationis
2240 5034 2434 5090 capere
2480 5034 2588 5077 non
2618 5017 2877 5077 valentes.
2920 5018 3094 5075 Larus
3141 5016 3341 5079 animal
3374 5024 3460 5077 eat

1880 5113 1937 5170 in
1963 5121 2194 5183 utroque
2222 5114 2430 5180 vivens,
2456 5111 2513 5168 id
2555 5121 2660 5181 est,
2712 5126 2853 5183 aqua
2890 5120 2947 5167 et
2990 5120 3158 5169 terra.
3187 5110 3288 5183 Qui
3319 5109 3461 5165 sicut

1880 5204 1999 5259 avis
2021 5203 2209 5261 volans
2239 5203 2456 5273 quidem
2478 5242 2495 5271 ,
2541 5209 2601 5259 ut
2640 5203 2876 5277 aquatile
2909 5207 3089 5263 autem
3131 5206 3301 5263 natat.
3356 5198 3457 5261 Cui

1880 5308 1989 5351 non
2025 5293 2164 5349 male
2187 5301 2566 5363 comparantur
2587 5294 2645 5348 hi
2680 5294 2772 5366 qui
2800 5290 2959 5349 simul
2985 5287 3455 5344 circumcisionem

217 5388 238 5429 '
272 5384 382 5448 μιαί
407 5387 463 5437 αι
485 5381 754 5453 pannulas
798 5382 984 5449 habet,
1012 5383 1349 5453 immundum
1392 5386 1517 5452 erit,
1548 5403 1651 5444 nec
1686 5404 1773 5446 co-
1880 5392 2208 5443 veuerantur
2236 5394 2290 5441 et
2318 5386 2605 5457 baptisma.
2637 5385 2719 5453 Ad
2742 5399 2879 5455 quos
2896 5381 3095 5439 Paulus
3121 5380 3252 5443 dicit
3284 5396 3299 5434 :
3333 5397 3355 5435 α
3389 5379 3449 5435 Si

220 5481 242 5519 ι
273 5471 527 5531 medetur.
581 5492 604 5528 ι
651 5471 763 5530 Nec
800 5490 988 5533 eorum
1032 5477 1128 5546 qui
1179 5478 1250 5536 ad
1296 5480 1769 5551 contemplativam
1877 5474 2359 5541 circumcidimini,
2387 5474 2636 5531 Christus
2664 5473 2815 5539 vobis
2835 5470 2968 5537 nihil
2988 5470 3209 5541 prodest
3242 5465 3444 5551 (Gala.

212 5570 397 5619 vacant
410 5565 602 5632 vitam,
632 5566 690 5622 in
716 5567 821 5623 hoc
844 5569 1119 5642 legislator
1140 5571 1494 5629 indiseussam
1523 5571 1766 5643 reliquit;

1874 5566 1952 5640 v).
1983 5587 2003 5621 ι
2032 5565 2319 5637 Accipiter,
2346 5567 2488 5633 inter
2521 5579 2744 5637 rapaces
2764 5578 2891 5625 aves
2913 5569 3032 5628 est,
3072 5561 3236 5627 habet
3254 5548 3445 5616 autem

212 5652 307 5707 sed
328 5657 772 5724 querundnndum
803 5659 857 5716 in
901 5660 1173 5719 oblatione
1213 5662 1604 5721 sacriﬁciorum
1648 5678 1772 5734 pro-
1876 5659 2130 5732 quiddam
2150 5659 2297 5716 aliud
2323 5668 2544 5733 propter
2567 5655 2709 5726 quod
2731 5671 2761 5709 a
2776 5654 3083 5727 legislature
3108 5653 3322 5725 positus
3342 5660 3448 5711 est.

217 5742 495 5814 unum
526 5749 661 5823 luds
680 5751 972 5827 malum
1008 5753 1256 5829 deputat,
1288 5755 1364 5815 ita
1394 5756 1524 5817 etin
1546 5753 1773 5830 inquisi-
1876 5751 2205 5819 Mansuescit
2252 5753 2449 5828 quippe
2492 5757 2549 5807 et
2582 5756 2905 5827 cooperator
2943 5748 3014 5817 ad
3048 5748 3440 5823 rapacitatem:
