3890 6340
459 350 561 410 887
583 385 588 390 -

1131 325 1210 400 n.‘
1233 339 1490 400 meum
1525 337 1748 398 πωπω
1775 333 2022 395 unum:

2131 331 2450 394 MOGUNT.
2487 331 2776 394 OPERIM
2797 332 2987 392 PARS
3022 333 3066 390 I.

3601 340 3693 402 888

453 464 932 537 queminita'ntur
979 461 1159 532 lii-qui
1201 463 1471 520 mansueti
1519 460 1736 532 quidem
1779 456 2029 512 videntur
2054 455 2116 516 Λι
2131 468 2254 509 vam
2283 456 2451 512 vitam
2481 459 2802 528 pollicentur
2824 460 3112 531 praecepit;
3145 468 3222 518 et-
3259 469 3550 532 propterea
3590 441 3700 538 qui;

450 573 594 622 esse,
647 565 708 615 et
733 569 917 611 sensu
971 552 1294 622 tranquilli:
1336 562 1464 608 sunt
1509 559 1688 606 autem
1749 561 1876 604 cum
1929 561 2026 615 νο⁴

448 649 688 706 tcutibus
714 654 773 702 et
801 646 982 702 avaris
1014 652 1180 714 atque
1209 645 1520 716 rapacibus.
1554 641 1883 713 Nycticorax
1909 637 2027 692 ani-

445 739 556 798 mal
581 747 662 795 est
685 739 908 809 quodin
930 745 1090 792 nocte
1114 736 1486 794 tantummodo
1519 733 1661 804 repit
1708 740 1870 802 atque
1897 745 2028 800 ope-

444 843 621 895 ratur,
643 833 786 888 sicut
813 839 942 887 sunt
969 837 1175 902 gentes,
1212 827 1576 898 intelligibiles
1623 825 1799 881 noctis
1839 823 2027 894 operi-

442 923 576 989 bus,
605 938 727 994 qua:
757 928 884 978 sunt
921 911 1205 978 fornicatio
1228 961 1243 988 ,
1295 920 1636 976 irentunditia
1655 960 1672 985 ,
1719 919 1980 988 spurcitia
2005 955 2023 983 ,

443 1019 712 1075 idolorum
745 1017 951 1080 cultus,
1003 1024 1056 1071 ct
1101 1015 1188 1072 his
1221 1014 1442 1072 similia.
1469 1013 1578 1070 Ibis
1616 1021 1670 1068 et
1701 1010 2020 1082 porphyrio,

443 1127 610 1184 quem
626 1108 770 1166 LXX
795 1109 1075 1164 nominant
1108 1108 1428 1178 pellicanum
1452 1148 1469 1173 ,
1511 1123 1716 1179 cygnus
1737 1114 1793 1161 et
1833 1106 2026 1160 chara-

444 1203 617 1267 drius,
663 1199 807 1270 longi
845 1213 965 1254 esse
990 1197 1133 1264 colli,
1160 1201 1482 1268 trahereque
1519 1197 1700 1253 cibum
1737 1211 1806 1253 ex
1837 1195 2026 1251 altitu-

439 1293 567 1348 dine
594 1301 752 1347 terrae
780 1299 941 1360 atque
975 1305 1259 1358 aquarum,
1291 1290 1565 1346 dicuntur.
1608 1288 1738 1356 Qua:
1767 1286 2021 1340 animalia

439 1387 643 1458 imitari
690 1401 800 1442 non
843 1385 1125 1450 debemus,
1157 1399 1260 1438 nec
1297 1384 1361 1440 de
1406 1382 1753 1456 inferioribus
1791 1379 2021 1437 evellere

437 1477 638 1543 cibum,
671 1477 766 1531 sed
801 1475 868 1531 de
898 1475 1228 1530 coelestibus.
1263 1474 1356 1529 Ille
1387 1473 1653 1542 siquidem
1681 1471 2019 1542 contempla-

437 1567 568 1628 tioni
597 1574 771 1630 vacat,
815 1566 908 1635 qui
957 1566 1026 1620 ad
1055 1565 1337 1635 superiora
1387 1571 1572 1620 mente
1619 1562 1931 1627 contendit,
1967 1569 2022 1616 et

433 1673 548 1714 non
571 1657 746 1713 solum
769 1657 1158 1728 iutelligihilem
1181 1657 1364 1712 cibum
1390 1671 1421 1710 a
1463 1655 1691 1711 Domino
1720 1661 2017 1725 exspectat.

435 1747 592 1806 Unde
631 1747 709 1803 ait
763 1747 1026 1802 Dominus
1060 1766 1122 1800 ;‹
1167 1747 1344 1802 Nolite
1391 1745 1606 1802 solliciti
1655 1762 1776 1802 esse
1825 1745 2019 1801 animae

2125 562 2340 617 cunque
2392 549 2608 619 quidem
2663 550 2974 608 volatilibus
3033 551 3252 610 similes.
3291 564 3472 627 sunt,
3523 574 3692 629 super-

2125 655 2324 696 norum
2359 640 2613 698 videlicet
2656 642 2874 712 aeseqlli
2923 643 3445 713 contemplationem
3491 653 3694 719 promit-

2126 739 2324 797 tentes,
2350 746 2469 802 qute
2497 733 2645 789 ducit
2692 732 2760 788 ad
2807 731 2998 799 C(BIOS,
3027 734 3124 790 sed
3165 736 3466 806 reptilibus
3491 755 3691 812 compa-

2125 832 2317 881 rantur
2343 833 2522 891 terraa,
2543 833 2602 882 et
2621 825 3077 895 concupiscentiis
3112 843 3335 898 operam
3364 832 3521 898 dant,
3547 835 3689 894 etiam

2123 918 2249 994 siin
2279 927 2510 989 quatuor
2549 920 2715 989 pedes
2750 919 3054 985 ambulant,
3078 920 3134 976 id
3155 929 3240 978 est
3269 924 3318 979 si
3341 927 3686 997 evangelicum

2123 1010 2363 1076 simulat,
2401 1026 2521 1081 qua:
2567 1011 2698 1066 dicit
2728 1028 2740 1062 :
2778 1030 2798 1063 ‹
2833 1010 2954 1068 Non
2991 1013 3114 1068 veni
3155 1030 3350 1070 vocare
3372 1015 3587 1083 iustos,
3611 1023 3687 1078 sed

2121 1113 2437 1176 peccatores
2476 1107 2544 1161 ad
2578 1106 2990 1176 paenitentiam;
3051 1129 3070 1162 ι
3119 1120 3208 1177 et,
3262 1130 3282 1162 ι
3335 1111 3460 1168 Non
3517 1116 3685 1172 habent

2121 1213 2345 1254 necesse
2370 1199 2489 1254 sani
2522 1200 2828 1266 medicum,
2860 1201 2956 1256 sed
2993 1203 3086 1271 qui
3124 1203 3266 1260 male
3296 1205 3508 1261 habent
3543 1207 3560 1276 (
3578 1208 3679 1265 hc.

2119 1286 2220 1355 v):
2256 1307 2278 1340 ι
2311 1303 2343 1342 a
2383 1304 2493 1358 quo
2538 1287 2677 1344 latro
2728 1289 2968 1346 salvatus
3019 1300 3076 1346 et
3118 1293 3364 1350 adultera
3420 1295 3680 1364 iustiﬁcata

2119 1386 2236 1443 est;
2273 1379 2364 1448 qui
2391 1378 2511 1448 plus
2536 1379 2824 1445 debebant,
2850 1380 2972 1450 plus
2997 1383 3223 1456 diligere
3252 1385 3680 1446 inuocantemtdi-

2119 1478 2338 1536 cuntur,
2365 1471 2461 1526 sed
2489 1478 2690 1536 tamen,
2718 1472 2849 1541 quia
2898 1488 3007 1528 non
3059 1476 3360 1530 secundum
3403 1479 3678 1547 veritatem,

2119 1567 2376 1622 socialem
2400 1568 2804 1638 amplectuntur
2820 1569 3009 1636 vitam,
3033 1571 3337 1627 abutuntur
3362 1581 3534 1626 autem
3553 1589 3679 1628 com-

2118 1660 2372 1730 passione
2405 1661 2806 1730 praedicationis
2829 1703 2844 1727 ,
2887 1677 2986 1732 pro
3034 1663 3148 1718 suis
3196 1663 3558 1734 voluptatibus
3591 1667 3680 1720 im-

2120 1751 2305 1805 mundi
2347 1760 2676 1823 suntatque
2722 1753 3086 1818 ahominales,
3119 1762 3180 1808 ut
3221 1762 3351 1824 pote
3390 1755 3488 1825 qui
3533 1756 3580 1810 in
3604 1756 3677 1813 tali

433 1849 630 1896 vestra:
677 1840 810 1910 quid
863 1840 1230 1904 manducetis,
1276 1853 1452 1908 neque
1497 1839 1711 1908 corpori
1761 1838 1893 1909 quid
1938 1839 2022 1893 in—
2048 1827 2096 1889 B
2124 1839 2537 1901 amyci-satione.
2588 1855 2646 1901 et,
2690 1847 2746 1901 in
2781 1854 2931 1901 tanta
2979 1847 3225 1913 scientia,
3278 1856 3503 1918 rupem
3527 1865 3679 1919 quain.

435 1934 700 1990 duamini.
751 1933 866 1988 Scit
893 1934 1038 1988 enim
1065 1933 1227 1988 Pater
1247 1941 1430 1990 vester
1469 1932 1728 1996 caelestis,
1754 1931 1886 2002 quia
1934 1930 2019 1985 his

433 2026 687 2080 omnibus
709 2024 960 2094 indigetis
988 2022 1206 2096 (Hattlt.
1239 2023 1337 2094 vr).
1369 2043 1390 2075 ι
1436 2022 1624 2093 Upupa
1652 2021 1878 2092 lugubre
1905 2021 2022 2076 ani-

430 2117 546 2173 mal
581 2126 668 2174 est
705 2129 898 2173 amans
938 2117 1084 2188 quod
1131 2116 1437 2172 luctuosum
1465 2126 1568 2172 est.
1599 2115 1794 2171 Saeculi
1837 2122 2022 2170 autem

434 2208 657 2264 tristitia
706 2218 940 2264 mortem
994 2216 1271 2279 operatur.
1327 2209 1556 2279 Pr0pter
1614 2207 1760 2276 quod
1805 2211 2022 2274 oportet

432 2318 558 2357 eum
585 2303 680 2372 qui
727 2303 902 2372 diligit
949 2302 1279 2366 Dominum,-
1313 2315 1532 2370 semper
1583 2298 1850 2369 gaudere,
1903 2297 2020 2353 sine

433 2395 840 2450 intermissione
870 2409 1052 2460 orare,
1092 2396 1148 2449 in
1166 2394 1417 2449 omnibus
1447 2393 1650 2463 gratias
1678 2403 1856 2464 agere,
1890 2392 2021 2462 quia

433 2483 690 2554 gaudium
740 2483 950 2539 fructus
985 2492 1071 2540 est
1113 2484 1354 2554 spiritus.
1406 2482 1828 2554 Vespertiliones
1873 2483 2020 2538 circa

435 2581 640 2629 terram
679 2575 884 2641 volant,
917 2576 994 2629 ita
1036 2584 1098 2630 ut
1141 2576 1338 2646 pennis
1373 2591 1474 2646 pro
1524 2575 1752 2645 pedibus
1795 2581 2021 2628 utantur

434 2671 650 2741 quando
679 2671 960 2726 ambulant
986 2691 998 2725 :
1028 2671 1182 2741 'quod
1209 2680 1388 2725 tamen
1419 2670 1697 2742 indignum
1729 2678 1812 2724 est
1850 2669 1905 2722 in
1939 2667 2020 2724 eis

431 2766 523 2835 qui
553 2763 995 2834 contemplationi
1035 2763 1169 2819 dant
1195 2779 1436 2835 operam.
1476 2763 1714 2831 Quorum
1743 2763 1887 2818 enim
1937 2769 2022 2816 est

431 2855 645 2910 volatus
684 2855 834 2910 circa
884 2864 1108 2921 terram,
1155 2855 1352 2910 horum
1404 2855 1567 2909 etiam
1617 2854 1804 2926 procul
1855 2854 2021 2909 dubio

431 2955 585 3003 mens
606 2948 852 3004 terrenis
881 2954 1196 3019 occupatur.
1230 2947 1350 3003 Non
1401 2947 1736 3002 incredibilis
1779 2959 1909 3016 ergo
1945 2947 2022 3001 sis

431 3053 533 3092 nec
557 3038 796 3105 dubites,
827 3039 970 3108 quod
1007 3039 1173 3094 etiam
1203 3038 1337 3102 haec,
1366 3051 1486 3107 quas
1505 3051 1650 3092 nunc
1678 3037 2022 3092 dinumerata

433 3141 561 3188 sunt
589 3133 862 3196 animalia,
882 3133 949 3187 ad
969 3131 1354 3196 ostensionem,
1375 3130 1611 3200 ﬁguram
1640 3141 1825 3183 eorum
1847 3143 1880 3181 a
1903 3129 2020 3198 qui-

429 3224 536 3278 bus
559 3225 833 3278 abstinere
857 3224 1054 3279 debent
1079 3222 1516 3292 contemplationi
1544 3229 1816 3285 vacantes,
1839 3223 2022 3290 posuit

433 3317 736 3386 Iegislator.
779 3316 886 3370 Sed
945 3319 1161 3387 inquies
1196 3333 1211 3370 :
1253 3317 1532 3382 Quomodo
1577 3318 1771 3372 horum
1813 3317 2024 3371 anima-

435 3405 567 3461 lium
596 3423 708 3462 non
730 3406 910 3472 cibus,
958 3409 1054 3463 sed
1085 3407 1318 3462 imitatlo
1343 3408 1680 3478 prohibetur,
1731 3423 1853 3463 cum
1897 3408 2024 3463 scri-

431 3508 588 3571 pturn
632 3500 747 3553 sit:
793 3517 814 3550 ι
857 3497 1062 3555 Similis
1089 3498 1264 3554 iactus
1313 3512 1432 3553 sum
1477 3498 1723 3568 pelicano
1780 3499 2025 3555 sciitudi-

431 3590 550 3657 nis;
583 3587 756 3648 iactus
782 3607 899 3647 sum
923 3593 1065 3648 sicut
1084 3589 1402 3664 nycticorax
1434 3592 1489 3646 in
1511 3591 1826 3648 domlcilio?
1847 3592 2020 3664 (Paul.

437 3681 553 3753 cr.)
582 3700 605 3733 ι
644 3679 754 3738 Per
793 3681 1038 3751 aquilam
1053 3690 1240 3737 autem
1285 3681 1498 3753 Moyses
1525 3681 1702 3752 ipsum
1731 3681 2023 3754 signiﬁcat

435 3770 727 3828 Dominum
761 3772 1033 3828 dicentem
1071 3773 1142 3829 ad
1191 3772 1360 3828 Israel
1410 3791 1422 3826 :
1455 3772 2023 3843 Quomodoportave-

431 3863 539 3918 rim
561 3877 660 3918 vos
685 3878 850 3934 super
895 3865 1038 3919 alam
1087 3864 1412 3935 aquilarum.-
1463 3863 1600 3918 Nam
1647 3873 1705 3920 et
1741 3865 2025 3935 prophetae

434 3953 645 4009 leonem
680 3953 965 4010 Christum
1023 3955 1313 4027 appellant.
1363 3954 1608 4010 Leonem
1652 3964 1834 4011 autem
1859 3970 1895 4011 e
1942 3957 2026 4011 di-

431 4060 594 4102 verso
623 4061 750 4102 esse
771 4044 966 4101 Petrus
1003 4047 1278 4116 apostolus
1302 4047 1436 4102 dicit
1457 4047 1751 4102 diabolum.
1789 4045 1902 4103 Nec
1945 4057 2027 4104 ta-

433 4153 561 4193 men
593 4139 891 4192 secundum
937 4139 1042 4193 hoc
1088 4140 1172 4195 leo
1224 4138 1496 4206 Christus,
1532 4139 1827 4195 secundum
1878 4141 2024 4212 quod

437 4228 703 4283 diabolus
729 4227 947 4282 dicitur.
975 4228 1134 4283 Absit
1162 4245 1191 4284 a
1222 4231 1397 4295 nobis,
1430 4232 1573 4286 absit
1614 4233 1719 4285 ista
1750 4231 2019 4302 impietas.

439 4322 549 4378 Sed
569 4323 696 4393 quia
723 4321 884 4376 simul
908 4331 1133 4394 regnum
1159 4337 1262 4378 nec
1300 4339 1406 4379 non
1427 4335 1597 4396 rapax
1627 4335 1790 4395 atque
1814 4327 2023 4382 immite

435 4415 636 4473 animal
681 4421 812 4472 est.
839 4414 1084 4485 Cumque
1137 4413 1456 4487 dignitatem
1506 4415 1856 4484 laudabilem,
1885 4417 2022 4472 vitu-

2121 1936 2243 1991 dam
2270 1937 2664 2008 ingrediuntur,
2689 1948 2746 1995 et
2769 1941 2940 1994 vitam
2983 1939 3340 1996 immundam.

2191 2043 2217 2077 ιι
2237 2025 2410 2082 Omne
2420 2029 2561 2099 quod
2577 2031 2832 2084 mundum
2851 2040 2958 2096 est,
2972 2032 3273 2099 comedite;
3292 2033 3553 2105 quidquid
3562 2051 3676 2092 mor-

2127 2136 2147 2170 ι
2166 2116 2391 2174 ticinum
2410 2129 2514 2186 est,
2528 2137 2597 2178 ne
2608 2124 2900 2180 vescamini
2924 2141 2992 2180 ex
3016 2140 3101 2180 eo.
3115 2125 3444 2195 Peregrina,
3461 2128 3544 2198 qui
3564 2129 3672 2182 intra

2127 2226 2147 2261 ‹
2164 2218 2352 2280 portas
2376 2219 2497 2268 tuas
2510 2221 2613 2280 est,
2629 2215 2698 2268 da
2721 2223 2781 2270 ut
2795 2217 3064 2284 comedat,
3080 2227 3172 2271 aut
3183 2218 3384 2285 vende,
3401 2220 3522 2289 quia
3539 2225 3584 2273 tu
3599 2234 3675 2290 po-

2126 2320 2146 2352 (
2166 2301 2327 2372 pulus
2357 2311 2582 2359 sanctus
2618 2305 2832 2360 Domini
2863 2308 2960 2363 Dei
2991 2309 3071 2364 tui
3102 2324 3180 2364 es.
3206 2329 3227 2360 ι
3255 2309 3439 2365 Omne
3466 2311 3670 2365 munditia

2121 2394 2405 2448 comedere
2429 2397 2706 2467 praecepit,
2730 2399 2856 2467 quia
2880 2400 3186 2456 actionibus
3210 2401 3372 2457 bonis
3401 2411 3461 2457 et
3481 2403 3673 2457 moribus

2119 2484 2363 2540 honestis
2383 2486 2460 2540 uti
2492 2488 2760 2543 concedit.
2793 2489 3136 2545 Morticinum
3165 2492 3253 2546 edi
3277 2507 3417 2548 vero
3450 2492 3671 2563 prohibet,

2121 2578 2247 2646 quia
2272 2595 2302 2633 a
2323 2587 2660 2635 mortuorum
2681 2583 2936 2652 operibus
2959 2585 3238 2640 abstinere
3255 2600 3360 2640 nos
3374 2586 3540 2656 jubet.
3564 2584 3674 2652 Quin

2119 2669 2300 2739 potius
2341 2672 2628 2740 peregrino
2657 2670 2777 2728 dari
2824 2675 3127 2741 consentit,
3161 2675 3289 2745 quia
3341 2690 3372 2729 a
3426 2681 3676 2747 paganoet

2121 2758 2400 2826 haeretico,
2437 2761 2583 2830 quia
2607 2761 2913 2819 Christiana
2956 2765 3222 2836 religione
3251 2765 3416 2821 alieni
3445 2775 3494 2823 et
3516 2774 3670 2821 extor-

2122 2864 2212 2905 res
2239 2859 2384 2917 sun-t,
2411 2854 2566 2921 quasi
2589 2853 2882 2910 immundis
2909 2864 2965 2911 et
3018 2857 3300 2912 immunda
3327 2857 3540 2928 prolicit,
3563 2869 3675 2913 eum

2124 2959 2156 2998 a
2181 2946 2344 3000 sorde
2361 2960 2454 3001 eos
2484 2955 2835 3016 peccatorum
2876 2949 3154 3004 abstinere
3202 2950 3352 3006 nolle
3370 2992 3388 3017 ,
3429 2950 3673 3020 conmicit.

2126 3035 2282 3092 Unde
2307 3037 2438 3092 dicit
2465 3037 2772 3108 Apostolus.
2797 3057 2819 3091 ‹
2848 3039 3042 3096 Omnia
3061 3042 3266 3098 munda
3294 3042 3503 3098 mundis
3525 3059 3536 3095 :
3558 3041 3680 3096 coin-

2127 3127 2365 3200 quinatis
2389 3137 2570 3184 autem
2611 3138 2668 3185 et
2702 3131 3044 3198 inﬁdelibus,
3093 3132 3232 3186 nihil
3271 3133 3529 3187 mundum
3567 3128 3675 3200 (Tit.

2125 3205 2200 3290 ι’).
2231 3239 2252 3272 ι
2282 3220 2421 3276 Hinc
2464 3221 2715 3278 Salvator
2755 3225 2812 3278 in
2856 3224 3155 3295 Evangelia
3195 3222 3400 3293 eiectos
3443 3224 3678 3278 daemones

2125 3312 2196 3366 ab
2238 3313 2548 3369 hominibus
2594 3315 2848 3384 permisit
2891 3316 2972 3370 ire
3003 3316 3061 3370 in
3088 3330 3310 3386 porcos.
3357 3315 3423 3370 Et
3451 3311 3683 3383 discipulo

2123 3419 2224 3474 pro
2237 3405 2517 3474 sepultura
2536 3408 2709 3476 patris
2721 3407 2929 3479 petenti
2943 3408 3227 3477 respondit
3248 3425 3261 3462 :
3284 3425 3304 3459 ι
3315 3406 3441 3462 Sine
3458 3405 3683 3462 mortuos

2127 3495 2358 3566 sepelire
2390 3507 2633 3554 mortuos
2672 3513 2800 3554 suos
2858 3519 2872 3554 :
2909 3508 2970 3554 tu
2992 3508 3175 3555 autem
3205 3499 3341 3555 vade
3364 3507 3416 3554 et
3441 3495 3687 3552 aununtia

2127 3600 2354 3658 regnum
2375 3587 2472 3642 Dei
2503 3587 2719 3660 (Matth.
2748 3590 2896 3663 ηπ).
2917 3609 2940 3643 ι

2732 3705 2974 3763 CAPUT
2999 3705 3099 3762 VII.

2125 3797 2205 3852 De
2231 3814 2336 3852 non
2367 3797 2633 3868 coquendo
2661 3797 2811 3851 Itde
2835 3800 2891 3852 in
2922 3787 3052 3852 lacte
3070 3796 3246 3868 matris
3269 3807 3286 3846 :
3313 3801 3358 3868 et
3380 3793 3443 3847 de
3474 3789 3690 3868 decimis

2209 3869 2422 3934 dandis,
2440 3863 2548 3922 "nec
2579 3868 2785 3922 tonderi
2807 3879 3044 3939 oportere
3066 3865 3395 3939 primogenita
3420 3863 3615 3919 ovium.

2199 3960 2376 4033 (Iam)
2421 3979 2443 4013 ‹
2469 3961 2585 4016 Non
2613 3975 2815 4032 coques
2843 3962 3059 4016 haedum
3085 3960 3290 4015 inlacte
3311 3959 3498 4013 matris
3521 3969 3637 4010 suae
3662 3974 3681 4009 ι

2127 4050 2324 4108 Haedus
2351 4049 2438 4106 hic
2463 4051 2564 4107 sub
2591 4053 2894 4122 peccatoris
2933 4052 3106 4123 ﬁgura
3153 4049 3450 4105 inducitur.
3475 4046 3681 4102 ‘I’minde

2126 4157 2362 4212 peccans
2389 4158 2498 4200 non
2528 4151 2612 4199 est
2653 4143 2966 4214 coquendus
3002 4145 3058 4198 in
3106 4144 3255 4198 lacte
3279 4143 3490 4205 matris,
3517 4140 3568 4195 id
3590 4145 3682 4203 est,

2128 4248 2237 4287 non
2275 4241 2361 4286 est
2405 4235 2716 4305 purgandus
2765 4233 3132 4290 mediocribus
3171 4234 3582 4302 tenerrimisque
3619 4231 3688 4286 di-

2128 4323 2370 4392 sciplinis
2390 4324 2668 4392 Ecclesiae,
2709 4326 2820 4381 sed"
2853 4325 3250 4382 austerioribus
3278 4326 3564 4396 praeceptis
3589 4322 3686 4392 citis

2127 4425 2254 4470 sunt
2301 4418 2650 4486 excoquenda
2691 4427 2937 4488 peccata,
2969 4418 3129 4488 cujus
3183 4431 3387 4489 magna
3442 4425 3566 4473 sunt
3599 4415 3691 4471 cri-

430 4507 736 4582 perabil‘em'
759 4517 972 4563 tantum
1008 4508 1382 4578 operationem
1409 4517 1581 4579 gerat,
1611 4508 1756 4578 quod
1800 4509 2020 4579 quidem
2049 4557 2104 4584 τι
2129 4508 2312 4584 mina:
2341 4517 2400 4563 ut
2421 4511 2516 4580 qui
2553 4525 2652 4580 per
2686 4510 2924 4567 lasciviae
2963 4509 3340 4565 blandimenta
3379 4523 3440 4566 se
3465 4507 3689 4581 perdidit,

434 4557 706 4652 laudabile
731 4599 912 4663 habet,
943 4557 1130 4654 bocrin
1160 4597 1380 4654 Christo
1407 4557 1707 4669 accipin};
1757 4557 1902 4670 qliod
1933 4615 2023 4654 au-
2045 4557 2106 4620 Β
2129 4557 2340 4657 iortiori
2367 4557 2652 4673 disciplina
2676 4619 2737 4658 se
2762 4557 3014 4660 redimat.
3311 4619 3314 4622 '

435 4688 943 4758 tem'vitnperablle
977 4691 1143 4748 habet
1176 4692 1232 4747 in
1279 4691 1518 4758 diabolo,
1558 4693 1864 4762 rapa-citas,
1912 4693 2017 4749 im-

436 4781 798 4833 mansuetudo
827 4782 1003 4850 :quod
1025 4789 1080 4838 et
1108 4784 1163 4837 in
1192 4783 1391 4853 aquila
1428 4783 1861 4850 considerantes,
1896 4784 2016 4840 sine

437 4869 620 4939 aliqua
659 4867 953 4925 dubietate
1006 4874 1326 4942 reperimus.
1391 4874 1624 4945 Propter
1676 4875 2020 4931 altitudinem

438 4960 586 5016 enim
629 4957 840 5014 volatus
888 4959 1003 5028 ejus
1048 4962 1103 5015 in
1148 4963 1458 5030 Dominum,
1505 4963 1717 5035 Moyses
1766 4966 2016 5035 sumpsit.

345 5100 350 5106 .
435 5051 710 5120 Propheta
749 5047 928 5105 autem
955 5051 1128 5106 David
1153 5055 1345 5126 lugens
1388 5057 1664 5111 hominem
1711 5055 1764 5109 in
1794 5065 2021 5125 peccato

440 5142 818 5208 constitutum,
843 5143 1176 5214 nycticoraci
1203 5146 1348 5202 hunc
1390 5147 1532 5202 sicut
1561 5147 1618 5200 in
1648 5154 1810 5202 nocte
1829 5147 2022 5202 viven-

441 5245 551 5293 tem
591 5237 948 5310 comparavit.
977 5236 1081 5290 Per
1120 5237 1426 5306 pelicanum
1463 5247 1643 5295 autem
1671 5246 1731 5294 ut
1770 5247 1895 5309 pote
1920 5251 2023 5312 per

444 5329 644 5383 animal
670 5343 859 5383 amans
893 5327 1238 5384 solitudinem
1258 5371 1272 5394 ,
1301 5331 1552 5399 ﬁguravit
1575 5348 1698 5387 eum
1721 5333 1813 5401 qui
1839 5331 2021 5388 forsan

442 5420 630 5477 amicis
674 5419 948 5477 desolatus
973 5423 1078 5488 est,
1131 5435 1196 5477 ac
1231 5423 1475 5492 cognatis
1503 5424 1839 5496 aliorumque
1867 5427 2018 5481 simi-

442 5515 572 5568 lium
601 5513 859 5570 societate
887 5513 1198 5570 destitutus.

521 5624 538 5656 ι
569 5601 638 5658 Et
663 5623 822 5662 omne
845 5608 986 5676 quod
1011 5617 1190 5679 reptat
1213 5617 1267 5664 et
1295 5607 1555 5678 pennulas
1577 5605 1764 5676 habet,
1786 5611 2023 5669 immun-

449 5693 571 5746 dum
605 5696 741 5762 erit,
764 5713 866 5752 nec
904 5701 1238 5754 comedctur.
1296 5718 1314 5752 ι
1357 5695 1440 5752 Ab
1471 5698 1616 5751 omni
1644 5701 1871 5755 mundos
1905 5718 2026 5760 esse

448 5798 672 5854 peccato
698 5797 861 5857 atque
903 5793 1115 5848 actione
1151 5789 1368 5849 sordida
1403 5797 1498 5845 eos
1525 5788 1618 5859 qui
1649 5794 2026 5863 contemplati-

2203 4711 2224 4744 ε
2266 4693 2543 4749 Decimum
2567 4704 2784 4765 partem
2832 4695 3114 4765 separabis
3152 4709 3184 4749 a
3211 4695 3443 4750 cunctis
3484 4693 3695 4764 frugibus

2134 4806 2154 4840 ‹
2197 4787 2329 4852 suis,
2374 4801 2495 4858 quas
2540 4795 2836 4842 nascuntur
2861 4799 2960 4858 per
3010 4799 3182 4842 annos
3205 4787 3469 4856 singulos
3507 4786 3565 4841 in
3601 4795 3698 4838 σου·
3738 4829 3742 4832 .

2132 4897 2151 4930 ί
2197 4887 2383 4948 speetu
2410 4879 2621 4933 Domini
2653 4879 2747 4934 Dei
2771 4880 2870 4946 tui,
2895 4879 2950 4932 in
2975 4877 3093 4932 loco
3117 4889 3280 4948 quem
3306 4877 3568 4950 elegerit,
3591 4873 3696 4927 utin

2133 4988 2152 5021 ‹
2195 4983 2262 5025 eo
2311 4984 2508 5024 nomen
2564 4969 2709 5024 illius
2757 4970 3074 5035 invocetur;
3117 4967 3408 5024 decimam
3451 4963 3703 5026 frumenti.

2129 5077 2149 5111 ι
2200 5060 2313 5114 vini
2339 5067 2394 5113 et
2421 5059 2556 5125 olei;
2584 5061 2942 5131 primogenita
2963 5059 3328 5115 dearmeutis'
3355 5068 3424 5115 et-
3448 5061 3516 5114 de
3539 5056 3703 5113 ovibus

2131 5168 2150 5201 ι
2192 5149 2346 5205 tuis:
2379 5157 2442 5203 ut
2483 5149 2662 5205 discas
2685 5151 2883 5206 timere
2911 5151 3199 5205 Dominum
3253 5150 3445 5206 Deum
3484 5160 3624 5205 tuum
3659 5145 3705 5199 in

2131 5258 2151 5292 ‹
2199 5241 2348 5297 omni
2383 5246 2648 5311 tempore.
2677 5241 2812 5297 Cum
2857 5249 3046 5296 autem
3064 5240 3286 5310 longior
3319 5241 3502 5297 fuerit
3542 5240 3623 5293 via
3662 5241 3707 5289 et

2130 5352 2151 5385 ι
2193 5335 2344 5391 locus
2384 5351 2544 5406 quem
2584 5334 2807 5406 elegerit
2840 5334 3104 5390 Dominus
3133 5333 3282 5388 Deus
3335 5343 3493 5401 tuus,
3517 5331 3709 5399 tibique

2135 5442 2154 5476 ι
2199 5426 2560 5491 benedixerit,
2591 5439 2659 5480 ne
2687 5425 2929 5496 potueris
2961 5425 3031 5479 ad
3059 5439 3182 5478 eum
3213 5435 3431 5482 cuncta
3464 5427 3582 5480 haec
3603 5433 3713 5492 por-

2134 5533 2153 5568 t
2195 5524 2334 5582 tare,
2360 5517 2561 5571 vendes
2582 5517 2785 5582 omnia,
2821 5523 2880 5570 et
2923 5515 3240 5586 in-pretiu'm
3273 5518 3568 5589 redigens,
3605 5525 3718 5584 por

2136 5625 2155 5658 ι
2197 5607 2446 5676 tabisque
2465 5621 2626 5661 manu
2649 5615 2760 5672 tua,
2784 5612 2841 5662 et
2863 5605 3228 5676 proﬁcisceris
3252 5607 3326 5659 ad
3350 5607 3543 5663 locum
3569 5614 3717 5676 quem

2138 5718 2158 5752 ‹
2204 5700 2430 5770 elegerit
2467 5701 2728 5756 Dominus
2761 5702 2904 5755 Deus
2945 5707 3091 5763 tuus,
3142 5705 3200 5752 et
3224 5711 3393 5753 emes
3419 5713 3497 5754 ex
3542 5698 3719 5755 eadem

2138 5794 2429 5864 «pecunia
2470 5795 2732 5867 quidquid
2781 5795 2876 5853 tibi
2927 5793 3365 5866 placuerit,etc.'
3409 5816 3436 5850 ι
3467 5795 3613 5862 Quid
3643 5796 3721 5851 est
