3890 6340
169 381 258 443 889

845 343 854 362 ⁶
953 373 1354 435 mansuro
1390 373 1617 433 suasa
1650 369 2278 436 DEUTERONOMIUM.
2315 402 2388 418 -
2421 373 2553 433 LlB.
2587 371 2656 433 n.-

3196 379 3208 394 '
3291 375 3414 435 890‘

169 497 293 570 quod
330 496 568 553 vendere
607 495 759 566 jubet
795 493 884 550 his
919 494 1012 565 qui
1057 494 1271 565 longius
1301 492 1464 564 positi
1499 498 1659 546 erant
1693 503 1725 544 a
1752 491 1810 554 Αο
1826 491 2098 561 praecepit,
2137 502 2244 546 non
2289 489 2358 545 ad
2385 503 2511 544 eum
2547 488 2727 544 locum
2766 486 2978 546 referre
3137 487 3402 550 Dominus

167 590 288 654 loco,
321 588 379 642 in
409 603 518 658 quo
561 585 966 642 tabernaculum
992 586 1077 641 vel
1109 585 1364 656 templum
1415 585 1508 640 Dei
1549 585 1726 639 fuerat

165 680 524 745 constitutum,
557 679 823 734 decimam
853 677 1131 744 frumenti,
1155 678 1267 732 vini
1290 686 1345 732 et
1369 676 1493 742 olei,
1525 677 1734 746 primo-

164 771 324 844 genita
365 785 579 841 quoque
613 770 778 824 boum
815 779 870 824 et
913 767 1114 835 ovium,
1161 769 1264 823 nisi
1305 769 1456 838 quod
1495 769 1728 824 instruat

163 879 261 928 eos,
286 862 383 931 qui
430 861 486 916 in
513 860 753 921 incolatu
799 859 961 932 hujus
1015 860 1203 916 mundi
1235 865 1645 924 conversantur,
1671 867 1728 914 et

161 959 298 1028 longe
339 963 470 1010 sunt
513 970 546 1008 a
590 952 924 1025 perfectione
963 960 1307 1018 sanctorum,
1351 965 1453 1006 nec
1496 957 1726 1021 possunt

161 1047 438 1104 ascendere
478 1045 683 1100 cultum
729 1044 1012 1109 virtutum,
1056 1058 1237 1114 neque
1287 1056 1484 1098 vacare
1530 1041 1723 1096 divinat

157 1137 610 1207 contemplationi,
648 1143 710 1190 ut
751 1136 915 1200 bona,
947 1150 1067 1204 quae
1098 1150 1198 1204 per
1219 1134 1458 1189 divinam
1485 1134 1722 1204 gratiam

155 1231 374 1302 possint,
390 1229 592 1302 .devote
617 1243 682 1283 ac
723 1227 1003 1282 humiliter
1029 1235 1211 1298 agant,
1236 1237 1502 1296 quatenus
1535 1240 1604 1282 ex
1636 1240 1723 1280 re-

154 1323 242 1376 bus
271 1319 506 1375 terrenis
539 1326 704 1388 atque
733 1318 973 1381 caducis,
1022 1324 1333 1371 mercentur
1370 1315 1472 1370 sibi
1497 1317 1722 1384 praemia

152 1423 367 1476 :eterna,
407 1422 459 1466 et
486 1411 772 1467 thesauros
806 1411 1078 1464 caelestes.
1122 1408 1273 1464 Unde
1306 1407 1567 1461 Dominus
1593 1407 1725 1462 dicit

157 1506 206 1558 in
246 1504 581 1574 Evangelio:
629 1519 649 1554 ‹
685 1501 1073 1558 Thesaurizate
1118 1500 1275 1555 vobis
1326 1500 1614 1555 thesauros
1663 1499 1722 1554 in

153 1593 297 1659 cmlo,
327 1594 419 1648 ubi
445 1609 544 1650 nec
569 1607 778 1663 aerugo,
803 1609 904 1648 nec
924 1593 1070 1647 tinea
1098 1591 1412 1657 demolitur,
1437 1599 1494 1645 et
1518 1591 1608 1646 ubi
1637 1589 1724 1644 fu.

152 1701 230 1739 res
281 1701 388 1740 non
439 1685 701 1740 effodiunt
755 1699 858 1739 nec
910 1683 1160 1738 furantur
1204 1679 1425 1753 (Matth.
1461 1682 1560 1752 vi).
1589 1701 1612 1734 ι
1651 1681 1722 1736 Et

146 1775 264 1830 alibi
291 1789 306 1828 :
344 1793 363 1826 ‹
392 1775 579 1832 Facite
604 1775 780 1839 vobis,
809 1774 903 1836 ait,
932 1773 1139 1828 amicos
1171 1773 1236 1828 de
1275 1787 1583 1828 mammona
1622 1774 1721 1827 ini«

1827 596 1884 636 se
1905 580 2077 636 voluit
2101 581 2358 636 invocari.
2397 599 2416 632 ‹
2441 580 2510 634 Et
2538 580 2741 646 veniet,
2775 580 2974 650 inquit,
3019 580 3256 649 Levites,
3301 585 3396 654 qui

1825 686 1933 726 non
1957 672 2119 726 habet
2142 679 2324 741 partes
2352 685 2454 726 nec
2480 670 2881 742 possessionem
2908 679 3110 737 tecum,
3154 683 3212 729 et
3237 688 3398 744 pereo

1825 765 2032 836 grinus,
2060 772 2117 820 et
2150 765 2408 835 pupillus,
2449 773 2506 820 et
2532 763 2713 831 vidua,
2743 777 2864 834 quae
2894 765 3036 821 intra
3067 774 3256 837 portas
3279 773 3408 826 tuas

1825 867 1927 924 est,
1958 869 2016 914 et
2050 858 2319 913 comedet.
2345 876 2366 910 ι
2397 855 2538 913 Hine
2579 864 2730 912 certe
2758 856 3047 914 manifeste
3074 871 3264 914 verum
3283 867 3400 928 est,

1824 965 1926 1006 nec
1967 950 2130 1005 istam
2170 949 2434 1005 decimam
2473 949 2688 1006 Domini
2728 950 2845 1005 ﬁeri
2873 949 3111 1006 voluisse
3157 965 3406 1007 commu-

1824 1057 1948 1097 nem
1971 1042 2022 1096 ei
2049 1042 2143 1112 qui
2178 1039 2338 1096 otl‘ert
2365 1049 2424 1096 et
2448 1041 2533 1096 his
2559 1041 2756 1111 quibus
2783 1042 3139 1113 impendenda
3162 1054 3269 1108 est,
3301 1047 3400 1100 sed

1822 1132 1928 1188 illis
1956 1133 2086 1189 solis
2113 1133 2326 1203 erogari
2354 1147 2476 1188 eam
2497 1131 2659 1201 jussit
2686 1133 2780 1202 qui
2799 1133 2934 1188 nihil
2957 1133 3105 1190 aliud
3132 1135 3400 1192 haberent

1821 1223 1878 1279 iu
1901 1224 2097 1294 quibus
2121 1224 2394 1294 praecipue
2419 1223 2664 1279 Levitem
2694 1223 2899 1294 posuit.

2402 1335 2629 1392 CAPUT
2682 1335 2815 1392 Vill.

1892 1425 1970 1481 De
1995 1426 2297 1480 remissione
2321 1429 2446 1480 ιιηηὶ
2466 1428 2694 1498 septimi,
2719 1438 2764 1482 et
2793 1429 2856 1481 de
2881 1443 3026 1484 servo
3063 1429 3148 1484 cui
3182 1431 3330 1485 auris

2319 1497 2506 1551 subula
2528 1497 2862 1568 perforatur.

1892 1589 2042 1663 (CAP.
2070 1590 2188 1662 xv.)
2241 1607 2262 1640 ι
2312 1588 2555 1659 Septimo
2603 1605 2743 1645 anno
2785 1591 2952 1647 facies
2992 1594 3393 1660 remissionem,

1827 1697 1846 1732 ι
1890 1695 2012 1750 quae
2036 1682 2140 1735 hoc
2167 1680 2356 1735 ordine
2376 1679 2737 1735 celebrabitur
2763 1699 2776 1736 :
2810 1681 2910 1737 Cui
2940 1683 3169 1739 debetur
3193 1685 3399 1756 aliquid

1829 1788 1849 1823 ι
1894 1773 1962 1827 ab
1985 1773 2182 1840 amico,
2212 1772 2296 1827 vel
2320 1773 2567 1842 proximo
2590 1788 2654 1828 ac
2677 1773 2848 1829 fratre
2873 1790 2990 1842 suo,
3019 1786 3267 1848 repetere
3289 1794 3398 1835 non

140 1866 378 1934 quitatis,
411 1876 473 1920 ut
502 1881 627 1922 cum
659 1865 987 1929 defeceritis,
1026 1865 1290 1934 recipiant
1309 1879 1407 1919 vos
1435 1864 1488 1918 in
1517 1873 1719 1919 aeterna
1750 1853 1798 1913 B
1831 1877 1851 1912 ι
1895 1862 2112 1932 poterit,
2152 1863 2279 1932 quia
2315 1877 2490 1918 annus
2525 1864 2866 1920 remissionis
2903 1875 2988 1921 est
3019 1867 3254 1924 Domini.
3291 1889 3310 1922 ι
3337 1868 3398 1924 In

136 1957 488 2010 tabernacula
538 1955 690 2027 (Luc.
731 1957 868 2027 xvr).
902 1975 920 2009 ι
954 1955 1032 2010 lbi
1079 1955 1222 2010 enim
1261 1955 1586 2025 epulandum
1613 1965 1718 2022 est,

130 2045 204 2101 ibi
252 2047 553 2102 laetandum
584 2062 708 2101 cum
750 2046 962 2113 amicis,
997 2046 1102 2101 hoc
1130 2054 1216 2102 est
1252 2062 1375 2100 cum
1423 2046 1624 2101 sanctis
1668 2055 1724 2102 et

126 2137 318 2193 electis
349 2147 410 2193 et
450 2138 676 2207 angelis,
706 2139 795 2194 ubi
825 2147 1000 2208 empta
1029 2154 1139 2194 non
1179 2139 1470 2193 cessabunt
1498 2140 1718 2209 gaudia,

126 2227 222 2281 sed
247 2229 305 2282 in
337 2229 682 2284 beatitudine
709 2237 1030 2297 permanent
1053 2237 1335 2299 perpetua.
1365 2248 1386 2281 ‹
1419 2230 1577 2285 Anno
1605 2240 1718 2286 ter-

133 2335 151 2369 ‹
198 2317 276 2372 tio
295 2317 588 2386 separabis
610 2318 772 2372 aliam
797 2319 1063 2374 decimam
1096 2333 1161 2374 ex
1191 2320 1448 2376 omnibus
1475 2336 1597 2390 qua:
1613 2337 1715 2375 na-

138 2426 156 2459 ι
201 2415 434 2464 seuutur
464 2408 561 2462 tibi
596 2422 662 2463 eo
690 2417 951 2478 tempore,
980 2417 1035 2465 et
1072 2425 1301 2480 repones
1341 2410 1488 2465 intra
1521 2410 1718 2479 januas

144 2517 162 2550 ι
209 2507 362 2567 tuas;
395 2500 680 2570 venietque
704 2499 920 2556 Levites
950 2501 1041 2570 qui
1081 2499 1244 2554 aliam
1280 2517 1385 2556 non
1411 2501 1575 2557 habet
1595 2517 1720 2572 par-

144 2609 161 2642 ι
204 2600 314 2646 tem
358 2606 460 2646 nec
497 2591 898 2662 possessionem
945 2600 1144 2657 tecum,
1188 2601 1244 2647 et
1281 2593 1620 2664 peregrinus,
1663 2602 1722 2650 et

141 2698 162 2733 ι
198 2682 458 2752 pupillus,
486 2697 552 2739 ac
583 2683 765 2750 vidua,
797 2682 892 2752 qui
933 2683 1075 2738 intra
1115 2691 1304 2754 portas
1343 2692 1462 2739 tuas
1490 2693 1640 2750 sunt,
1665 2692 1721 2738 et

137 2789 159 2827 ι
199 2775 497 2830 comedent
537 2782 594 2830 et
635 2775 1042 2841 saturahuntur,
1071 2784 1131 2831 ut
1154 2776 1442 2832 benedicat
1479 2778 1575 2833 tibi
1616 2776 1723 2832 Do-

139 2882 159 2917 l
199 2865 382 2922 minus
429 2864 578 2922 Deus
625 2874 772 2933 tuus,
816 2867 873 2920 in
914 2867 1124 2923 eunetis
1169 2869 1425 2936 operibus
1461 2883 1720 2924 manuum

138 2972 155 3006 ι
200 2964 442 3022 tuarum,
476 2972 600 3026 quae
645 2956 862 3013 feceris.
899 2977 920 3010 ι
950 2956 1009 3012 In
1053 2957 1198 3012 LXX
1233 2967 1415 3015 autem
1459 2960 1718 3028 editione,

132 3046 202 3103 ita
246 3049 529 3105 habetur:
566 3067 588 3103 ι
633 3050 764 3107 Post
805 3060 920 3107 tres
968 3067 1140 3108 annos
1185 3053 1452 3124 produces
1499 3069 1718 3110 omnem

136 3157 152 3190 ι
194 3140 466 3198 decimam
498 3141 775 3198 fructuum
812 3151 1048 3198 tuorum.
1079 3145 1138 3199 In
1165 3144 1260 3200 illo
1288 3161 1431 3200 anno
1457 3162 1626 3217 pones
1654 3147 1718 3202 ιι..

136 3248 162 3282 «ι
194 3231 286 3287 lud
315 3233 375 3288 iu
405 3234 726 3290 civitatibus
755 3235 881 3290 tuis.
915 3235 983 3290 Et
1004 3236 1183 3291 veniet
1203 3236 1414 3304 Levita,
1441 3239 1566 3308 quia
1590 3253 1718 3309 pars

133 3340 150 3373 ι
189 3323 307 3393 ejus
335 3340 450 3381 non
481 3334 570 3381 est
599 3333 775 3382 tecum
799 3342 978 3398 neque
1004 3343 1142 3395 sors,
1172 3338 1227 3384 et
1257 3331 1507 3387 adveniet
1536 3332 1718 3403 pupil-

133 3430 150 3464 ι
192 3413 277 3470 lus
297 3424 358 3472 et
385 3417 558 3472 vidua
585 3434 706 3489 quae
741 3427 826 3476 est
860 3419 916 3476 in
958 3420 1267 3478 civitatibus
1293 3423 1438 3479 tuis:
1463 3431 1520 3478 et
1566 3439 1720 3480 man~

131 3523 148 3556 ι
192 3506 486 3564 ducabunt
519 3517 575 3563 et
611 3511 1018 3577 saturabuntur,
1049 3519 1110 3566 ut
1136 3514 1422 3568 benedicat
1450 3522 1504 3568 te
1532 3513 1720 3568 Domi-

131 3613 150 3648 ι
194 3615 298 3654 nus
324 3601 476 3655 Deus
509 3607 634 3656 tuus
677 3602 929 3656 omnibus
954 3602 1210 3672 operibus
1242 3603 1350 3658 tuis
1382 3618 1721 3674 quaecunque

129 3705 146 3738 ι
189 3687 420 3746 feceris.
455 3709 478 3744 ι
518 3691 598 3745 Ex
645 3692 748 3746 ista
781 3691 989 3748 decima
1019 3708 1128 3748 non
1159 3693 1292 3748 dixit
1323 3701 1382 3748 ut
1421 3694 1537 3763 ipse
1568 3709 1722 3748 man-

123 3779 286 3837 ducet
310 3797 444 3838 cum
470 3782 607 3848 suis,
639 3799 702 3839 ac
718 3799 817 3854 per
840 3785 937 3840 hos
957 3783 1159 3841 Levitis
1181 3793 1236 3840 et
1266 3785 1504 3856 pupillis,
1531 3794 1585 3840 et
1617 3785 1718 3841 ad-

117 3872 296 3937 venis,
331 3881 392 3926 et
421 3871 609 3927 viduis
627 3871 794 3940 jussit
815 3889 936 3928 eam
967 3875 1226 3944 impendi,
1257 3877 1354 3932 sed
1375 3878 1720 3947 obseurepo-

115 3961 290 4017 situm
321 3969 435 4026 est,
467 3961 599 4029 quia
631 3978 737 4018 non
765 3971 849 4019 est
895 3964 1147 4020 distincta
1181 3966 1285 4022 ista
1313 3967 1517 4021 decima
1554 3969 1622 4024 ab
1654 3981 1721 4024 ea

114 4067 285 4123 quam
310 4050 496 4106 voluit
519 4065 646 4106 cum
665 4053 871 4110 Levitis
902 4054 956 4108 in
976 4070 1040 4110 eo
1061 4055 1178 4111 loco
1198 4058 1528 4121 manducari,
1557 4073 1720 4128 quem

117 4145 390 4200 Dominus
441 4143 701 4215 elegisset
727 4147 783 4202 in
825 4147 1023 4217 templo
1062 4163 1180 4203 suo.
1213 4147 1322 4204 Sed
1362 4149 1417 4204 in
1451 4164 1513 4204 ea
1552 4150 1722 4205 inter-

117 4238 458 4306 pretatione,
485 4253 612 4307 quae
639 4247 725 4294 est
748 4253 816 4293 ex
840 4238 1089 4307 Hebraeo,
1126 4239 1368 4310 apertius
1393 4241 1495 4298 hoc
1529 4241 1724 4297 distin—

123 4339 269 4386 ctum
297 4329 640 4402 reperimus.
670 4330 764 4384 Ait
790 4331 937 4386 enim
961 4349 974 4385 :
1013 4350 1032 4384 ‹
1059 4331 1218 4387 Αιιιιο
1247 4333 1408 4388 tertio
1437 4333 1718 4403 separabis

125 4421 281 4476 aliam
310 4421 620 4486 decimam,
650 4435 717 4476 ex
751 4421 1004 4480 omnibus
1031 4437 1154 4492 qua:
1197 4433 1494 4480 nascuntur
1525 4424 1621 4480 tibi
1651 4439 1718 4481 eo

125 4521 388 4584 tempore,
425 4523 489 4569 et
545 4529 778 4584 repones
824 4514 966 4570 intra
1001 4514 1198 4586 januas
1225 4525 1385 4583 tuas;
1433 4517 1719 4588 venietque

126 4603 358 4671 Levites,
388 4606 489 4675 qui
519 4619 634 4659 non
673 4603 836 4658 habet
864 4605 1029 4659 aliam
1055 4613 1266 4676 partem
1289 4621 1393 4664 nec
1421 4607 1725 4678 possessio-

126 4710 242 4751 nem
278 4705 493 4762 teeum,
522 4703 587 4750 et
627 4694 948 4764 peregrinus
973 4703 1030 4750 et
1066 4697 1302 4766 pupillus
1325 4707 1382 4752 et
1420 4699 1602 4764 vidua,
1631 4699 1723 4768 qui

128 4783 263 4840 intra
303 4793 501 4856 portas
537 4793 664 4838 tuas
692 4792 849 4840 sunt:
871 4792 927 4842 et
958 4785 1250 4842 comedent
1295 4795 1354 4842 et
1398 4789 1722 4844 saturabun-

127 4883 230 4942 tur,
260 4886 319 4931 ut
342 4877 656 4934 benedicat
686 4874 784 4932 tibi
825 4875 1084 4932 Dominus
1104 4877 1246 4934 Deus
1272 4886 1398 4935 tuus
1434 4879 1490 4933 in
1517 4881 1726 4934 cunctis

127 4970 376 5040 operibus
434 4982 714 5026 manuum
770 4977 1024 5034 tuarum,
1071 4985 1194 5040 quae
1243 4969 1460 5026 feceris.
1493 4991 1511 5024 ι
1542 4971 1726 5028 Primo

127 5059 296 5128 ipsum
325 5062 434 5118 hoc
465 5058 699 5131 plenius
725 5065 810 5114 est
833 5058 977 5128 quod
1003 5059 1100 5125 ait,
1135 5077 1154 5112 ι
1173 5060 1329 5117 Anno
1371 5061 1554 5118 tertio.
1590 5079 1610 5114 ›
1638 5060 1726 5116 ln-

127 5152 382 5227 telligitur
419 5155 582 5212 enim
613 5166 730 5206 uno
759 5167 902 5208 anno
923 5151 1258 5223 interposito.
1289 5153 1346 5208 ln
1375 5153 1729 5225 Septuaginta

130 5251 306 5300 autem
359 5244 516 5314 quod
567 5248 705 5313 post
756 5248 870 5296 tres
905 5256 1076 5296 annos
1128 5242 1284 5307 dixit,
1337 5243 1604 5302 incertum
1635 5251 1730 5300 est

133 5340 309 5392 utrum
357 5352 458 5394 eos
509 5334 732 5392 medios
777 5348 898 5390 esse
950 5331 1201 5398 voluerit,
1245 5340 1308 5387 ut
1348 5343 1728 5405 quotoquoque

133 5442 269 5485 anno
306 5428 492 5484 ﬁeret.
529 5423 746 5482 Deinde
795 5438 920 5478 eum
959 5423 1067 5477 ait:
1097 5441 1115 5474 ι
1144 5422 1212 5477 Et
1251 5423 1532 5492 separabis
1566 5424 1727 5482 aliam

135 5519 425 5589 decimam,
455 5541 476 5574 ι
531 5519 677 5576 satis
723 5517 959 5573 ostendit
997 5525 1150 5573 extra
1189 5515 1338 5570 illam
1379 5528 1522 5582 esse,
1564 5531 1728 5586 quam

135 5612 302 5668 voluit
323 5629 454 5670 eum
493 5613 689 5682 ipsum
713 5609 806 5678 qui
833 5606 992 5666 offert
1024 5607 1357 5662 manducare
1385 5621 1510 5662 cum
1539 5607 1652 5662 suis
1675 5615 1731 5663 et

135 5698 335 5760 Levitis
374 5705 434 5760 in
474 5717 546 5757 eo
595 5699 720 5754 loco
764 5711 925 5768 quem
971 5697 1134 5769 elegit
1172 5696 1450 5754 Dominus.
1477 5695 1546 5752 Et
1589 5697 1730 5754 hanc

139 5796 281 5852 enim
308 5797 482 5874 aliam
514 5791 792 5850 decimam
815 5791 958 5848 intra
978 5791 1177 5863 ianuas
1205 5805 1330 5850 suas
1362 5805 1489 5848 eum
1526 5806 1730 5862 ponere

1825 1953 1929 2008 hoe
1975 1969 2206 2024 namque
2251 1953 2504 2024 capitulo,
2555 1955 2729 2025 pietas
2781 1961 2948 2026 atque
2993 1957 3208 2012 dilectio
3247 1959 3406 2014 nobis

1822 2045 2058 2099 maxime
2107 2045 2538 2109 commendatur,
2583 2044 2676 2098 ubi
2712 2044 2991 2113 jubemur,
3041 2061 3138 2116 per
3183 2046 3404 2117 septimi

1821 2138 1949 2192 anni
2001 2137 2380 2192 remissionem
2407 2177 2423 2204 ,
2477 2137 2911 2193 misericordiam
2965 2146 3021 2194 et
3077 2140 3402 2195 eharitatem

1819 2229 2110 2285 ostendere
2140 2228 2195 2281 in
2221 2228 2487 2298 proximis
2525 2230 2728 2284 nostris
2751 2231 3103 2300 pauperibus,
3127 2247 3297 2302 quare
3318 2229 3404 2285 fu-

1820 2327 1998 2374 turam
2028 2320 2520 2375 remunerationem
2547 2337 2776 2392 sperare
2797 2323 3058 2378 debemus
3083 2339 3115 2377 a
3145 2322 3396 2378 Domino.

1820 2411 1974 2468 Unde
2015 2420 2072 2466 et
2117 2411 2409 2483 Apostolus
2447 2427 2552 2467 nos
2589 2413 2844 2468 hortatur
2889 2415 3075 2470 dicens
3099 2433 3162 2469 τι
3194 2415 3403 2470 Βοιιιιιιι

1820 2514 2000 2561 autem
2043 2503 2319 2570 facientes,
2370 2520 2480 2561 non
2534 2506 2870 2562 deﬁciamus.
2936 2507 3203 2579 Tempore
3253 2508 3402 2564 enim

1819 2608 1918 2649 suo
1941 2609 2050 2647 non
2075 2593 2405 2660 deﬁcientes,
2431 2602 2718 2651 metemus.
2744 2597 2892 2666 Ergo
2917 2597 3048 2652 dum
3068 2607 3282 2669 tentpus
3303 2599 3403 2653 ha-

1819 2685 2032 2750 bemus,
2065 2699 2355 2754 operemur
2383 2686 2587 2741 bonum
2611 2689 2682 2742 ad
2704 2700 2918 2752 omnes,
2945 2687 3182 2742 maxime
3211 2687 3282 2743 ad
3303 2687 3401 2742 do-

1820 2777 2080 2832 mesticos
2107 2775 2233 2830 fidei
2261 2773 2403 2846 (Gal.
2437 2775 2536 2847 vi).
2569 2795 2590 2829 ›
2615 2775 2753 2832 Hinc
2783 2777 2856 2832 ad
2895 2777 3220 2847 discipulum
3264 2777 3404 2832 scri-

1819 2865 1954 2920 bens
1976 2864 2052 2918 ait
2077 2881 2089 2917 :
2123 2881 2144 2915 (
2173 2863 2382 2920 Exerce
2420 2865 2662 2933 teipsum
2689 2865 2754 2920 ad
2787 2865 3067 2935 pietatem.
3103 2864 3240 2922 Nam
3271 2880 3396 2921 cor-

1818 2955 2022 3028 poralis
2055 2955 2375 3010 exercitatio
2420 2955 2492 3010 ad
2549 2954 2824 3012 modicum
2872 2955 3021 3012 utilis
3068 2965 3186 3022 est;
3230 2957 3406 3026 pietas

1821 3055 2002 3102 autem
2042 3047 2112 3102 ad
2157 3047 2338 3102 omnia
2384 3044 2534 3102 utilis
2567 3054 2672 3113 est,
2729 3047 3143 3117 promissionem
3191 3048 3400 3106 habens

1820 3139 1963 3205 vitae,
1988 3154 2110 3209 qua:
2154 3155 2320 3195 nune-
2346 3147 2452 3206 est,
2483 3147 2538 3194 et
2581 3138 2776 3196 futura:
2801 3139 2854 3210 (I
2906 3139 3040 3196 Tim.
3071 3140 3168 3213 ιν).
3204 3161 3225 3195 ι
3261 3141 3400 3200 Hinc

1822 3249 2036 3307 quoque
2093 3236 2208 3306 ipsa
2263 3233 2476 3291 Veritas
2525 3236 2581 3290 in
2623 3235 2916 3308 Evangelia
2966 3237 3045 3292 ait
3092 3255 3106 3291 :
3153 3255 3174 3292 ι
3205 3237 3404 3294 Dimit-

1821 3329 1920 3383 tite
1965 3335 2024 3383 et
2075 3327 2381 3382 dimittetur
2445 3327 2630 3394 vobis;
2677 3328 2800 3383 date
2853 3335 2912 3386 et
2964 3327 3181 3383 dabitur
3225 3329 3400 3386 vobis.

1821 3419 2074 3476 Mensura
2137 3434 2243 3489 qua
2299 3419 2474 3474 mensi
2543 3418 2790 3486 fueritis,
2871 3421 3188 3476 remetietur
3249 3419 3403 3476 vobis

1822 3513 1972 3583 (Luc.
2017 3512 2114 3582 Vl).
2148 3531 2166 3564 ι
2202 3511 2250 3566 Α
2276 3512 2566 3583 peregrino
2615 3520 2672 3566 et
2708 3513 2916 3568 advena
2957 3514 3174 3583 exiges:
3207 3529 3238 3568 a
3277 3527 3406 3582 ιιι-ον

1819 3604 2023 3672 pinquo
2053 3603 2332 3670 repetendi
2359 3618 2469 3658 non
2492 3603 2718 3658 habebis
2745 3611 3094 3672 potestatem,
3137 3612 3243 3659 etc.
3297 3603 3403 3660 Pco

1822 3692 2100 3762 regrinum
2126 3701 2181 3745 et
2207 3693 2472 3747 advenam
2506 3693 2743 3762 appellat
2768 3708 2894 3748 eum
2920 3695 3012 3763 qui
3035 3703 3188 3750 extra
3214 3693 3402 3752 Eccle-

1822 3785 1960 3840 siam
1987 3792 2072 3838 est
2113 3792 2168 3840 et
2207 3791 2364 3839 extra
2398 3783 2711 3854 religionem
2754 3784 3140 3840 Christianam.
3177 3783 3279 3840 Cui
3319 3793 3408 3843 est

1823 3883 1880 3929 et
1899 3875 2254 3944 propinquus,
2285 3873 2379 3943 qui
2405 3881 2592 3928 noster
2619 3872 2791 3928 frater
2817 3880 2922 3940 est,
2948 3880 3005 3928 et
3040 3874 3185 3930 intra
3214 3873 3403 3930 Eccleo

1823 3967 1960 4021 siam
1981 3965 2316 4020 constitutus
2338 3963 2622 4020 nobiscum
2642 3979 2808 4020 unum
2832 3965 3122 4020 Dominum
3145 3963 3292 4020 colit.
3316 3962 3404 4019 ln-

1822 4067 1910 4113 ter
1934 4058 2282 4128 peregrinum
2313 4069 2445 4128 ergo
2467 4064 2523 4112 et
2550 4057 2726 4113 civem
2754 4057 2878 4113 ideo
2905 4055 3222 4112 distantiam
3247 4053 3402 4121 facit,

1821 4160 1890 4207 ut-
1924 4152 2291 4222 intelligamus
2323 4166 2447 4206 eum
2489 4149 2643 4204 nobis
2694 4147 3142 4219 propinquiorem
3183 4160 3304 4202 esse
3343 4146 3402 4202 in

1824 4243 2032 4298 unitate
2080 4241 2204 4297 ﬁdei
2233 4241 2328 4312 qui
2367 4238 2648 4296 nobiscum
2689 4245 2872 4294 manet
2912 4253 3074 4306 quam
3116 4235 3266 4291 illum
3309 4233 3405 4305 qui

1824 4335 2036 4390 alienus
2060 4333 2210 4389 cultu
2229 4341 2288 4388 et
2320 4333 2430 4387 ritu
2455 4339 2541 4388 est
2567 4345 2599 4385 a
2623 4328 2860 4386 Christo.
2886 4328 3102 4384 Etlicet
3130 4342 3259 4397 erga
3287 4341 3404 4381 om-

1822 4441 1920 4482 nes
1965 4425 2213 4482 homines
2261 4423 2530 4492 justitiam
2579 4422 2872 4478 observare
2923 4418 3184 4474 debemus
3205 4454 3224 4480 ,
3273 4428 3404 4484 erga

1821 4516 2102 4596 proximos
2147 4523 2331 4570 tamen
2369 4512 2623 4568 affectum
2662 4511 2937 4566 mitiorem
2984 4505 3190 4562 habere
3243 4503 3404 4596 debe-

1825 4595 1983 4672 mus;
2008 4605 2251 4676 profecto
2289 4604 2418 4672 quia
2445 4602 2689 4658 membra
2733 4607 2922 4654 nostra
2951 4603 3077 4654 sunt
3101 4595 3168 4652 et‘
3189 4596 3246 4651 in
3279 4595 3404 4651 uni-

1826 4706 1941 4752 tate
1970 4695 2214 4765 corporis
2239 4694 2413 4750 nostri
2440 4701 2498 4748 et
2518 4690 2725 4748 Christi
2761 4689 3043 4746 nobiscum
3073 4687 3401 4744 consistunt.

1829 4785 1981 4841 Unde
2026 4800 2120 4840 eos
2163 4791 2224 4838 ut
2277 4782 2640 4850 nosmetipsos
2679 4779 2904 4849 diligere
2955 4777 3234 4834 debemus.
3280 4777 3406 4833 Ideo

1828 4874 2169 4945 subjungitur
2193 4893 2207 4930 :
2236 4892 2254 4926 ‹
2289 4873 2357 4930 Et
2385 4873 2608 4929 omnino
2628 4871 2880 4940 indigens
2907 4876 2963 4924 et
2995 4869 3276 4925 mendicus
3297 4883 3406 4923 non

1827 4968 1934 5024 erit
1959 4967 2104 5024 inter
2131 4981 2246 5032 vos,
2278 4973 2338 5021 ut
2386 4963 2676 5020 benedicat
2713 4961 2810 5018 tibi
2847 4960 3108 5018 Dominus
3150 4959 3206 5014 in
3235 4966 3402 5022 terra,

1833 5075 1996 5131 quam
2027 5059 2331 5114 traditurus
2363 5065 2448 5112 est
2475 5055 2574 5110 tibi
2615 5055 2672 5109 in
2705 5053 3121 5125 possessionem.
3155 5069 3173 5102 ι
3207 5047 3401 5104 Proxi-

1831 5153 1936 5208 mis
1966 5167 2098 5222 ergo
2127 5150 2330 5205 nostris
2357 5155 2620 5218 quantum
2643 5145 2900 5215 possibile
2933 5151 3040 5210 est,
3085 5142 3141 5196 in
3169 5137 3403 5194 necessi-

1831 5244 2031 5298 tatibus
2070 5250 2130 5296 ut
2174 5238 2578 5308 nobismetipsis
2627 5237 2908 5294 consulere
2958 5234 3232 5293 debemus,
3276 5227 3404 5298 quia

1832 5333 2094 5390 exhibitio
2112 5331 2314 5402 operis,
2339 5329 2585 5400 probatio
2607 5337 2691 5384 est
2709 5324 3032 5383 dilectionis.
3063 5319 3216 5378 Unde
3235 5319 3400 5375 Joan-

1834 5440 1933 5481 nes
1960 5425 2075 5479 ait:
2108 5442 2126 5474 ι
2157 5422 2261 5490 Qui
2303 5421 2554 5478 habuerit
2597 5417 2955 5475 substantiam
2991 5412 3177 5468 mundi
3223 5409 3402 5481 hujus,

1835 5524 1890 5570 et
1922 5514 2122 5570 viderit
2146 5513 2370 5568 fratrem
2399 5528 2557 5568 suum
2583 5524 2804 5566 necesse
2831 5509 3052 5572 habere,
3075 5513 3130 5559 et
3150 5503 3424 5584 clauserit.

1834 5606 2046 5663 viscera
2076 5621 2174 5661 sua
2197 5606 2264 5662 ab
2299 5620 2386 5671 eo,
2421 5602 2692 5674 quomodo
2719 5598 2959 5654 charitas
2994 5603 3178 5651 manet
3215 5595 3271 5648 in
3301 5593 3406 5649 eo?

1832 5699 2011 5756 Filioli
2050 5697 2175 5766 mei,
2207 5713 2314 5753 non
2346 5695 2633 5766 diligamus
2660 5689 2826 5746 verbo
2864 5701 3041 5758 neque
3062 5687 3276 5756 lingua;
3301 5683 3398 5740 sed

1785 5843 1790 5846 .
1835 5805 2000 5864 opere
2028 5798 2084 5848 et
2105 5788 2334 5848 veritate
2361 5783 2414 5860 (ι
2439 5783 2602 5842 Joan.
2620 5781 2728 5856 ιιι).
2759 5801 2781 5835 ι
