3930 6344
486 356 587 418 891

1164 335 1226 395 n.
1266 331 1521 401 nsum
1556 264 1787 399 statim.
1806 270 2138 399 suemus:
2160 270 2480 391 uocum.
2518 317 2803 393 eruunt
2838 316 3022 409 rans
3052 317 3097 376 ι.

3637 321 3730 383 892

566 490 589 525 ι
620 466 769 529 σανα
800 474 871 523 ne
892 460 1038 521 forte
1074 424 1177 517 tibi
1205 455 1470 524 subrepat
1513 449 1679 525 imrria
1703 446 1982 519 cogitatio,
2010 451 2067 505 et
2091 444 2147 519 Α
2171 447 2298 499 sunt
2320 439 2369 501 si
2394 437 2666 529 negligunt
2685 438 2826 529 bona
2846 434 3060 529 operari
3080 449 3199 509 qua
3216 443 3469 529 possunt.
3495 434 3728 529 illaergo

494 584 514 620 ι
555 562 704 623 dicas
730 557 785 614 in
810 552 975 613 corde
994 559 1089 609 tuo
1113 566 1127 603 :
1150 545 1559 619 Appmpinqnat
1596 540 1861 612 septimus
1889 551 2066 597 annus

495 671 517 707 ι
557 644 921 715 remissionis;
958 647 1017 701 et
1059 646 1277 705 avertas
1325 634 1509 695 oculos
1550 647 1585 689 a
1622 644 1857 706 paupere
1898 626 2069 691 fratre

497 762 517 800 ι
560 751 676 808 tuo.
702 737 893 801 nolens
927 733 982 799 ei
1000 729 1144 803 quod
1165 725 1399 801 postulat
1428 732 1674 787 mutuum
1701 719 2069 786 commodare.

499 852 518 888 ι
560 848 630 895 ηε
674 828 871 893 clamet
902 830 1092 889 contra
1126 829 1178 879 te
1221 817 1292 881 ad
1334 815 1645 881 Dominum,
1677 820 1732 869 et
1763 810 1858 869 fiat
1888 808 1985 869 tibi
2015 808 2069 875 in

500 944 520 980 α
561 929 865 995 peccatum.
894 914 1000 979 Sed
1024 911 1179 973 dabis
1199 909 1272 977 ei,
1302 922 1401 971 nec
1430 920 1557 976 ages
1579 902 1855 977 quippiam
1877 900 2072 995 pallido

501 1036 520 1070 ι
561 990 619 1079 in
666 1014 785 1084 ejus
826 1004 1240 1073 necessitatibus
1286 996 1655 1061 sublevandis,
1687 1005 1794 1053 etc.
1828 1013 1847 1051 υ
1882 990 2066 1084 LXX:

504 1131 522 1167 ι
564 1083 796 1171 Attende
816 1104 913 1167 tibi
935 1100 1058 1173 ipsi,
1081 1114 1148 1161 ne
1172 1095 1267 1157 fiat
1293 1092 1518 1151 verbum
1541 1088 1813 1147 occultum
1836 1086 1889 1145 in
1912 1083 2075 1143 corde

503 1222 521 1256 ι
566 1211 656 1257 tuo
686 1197 940 1266 iniquitas
970 1193 1193 1249 dicens:
1221 1183 1552 1259 Appropriat
1578 1194 1750 1241 annus
1790 1176 2071 1249 septimus,

504 1312 524 1345 ι
569 1307 743 1348 anuus
773 1284 1132 1349 remissionis,
1174 1288 1230 1343 et
1273 1278 1603 1347 malignetur
1637 1272 1826 1325 oculus
1854 1278 1977 1323 tuus
2018 1266 2072 1321 in

504 1405 522 1438 ι
564 1386 785 1443 fratrem
810 1388 959 1445 tuum
981 1390 1230 1451 egenum,
1259 1379 1440 1431 etnon
1471 1368 1678 1422 tribuas
1706 1364 1775 1420 ei.
1808 1363 1874 1417 Et
1899 1359 2078 1417 excla-

504 1497 522 1530 ι
571 1476 738 1532 mabit
786 1473 1071 1529 adversum
1124 1475 1175 1525 te
1226 1465 1294 1523 ad
1343 1462 1656 1524 Dominum,
1691 1466 1743 1512 et
1778 1457 1887 1511 erit
1930 1454 1984 1508 in
2024 1461 2076 1507 te

504 1588 522 1622 ι
568 1574 850 1640 peceatum
884 1574 1157 1632 magnum.
1188 1577 1207 1612 r
1242 1553 1524 1624 Magniﬁce
1544 1550 1815 1613 occultum
1854 1546 2079 1609 verbum

501 1663 605 1721 hoc
636 1661 795 1724 dixit,
831 1656 975 1729 quod
1011 1668 1170 1717 nemo
1197 1650 1361 1715 audet
1389 1650 1492 1711 hoc
1530 1647 1731 1711 dicere,
1765 1644 1857 1719 qui
1892 1651 2081 1714 potue-

499 1754 572 1816 rit
609 1752 873 1821 cogitare.
907 1748 1027 1805 ideo
1062 1760 1171 1801 non
1208 1756 1329 1797 esse
1377 1748 1622 1799 mutuum
1665 1735 1904 1791 dandum
1945 1731 2085 1787 indi-

2173 532 2229 591 in
2257 528 2601 598 necessitate,
2648 529 2765 585 lucc
2798 527 2854 584 in
2876 526 3153 589 voluntate
3177 534 3282 594 est,
3306 527 3454 583 unde
3487 526 3558 582 ad
3601 526 3729 602 Moy-

2173 641 2268 683 sen
2290 625 2516 681 dicitur:
2539 641 2558 674 ‹
2587 621 2642 679 Si
2670 620 2867 678 emeris
2892 635 3106 677 servum
3130 618 3438 688 Hebraeum,
3470 635 3570 677 sex
3590 622 3728 679 annis

2173 719 2374 779 serviet
2403 717 2497 773 tibi
2524 734 2538 770 :
2562 716 2791 785 septimo
2815 728 2958 771 anno
2985 713 3294 784 egredietur
3331 713 3475 770 liber
3502 715 3687 791 gratis,
3711 735 3727 769 ι

2173 816 2227 871 et
2255 808 2460 881 reliqua
2488 822 2607 879 qua:
2642 813 2959 877 sequuntur.
2992 803 3251 862 Hebrzeus
3272 805 3557 861 transiens
3582 806 3731 863 inter-

2173 908 2440 974 pretatur.
2488 897 2557 953 Et
2586 912 2772 955 servus
2814 894 3075 955 Hebraeus
3098 895 3317 961 emitur,
3345 895 3569 966 quando
3596 912 3734 953 unus-

2174 993 2429 1067 quisque,
2454 989 2546 1063 qui
2568 987 2680 1059 jam
2717 988 2783 1048 ab
2813 989 2917 1045 hoc
2944 987 3141 1045 szeculo
3170 996 3353 1047 mente
3382 988 3620 1055 transiit,
3642 1005 3726 1045 ser-

2173 1084 2306 1143 vitio
2343 1080 2727 1157 omnipotentis
2786 1080 2880 1137 Dei
2926 1079 3194 1143 subditur.
3244 1079 3340 1139 Ille
3395 1082 3600 1139 etenim
3642 1083 3729 1141 Deo

2174 1189 2305 1233 vero
2328 1171 2534 1229 servire
2560 1170 2785 1241 appetit,
2812 1170 2903 1243 qui
2924 1170 2992 1225 ab
3020 1170 3124 1229 hoc
3146 1169 3342 1225 smculo
3363 1179 3551 1227 mente
3578 1179 3726 1227 trans-

2178 1265 2256 1325 ire
2287 1265 2552 1325 didicerit.
2589 1262 2681 1321 Sic
2716 1281 2734 1315 ‹
2768 1262 2980 1339 Moyses
3012 1262 3281 1333 transivit,
3318 1271 3381 1323 ut
3424 1263 3629 1320 videret
3661 1267 3726 1321 vi-

2178 1371 2299 1417 sum
2336 1353 2531 1425 (Exod.
2563 1352 2668 1425 tu).
2700 1373 2718 1406 r
2748 1352 2839 1409 Sic
2868 1355 3036 1413 David
3079 1370 3200 1413 cum
3240 1373 3259 1407 ι
3288 1355 3506 1415 videret
3537 1357 3725 1428 impium

2179 1447 2472 1509 exaltatum
2496 1461 2659 1517 super
2683 1445 2875 1505 cedros
2900 1445 3110 1515 Libani,
3143 1447 3402 1507 transivit
3422 1457 3476 1503 et
3501 1465 3601 1505 non
3631 1459 3729 1506 erat

2182 1539 2355 1615 (Psal.
2385 1538 2608 1609 xxxvi);
2638 1557 2657 1595 ι
2684 1538 2810 1613 quia
2840 1539 3149 1615 iniquorum
3174 1542 3478 1612 potentiam
3496 1556 3602 1598 esse
3622 1559 3728 1601 ma-

2182 1652 2347 1709 gnum
2378 1632 2583 1706 aliquid
2608 1632 2841 1691 fortasse
2872 1632 3164 1700 credimus,
3197 1634 3303 1689 nisi
3342 1633 3413 1691 ad
3440 1650 3730 1707 permanens

2186 1726 2440 1785 saeculum
2476 1733 2655 1783 mente
2699 1732 3060 1785 transeamus.
3090 1724 3291 1783 Servus
3331 1740 3467 1783 vero
3507 1724 3726 1783 Hebr-eus

501 1807 947 1915 Βέιηίᾶωρηίξηη
970 1837 1363 1909 appropinquat
1388 1848 1562 1893 annus
1586 1828 1937 1895 remissionis,
1958 1840 2083 1887 cum
2110 1807 2158 1873 Β
2183 1826 2398 1890 emptus
2428 1833 2523 1873 Si}!
2564 1816 2721 1875 anuis
2749 1816 2951 1915 servi-re
2992 1816 3326 1891 praecipitur,
3482 1823 3540 1869 ιιι
3566 1816 3617 1873 in
3657 1832 3725 1871 se-

502 1936 651 1995 Deus
682 1941 903 2005 propter
947 1924 1377 1987 misericordiam
1415 1930 1705 1994 utrumque
1742 1918 2081 1991 prmceperit,

505 2034 561 2083 et
594 2023 927 2095 commodari
951 2035 1075 2083 cum
1099 2018 1328 2090 quisque
1357 2015 1585 2084 indiget,
1610 2020 1666 2068 et
1692 2009 1896 2071 remitti
1938 2022 2084 2065 anno

404 2130 411 2135 '
507 2115 860 2178 remissionis.
891 2112 1169 2179 Quomodo
1196 2122 1326 2179 ergo
1366 2101 1794 2165 misericorditer
1826 2099 2087 2155 remissu—

502 2225 594 2265 rus
619 2217 700 2267 est
726 2207 817 2269 illo
842 2219 983 2269 anno
1011 2217 1119 2274 quo
1153 2196 1538 2263 remittendum
1565 2201 1673 2262 est,
1721 2193 1766 2251 si
1794 2188 2087 2253 crudeliter

504 2303 707 2373 cogitat
747 2299 836 2355 illo
864 2306 1108 2367 tempore
1133 2292 1370 2357 dandum
1396 2304 1504 2351 non
1533 2301 1676 2352 esse.
1713 2299 1821 2355 quo
1851 2281 2089 2345 dandum

505 2399 620 2453 est?
647 2416 667 2451 ι
702 2394 837 2451 Cum
857 2407 989 2462 ergo
1016 2387 1267 2449 venditus
1294 2382 1458 2448 ﬁlerit
1480 2381 1648 2449 frater
1676 2388 1799 2437 tuus
1826 2376 2087 2439 Hebraeus

514 2509 534 2545 ι
579 2496 672 2545 aut
710 2486 959 2553 Hebr-ara,
1003 2491 1059 2543 et
1102 2498 1196 2541 sex
1252 2479 1411 2541 anuis
1459 2475 1708 2541 servierit
1753 2472 1868 2541 tibi:
1901 2470 1957 2529 ίη
2006 2484 2089 2527 53'

515 2600 537 2635 ι
584 2582 755 2654 ptimo
784 2592 928 2637 anno
966 2577 1206 2643 dimittes
1249 2588 1374 2632 eum
1402 2570 1649 2631 liberum.
1682 2586 1699 2619 ι
1735 2565 1845 2628 Hos
1872 2569 2087 2633 emptos

510 2688 621 2731 non
648 2688 715 2729 eo
742 2686 885 2729 anno
921 2669 1123 2727 remitti
1160 2667 1347 2731 voluit,
1379 2676 1540 2735 quem
1580 2659 1871 2729 septimum
1904 2668 2091 2727 quem-

509 2780 614 2837 que
642 2763 919 2821 observari
947 2761 1232 2833 oportebat
1273 2757 1342 2816 ab
1366 2754 1650 2823 omnibus;
1695 2750 1791 2809 sed
1830 2763 1974 2811 anno
2009 2761 2090 2803 se~

506 2854 691 2929 ptimo
728 2854 1021 2926 emptionis
1064 2851 1205 2922 ejus,
1252 2856 1635 2921 quotqcunque
1682 2857 1827 2901 anno
1871 2841 2089 2899 illorum

509 2949 774 3019 septimus
800 2949 904 3003 iste
929 2961 1104 3001 annus
1122 2948 1454 2998 occurreret.
1488 2956 1508 2990 ι
1540 2936 1636 2995 Sin
1660 2943 1841 2995 autem
1862 2930 2088 2989 dixerit:

515 3057 535 3092 ι
582 3037 719 3093 Nolo
740 3037 944 3109 egredi,
976 3051 1044 3091 en
1085 3033 1230 3105 quod
1266 3031 1452 3103 diligat
1487 3037 1543 3087 te
1583 3034 1641 3085 et
1675 3026 1892 3087 domum
1918 3030 2087 3089 tuam.

515 3147 536 3184 ι
578 3136 635 3184 et
661 3127 800 3185 bene
825 3126 928 3184 sibi
958 3124 1105 3193 apud
1142 3131 1195 3179 te
1216 3136 1339 3182 esse
1380 3119 1603 3184 sentiat,
1640 3127 1888 3173 assumes
1925 3110 2092 3171 subite

2184 1911 2354 1983 ptimo
2387 1908 2524 1964 liber
2561 1917 2718 1967 exeat
2762 1906 2951 1980 gratis.
3001 1906 3139 1975 Quid
3164 1908 3309 1963 enim
3356 1922 3463 1979 per
3500 1907 3727 1965 senarium

2186 2019 2501 2069 numerum,
2555 2001 2659 2057 nisi
2705 2000 2895 2059 activa:
2939 1998 3065 2057 vitm
3106 1998 3370 2070 perfectio
3410 1998 3726 2071 designatnrl

2187 2096 2324 2165 Quid
2361 2111 2459 2169 per
2495 2091 2883 2164 septenarium,
2909 2091 3016 2151 nisi
3053 2090 3483 2163 contemplativa
3519 2092 3616 2147 vita
3657 2106 3726 2149 er-

2186 2188 2481 2260 primitur?
2509 2185 2616 2245 Sex
2642 2186 2799 2245 annis
2832 2185 3022 2251 servit,
3053 2192 3107 2241 et
3136 2184 3369 2261 septimo
3398 2185 3652 2263 egreditur
3671 2184 3722 2240 li-

2186 2277 2305 2349 ber,
2348 2278 2437 2352 qui
2468 2294 2566 2357 per
2602 2277 2835 2333 activam
2862 2292 3023 2349 quam
3068 2275 3307 2350 perfecte
3342 2277 3646 2342 exhibuerit,
3672 2274 3728 2331 ad

2188 2368 2620 2439 contemplativa:
2649 2368 2769 2423 vitm
2792 2367 3096 2427 libertatem
3135 2368 3351 2427 transit.
3382 2367 3457 2425 Et
3484 2367 3729 2429 notandum

2188 2461 2332 2532 quod
2358 2459 2525 2533 gratis
2550 2458 2690 2531 liber
2711 2458 3005 2530 egreditur,
3036 2458 3163 2533 quia
3188 2458 3243 2520 hi
3267 2468 3553 2531 postquam
3576 2457 3725 2517 omnia

2188 2554 2441 2627 fecerint,
2470 2552 2735 2613 dicuntse
2764 2551 2980 2611 inutiles
3007 2566 3213 2613 servos.
3256 2550 3353 2611 Eis
3392 2551 3575 2622 procul
3600 2548 3728 2606 dubio

2192 2648 2334 2705 sicut
2381 2648 2499 2719 ipsa
2556 2646 2732 2705 activa
2768 2646 2882 2701 vita
2926 2644 3027 2703 fuit
3064 2661 3133 2703 ex
3173 2660 3422 2712 munere,
3449 2646 3525 2703 ita
3563 2644 3652 2703 erit
3678 2657 3731 2701 es

2190 2740 2366 2814 gratia
2389 2740 2553 2805 etiam
2578 2727 3014 2814 contemplativa.
3051 2756 3070 2793 ι
3098 2737 3235 2799 Cum
3251 2738 3400 2815 quali
3430 2747 3566 2799 veste
3587 2737 3734 2799 iatn-

2189 2835 2347 2905 verit,
2375 2849 2499 2894 cum
2529 2832 2622 2889 tali
2661 2839 2838 2891 exeat.
2875 2852 2895 2885 ι
2931 2829 3067 2903 Quia
3091 2832 3314 2889 omnino
3343 2845 3547 2893 necesse
3565 2836 3653 2891 est.
3679 2832 3735 2883 ut

2190 2926 2564 2999 unusquisque
2603 2932 2854 2989 nostrum
2892 2922 2948 2985 in
2992 2923 3095 2987 hoc
3122 2922 3269 2995 quod
3307 2922 3492 2997 incipit
3516 2934 3733 2995 perseve~

2193 3029 2299 3087 ret,
2322 3028 2486 3093 atque
2515 3032 2689 3093 usque
2734 3016 2803 3075 ad
2833 3015 2993 3073 ﬁnem
3022 3015 3203 3091 operis
3237 3015 3292 3073 in
3325 3030 3392 3079 ea
3425 3029 3528 3089 qua
3554 3012 3737 3071 inchoa-

2192 3113 2271 3171 vit
2298 3110 2601 3169 intentione
2628 3109 2886 3183 perduret
2912 3126 2925 3165 :
2949 3108 3040 3169 ille
3070 3107 3269 3183 quippe
3297 3106 3392 3179 qui
3426 3104 3492 3169 ad
3528 3112 3735 3163 contem~

518 3238 540 3272 ι
582 3218 715 3283 lam,
767 3224 823 3273 et
867 3190 1171 3287 perforabis
1204 3226 1393 3273 aurem
1435 3209 1552 3281 ejus
1597 3208 1653 3265 in
1693 3205 1860 3276 ianua
1901 3205 2093 3265 domus
2121 3190 2166 3256 α
2195 3204 2455 3279 plativam
2479 3202 2646 3261 vitam
2674 3200 2889 3266 transit,
2911 3201 3005 3274 qui
3028 3200 3081 3261 in
3113 3199 3289 3257 activa
3316 3199 3426 3255 vita
3457 3195 3736 3259 intentionis

528 3331 551 3367 ι
596 3321 721 3377 tuae,
750 3316 808 3366 et
834 3309 1035 3367 serviet
1059 3308 1160 3365 tibi
1186 3320 1359 3377 usque
1400 3304 1457 3363 in
1484 3300 1893 3372 sempiternum,
1922 3307 2028 3354 etc.
2066 3316 2086 3353 ι

516 3405 652 3474 Qum
692 3404 759 3460 de
786 3416 946 3459 servo
990 3400 1219 3459 Hebraeo
1260 3397 1670 3470 pmcipiuntur,
1698 3401 1759 3455 ut
1805 3407 1900 3457 seu
1939 3389 2098 3453 annis

515 3496 741 3563 serviat,
775 3501 834 3552 et
877 3493 1184 3555 dimittatur
1220 3490 1359 3549 liber
1385 3489 1575 3561 gratis,
1615 3500 1685 3543 ne
1739 3484 1884 3546 serVi
1933 3481 2093 3545 Chri-

519 3589 684 3646 stiani
722 3589 825 3643 hoc
852 3586 1165 3657 flagitarent
1188 3598 1221 3639 a
1261 3578 1495 3641 dominis
1520 3579 1651 3645 suis,
1684 3575 1979 3648 apostolica
2005 3589 2099 3629 au-

515 3682 745 3739 ctoritas
768 3679 924 3752 jubet
958 3691 1145 3745 servos
1187 3673 1422 3741 dominis
1446 3673 1558 3731 suis
1586 3684 1707 3727 esse
1734 3668 2001 3733 subditos,
2028 3680 2097 3727 ne

516 3790 718 3831 nomen
745 3774 844 3829 Dei
876 3784 932 3828 et
966 3769 1216 3828 doctrina
1241 3768 1664 3838 blasphemetnr.
1694 3762 1828 3820 illud
1855 3762 1999 3818 enim
2028 3775 2097 3816 ex

526 3866 632 3924 hoc
669 3866 805 3923 satis
844 3872 1061 3921 constat
1108 3862 1164 3917 in
1192 3860 1453 3932 mysterio
1487 3863 1836 3929 pmeptum,
1871 3853 1999 3926 quia
2042 3859 2098 3911 et

519 3957 775 4032 pereundi
822 3958 1016 4015 subula
1070 3953 1191 4025 ejus
1234 3968 1421 4009 aurem
1468 3950 1537 4007 ad
1586 3960 1797 4022 postem
1842 3947 2099 4020 prmcepit

527 4054 691 4118 Deus,
739 4051 835 4123 qui
883 4051 1191 4104 libertatem
1241 4046 1390 4102 illam
1438 4049 1735 4105 recusaret.
1781 4039 2100 4111 Prtecipitut‘

522 4144 671 4196 enim
699 4148 759 4195 ut
792 4140 1049 4195 Hebraeus
1082 4154 1237 4208 puer,
1266 4138 1312 4192 si
1338 4135 1479 4191 forte
1511 4136 1567 4191 in
1596 4134 1912 4197 servitutem
1940 4132 2101 4193 devo-

560 4233 687 4294 erit,
736 4245 834 4286 sex
876 4231 1034 4287 annis
1061 4230 1351 4293 deserviat,
1379 4229 1609 4298 septimo
1637 4240 1780 4282 anno
1806 4240 1936 4282 vero
1963 4224 2101 4283 liber

541 4322 849 4383 iitnittatur.
878 4318 1033 4387 Quod
1060 4318 1106 4373 si
1128 4317 1309 4387 egredi
1337 4333 1367 4371 a
1412 4318 1674 4398 servitute
1709 4315 1943 4371 noluerit
1970 4328 2099 4385 pro-

525 4424 644 4487 pter
668 4428 891 4470 uxorem
919 4418 976 4467 et
1016 4409 1178 4475 filios,
1216 4406 1580 4479 perforabitur
1603 4407 1844 4463 auricula
1880 4404 2017 4475 eius,
2044 4412 2103 4469 et

523 4506 627 4561 erit
685 4520 873 4560 servus
920 4502 976 4557 in
1015 4500 1293 4558 saculum.
1338 4498 1454 4554 Hoc
1502 4499 1569 4554 de
1614 4498 1867 4569 prassenti
1900 4498 2098 4555 saeculo

525 4612 635 4651 non
659 4596 877 4662 dicitur,
905 4593 1001 4651 sed
1027 4595 1091 4649 de
1129 4593 1310 4647 futuro
1334 4609 1348 4645 :
1371 4590 1497 4663 quia
1524 4590 1581 4645 in
1608 4604 1701 4645 sex
1724 4588 1976 4649 aetatibus
1997 4590 2097 4647 btr-

521 4687 611 4757 jus
642 4687 821 4743 saeculi
865 4686 1182 4751 servientes,
1234 4682 1463 4755 septimo
1506 4681 1597 4737 die
1636 4688 1841 4736 artemo
1873 4680 2097 4739 sabbato

528 4777 840 4842 liberamur,
892 4777 939 4831 si
983 4785 1166 4834 tamen
1208 4775 1541 4831 uoluerimus
1591 4789 1713 4831 esse
1766 4774 1919 4830 liberi
1970 4775 2098 4831 dum

530 4865 707 4920 adhuc
736 4865 791 4919 in
814 4866 1012 4943 emcqu
1035 4867 1299 4922 servimus
1324 4873 1567 4936 peccato.
1608 4864 1667 4920 Si
1696 4873 1877 4921 autem
1908 4865 2097 4923 nolue-

532 4943 722 5024 rimus,
764 4956 1130 5028 perforobitur
1155 4958 1310 5012 nobis
1354 4956 1598 5019 auricula
1644 4957 1700 5012 in
1731 4957 2099 5013 testimonium

530 5051 925 5114 inobedientiar,
984 5056 1039 5104 et
1086 5064 1207 5110 cum
1255 5064 1424 5105 uxore
1460 5057 1517 5104 et
1553 5048 1679 5103 ﬁliis
1721 5048 1923 5104 nostris
1962 5063 2102 5118 quos

532 5143 868 5215 praetulimus
902 5141 1159 5207 libertati,
1188 5142 1241 5195 id
1271 5151 1374 5208 est,
1415 5156 1538 5205 cum
1570 5155 1732 5196 carne
1763 5149 1817 5194 et
1847 5140 2103 5211 operibus

531 5236 667 5306 eius,
687 5235 886 5308 jugiter
920 5233 1128 5304 peccati
1157 5233 1300 5287 servi
1346 5234 1551 5288 erimus
1581 5233 1636 5287 in
1677 5241 1960 5287 aeternum.
1992 5229 2101 5287 Sed

532 5337 589 5384 et
622 5327 776 5384 aliter
806 5330 908 5384 ltoc
950 5325 1175 5402 intelligi
1215 5332 1409 5395 potest.
1436 5326 1544 5397 (Ex
1574 5324 1871 5397 Gregorio.)
1898 5324 2101 5396 Nempe

533 5420 812 5476 sciendum
835 5428 919 5477 est
939 5420 1063 5490 quia
1088 5433 1212 5473 cum
1236 5417 1410 5471 activa
1437 5418 1521 5471 vel
1547 5420 1964 5489 contemplativa
1988 5418 2100 5473 vita

533 5526 601 5566 ex
626 5511 723 5567 Dei
748 5513 854 5567 sint
887 5513 1084 5583 gratia,
1115 5526 1221 5566 una
1258 5508 1414 5564 nobis
1446 5510 1500 5563 in
1541 5511 1862 5564 necessitate
1891 5519 1995 5575 est,
2028 5509 2107 5563 tri-

536 5607 653 5656 tera
700 5602 755 5656 in
781 5602 1073 5657 voluntate.
1108 5603 1243 5670 Quis
1272 5599 1413 5655 enim
1440 5613 1769 5668 cognoscens
1793 5600 2105 5667 Dominum,

538 5703 645 5744 non
696 5689 810 5758 ejus
863 5708 1083 5764 regnum
1132 5692 1456 5766 ingreditur,
1513 5690 1616 5745 nisi
1664 5690 1813 5762 prius
1851 5703 2107 5764 operetur

540 5779 712 5841 bene?
742 5784 869 5845 Sine
888 5788 1303 5863 contemplativa
1336 5799 1466 5860 ergo
1492 5784 1603 5841 vita
1624 5784 1830 5842 intrare
1856 5802 1966 5845 non
1986 5802 2108 5861 pose

2195 3311 2307 3355 suae
2350 3300 2560 3355 vestem
2604 3308 2714 3348 non
2754 3290 3061 3351 mutaverit.
3113 3289 3181 3347 Et
3227 3298 3356 3346 sunt
3406 3286 3636 3347 nonnulli
3662 3283 3739 3356 qui

2194 3389 2511 3460 priusquam
2556 3383 2942 3456 omnipotentis
2971 3380 3067 3436 Dci
3106 3380 3327 3441 servitio
3352 3374 3744 3448 Socienmr.jtm

2194 3480 2339 3541 bona
2362 3477 2578 3548 operari
2604 3475 2851 3548 diligunt.
2883 3472 3026 3533 Sunt
3048 3488 3178 3531 vero
3199 3472 3289 3527 alii
3310 3472 3397 3542 qui
3417 3472 3557 3528 bona
3578 3483 3747 3541 opera,

2194 3581 2483 3647 postquam
2519 3569 2589 3627 ad
2637 3567 2916 3627 servitium
2956 3565 3337 3641 omnipotentis
3372 3562 3465 3619 Dei
3496 3562 3750 3627 venerint,

2195 3663 2432 3727 discunt.
2464 3660 2566 3729 Qui
2590 3674 2719 3733 ergo
2742 3658 3111 3729 operationem
3132 3657 3341 3721 bonam,
3364 3660 3409 3713 et
3432 3654 3755 3725 priusquam

2198 3756 2267 3815 ad
2310 3753 2408 3809 Dei
2446 3752 2727 3815 servitium
2750 3750 2958 3807 veniret
3006 3747 3191 3809 habere
3225 3744 3443 3805 Studuit.
3482 3743 3753 3803 Hebraeus

2195 3860 2390 3913 servus
2418 3860 2541 3905 cum
2570 3857 2740 3907 uxore
2768 3850 2981 3917 emptus
3016 3848 3113 3899 est.
3152 3837 3215 3901 Et
3253 3837 3577 3919 plerumque
3600 3837 3653 3894 is
3675 3837 3755 3909 qui

2200 3937 2324 3999 talis
2356 3944 2459 4005 est,
2492 3944 2676 4007 potest
2719 3935 2786 3991 ad
2818 3933 3289 4004 contemplativam
3314 3932 3482 3991 vitam
3509 3929 3750 3995 transire,

2200 4038 2257 4087 et
2285 4039 2467 4095 tamen
2496 4029 2727 4085 activam
2748 4028 2914 4087 vitam
2945 4042 3055 4085 non
3096 4026 3367 4087 deserere.
3403 4021 3561 4083 Unde
3583 4029 3632 4077 et
3653 4018 3751 4077 illic

2199 4123 2486 4185 subditur:
2518 4139 2537 4175 ‹
2569 4120 2628 4176 Si
2668 4120 2872 4181 habens
2902 4133 3166 4187 uxorem,
3202 4124 3258 4173 et
3294 4130 3433 4175 uxor
3476 4110 3753 4186 egrediatur

2201 4213 2379 4271 simul.
2419 4233 2438 4266 ι
2469 4211 2604 4269 Cum
2624 4226 2690 4267 eo
2717 4211 2862 4279 enim
2885 4218 2941 4265 et
2975 4224 3116 4267 uxor
3143 4208 3214 4267 ad
3243 4207 3555 4267 libertatem
3578 4200 3756 4277 egredi-

2203 4311 2311 4373 tur,
2339 4302 2555 4377 quando
2584 4302 2632 4359 is
2655 4302 2748 4372 qui
2791 4299 2861 4363 ad
2895 4299 3411 4370 contemplationem
3456 4293 3753 4371 pervenerit,

2203 4394 2369 4460 etiam
2396 4392 2529 4457 foris
2556 4394 2825 4459 actionem
2852 4391 2979 4455 boni
3002 4392 3186 4463 operis
3213 4405 3319 4463 qua
3332 4389 3597 4466 prodesse
3612 4384 3755 4462 possit

2203 4487 2345 4554 aliis,
2374 4502 2483 4553 non
2526 4487 2802 4557 relinquit.
2832 4505 2852 4547 ς
2880 4484 2942 4551 δί
2969 4494 3153 4541 autem
3182 4484 3402 4545 dederit
3434 4484 3671 4543 dominus
3696 4476 3755 4533 illi

2125 4556 2179 4618 Ῑ)
2211 4594 2229 4631 ι
2272 4591 2517 4643 uxorem,
2541 4583 2596 4632 et
2616 4556 2888 4649 pepererit
2912 4574 3051 4633 filios
3072 4584 3128 4631 et
3146 4574 3305 4643 tilias,
3329 4574 3543 4633 mulier
3560 4582 3611 4629 et
3629 4566 3758 4627 liberi

2205 4691 2225 4731 t
2269 4672 2386 4743 eius
2429 4680 2591 4729 erunt
2618 4671 2822 4731 domini
2864 4671 2949 4729 sui
2979 4689 2993 4727 :
3020 4670 3135 4742 ipse
3172 4684 3304 4726 vero
3330 4670 3524 4727 exibit
3551 4679 3665 4725 cum
3693 4677 3760 4715 V0-

2206 4789 2228 4825 s
2271 4771 2401 4827 stitu
2448 4782 2567 4824 suo.
2598 4787 2617 4823 ι
2665 4766 2834 4829 Servo
2876 4774 3061 4838 empto
3109 4766 3205 4822 dat
3246 4762 3524 4825 dominus
3550 4770 3759 4822 uxorein.

2199 4881 2325 4923 eum
2354 4865 2678 4935 praedicator
2702 4863 2931 4933 quisque
2953 4875 3115 4932 quem
3129 4858 3253 4928 iure
3278 4854 3655 4928 omnipotenti
3676 4851 3762 4905 Deo

2201 4956 2615 5025 mancipaverit.
2654 4955 2811 5015 bona:
2839 4953 3043 5015 actioni
3070 4950 3388 5021 conjungit.
3423 4951 3567 5007 Nam
3592 4956 3645 5003 et
3663 4956 3765 5016 pre-

2202 5047 2471 5103 dicatores
2511 5046 2712 5105 domini
2752 5054 3050 5112 vocantur,
3092 5044 3234 5103 sicut
3282 5042 3506 5105 Elisaro
3534 5040 3769 5115 propheta:

2203 5139 2269 5197 de
2284 5137 2637 5210 praedicatore
2656 5150 2755 5195 suo
2775 5136 3003 5197 dicitur:
3031 5154 3049 5193 ί
3074 5134 3195 5193 Scis
3215 5138 3375 5204 qtmd
3401 5136 3654 5200 dominus
3672 5139 3771 5189 tuus

2202 5229 2424 5287 tollatur
2450 5246 2482 5285 a
2508 5230 2600 5285 te?
2633 5227 2780 5289 Uxor
2805 5243 2935 5287 vero
2959 5227 3192 5297 emptitii
3218 5229 3381 5285 servi
3406 5229 3558 5289 ﬁlios
3587 5236 3639 5286 et
3660 5224 3773 5283 tilias

2200 5323 2394 5394 pariet,
2425 5322 2642 5393 quando
2666 5321 2717 5376 ei
2740 5323 2880 5380 bona
2907 5321 3078 5379 fortes
3099 5320 3183 5379 vel
3210 5327 3453 5379 tenores
3483 5320 3688 5383 fructus
3706 5328 3776 5389 κθ-

2205 5425 2381 5473 nerat.
2431 5416 2538 5471 Sed
2581 5413 2776 5471 mulier
2811 5430 2933 5485 quae
2962 5430 2993 5470 a
3035 5413 3259 5471 domino
3310 5415 3457 5473 data
3489 5425 3596 5481 est,
3630 5412 3778 5469 eidem

2205 5508 2424 5575 domino
2467 5522 2591 5562 cum
2634 5507 2764 5563 filiis
2805 5514 3082 5573 remanet;
3107 5507 3222 5577 ipse
3266 5521 3415 5564 vero
3460 5522 3658 5567 servus
3693 5502 3783 5561 erit

2204 5617 2331 5658 cum
2367 5602 2562 5657 vestitu
2599 5618 2716 5669 suo,
2748 5602 2878 5673 quia
2907 5601 3047 5658 bona
3070 5601 3214 5665 actio
3246 5602 3343 5657 vel
3372 5603 3636 5675 ejusdem
3659 5601 3785 5657 boot

2202 5692 2436 5749 actionis
2479 5691 2708 5760 fructus,
2747 5694 3121 5765 prmdicatoris
3163 5694 3425 5751 mercedi
3464 5700 3782 5768 reputant“.

2204 5786 2327 5860 lpse
2343 5800 2473 5843 vero
2486 5785 2544 5842 in
2570 5785 2823 5845 desiderii
2835 5786 2920 5851 sui
2936 5786 3604 5858 intentiouependurans,
3618 5800 3711 5862 per
3726 5798 3789 5840 sr-
