3976 6340
1005 331 1404 399 suaenam
1440 331 1663 397 suam
1700 312 2322 403 cenassemus.
2358 364 2435 385 —-
2466 340 2593 407 un.
2632 342 2694 407 η.

3337 358 3444 419 8M

194 469 412 535 pernam
432 450 662 527 gratiam
682 446 1274 524 adeontomplationem
1299 450 1438 507 liber
1460 449 1756 522 egreditur.
1784 454 1842 529 Α
1862 446 2165 545 iniirmitati
2190 453 2357 545 :Aquia
2416 455 2696 531 proprium
2749 464 2835 515 est
2883 460 3119 525 hominis
3175 472 3445 545 corrupti-

265 574 285 613 ι
328 552 481 623 Quod
508 550 555 607 si
584 549 786 607 dixerit
812 564 1003 609 servus
1029 566 1042 605 :
1069 548 1245 621 Diligo
1276 547 1553 609 dominum
1579 562 1765 611 meum

199 668 220 705 ι
255 658 312 704 et
340 660 564 702 uxorem
596 660 661 701 ac
704 642 925 710 liberos,
959 658 1068 703 non
1096 643 1347 715 egrediar
1377 642 1535 703 liber.
1569 661 1590 697 ι
1630 640 1761 699 Ser-

191 756 287 798 vus
334 738 613 795 dominum
671 750 831 799 tuum
886 734 1079 807 diligit,
1126 737 1346 806 quando
1390 733 1764 806 praedicatoris

190 831 352 889 verba
403 827 637 889 sollicita
692 834 877 885 mente
930 825 1184 885 custodit.
1239 824 1485 889 Uxorem
1549 840 1765 903 quoque

191 937 373 980 amans
401 928 458 975 et
492 920 692 981 liberos
725 919 865 977 liber
892 919 1076 989 egredi
1118 926 1352 982 recusat,
1385 917 1603 988 quando
1630 918 1764 973 acti-

189 1030 305 1071 vam
329 1014 497 1069 vitam
520 1010 747 1082 eiusque
766 1008 794 1067 l‘
793 1018 977 1075 ructus
1001 1009 1253 1080 diligens,
1285 1008 1517 1067 transire
1538 1008 1606 1065 ad
1626 1022 1758 1065 con-

189 1101 549 1175 templativam
580 1117 685 1163 non
714 1101 848 1166 vult,
878 1099 1006 1173 quia
1031 1100 1173 1171 bona
1203 1115 1263 1161 se
1286 1115 1452 1170 opera
1474 1100 1676 1155 habere
1704 1099 1760 1157 in

185 1192 469 1251 ministerii
512 1194 597 1257 sui
640 1192 903 1251 servitute
946 1190 1328 1255 considerans,
1376 1190 1447 1249 ad
1488 1189 1761 1247 libertatis

185 1288 416 1357 quietem
436 1286 617 1342 renuit
642 1285 896 1341 transire.
934 1303 955 1341 ί
991 1282 1100 1343 Sed
1128 1283 1325 1343 oderat
1342 1298 1469 1347 eum
1507 1283 1759 1343 dominus

187 1397 205 1431 ι
247 1380 370 1446 diis,
398 1387 456 1435 et
481 1378 782 1452 applicetur
814 1377 885 1433 ad
912 1377 1115 1437 ostium
1142 1386 1195 1436 et
1235 1383 1456 1447 postea;
1483 1384 1541 1433 et
1579 1373 1761 1445 perfo-

186 1491 205 1526 ι
242 1480 326 1527 ret
357 1469 476 1540 ejus
500 1486 687 1548 aurem
728 1469 941 1535 subula,
972 1476 1032 1529 ut
1064 1467 1139 1527 sit
1164 1474 1220 1523 et
1262 1483 1454 1529 servus
1490 1468 1545 1525 in
1583 1481 1756 1525 smon-

186 1582 204 1617 ‹
245 1563 375 1619 lum.
417 1581 438 1616 ι
469 1561 733 1617 Dominus
762 1560 908 1618 enim
930 1559 1023 1630 qui
1059 1560 1113 1615 in
1144 1557 1321 1615 activa
1348 1558 1619 1627 disposuit
1646 1556 1758 1615 vita

178 1659 488 1733 perdurare,
517 1673 550 1711 a
580 1655 803 1713 domino
831 1654 935 1715 diis
977 1652 1224 1718 oil‘ertur,
1254 1651 1473 1722 quando
1499 1666 1530 1709 a
1562 1648 1758 1721 praedi-

178 1762 354 1810 calore
388 1767 491 1815 suo
519 1750 865 1819 antiquorum
909 1747 1133 1811 Patrum
1162 1744 1323 1805 dictis
1348 1742 1633 1808 imbuitur,
1660 1740 1752 1813 qui

1866 542 1991 603 bilis
2012 551 2067 598 et
2085 541 2291 617 fragilis
2314 560 2575 619 peccare;
2598 547 2741 607 unde
2760 550 3019 631 scriptum
3041 564 3154 617 est:
3175 575 3195 611 ι
3217 541 3445 625 Νοιίθει

1865 634 2029 691 homo
2058 649 2221 726 super
2253 642 2478 705 terram,
2518 637 2608 719 qui
2640 637 2805 701 faciat
2830 643 3059 717 bonum,
3095 652 3281 711 etnon
3317 670 3443 726 ρος-
3466 684 3479 690 -

1865 735 1971 787 cet.
2014 747 2035 783 ι
2060 738 2093 819 γι
2120 724 2198 787 De
2221 729 2381 787 domo
2408 739 2587 789 autem
2616 734 2779 805 diem,
2812 740 2955 811 quod
2985 743 3255 819 possimus
3278 724 3381 809 nos
3411 764 3444 809 a

1863 818 2106 891 peccatis
2124 835 2393 883 coercere.
2411 822 2771 895 Quaerendum
2795 838 2879 886 est
2897 818 3079 893 utrum
3102 838 3247 907 quod
3265 837 3443 901 Graeci

1865 911 2050 973 dieunt
2086 914 2421 988 πρωτότοκα..
2450 931 2551 975 nec
2587 917 2780 977 Latine
2810 922 2914 983 dici
2952 924 3057 985 nisi
3093 928 3444 1007 primogenita

1862 1013 2172 1075 potuerunt,
2205 1007 2261 1063 in
2290 1007 2373 1069 bis
2400 1016 2606 1069 tantum
2632 1012 2977 1089 intelligenda
3009 1026 3152 1093 sum,
3188 1036 3309 1093 qua:
3345 1039 3444 1083 ηει-

1862 1109 2088 1165 scuntur
2123 1119 2192 1161 ex
2233 1103 2517 1167 matribus.
2558 1104 2676 1177 ipsa
2714 1109 2859 1169 enim
2898 1115 3117 1185 proprie
3158 1119 3443 1187 pariuntur

1860 1193 2042 1262 potius
2070 1210 2230 1265 quam
2270 1196 2580 1267 gignuntur.
2618 1198 2833 1265 Parere
2852 1203 3052 1277 quippe
3085 1219 3168 1271 est
3199 1210 3438 1281 κίκι-ριν,

1863 1284 2005 1373 quod
2034 1293 2117 1345 est
2145 1285 2379 1345 femina;
2408 1287 2553 1377 unde
2597 1292 2923 1366 πρωτότοιιρν
2960 1294 3177 1359 dicitur.
3204 1300 3441 1374 Gignere

1862 1385 2045 1439 autem
2063 1385 2147 1439 est
2167 1386 2363 1452 νςννᾷν.
2386 1381 2529 1439 unde
2554 1382 2755 1443 dicitur
2775 1388 2992 1457 proprio
3015 1388 3209 1453 Latine
3233 1394 3440 1464 primo.

1862 1470 2094 1540 genitus.
2138 1470 2217 1531 Ex
2257 1471 2475 1539 feminis
2503 1483 2685 1533 autem
2719 1476 2989 1537 dabantur
3032 1484 3337 1556 primitiva,
3385 1489 3443 1549 id

1859 1568 1962 1627 est.
1996 1576 2117 1632 qua:
2161 1563 2335 1632 prima
2375 1564 2742 1634 pariebantur.
2792 1568 3037 1642 Namque
3081 1575 3442 1649 gignebautur

1857 1653 2034 1724 prima
2055 1668 2087 1713 a
2108 1654 2263 1722 viris,
2287 1655 2336 1713 si
2363 1656 2504 1715 forte
2524 1673 2590 1719 ex
2614 1660 2809 1729 viduis,
2823 1677 2943 1732 quae
2957 1664 3069 1735 jam
3088 1678 3439 1742 pepererant.

1859 1748 2227 1821 gignerentur.
2269 1748 2387 1811 Non
2417 1751 2563 1809 enim
2593 1753 2755 1809 aliter
2795 1764 2979 1817 essent
3006 1774 3128 1829 qua:
3161 1762 3438 1830 aperirent

176 1842 325 1901 nobis
366 1844 423 1900 in
448 1844 538 1900 via
587 1838 973 1912 omnipotentis
1003 1838 1099 1895 Dei
1146 1834 1461 1897 sacerdotes
1501 1834 1749 1901 fuerunt;
1781 1826 1828 1891 B
1854 1839 2115 1899 vulvam:
2155 1843 2298 1912 quod
2324 1844 2541 1913 proprie
2575 1845 2745 1913 voluit,
2772 1862 2891 1909 esse
2930 1826 3041 1911 ια’
3064 1826 3275 1920 eoi-uin,
3312 1869 3435 1924 qum

176 1942 328 2005 atque
354 1937 425 1995 ad
447 1935 650 1991 ostium
688 1930 1028 2005 tabernaculi
1057 1930 1294 1995 ducitur.
1324 1934 1386 1985 ut
1413 1928 1480 1987 tlc
1507 1928 1754 1998 ingressu

174 2028 355 2084 sterni
378 2023 717 2091 tabemaculi
743 2022 949 2093 aliquid
973 2021 1177 2088 audiat.
1203 2030 1259 2079 et
1274 2019 1538 2081 tremendi
1561 2018 1752 2089 iudicii

175 2118 309 2175 diem
338 2116 618 2181 subtiliter
638 2122 917 2187 agnoscat,
942 2128 1012 2173 ne
1045 2129 1143 2184 per
1162 2114 1303 2173 bona
1329 2127 1495 2183 opera
1530 2128 1651 2182 quae
1670 2111 1753 2166 fa—

174 2211 259 2277 cit,
306 2209 528 2279 placere
576 2207 888 2271 hominibus
931 2213 1170 2276 appetat,
1220 2206 1407 2275 sicque
1442 2206 1592 2265 auris
1634 2203 1751 2274 ejus

172 2303 353 2360 subula
387 2300 721 2373 perimatur,
748 2300 875 2357 dum
901 2314 1056 2361 mens
1085 2299 1228 2357 illius
1261 2299 1473 2359 timoris
1499 2298 1594 2357 Dei
1624 2296 1751 2357 sui»

173 2397 358 2453 tilltate
394 2395 723 2468 percutitur,
764 2400 822 2449 et
852 2394 1007 2449 verbi
1044 2391 1295 2449 acumine
1339 2390 1611 2465 transfixa;
1648 2404 1750 2460 per

173 2506 323 2547 omne
366 2490 516 2561 quod
562 2488 698 2559 agit,
740 2487 954 2549 noverit
998 2487 1302 2559 ingressum
1344 2484 1499 2554 regni
1535 2499 1749 2555 semper

175 2582 473 2654 attepdene,
523 2586 579 2636 et
623 2578 780 2650 quasi
821 2579 891 2635 ab
932 2578 1073 2637 ostio
1120 2586 1179 2637 et
1214 2585 1370 2648 poste
1410 2573 1746 2635 tabernaculi

173 2676 493 2748 perforatam
525 2686 713 2733 aurem
734 2681 974 2743 portare.
1009 2671 1111 2738 Qui
1136 2670 1243 2726 erit
1269 2684 1460 2726 servus
1484 2669 1541 2725 in
1575 2683 1749 2733 δίωμα-

173 2767 295 2835 lum,
317 2774 377 2823 ut
396 2779 524 2823 esse
558 2771 683 2837 post
708 2762 967 2819 saeculum
998 2761 1139 2817 liber
1174 2760 1366 2833 possit.
1396 2759 1455 2819 In
1488 2758 1743 2817 mulum

172 2860 306 2915 enim
334 2872 530 2915 servas
566 2864 676 2923 est,
710 2855 805 2927 qui
844 2869 944 2926 per
968 2854 1203 2913 activam
1242 2853 1410 2909 vitam
1438 2851 1747 2909 hominibus

173 2952 365 3008 servire
387 2950 679 3023 disposuit,
702 2957 767 3003 ut
784 2954 909 3019 post
931 2961 1173 3019 praeeris
1202 2945 1456 3003 saeculum
1484 2945 1554 3001 ad
1582 2943 1747 3003 liber-

175 3052 329 3101 tatem
349 3059 544 3101 veram
565 3041 744 3098 valeat
766 3041 1071 3112 pervenire,
1093 3038 1161 3099 de
1182 3055 1288 3110 qua
1303 3052 1399 3109 per
1416 3037 1644 3099 Paulum
1664 3036 1746 3096 di-

174 3136 303 3191 citur
331 3176 344 3191 .
374 3154 396 3188 ι
433 3133 577 3204 Quia
602 3141 659 3189 st
704 3133 823 3203 ipsa
863 3140 1116 3188 cacatum
1149 3127 1475 3191 liborabitur
1498 3143 1534 3189 α
1570 3128 1745 3189 servio

174 3236 279 3286 tuto
304 3194 699 3301 corruptionis,
723 3194 785 3282 in
814 3226 1125 3285 libertatem
1164 3224 1349 3296 glorias
1380 3222 1617 3285 ﬁliorum
1646 3221 1744 3281 Del
1771 3194 1817 3260 (ἶ

175 3324 341 3397 (Rom.
373 3325 520 3399 vm),
551 3343 571 3379 ι
604 3324 760 3381 Tunc
779 3323 925 3379 enim
947 3338 1080 3381 vera
1106 3323 1165 3378 in
1188 3321 1346 3379 nobis
1373 3320 1596 3377 libertas
1616 3317 1742 3385 erit,

173 3430 287 3472 cum
313 3419 380 3473 ad
408 3416 641 3490 gloriam
669 3415 902 3481 ﬁliorum
928 3415 1022 3471 Dei
1046 3412 1267 3485 adoptio
1286 3420 1471 3479 castra
1490 3425 1748 3482 pervene-

173 3507 255 3563 rit.
300 3507 457 3567 Nunc
488 3522 621 3579 ergo
664 3522 775 3562 non
821 3506 997 3563 solum
1022 3504 1200 3563 activa
1244 3504 1298 3560 in
1331 3502 1595 3567 servitute
1638 3509 1742 3569 est.

173 3599 259 3655 sed
292 3600 461 3656 etiam
482 3597 873 3670 contemplatio
902 3611 1010 3668 qua
1052 3611 1219 3667 super
1246 3609 1347 3651 nos
1396 3593 1659 3663 rapimur.
1688 3590 1748 3649 liv

170 3690 430 3751 bertatem
460 3693 664 3751 mentis
686 3708 798 3749 non
825 3690 1054 3757 obtinet,
1086 3689 1182 3751 sed
1205 3687 1469 3754 imitatur;
1498 3683 1625 3756 quia
1653 3682 1746 3745 illa

168 3786 315 3855 quies
340 3788 536 3843 intima
562 3787 621 3841 in
645 3786 934 3857 aenigmate
957 3784 1188 3840 videtur.

772 3894 999 3952 CAPUT
1034 3893 1127 3950 IX.

169 3976 241 4036 De
258 3977 625 4061 primogenitis
666 3974 1051 4061 sacrificandia
1090 3973 1311 4061 Domino
1344 3983 1364 4024 :
1392 3984 1488 4026 nec
1540 3982 1747 4040 opst-an

359 4088 363 4092 -
435 4042 455 4047 ⁷
541 4042 1169 4115 debercin‘primogenito
1195 4042 1357 4102 bouis.

232 4138 417 4213 (Ιιω.)
460 4157 483 4191 ι
522 4138 598 4193 De
640 4136 1018 4208 primogenitis
1062 4150 1186 4205 quia
1229 4141 1528 4193 nascuntur
1560 4131 1616 4191 in
1658 4145 1748 4189 arv

176 4245 196 4281 ι
234 4231 430 4305 meritis
457 4239 509 4285 et
534 4230 726 4284 ovibus
753 4227 882 4293 tuis,
922 4226 1187 4297 quidquid
1222 4240 1384 4281 sexus
1412 4230 1497 4283 est
1532 4237 1749 4285 mascu—

177 4338 196 4373 ι
232 4322 346 4387 lini,
375 4322 745 4379 sanctificabls
784 4321 1015 4377 Domino
1037 4320 1150 4377 Deo
1173 4326 1287 4377 tuo.
1325 4339 1346 4375 ι
1381 4316 1745 4388 Primogeuita

176 4417 505 4475 sanctiﬂcare
536 4416 762 4472 [riinino
785 4413 1060 4485 iubemur,
1090 4428 1214 4471 cum
1254 4410 1553 4483 primordia
1587 4410 1747 4473 metu

176 4508 456 4565 voluntatis
494 4524 558 4564 an
593 4509 857 4571 bonorum
885 4524 1113 4579 operum
1148 4509 1259 4564 Deo
1285 4507 1531 4565 omnium
1572 4505 1744 4565 bono-

178 4616 289 4659 rum
329 4604 501 4661 datori
549 4603 821 4674 applicare
866 4602 1212 4672 prmcipimur
1245 4616 1353 4657 non
1393 4600 1569 4665 nobis,
1614 4596 1744 4668 quia

178 4693 423 4763 quidquid
462 4695 520 4749 in
550 4692 709 4749 nobis
747 4701 832 4747 est
871 4691 1020 4757 boni,
1055 4689 1172 4759 eius
1210 4690 1367 4747 nobis
1414 4689 1517 4745 hoc
1543 4689 1745 4749 donum

180 4796 277 4837 non
316 4796 561 4841 nostrum
601 4784 832 4839 contulit
874 4782 1145 4848 studium;
1180 4782 1325 4837 unde
1359 4795 1455 4850 per
1486 4778 1745 4834 Iacobum

183 4871 403 4931 dicitur:
434 4895 453 4929 ι
482 4876 662 4933 Omne
700 4875 885 4929 datum
923 4873 1210 4944 optimum,
1257 4880 1312 4929 et
1339 4884 1502 4931 omne
1544 4869 1745 4925 donum

182 4967 487 5037 perfectum,
529 4970 812 5023 desursum
851 4975 936 5022 est
970 4966 1303 5022 descendens
1334 4980 1365 5023 ιι
1402 4972 1557 5035 patre
1584 4963 1747 5023 lumi—

186 5062 521 5133 Butn(Jacob.
560 5065 635 5136 1);
664 5082 685 5116 ι
726 5062 858 5117 hinc
902 5068 958 5116 et
984 5060 1181 5119 Paulus
1223 5061 1340 5115 ait:
1375 5079 1391 5113 ι
1429 5060 1571 5116 Deus
1600 5059 1746 5116 enim

184 5150 271 5218 qui
303 5165 556 5223 operatur
585 5155 639 5208 in
671 5153 825 5209 nobis
853 5161 909 5208 et
949 5138 1089 5208 velle
1116 5160 1171 5206 et
1192 5151 1457 5223 perlicere
1483 5167 1582 5223 pro
1602 5151 1746 5207 bona

187 5240 451 5301 voluntate
491 5243 713 5318 (Philip.
749 5244 834 5317 ιι).
875 5264 894 5298 ι
937 5243 1154 5314 Siquid
1183 5251 1364 5299 autem
1403 5242 1523 5297 leve
1568 5249 1655 5307 est
1690 5242 1747 5299 in

186 5342 359 5397 nostra
394 5339 722 5410 cogitatione
750 5346 844 5393 aut
874 5336 1143 5399 maculam
1170 5338 1334 5392 habet
1359 5337 1412 5397 iu
1457 5350 1749 5395 convemv

189 5419 328 5483 “Otto
355 5436 517 5499 atquo
552 5443 821 5495 sermone,
847 5428 933 5484 vel
966 5427 1220 5487 claudum
1244 5425 1346 5481 fuit
1375 5426 1426 5481 in
1454 5440 1747 5497 progressu

190 5517 527 5586 operationis,
559 5518 646 5575 vel
688 5535 888 5577 uacum
933 5519 988 5575 in
1034 5517 1339 5590 ignorantia
1382 5516 1606 5582 mentis,
1654 5522 1748 5577 aut

190 5600 361 5675 aliqua
388 5620 537 5680 parte
572 5611 812 5675 deforme
838 5612 922 5668 vel
946 5612 1142 5679 debile,
1180 5627 1288 5668 non
1333 5611 1437 5669 hoc
1469 5606 1749 5671 inimolare

198 5687 399 5764 ιιι»,ίά
439 5702 1089 5777 estnonilliimputarc,
1132 5703 1749 5765 sednostradebemus

262 5801 289 5839 ⁸
312 5793 817 5879 “etiamm.
1722 5820 1733 5827 ·

1852 1932 2030 2003 primo
2052 1939 2179 1991 nata
2205 1931 2435 1995 Domino
2458 1934 2812 1997 debebantur.
2834 1937 2893 1995 Si
2917 1954 3048 2010 ergo
3075 1940 3129 1999 in
3151 1941 3236 2001 his
3255 1943 3436 2007 verbis

1853 2024 2148 2092 distinctio,
2180 2040 2287 2085 non
2312 2025 2514 2085 frustra
2539 2026 2801 2089 Dominus
2830 2046 2940 2091 non
2968 2032 3165 2093 dicitur
3192 2049 3223 2095 a
3251 2042 3433 2105 patre,

1850 2118 2154 2190 μονότοιιος.
2202 2119 2299 2177 sed
2341 2127 2646 2195 μονογινής.
2679 2122 2732 2183 id
2776 2131 2893 2192 est.
2923 2126 3258 2196 uuigenitus,
3288 2128 3435 2200 quod

1850 2206 2063 2265 unicus.
2092 2205 2139 2261 A
2168 2208 2399 2267 mortuis
2425 2216 2606 2269 autem
2647 2211 3040 2284 primogenitus
3079 2217 3297 2285 quidem
3322 2216 3432 2277 La-

1850 2298 1962 2363 tine
1988 2296 2226 2357 dicitur:
2264 2301 2392 2370 quia
2429 2317 2537 2365 non
2572 2305 2749 2374 potuit
2786 2305 3041 2375 Latinum
3085 2311 3310 2371 verbum
3353 2312 3432 2373 ita

1849 2396 2099 2475 componi
2125 2399 2423 2459 secundum
2444 2399 2699 2469 loquendi
2725 2403 3206 2472 consuetudinem;
3237 2406 3428 2467 Graeco

1846 2486 2178 2562 πρωτότοκος
2203 2487 2429 2571 dicitur,
2450 2505 2561 2553 non
2588 2498 2914 2570 πρωτοφονῂ
2939 2512 2952 2551 :
2992 2502 3249 2567 tanquam
3277 2506 3432 2569 pater

1848 2578 2098 2650 genuerit
2118 2578 2221 2637 sibi
2248 2581 2531 2653 aequalem,
2555 2591 2805 2647 creatura
2825 2584 2959 2647 vero
2976 2589 3268 2657 pepererit.
3292 2587 3429 2649 Nam

1848 2669 1993 2741 quod
2019 2670 2221 2731 dicitur
2250 2673 2642 2745 primogenitae
2668 2677 2847 2737 omnis
2875 2686 3155 2742 creaturae,
3196 2692 3318 2750 qua
3357 2678 3433 2743 ibi

1847 2762 2159 2836 sperarim:
2184 2760 2373 2821 Graece
2404 2763 2622 2835 legitur,
2652 2772 2831 2837 potest
2871 2775 2946 2831 tta
2984 2767 3212 2841 intelligi
3240 2784 3432 2829 secun-

1847 2853 1976 2916 dum
1997 2869 2198 2915 novam
2223 2864 2551 2923 creaturam,
2575 2857 2643 2914 de
2669 2872 2776 2929 qua
2803 2858 2935 2921 dicit
2960 2859 3280 2930 Apostolus:
3310 2874 3333 2923 ι
3368 2861 3429 2923 Si

1846 2961 1953 3018 qua
1981 2947 2147 3025 igitur
2173 2963 2315 3011 nova
2339 2956 2591 3009 creatura
2616 2949 2671 3007 in
2704 2949 2952 3021 Christo.
2979 2965 3050 3015 ex
3074 2968 3181 3023 qua
3208 2950 3299 3015 ille
3320 2953 3434 3024 pri-

1846 3041 2069 3103 mltivus
2090 3050 2196 3115 est,
2224 3043 2353 3116 quia
2388 3044 2696 3116 primitivus
2732 3045 2807 3103 ita
2844 3045 3170 3115 resurrexit,
3216 3055 3279 3108 ut
3310 3046 3431 3117 iam

1846 3150 1956 3197 non
1981 3135 2265 3201 mriatur,
2298 3150 2401 3193 nec
2427 3152 2577 3197 mors
2599 3137 2651 3194 ei
2675 3133 2820 3195 ultra
2856 3136 3166 3201 dominetur
3190 3136 3277 3211 (II
3298 3136 3427 3199 Cor.
3458 3146 3465 3151 '

1846 3228 1935 3303 v).
1968 3249 1990 3285 ι
2023 3227 2177 3297 Quod
2205 3243 2360 3287 nova:
2383 3237 2669 3296 creatura,
2699 3244 2821 3301 qum
2858 3230 2915 3287 in
2939 3228 3033 3289 illo
3068 3239 3154 3289 est
3186 3228 3430 3294 futurum

1848 3322 1905 3381 in
1928 3321 2038 3382 ﬁne
2077 3321 2446 3393 promittitur,
2488 3322 2584 3381 sed
2613 3323 2717 3381 ista
2758 3321 3033 3385 distinctio
3069 3337 3179 3386 non
3226 3328 3432 3387 tumere

1847 3412 2161 3475 atlirmonda
2182 3453 2198 3480 ,
2251 3413 2349 3473 sed
2386 3410 2441 3471 in
2486 3410 2786 3483 Scripturis
2829 3412 3142 3481 diligentius
3183 3424 3433 3483 perscru-

1848 3510 2007 3568 tanda
2033 3515 2136 3565 est.
2169 3506 2357 3567 Movet
2370 3508 2517 3567 enim
2542 3506 2816 3577 quomodo
2844 3506 2953 3571 dici
2981 3506 3158 3576 potuit
3200 3506 3257 3569 in
3295 3506 3431 3571 Pro-

1845 3597 2067 3662 verbiis,
2089 3615 2107 3651 ι
2135 3596 2523 3666 Primogeuitc,
2540 3595 2638 3659 tibi
2657 3595 2798 3662 dico,
2815 3592 2910 3662 ﬁli,
2932 3615 2952 3653 ι
2976 3596 3032 3657 id
3052 3604 3159 3665 est,
3182 3609 3249 3657 ex
3275 3595 3431 3666 cuqu

1845 3705 2077 3764 peuona
2104 3690 2310 3753 dictum
2341 3688 2694 3761 intelligatur.
2724 3687 2785 3749 8i
2809 3688 2952 3754 enim
2982 3688 3077 3753 Dei
3102 3688 3279 3753 Patris
3306 3704 3429 3760 per.

1845 3798 1979 3843 soua
2016 3781 2085 3839 ad
2124 3781 2403 3841 Christum
2445 3779 2665 3848 dicitur,
2708 3781 2797 3841 cui
2825 3780 3110 3843 sententias
3135 3788 3317 3841 utrum
3344 3792 3432 3843 so-

1843 3876 2065 3948 quentia
2086 3880 2404 3939 consonent,
2432 3873 2527 3933 vix
2546 3887 2793 3935 asserere
2819 3873 3071 3937 eumdem
3098 3872 3205 3933 dici
3231 3873 3431 3943 primo-

1845 3968 2087 4041 genitum
2110 3982 2272 4039 quem
2311 3965 2676 4036 unigenitum,
2713 3965 2841 4035 quia
2868 3964 3036 4027 etiam
3069 3978 3168 4025 nos
3206 3963 3302 4027 tilil
3330 3963 3427 4027 Dei

1846 4075 2056 4127 sumus.
2084 4059 2432 4130 Unigenitum
2458 4075 2610 4126 vero,
2642 4058 2900 4131 quoniam
2924 4057 3075 4117 solus
3100 4058 3191 4115 ille
3213 4056 3282 4113 de
3301 4058 3427 4117 sub-

1845 4154 2051 4211 stantia
2081 4150 2292 4217 Patris,
2329 4159 2384 4207 et
2407 4150 2555 4208 Patri
2587 4150 2878 4221 comqualis
2919 4158 3084 4220 atque
3127 4156 3431 4207 coaeternus

1846 4253 1947 4301 est.
1980 4244 2174 4299 Mirum
2205 4252 2287 4298 est
2315 4252 2495 4298 autem
2532 4250 2715 4301 utrum
2749 4254 2942 4312 parere
2976 4248 3033 4299 et
3059 4240 3281 4311 gignere
3312 4239 3427 4301 ενι·

1846 4335 2177 4391 dentissimis
2208 4333 2546 4391 documentis
2583 4347 2739 4393 sacra
2781 4329 3065 4402 Scriptum
3108 4330 3422 4400 distinguat.

1854 4444 1873 4478 ι
1900 4426 2020 4495 Non
2044 4424 2360 4499 operaberis
2389 4425 2444 4487 in
2471 4423 2829 4497 primogenita
2862 4422 3049 4489 bovis,
3091 4425 3145 4477 et
3168 4435 3279 4485 non
3301 4428 3426 4477 ton-

1848 4520 2001 4575 debis
2038 4517 2399 4589 primogenita
2441 4516 2644 4575 ovium.
2682 4534 2704 4571 ο
2750 4510 2890 4581 Quid
2933 4524 3032 4580 per
3078 4510 3429 4567 exhibitionis

1847 4609 2008 4679 huius
2026 4608 2331 4679 exemplum
2354 4605 2457 4661 nisi
2478 4605 2645 4661 vitam
2666 4605 2805 4660 bene
2824 4601 3191 4661 inchoantium
3216 4602 3427 4675 Moyses

1847 4700 2099 4757 humanis
2125 4697 2568 4768 occupationibus
2610 4708 2865 4753 exercere
2900 4690 3194 4764 prohibuit.
3231 4692 3289 4749 In
3314 4693 3429 4765 pri-

1848 4789 2119 4861 mogenita
2148 4802 2279 4859 ergo
2306 4785 2462 4842 bovis
2485 4800 2671 4851 arare,
2701 4792 2785 4840 est
2816 4782 2973 4841 homo
2998 4782 3428 4843 conversationis

1848 4882 2141 4956 primordia
2166 4880 2223 4936 in
2258 4877 2521 4937 exercitio
2566 4872 2794 4948 publium
2838 4874 3068 4939 actionis
3114 4873 3425 4932 ostendere.

1849 4973 2042 5031 Ovium
2066 4986 2280 5043 quoque
2302 4967 2657 5041 primogenita
2687 4966 2911 5023 tondere
2928 5007 2945 5034 ,
2983 4973 3069 5027 est
3095 4964 3164 5025 ab
3188 4964 3429 5025 occulta-

1850 5065 2013 5121 tionis
2041 5079 2152 5120 sure
2182 5062 2417 5134 tegmine
2457 5060 2710 5118 humanis
2736 5060 2909 5119 oculis
2945 5060 3257 5119 inclinantia
3282 5060 3424 5115 bona

1851 5165 2035 5213 nostra
2064 5155 2356 5211 denudare.
2395 5153 2455 5209 ln
2482 5152 2841 5224 primogenita
2873 5154 3027 5211 bovis
3057 5151 3273 5222 operari
3302 5164 3428 5218 pro-

1852 5248 2134 5315 hibemur,
2171 5255 2336 5316 atque
2378 5262 2409 5303 a
2452 5244 2825 5316 primogenitis
2848 5246 3029 5301 ovium
3068 5240 3428 5317 detrudendi:

1852 5339 2268 5409 compesclmur,
2290 5338 2417 5407 quia
2436 5345 2492 5393 et
2512 5337 2559 5393 si
2579 5336 2711 5406 quid
2736 5337 2939 5393 bonum
2960 5342 3123 5402 atque
3140 5329 3425 5391 robustum

1854 5430 2153 5500 iocatum“
2176 5442 2455 5491 exercere.
2484 5427 2589 5485 hoc
2623 5427 2679 5487 in
2722 5435 2969 5497 apertum
2999 5424 3163 5481 citius
3198 5438 3306 5479 non
3333 5422 3428 5479 de-

1854 5523 2042 5579 bemus
2070 5519 2336 5592 prol'erre,
2368 5527 2576 5581 etcum
2602 5519 2713 5577 vita
2742 5525 2929 5575 nostra
2956 5514 3184 5584 simplex
3208 5513 3427 5584 quidem

1854 5622 2017 5685 atque
2044 5613 2335 5671 innuentem
2360 5610 2615 5671 inchoare
2642 5609 2861 5681 mgnum
2888 5612 2995 5673 est,
3026 5612 3086 5665 ut
3115 5602 3312 5662 secreti
3343 5602 3426 5663 sui

1853 5707 2124 5767 velamina
2158 5707 2459 5785 relinquat,
2496 5721 2568 5765 ne
2610 5702 2715 5762 hoc
2758 5698 3008 5769 humanis
3052 5698 3225 5761 ouilia
3270 5695 3426 5772 quati
