3930 6344
203 302 305 380 397

1017 293 1416 384 ENARBATIO
1456 293 1681 354 SUPER
2367 324 2435 340 —
2468 294 2599 354 LIB.
2636 295 2702 353 II.

3339 306 3446 366 898

215 439 236 476 ι
264 419 380 478 Non
423 417 628 492 poteris
663 415 945 473 immolare
975 381 1144 488 phase
1186 415 1242 470 in
1278 412 1518 485 qualibet
1558 383 1772 467 urbium
1810 381 1841 492 λ’
1877 381 2015 468 datae
2038 383 2170 485 legis
2207 381 2263 469 in
2308 411 2458 470 Sina.
2505 389 2614 469 Sed
2649 385 2814 484 hujus
2853 420 3223 484 pentecostes,
3269 415 3448 492 neqde

212 532 235 572 ι
263 477 494 578 tuarum,
521 513 616 567 sed
645 511 701 566 in
725 510 859 566 urbe
887 477 1050 581 quam
1072 477 1331 564 Dominus
1353 501 1495 586 Deus
1515 515 1640 561 tuus
1664 503 1772 560 ele-
1794 477 1849 539 Α
1873 509 2084 575 tempus
2111 495 2285 575 neque
2313 517 2571 561 numerus
2593 519 2625 560 a
2650 504 3181 576 populo’iudzeoru‘m
3207 477 3450 570 custodi-

214 624 236 663 ι
261 607 418 680 gerit,
443 613 503 660 ut
538 604 805 660 inhabitet
832 619 1027 659 nomen
1063 601 1298 672 ejus‘ibi.
1330 596 1641 678 Immolabis
1678 611 1773 652 au-

210 715 232 754 t
261 706 364 754 tem
385 698 557 768 phase
584 710 806 766 vespere
827 696 894 751 ad
919 695 1047 750 solis
1067 709 1338 759 occasum,
1364 693 1577 763 quando
1597 704 1774 763 egres-

214 809 230 844 t
262 805 348 846 sus
381 790 447 863 de
487 788 723 862 [Egypto
750 803 843 853 es;
879 796 936 843 et
965 802 1164 856 coques
1201 794 1259 863 et;
1285 786 1534 840 comedes
1562 784 1616 837 in
1653 782 1772 837 loco

193 869 228 936 ἰ
260 861 419 953 quem
453 881 678 952 elegerit
703 880 962 936 Dominus
989 878 1133 932 Deus
1165 861 1326 932 tuuis:
1360 891 1625 946 mauequc
1649 885 1774 929 con-

208 995 225 1028 c
259 992 506 1048 surgens,
538 977 700 1030 vades
727 975 784 1030 in
813 972 1161 1030 tabernacula
1187 980 1298 1028 tua.
1335 992 1353 1023 ι
1381 969 1438 1025 In
1468 987 1574 1026 una
1613 971 1772 1026 domo

202 1085 362 1141 agnus
386 1068 657 1140 paschalis
683 1068 769 1122 edi
791 1065 1032 1136 jubetur,
1063 1076 1118 1121 et
1147 1066 1201 1119 in
1221 1080 1329 1118 uno
1355 1061 1473 1118 loco
1502 1062 1770 1117 immolari

199 1163 352 1232 phase
385 1161 635 1217 similiter
660 1161 1001 1232 praecipitur,
1043 1160 1146 1214 hoc
1176 1165 1282 1223 est,
1309 1158 1363 1212 in
1393 1171 1500 1210 una
1529 1155 1771 1211 Ecclesia

199 1254 471 1308 catholica.
507 1254 671 1308 Extra
703 1253 852 1307 illam
882 1261 1064 1306 autem
1095 1265 1254 1306 nemo
1282 1257 1430 1303 recte
1455 1248 1656 1320 pascha
1690 1245 1769 1300 fa-

197 1358 311 1400 cere
334 1352 532 1414 potest.
566 1344 634 1398 Et
664 1344 783 1398 ideo
820 1349 969 1398 vetat
1005 1340 1280 1410 legislator
1317 1339 1374 1392 in
1412 1337 1649 1406 qualibet
1672 1353 1769 1391 ur-

195 1435 334 1490 bium
357 1437 558 1504 pascha
584 1436 783 1502 facere,
803 1435 929 1504 quia
955 1448 1143 1488 omnes
1163 1431 1627 1502 congregationes,
1652 1444 1770 1498 qua:

172 1533 339 1600 ‘cxtra
365 1526 662 1584 Ecclesiam
688 1534 838 1591 sunt,
868 1527 973 1581 hoc
1001 1534 1086 1580 est
1115 1522 1423 1579 Iudaeorum
1445 1563 1460 1588 ,
1484 1521 1770 1576 haeretico-

192 1632 324 1682 rum,
355 1627 518 1688 atque
556 1618 868 1689 gentilium,
898 1617 1044 1672 omni
1075 1615 1235 1671 modo
1264 1614 1592 1670 detestandae
1619 1619 1765 1668 sunt.

161 1705 420 1782 ‘Vespcre
447 1725 608 1780 ergo,
653 1711 757 1765 hoc
793 1719 878 1764 est
913 1710 971 1763 in
1004 1708 1300 1764 novissima
1345 1715 1504 1762 aetate
1550 1699 1765 1774 saeculi,

186 1799 401 1868 quando
435 1815 596 1856 verus
625 1799 718 1854 Sol
755 1801 809 1854 in
852 1801 1104 1870 passione
1150 1800 1422 1866 occubuit,
1467 1807 1522 1854 et
1550 1799 1765 1869 quando

181 1889 506 1962 Egyptiaca
533 1893 817 1964 captivitas
838 1908 936 1961 per
959 1891 1372 1963 Redemptorem
1397 1901 1645 1946 nostrum
1674 1891 1766 1946 de-

181 1989 392 2035 structa
438 1984 788 2054 cst,,pascha
824 1983 1122 2054 legitimum
1165 1992 1219 2037 ct
1256 1984 1367 2062 Deo
1395 1977 1764 2054 gratissimum

178 2069 386 2125 factum
412 2086 553 2140 esse,
585 2072 810 2144 ejusque
838 2075 1175 2130 sanctionem
1203 2090 1392 2129 omnes
1419 2074 1602 2129 fideles
1632 2085 1766 2129 tem-

175 2177 310 2233 pore
329 2167 612 2236 praesentis
628 2168 751 2220 vitm
771 2167 1002 2222 fideliter
1022 2169 1218 2222 debent
1237 2168 1556 2222 observare:
1587 2187 1605 2218 ‹
1637 2167 1764 2238 quia

174 2255 377 2324 pascha
405 2264 670 2325 nostrum,
699 2256 866 2312 Paulo
889 2265 1141 2324 testante,
1170 2258 1482 2314 immolatus
1506 2267 1589 2314 est
1611 2257 1767 2315 Chri-

179 2353 290 2398 stus
320 2342 371 2416 (I
398 2344 519 2399 Cor.
548 2345 626 2416 ν).
659 2365 680 2399 ι
712 2345 780 2400 Et
809 2347 930 2402 ideo
967 2348 1225 2404 debemus
1260 2364 1369 2402 non
1408 2347 1462 2403 in
1491 2348 1763 2406 fermento

180 2437 345 2491 veteri
370 2452 544 2507 neque
571 2436 628 2491 in
654 2436 922 2493 fermento
951 2438 1171 2494 malitim
1203 2448 1258 2494 et
1284 2439 1558 2510 nequitiae,
1589 2441 1684 2496 sed
1705 2441 1763 2496 in

180 2531 379 2601 azymis
405 2531 739 2586 sinceritatis
769 2543 826 2587 et
850 2531 1100 2587 veritatis
1129 2531 1262 2586 illud
1293 2540 1536 2602 tempore
1558 2544 1762 2588 morta-

179 2619 340 2676 litatis
365 2631 565 2678 nostrae
597 2623 862 2695 condigne
893 2623 1193 2679 celcbrare.
1225 2624 1377 2692 Quod
1401 2633 1582 2680 autem
1605 2625 1760 2694 dicit,

184 2729 201 2761 ‹
235 2727 390 2768 mane
416 2728 757 2784 consurgens
786 2715 952 2769 vades
978 2713 1033 2768 in
1074 2715 1419 2770 tabernacula
1452 2725 1574 2783 tua,
1611 2737 1630 2771 ι
1662 2717 1760 2772 de—

179 2812 440 2859 monstrat
477 2815 599 2875 post
630 2814 912 2876 peractum
955 2806 1196 2860 divinum
1232 2807 1512 2861 servitium
1534 2848 1548 2874 ,
1590 2807 1646 2862 in
1674 2807 1758 2862 la-

179 2895 296 2950 bore
326 2899 618 2968 praesentis
648 2899 794 2965 vitae,
828 2914 984 2953 mane
1011 2898 1430 2953 resurrectionis
1454 2897 1669 2965 futurae,
1704 2897 1760 2952 in

178 2989 520 3045 tabernacula
569 2999 770 3045 azterna
816 2991 973 3046 nobis
1021 2991 1364 3062 migrandum
1405 3005 1558 3058 esse,
1601 2993 1655 3046 et
1684 2989 1759 3045 ibi

177 3082 560 3150 quiescendum
599 3099 718 3139 esse
750 3086 818 3140 ab
847 3085 994 3139 omni
1039 3099 1203 3155 opere
1249 3082 1618 3149 solummodo,
1663 3080 1757 3137 ubi

176 3172 454 3230 laetandum
489 3185 573 3231 est
610 3178 674 3232 de
702 3187 958 3248 percepta
983 3176 1359 3231 retributione.
1398 3174 1550 3231 Unde
1575 3175 1758 3244 sequi-

174 3269 288 3318 tur:
322 3283 340 3316 ‹
363 3266 479 3323 Sex
509 3268 694 3322 diebus
723 3268 976 3323 comedes
998 3283 1208 3338 azyma,
1237 3273 1292 3321 et
1316 3268 1371 3321 in
1393 3265 1479 3321 die
1504 3265 1751 3336 septima,

1867 599 1986 662 ’tu‘r,
2011 609 2050 651 a'
2071 595 2228 652 nobis
2254 607 2434 653 autem
2462 611 2586 653 cum
2613 596 3066 667 contemplatione
3097 607 3153 654 et
3191 602 3259 656 ad
3289 602 3449 661 ‘litte.

1867 679 1992 741 ram
2024 688 2345 742 custoditur.
2371 687 2594 743 Planius
2617 687 2764 742 enim
2791 687 3068 758 legislator
3090 690 3450 750 intentionem

1873 789 2025 832 suam
2056 779 2429 834 demonstrare
2468 779 2686 844 volens,
2729 777 2800 833 ab
2827 777 2997 836 altero
3022 780 3352 839 dle'sabbati
3393 785 3451 841 in

1867 865 2114 922 Levitico
2151 869 2427 923 numerari
2468 868 2726 938 praecepit
2759 868 3147 940 quinquaginta
3177 871 3316 940 dies,
3344 873 3450 930 Do-

1871 958 2131 1014 minicnm
2181 959 2323 1014 diem
2369 959 2557 1030 procul
2601 959 2764 1014 dubio
2810 959 2997 1016 volens
3046 961 3289 1034 intelligi.
3333 962 3450 1020 Hoc

1869 1051 2014 1106 enim
2063 1049 2234 1106 altera
2279 1051 2394 1107 dies
2438 1051 2669 1107 sabbati.
2701 1052 2763 1108 in
2803 1052 2910 1107 hac
2932 1053 3084 1108 enim
3117 1056 3450 1116 resurrectio

1863 1139 2013 1199 facta
2043 1148 2146 1208 cst,
2178 1157 2300 1212 quae
2325 1141 2691 1198 hebdomades
2715 1153 3068 1200 numerantur
3099 1155 3330 1218 septem,
3356 1143 3487 1218 ηερ-,ί

1869 1246 1974 1302 que
1997 1231 2065 1286 ad
2089 1232 2323 1324 alterum
2347 1231 2490 1324 diem
2516 1231 2838 1324 expletionis
2863 1233 3234 1292 hebdomadas.
3262 1238 3445 1293 Domi-

1867 1321 1992 1377 nica
2027 1337 2216 1378 rursus
2239 1323 2326 1378 die
2347 1322 2696 1380 Pentecostes
2718 1323 3058 1384 celebramus
3077 1326 3444 1396 festivitatem,
3467 1321 3502 1402 ’ίξ

1869 1413 1926 1467 in
1973 1427 2079 1484 qua
2126 1415 2301 1470 sancti
2350 1403 2584 1486 Spiritus
2630 1417 2920 1471 adventum
2963 1419 3291 1474 meruimus:
3337 1436 3448 1477 non
3493 1482 3496 1484 γ

1859 1503 2074 1562 frustra
2104 1523 2197 1563 eos
2223 1516 2428 1578 septem
2452 1509 2914 1564 hebdomadarum
2948 1511 3240 1566 adventum
3269 1521 3449 1569 custo-

1857 1593 2108 1663 dientes,
2154 1598 2250 1653 sed
2296 1605 2356 1652 ut
2398 1602 3147 1672 nos'cognosceremus-quia
3169 1611 3324 1660 vetus
3360 1603 3450 1661 lex

1865 1685 2001 1742 nihil
2029 1688 2308 1755 saeculare,
2330 1689 2468 1744 nihil
2489 1687 2642 1745 Deus
2658 1704 2820 1761 agere
2839 1693 3448 1765 praecepit'corruptioni

1863 1778 2039 1834 veteri
2066 1779 2376 1848 proximum
2401 1779 2489 1835 his
2516 1781 2614 1849 qui
2633 1783 3004 1853 eum'cuplunt
3022 1785 3328 1856 percipere,
3349 1787 3448 1844 sed

1791 1840 1840 1900 Β
1867 1840 2426 1926 novum-sacrificium
2452 1840 2682 1926 Domino
2700 1881 2833 1928 tunc
3061 1840 3246 1944 jussit.

1780 3205 1832 3269 Ε

179 3354 293 3420 quia
323 3356 553 3413 collecta
585 3364 668 3411 est
697 3356 913 3413 Domini
942 3357 1036 3413 Dei
1070 3358 1165 3423 tui,
1195 3372 1304 3411 non
1335 3355 1502 3412 facies
1533 3369 1684 3427 opus.
1729 3374 1749 3408 ι
1801 3397 1809 3403 .

182 3438 528 3511 Septenarius
563 3461 693 3516 ergo
734 3460 992 3500 numerus
1019 3453 1242 3516 propter
1277 3445 1560 3500 sabbatum
1589 3443 1756 3515 signi-

181 3531 298 3587 ﬁcat
344 3535 587 3591 futuram
636 3536 897 3605 requiem,
942 3537 1032 3589 ubi
1059 3534 1174 3602 jam
1225 3550 1326 3590 nec
1372 3543 1602 3603 tempus,
1652 3549 1755 3589 nec

177 3623 335 3693 locus,
376 3646 481 3685 nec
525 3631 662 3684 ratio
710 3639 794 3685 est
844 3627 1141 3698 operandi,
1185 3628 1280 3682 sed
1322 3627 1376 3681 in
1417 3627 1664 3681 laudibus
1700 3634 1756 3681 et

173 3722 628 3790 contemplatione
662 3721 979 3790 conditoris,
1020 3721 1198 3792 dignis
1225 3720 1530 3791 quibusque
1562 3731 1755 3792 perpe-

174 3809 390 3866 tualiter
418 3814 667 3868 vacandi.

776 3901 1002 3959 CAPUT
1048 3901 1139 3958 ΧΙ.

234 3987 318 4043 De
349 3989 682 4047 Pentecostes
713 3991 1056 4047 celebratione
1095 3994 1308 4065 ejusque
1337 3993 1678 4049 caeremoniis.

237 4082 418 4156 (ΙΒω.)
454 4103 471 4135 ι
508 4085 725 4156 Septem
749 4085 1114 4141 hebdomadas
1138 4086 1450 4142 numerabis
1472 4088 1566 4142 tibi
1592 4088 1659 4142 ab
1686 4100 1751 4143 ea

181 4190 196 4223 ‹
229 4175 315 4228 die
350 4192 460 4246 qua
501 4176 693 4232 falcem
733 4179 788 4232 in
819 4183 1055 4248 segetem
1080 4178 1314 4243 miseris,
1356 4185 1411 4233 et
1454 4177 1753 4234 celebrabis

181 4281 196 4313 ί
233 4266 370 4320 diem
403 4267 604 4324 festum
634 4270 1091 4326 hebdomadarum
1122 4270 1348 4325 Domino
1378 4270 1490 4326 Deo
1519 4278 1632 4337 tuo,
1655 4271 1753 4327 ob-

181 4355 482 4416 «lationem
533 4373 884 4433 spontaneam
927 4379 1122 4418 manus
1171 4371 1312 4428 tuae,
1355 4379 1516 4432 quam
1557 4361 1749 4419 offeres

181 4460 197 4492 ί
223 4443 374 4512 juxta
411 4450 847 4509 benedictionem
883 4454 1098 4509 Domini
1128 4453 1226 4510 Dei
1257 4454 1366 4522 tui,
1397 4463 1503 4510 etc.
1542 4475 1561 4507 ι
1598 4455 1750 4522 Qua}

177 4534 390 4591 rendum
443 4543 715 4610 quomodo
756 4544 1016 4612 praecepit
1070 4539 1388 4611 observari,
1437 4543 1584 4613 quod
1629 4544 1764 4612 aitzr

177 4618 379 4705 Septem
402 4635 736 4703 septimanas
757 4633 1125 4689 dinumerabis
1150 4635 1464 4705 tibimetipsi
1486 4637 1746 4692 inchoare

176 4702 354 4770 falcem
375 4719 606 4788 injicere
626 4724 681 4778 in
701 4731 959 4796 segetem.
981 4723 1210 4795 lncipies
1232 4741 1517 4780 numerare
1538 4721 1744 4796 Septem

176 4807 526 4879 septimanas;
579 4823 634 4871 et
677 4814 842 4869 facies
882 4815 1026 4870 diem
1071 4813 1269 4871 festum
1315 4813 1744 4886 s‘eptimanarum

175 4889 383 4955 Domino
408 4903 520 4962 Deo
561 4917 674 4973 tuo,
695 4907 993 4977 oli‘eresque
1013 4917 1074 4963 ut
1097 4908 1241 4963 valet
1260 4919 1461 4965 manus
1480 4919 1573 4964 tua
1597 4905 1745 4981 quae-

178 4999 373 5073 cunque
401 4997 500 5054 tibi
531 5000 796 5056 Dominus
819 4999 1048 5067 dederit,
1087 5003 1383 5058 secundum
1409 5004 1553 5073 quod
1577 5004 1745 5060 bene-

184 5072 308 5132 dicet
349 5092 403 5139 te
438 5089 704 5145 Dominus
737 5087 881 5145 Deus
915 5100 1037 5146 tuus
1056 5133 1072 5158 ,
1113 5101 1168 5146 et
1193 5072 1497 5163 epulaberis
1526 5097 1582 5150 in
1613 5111 1744 5152 con-

185 5177 356 5258 _5l)ectu
380 5175 597 5236 Domini
625 5179 723 5236 Dei
744 5182 843 5236 tui.
875 5180 933 5237 Si
960 5185 1106 5239 enim
1147 5185 1214 5240 ab
1255 5185 1508 5243 universo
1543 5189 1740 5258 populo

185 5250 289 5312 haec
318 5277 630 5332 peutecoste
656 5273 771 5328 visa
808 5282 893 5330 est
928 5276 1238 5344 observari,
1274 5280 1515 5348 nunquid
1551 5295 1743 5339 omnes

185 5353 283 5402 uno
308 5354 390 5409 die
416 5365 746 5421 credendum
770 5374 853 5420 est
877 5365 1042 5422 falces
1065 5366 1246 5437 jussos
1276 5370 1493 5424 mittere
1516 5370 1570 5425 in
1601 5386 1747 5428 mes-

185 5443 328 5535 seu}?
362 5448 420 5505 Si
444 5467 626 5516 autem
652 5459 754 5515 sibi
779 5460 1005 5532 quisque
1025 5461 1276 5518 observat
1296 5463 1455 5518 istam
1483 5465 1747 5535 quinqua-

187 5532 447 5611 geSim'am,
482 5550 831 5606 dinumerans
859 5551 1040 5608 abillo
1068 5552 1154 5610 die
1179 5569 1286 5624 quo
1322 5532 1517 5611 falcem
1552 5532 1742 5622 miitit,

188 5632 285 5721 non
311 5645 414 5690 una
441 5650 526 5696 est
553 5646 805 5701 universo
831 5647 1045 5718 p0pulo.
1072 5647 1168 5702 Illa
1188 5663 1317 5705 vero
1341 5664 1450 5706 una
1473 5658 1588 5717 est,
1619 5664 1740 5721 (1033

1868 1959 2024 2022 biens
2057 1975 2292 2038 namque
2319 1967 2555 2038 Spiritus
2592 1975 2766 2023 totam
2810 1977 3053 2025 nostram
3089 1971 3258 2027 vitam
3289 1987 3448 2030 reno-

1863 2060 2033 2127 vavit,
2070 2063 2286 2131 quando
2328 2061 2670 2117 conﬁrmavit
2713 2061 2918 2140 Christi
2959 2065 3307 2123 traditionem
3327 2108 3344 2136 ,
3391 2078 3450 2125 et

1863 2149 2127 2206 stabilivit
2155 2152 2647 2217 conversationem,
2679 2167 2842 2222 quam
2873 2153 2928 2207 in
2957 2153 3066 2210 illis
3084 2157 3331 2224 perfecit.
3356 2159 3449 2215 Ait

1859 2239 2010 2293 enim
2035 2247 2117 2293 τ’(
2162 2240 2240 2296 De
2286 2251 2409 2296 meo
2456 2241 2720 2311 accipiet,
2771 2249 2832 2297 ut
2857 2245 3166 2299 annuntiat
3201 2244 3375 2300 vobis.
3418 2261 3441 2296 ι

1843 2327 2093 2401 Propter
2121 2330 2263 2400 quod
2290 2345 2399 2387 non
2435 2332 2494 2388 in
2533 2333 2641 2388 alia
2683 2334 3039 2392 hebdomadis
3075 2337 3408 2394 die‘advenit
3426 2377 3444 2405 ,

1837 2421 1959 2476 osetl
1983 2436 2090 2490 qua
2114 2423 2448 2478 resurrectio
2465 2422 2609 2480 facta
2635 2433 2740 2480 est.
2769 2426 2838 2479 Et
2861 2425 3446 2498 manipulus‘intelligi-

1861 2509 1986 2568 bilis
2005 2513 2216 2569 oblatus
2235 2522 2412 2582 est,ut
2428 2524 2484 2570 et
2503 2516 2608 2572 hoc
2619 2517 2896 2587 probaret,
2912 2519 3042 2589 quia
3056 2535 3196 2576 nova
3217 2533 3446 2576 conver-

1861 2606 2003 2661 satio
2045 2613 2166 2676 quae
2198 2620 2298 2661 nos
2343 2605 2662 2662 reformavit
2705 2608 2985 2665 liberanda
3029 2625 3064 2664 a
3099 2609 3443 2680 corruptione

1859 2696 2180 2762 vetustatis,
2213 2695 2859 2754 resumctionc'ﬂhristi
2902 2702 3177 2755 etvsancti
3207 2699 3442 2771 Spiritus

1861 2788 2094 2842 adventu
2118 2797 2365 2844 correcta
2383 2795 2484 2843 est.
2510 2788 2822 2845 Manifestat
2844 2800 3028 2858 autem
3053 2789 3260 2846 oblatio
3278 2790 3441 2846 etiam

1860 2878 1975 2949 ipsa
1991 2879 2226 2949 speciem
2246 2880 2458 2946 hostiae,
2479 2893 2642 2951 quam
2661 2881 2921 2952 praecepit
2935 2881 3074 2945 ﬁeri,
3091 2882 3234 2936 sicut
3249 2888 3442 2951 aperte

1859 2972 2123 3042 scriptum
2147 2973 2469 3041 reperimus.
2499 2990 2519 3024 ι
2553 2972 2623 3026 Et
2654 2973 2751 3038 sic,
2783 2973 2982 3043 inquit,
3013 2971 3251 3028 oti‘eretis
3272 2972 3443 3030 sacri-

1831 3093 1834 3096 ~
1864 3079 1886 3114 ‹
1921 3063 2105 3119 ficium
2129 3078 2329 3119 novum
2361 3063 2609 3131 Domino,
2639 3073 2708 3119 ex
2732 3064 2993 3120 omnibus
3013 3065 3440 3130 habitationibus

1866 3173 1885 3207 ι
1921 3155 2719 3228 vestris.'Panes'primitiarum
2745 3156 2880 3212 duos
2899 3170 2966 3211 ex
2985 3157 3197 3213 duabus
3213 3157 3443 3214 decimis

1866 3265 1887 3298 ι
1923 3248 2122 3304 similae
2145 3247 2504 3315 fermentata,
2534 3261 2674 3319 quas
2689 3249 2939 3318 ‘coquetis
2965 3247 3024 3302 in
3050 3248 3321 3320 primitias
3333 3249 3443 3306 .Do-

1855 3358 1885 3391 -ι
1924 3342 2092 3408 mino,
2123 3349 2191 3396 et
2211 3340 2294 3396 sic
2324 3340 2583 3396 otia-etis-
2607 3345 2734 3398 cum
2779 3341 3011 3411 panibus
3039 3350 3248 3411 septem
3275 3356 3444 3413 agnos

1863 3449 1884 3484 ι
1921 3433 2326 3502 immaculatos,
2369 3435 2679 3502 amiculae,
2711 3443 2770 3489 et
2808 3433 3038 3489 vitulum
3082 3434 3147 3489 de
3172 3443 3444 3491 sarmento

1837 3545 1884 3577 -‹
1916 3543 2083 3582 unum
2104 3567 2119 3595 ,
2151 3535 2208 3583 et
2246 3529 2448 3584 arietes
2491 3529 2646 3583 duos.
2681 3547 2705 3580 ι
2746 3527 2958 3582 Novum
2987 3528 3322 3584 sacrificium
3355 3529 3439 3586 di-

1856 3631 2032 3683 cens,
2066 3618 2204 3688 legis
2247 3618 2515 3674 sacrificia
2549 3627 2610 3674 et
2633 3627 2821 3673 vetera
2845 3618 3098 3686 exclusit,
3125 3620 3440 3691 evangelica

1857 3715 2040 3763 autem
2066 3722 2172 3777 pro
2198 3708 2304 3764 illis
2329 3708 2630 3764 introduxit
2648 3709 2902 3776 ;~"deinde
2932 3710 3154 3773 addens,
3187 3727 3222 3760 (η
3243 3709 3439 3765 deha-

1855 3801 2213 3859 bitationibus
2245 3801 2465 3868 vestris,
2498 3818 2518 3854 ι
2545 3800 2876 3856 Ἐοοιθείδωί
2897 3799 3253 3873 signiﬁcavit,
3279 3801 3440 3879 eique

1817 3921 1821 3928 -
1852 3893 2060 3963 offerri,
2089 3909 2212 3966 quae
2231 3894 2381 3950 diotai
2394 3900 2524 3950 sunt
2550 3894 2775 3963 optavit.
2806 3893 2994 3966 Neque
3022 3895 3167 3950 enim
3189 3896 3344 3961 dixit,
3369 3910 3438 3952 ex

1818 4003 1820 4006 ν
1855 3987 2109 4041 omnibus
2143 3986 2494 4052 habitaculis,
2538 3987 2644 4042 sed
2693 4003 2712 4038 ι
2759 4000 2829 4040 ex
2875 3987 3200 4043 habitaculis
3240 3989 3439 4045 vestris

1854 4079 2130 4147 omnibus,
2163 4093 2185 4132 ι
2215 4087 2277 4134 ut
2321 4079 2564 4135 absolute
2603 4080 2820 4150 aliquod
2857 4079 3223 4138 habitaculum
3245 4085 3438 4156 prmi-

1811 4193 1817 4206 ε
1852 4185 2020 4241 puum
2046 4171 2373 4239 ostenderet,
2405 4171 2474 4226 de
2497 4177 2605 4240 quo
2631 4171 2711 4224 ait
2733 4171 2934 4226 David:
2973 4188 2994 4222 ς
3011 4171 3178 4227 Beati
3223 4173 3318 4243 qui
3333 4174 3438 4229 ha-

1772 4582 1827 4662 D,

1852 4263 2027 4319 bitant
2071 4263 2128 4317 in
2170 4263 2330 4319 domo
2375 4271 2466 4317 tua
2511 4261 2691 4334 (Psal.
2721 4262 2982 4335 Lxxxm).
3023 4283 3043 4317 ι
3079 4264 3148 4320 Et
3173 4273 3431 4322 wroum:

1858 4375 1876 4408 ‹
1922 4355 2092 4412 Unam
2126 4357 2259 4428 petii
2286 4372 2317 4410 a
2342 4356 2593 4424 Domino,
2612 4357 2759 4414 hanc
2790 4358 3099 4427 requiram,
3129 4366 3188 4411 ut
3219 4359 3434 4413 inhabi-

1851 4457 1961 4504 tem
2011 4449 2084 4504 in
2116 4448 2302 4504 domo
2324 4448 2556 4504 Domini
2589 4449 2842 4504 omnibus
2885 4448 3074 4508 diebus
3105 4447 3254 4510 vitae
3281 4455 3436 4506 mea:

1855 4539 2026 4613 (Psat.
2044 4539 2218 4610 xxvi).
2239 4558 2260 4592 ι
2289 4539 2358 4593 Et
2377 4553 2546 4609 panes
2572 4539 2791 4608 quidem
2811 4538 3172 4608 primitiarum
3195 4541 3349 4608 duos,
3377 4541 3434 4598 id

1851 4641 1968 4701 est,
2017 4632 2193 4703 legem
2226 4631 2678 4701 et‘Evangelinm.
2705 4631 2887 4687 'Panes
2915 4633 3237 4689 enimsunt
3251 4633 3431 4692 cibum

1809 4729 1812 4734 ’
1852 4728 2156 4798 animarum
2188 4725 2426 4782 ﬁdelium
2456 4725 2819 4781 continentes.
2859 4725 3001 4782 Sunt"
3026 4733 3290 4784 autemet
3313 4730 3431 4802 pri-

1849 4819 2149 4886 mitiarum,
2182 4818 2320 4884 sive,
2347 4824 2408 4872 ut
2445 4815 2821 4889 Septuaginta,
2859 4821 3130 4890 separati:
3171 4823 3430 4894 quoniam

1849 4913 2034 4969 omnia
2056 4912 2273 4982 quidem
2301 4909 2566 4981 sapientia
2589 4911 2716 4965 sunt
2736 4911 2986 4981 praeputii
3010 4930 3025 4968 :
3065 4914 3134 4969 ab
3157 4930 3221 4969 ea
3247 4924 3427 4972 autem

1850 5018 1970 5075 quae
1997 5001 2238 5058 exterior
2263 5009 2365 5067 est,
2389 4998 2624 5071 separati
2646 5007 2700 5056 et
2723 5001 3014 5073 conjuncti.
3045 5001 3184 5060 Sunt
3209 5005 3340 5076 ergo
3356 5019 3426 5061 ex

1803 5091 1825 5098 ”
1849 5097 2057 5152 duabus
2084 5092 2309 5151 decimis
2335 5093 2524 5148 similae
2543 5087 2898 5163 fermentatae,
2933 5091 3270 5172 ex'doctrina
3303 5113 3426 5167 quas

1845 5187 2144 5260 perfectam
2170 5185 2266 5240 Dei
2287 5185 2623 5242 divinitatem
2643 5195 2698 5242 et
2718 5187 3012 5257 perfectam
3032 5189 3422 5248 humanitatem

1846 5279 2032 5334 tradit.
2083 5277 2194 5332 Nec
2235 5275 2394 5332 aliter
2430 5277 2620 5348 coqui,
2656 5278 2762 5336 nisi
2787 5293 2888 5352 per
2915 5278 3076 5334 talem
3116 5274 3416 5343 doctrinam

1845 5375 2103 5440 possunt,
2152 5369 2247 5424 sed
2291 5368 2654 5439 primitiarum
2700 5377 2828 5426 sunt
2877 5369 3126 5428 Domino.
3174 5367 3420 5431 Primum

1846 5463 1989 5519 enim
2032 5460 2290 5516 Dominus
2330 5460 2502 5531 legem
2536 5460 2796 5533 perfecit,
2835 5469 2892 5516 et
2911 5459 3260 5534 Evangelium
3290 5473 3418 5536 post

1845 5552 1951 5607 hoc
1985 5553 2185 5608 docuit.
2221 5570 2242 5604 ‹
2271 5552 2490 5619 Audite,
2513 5555 2637 5624 quia
2667 5553 2867 5608 dictum
2893 5562 2977 5609 est
2997 5555 3266 5626 antiquis:
3295 5556 3418 5616 Non

1845 5647 2077 5704 occides.
2105 5647 2220 5719 Ego
2245 5657 2425 5709 autem
2449 5651 2569 5707 dico
2597 5649 2786 5706 vobis:
2825 5649 3012 5708 Omnis
3036 5649 3127 5725 qui
3157 5651 3415 5714 irascitur

189 5719 511 5788 cominitatur
539 5736 608 5794 ab
633 5736 999 5803 immolatione
1039 5741 1253 5812 paschae
1292 5757 1464 5814 usque
1494 5743 1552 5800 in
1591 5719 1736 5804 diem
1839 5737 2000 5798 fratri
2029 5749 2132 5830 suo
2153 5737 2276 5801 sine
2299 5757 2480 5812 causa,
2507 5742 2612 5801 erit
2647 5753 2775 5800 reus
2795 5741 3000 5815 judicio
3028 5719 3241 5818 (litauit.
3268 5745 3344 5822 ν).
3381 5767 3404 5804 ι

1369 5911 1378 5919 ι
1413 5903 1429 5918 J
1474 5892 1568 5925 ἀνί
1593 5885 1624 5922 Ἀ
