3930 6344
446 255 553 339 s99
1084 252 1149 312 Β.
1189 244 1446 331 assam
1482 241 1707 305 nsunt
1740 240 2042 305 ARCHIEP

2144 237 2418 301 [OGUNTt
2454 239 2742 302 OPERUM
2779 238 2961 297 PARS
2996 234 3039 295 Ι.
3618 241 3728 302 900

444 367 741 443 Coniunxit
769 365 915 445 enim
940 364 1030 425 hic
1056 364 1233 439 legem
1276 358 1569 447 Evangelia
1587 400 1602 426 ,
1633 365 1858 431 propter
1883 356 2030 443 quod
2054 378 2110 442 Α
2131 356 2453 430 sapientiam
2481 356 2660 447 saeculi
2684 356 2907 426 poterit,
2927 362 2986 411 et
3009 353 3389 412 transitorium
3418 353 3541 426 ejus
3569 370 3722 417 nosse

445 438 567 533 ejus,
582 438 836 533 primitiae
859 438 1133 515 dicuntur.
1160 438 1313 527 Quod
1335 463 1389 509 et
1412 452 1587 509 Lucas
1611 439 2032 520 aiiirmans,pri-
2049 438 2109 536 ί
2135 460 2193 506 et
2232 449 2547 543 tempqraie.
2578 438 2988 543 intelligendum
3028 464 3247 520 quoque
3286 459 3373 504 est
3398 465 3513 505 non
3559 446 3721 543 solum

444 552 627 609 mitias
647 567 806 607 veras
825 550 982 606 nobis
1001 549 1317 613 ostendens,
1336 544 1581 617 scripsit:
1606 562 1625 594 ‹
1654 542 1895 598 Primum
1914 541 2033 621 qui-

385 625 395 666 τ
444 636 566 697 dem
597 656 905 697 sermonem
941 639 1045 695 feci
1073 640 1141 694 de
1169 637 1453 703 omnibus,
1496 650 1531 691 o
1557 624 1885 704 Theophiie,
1914 648 2034 703 qua:

367 765 377 775 -
443 737 612 809 cmpit
636 736 795 813 Jesus
820 736 1002 793 facere
1024 744 1078 792 et
1100 735 1295 809 docere
1319 734 1459 805 (Act.
1482 730 1544 803 ι).
1576 750 1595 784 ι
1624 729 1830 787 Offerre
1852 736 2034 785 autem

445 827 526 884 eis
552 836 759 899 septem
796 844 966 902 agnos
1009 822 1311 892 anniculos,
1352 822 1732 878 immaculatos
1754 819 2032 893 prmecpit,

445 921 586 991 dona
617 919 932 991 signiﬁcans
958 935 1079 992 quae.
1107 928 1232 974 sunt
1267 914 1525 988 Spiritus.
1555 915 1632 970 De
1666 913 1862 984 quibus
1888 910 2038 967 Salo-

445 1029 573 1071 mon
622 1013 677 1068 in
722 1011 1036 1085 Proverbiis
1083 1010 1333 1067 dicebat:
1381 1027 1401 1061 ι
1440 1006 1721 1081 Sapientia
1750 1003 2037 1063 aediﬁcavit

448 1104 553 1162 sibi
581 1104 1022 1170 domum,erexit
1049 1096 1331 1159 columnas
1373 1097 1567 1174 (Prov.
1610 1097 1718 1171 ιχ).
1764 1117 1783 1151 ι
1816 1095 2037 1151 Planius

447 1204 631 1253 autem
676 1195 845 1250 Isaias
888 1194 1147 1251 tradidit:
1197 1212 1216 1245 ι
1267 1193 1336 1248 Et
1376 1189 1669 1263 requiescit
1715 1201 1877 1260 super
1911 1200 2036 1243 eum

447 1287 668 1361 spiritus
692 1286 929 1343 Domini.
966 1306 987 1339 ι
1022 1284 1133 1342 Nec
1162 1276 1353 1352 tacuit,
1379 1299 1501 1356 qua:
1530 1282 1617 1336 vel
1643 1279 1796 1351 cujus
1822 1276 2038 1334 numeri

445 1386 627 1435 essent
661 1378 822 1434 dona.
846 1377 1145 1435 Subintulit
1174 1376 1342 1443 enim,
1367 1395 1384 1428 ι
1406 1375 1647 1449 Spiritus
1675 1371 1954 1444 sapientiae
1981 1377 2038 1426 et

446 1468 772 1542 intellectus,
805 1468 1035 1541 spiritus
1068 1466 1279 1525 consilii
1317 1475 1374 1523 et
1406 1464 1776 1528 fortitudinis,
1816 1461 2039 1533 spiritus

445 1561 688 1619 scientiae
717 1568 773 1617 et
807 1561 1082 1626 veritatis,
1127 1570 1182 1616 et
1224 1559 1472 1632 implevit
1509 1573 1635 1613 eum
1670 1554 1898 1628 spiritus
1933 1553 2039 1609 Do-

449 1653 600 1727 mini.
636 1672 657 1709 »
688 1651 875 1722 Agnos
904 1660 1108 1720 autem,
1137 1652 1253 1708 haec
1281 1649 1518 1723 appellat
1546 1648 1705 1712 dona,
1747 1644 1817 1701 ad
1856 1653 2040 1699 osten-

2136 542 2241 598 hoc
2270 531 2632 611 legislaturem
2660 538 2992 613 signiﬁcare,
3023 540 3116 595 sed
3141 551 3196 597 et
3226 549 3487 612 oportere
3516 534 3724 600 oculum

2135 632 2338 690 habere
2361 632 2428 688 ad
2452 628 2707 687 saeculum
2753 628 3016 688 futurum.
3042 620 3158 688 Hoc
3186 649 3319 704 ergo
3348 642 3405 689 et
3426 650 3528 704 per
3550 651 3724 691 nume-

2135 742 2255 784 rum
2280 767 2296 793 ,
2341 734 2397 781 et
2420 741 2517 797 per
2547 720 2896 781 tabernacula
2921 722 3038 781 sine
3068 718 3248 795 aliqua
3278 726 3622 781 dubitatione
3646 728 3722 781 in-

2136 817 2322 873 venies
2352 816 2659 889 iiguratum.
2694 806 3104 885 Quintadecima
3148 809 3419 886 siquidem
3463 812 3572 878 die,
3599 810 3721 872 sicut

2137 906 2192 963 in
2217 902 2459 962 Levitico
2482 904 2743 975 scriptum
2784 914 2865 961 est
2884 947 2898 972 ,
2929 900 3176 962 inchoari
3210 898 3571 961 festivitatem
3598 918 3719 976 prae-

2138 994 2354 1073 cipitur.
2386 994 2465 1056 Ex
2503 1006 2710 1070 septem
2752 1006 2934 1055 autem
2963 1007 3019 1055 et
3045 1007 3191 1064 octo,
3226 997 3316 1053 hic
3349 1002 3438 1054 est
3480 1008 3721 1056 numerus

2138 1092 2493 1166 compositus,
2523 1080 2754 1164 quorum
2777 1107 2919 1148 unus
2944 1086 3161 1164 quidem
3186 1106 3434 1163 praesens
3458 1090 3715 1159 mulum,

2139 1178 2278 1243 alter
2316 1194 2496 1242 autem
2546 1180 2742 1256 ﬁgurat
2773 1180 3035 1240 futurum.
3094 1180 3246 1240 Unde
3285 1195 3345 1239 et
3385 1181 3718 1239 festivitatem

2139 1286 2350 1350 septem
2374 1276 2564 1334 diebus
2601 1277 2969 1332 consummari
3009 1275 3358 1348 praecipiens,
3386 1274 3527 1333 alios
3550 1292 3719 1332 rursus

2138 1370 2255 1429 dies
2283 1370 2666 1427 celeberrimos
2710 1379 2874 1441 atque
2919 1370 3296 1427 sanctissimos
3339 1386 3717 1427 commemora-

2139 1464 2236 1533 vit,
2259 1473 2441 1521 etnec
2467 1478 2588 1519 eam
2613 1480 2736 1520 cum
2758 1471 2966 1536 septem
2986 1464 3167 1535 posuit
3189 1458 3288 1520 sed
3326 1474 3720 1535 sequentem,“

2140 1566 2404 1616 semotam
2435 1557 2557 1614 aliis
2582 1558 2721 1614 sicut
2745 1557 2985 1614 futurum
3020 1559 3297 1615 saeculum.
3332 1559 3579 1630 Sequitur
3601 1559 3718 1631 qui-

2143 1653 2266 1709 dem
2297 1666 2556 1723 prtesens,
2594 1646 2690 1707 sed
2715 1650 2861 1706 aliud
2887 1651 2990 1707 hoc
3023 1660 3128 1707 est.
3179 1650 3311 1707 Post
3360 1651 3569 1707 (initam
3602 1667 3717 1724 ergo

447 1743 675 1825 μίοηεω,
703 1744 834 1817 quia
860 1738 1095 1818 Spiritus
1117 1754 1338 1805 sanctus
1359 1758 1527 1799 unum
1547 1750 1632 1798 cst
1649 1755 1777 1796 cum
1794 1736 2039 1805 Christo,
2066 1753 2114 1814 Β
2140 1726 2374 1801 messem
2401 1740 2644 1799 omnium
2672 1739 2930 1807 fructum,
2962 1739 3362 1797 solemnitatem
3412 1742 3711 1797 tabernacu-

462 1835 514 1891 ie
537 1850 645 1907 quo
678 1824 887 1890 dictum
909 1843 993 1892 est
1012 1854 1025 1888 :
1069 1854 1089 1887 ‹
1121 1835 1260 1892 Ecce
1279 1835 1467 1908 Agnus
1489 1833 1608 1900 Dei,
1628 1846 1757 1888 ecce
1779 1829 1873 1901 qui
1897 1830 2040 1886 tollit

484 1932 675 1982 eccata
702 1925 907 1981 mundi.
941 1925 1097 1982 Unde
1129 1942 1290 1982 nemo
1329 1934 1510 2001 potest
1550 1926 1733 1985 dicere
1781 1920 2039 1984 Christus

479 2032 625 2097 esus,
658 2016 764 2073 nisi
809 2017 863 2073 in
892 2016 1097 2089 Spiritu
1136 2026 1325 2074 sancto
1364 2018 1546 2091 (Joan.
1593 2020 1655 2092 ι).
1694 2041 1714 2075 ι
1758 2022 1903 2094 Ergo
1930 2036 2040 2076 non

481 2116 603 2163 xtra
639 2107 909 2165 rationem
944 2125 1069 2164 cum
1113 2118 1319 2182 septem
1361 2110 1547 2184 agnis,
1588 2112 1818 2169 vitulum
1852 2129 1919 2169 ex
1946 2127 2039 2167 ar-

452 2210 639 2277 mento
666 2217 908 2275 prtesens
938 2203 1181 2259 continet
1210 2202 1432 2272 oblatio,
1456 2205 1552 2261 sed
1579 2206 1859 2263 evidenter
1880 2205 2042 2278 signi-

450 2290 578 2348 ﬁcat
606 2291 757 2348 illum
783 2300 1159 2373 ex'armento,
1190 2293 1496 2359 Abraham,
1538 2295 1714 2361 isaac,
1750 2306 1807 2353 et
1837 2295 2037 2365 Jacob,

450 2391 509 2441 et
550 2382 723 2440 David
769 2385 1069 2441 secundum
1117 2401 1338 2442 carnem
1382 2386 1606 2443 factum.
1655 2386 1794 2446 Huic
1841 2392 2043 2448 arietes

452 2475 589 2533 duos
617 2473 995 2533 immaculatos
1018 2478 1320 2551 conjunxit,
1349 2480 1671 2537 excellentia
1708 2483 1966 2539 mandata
1987 2489 2043 2540 et

451 2569 705 2639 virtutes,
733 2587 870 2643 quas
893 2572 1042 2629 velut
1066 2574 1202 2630 alias
1226 2588 1381 2641 oves,
1404 2584 1621 2646 Oportet
1639 2577 1695 2633 in
1717 2578 1823 2644 his,
1842 2586 2043 2648 utpote

453 2663 847 2739 iuteiiigibilem
884 2665 1167 2723 inimicum
1211 2668 1631 2736 ventilantibus,
1672 2672 1950 2729 munimen
1987 2680 2046 2728 et

455 2746 869 2816 indem‘nitatem
916 2759 1137 2819 habere.
1188 2761 1320 2830 Quae
1356 2773 1485 2821 sunt
1511 2773 1694 2823 autem
1731 2767 1891 2824 haec?
1919 2786 1939 2821 ι
1983 2767 2042 2825 Si

452 2855 546 2912 vis
559 2855 834 2926 perfectus
860 2872 1004 2925 esse,
1040 2860 1196 2927 vade,
1224 2860 1397 2919 vende
1419 2863 1605 2919 omnia
1629 2878 1752 2935 quae
1777 2864 1965 2930 habes,
1987 2871 2045 2922 et

458 2948 526 3003 da
556 2952 907 3023 pauperibus,
949 2959 1006 3008 et
1032 2953 1179 3020 veni,
1218 2969 1449 3025 sequere
1490 2970 1581 3010 me
1628 2955 1857 3029 (Matth.
1891 2957 1981 3029 χ).
2018 2974 2039 3011 ι

454 3038 752 3098 Maximum
778 3044 977 3115 quippe
1007 3045 1321 3103 mandatum
1356 3049 1593 3104 vendere
1620 3064 1741 3119 qua
1766 3050 1962 3117 habet,
1987 3059 2043 3105 et

2138 1837 2314 1894 lorum
2344 1836 2602 1908 praecepit
2632 1835 2919 1907 agendam,
2942 1843 2998 1890 et
3023 1834 3351 1907 epulandum
3382 1851 3507 1890 cum
3532 1836 3646 1891 ﬁliis
3664 1844 3712 1892 et

2138 1927 2373 1994 ﬁliabus,
2396 1943 2517 1984 cum
2546 1927 2719 1983 servis
2746 1934 2802 1982 et
2840 1926 3074 1994 ancillis,
3099 1942 3222 1982 cum
3246 1916 3457 1983 Levitis
3492 1936 3545 1981 et
3568 1925 3707 1983 adve-

2138 2020 2246 2089 nis,
2282 2020 2499 2093 pupiliis
2528 2034 2593 2075 ac
2621 2019 2798 2075 viduis
2823 2059 2840 2086 ,
2896 2019 3024 2090 quia
3051 2027 3178 2089 post
3227 2017 3445 2074 ﬁnitum
3474 2019 3704 2075 bonorum

2138 2129 2367 2186 operum
2413 2120 2628 2178 actum,
2669 2118 2724 2167 et
2744 2118 2870 2181 post
2892 2111 3156 2166 virtutum
3180 2110 3538 2182 plurimorum
3561 2110 3701 2165 colle-

2140 2214 2307 2270 ctum,
2333 2196 2622 2260 laetandum
2654 2210 2782 2258 tunc
2802 2218 2925 2257 cum
2941 2202 3133 2258 amicis
3160 2209 3216 2258 et
3243 2201 3575 2273 gaudendum
3602 2218 3707 2258 esse

2141 2300 2406 2371 designat.
2451 2298 2602 2354 Tunc
2629 2313 2758 2354 vere
2779 2297 3008 2368 quisque
3037 2296 3337 2353 exsultabit
3386 2297 3451 2352 de
3478 2306 3709 2369 percepta

2141 2391 2518 2457 retributione,
2542 2390 2635 2460 qui
2670 2390 2759 2447 hic
2788 2389 3173 2446 reminiscatur
3223 2387 3524 2465 se‘largum
3567 2387 3709 2444 fuisse

2140 2491 2197 2549 in
2223 2504 2468 2546 munere.
2492 2478 2647 2544 Tunc
2684 2502 2814 2543 vere
2849 2486 3165 2545 solemuitas
3191 2486 3371 2558 agitur
3416 2484 3709 2540 tabernacu-

2143 2580 2343 2649 lorum,
2364 2597 2487 2638 cum
2510 2594 2620 2636 non
2648 2578 3012 2644 mutabilium,
3043 2577 3138 2636 sed
3169 2585 3501 2633 antemarum
3521 2592 3714 2647 posses-

2143 2676 2228 2735 sio
2280 2674 2599 2731 conceditur
2631 2674 2998 2730 mansionum.
3042 2672 3120 2728 De
3154 2673 3358 2743 quibus
3398 2672 3635 2728 Salvator
3666 2672 3717 2727 in

2143 2770 2437 2840 Evangelio
2466 2769 2544 2825 ait
2569 2787 2582 2823 :
2617 2786 2637 2822 ι
2673 2767 2732 2823 In
2764 2768 2925 2823 domo
2952 2765 3133 2822 Patris
3159 2764 3270 2822 mei
3300 2765 3476 2821 multa:
3494 2764 3720 2820 mansio-

2148 2882 2171 2917 ι
2206 2880 2304 2921 nes
2349 2874 2477 2920 sunt
2505 2861 2846 2937 (Ioan.xrv).
2885 2882 2906 2916 ι
2935 2861 3007 2917 Et
3059 2860 3261 2917 iterum
3290 2879 3307 2915 :
3339 2883 3357 2914 ι
3388 2859 3569 2917 Facite
3591 2899 3608 2928 ,
3647 2860 3719 2915 in-

2143 2957 2280 3027 quit,
2307 2956 2463 3012 vobis
2490 2956 2696 3012 amicos
2716 2955 2783 3011 de
2810 2970 3122 3011 mammona
3146 2954 3476 3025 iniquitatis,
3504 2961 3579 3016 ut,
3613 2966 3721 3008 cum

2145 3047 2493 3115 defeceritis,
2550 3047 2817 3117 recipiant
2860 3061 2960 3103 vos
3013 3046 3071 3102 in
3130 3053 3339 3101 aeterna
3394 3044 3722 3102 tabernacula

455 3132 588 3190 dare
611 3137 961 3205 pauperibus.
993 3137 1288 3195 Maximum
1333 3142 1498 3197 etiam
1537 3144 1691 3213 sequi
1726 3144 2001 3201 Christum
2024 3185 2039 3213 ,
2069 3136 2115 3201 C
2147 3139 2330 3214 (Joan.
2373 3141 2508 3214 xvr).
2556 3158 2577 3194 ι
2614 3158 2635 3192 ι
2667 3139 2865 3196 Tribus
2890 3139 3103 3197 vicibus
3129 3154 3231 3211 per
3278 3154 3489 3195 annum
3516 3152 3721 3210 appare-

456 3232 518 3278 ut
564 3238 690 3283 cum
712 3225 989 3299 despectu
1028 3230 1227 3300 quippe
1271 3232 1611 3301 possidendi,
1654 3234 1819 3290 etiam
1859 3238 2043 3292 munia

456 3330 621 3387 agere
643 3318 941 3373 secundum
961 3319 1292 3377 voluntatem
1325 3324 1537 3380 Domini
1573 3328 1913 3395 studeamus,
1940 3330 2045 3386 hoc

458 3406 608 3463 enim
644 3408 819 3478 sequi.
848 3407 976 3465 Haec
1011 3424 1142 3481 ergo
1168 3412 1424 3469 mandata
1456 3423 1513 3470 et
1537 3425 1760 3488 propter
1783 3419 2045 3476 imm-cm

458 3497 628 3552 latam
649 3498 817 3554 vitam
851 3506 907 3554 et
943 3502 1242 3571 perfectam
1269 3507 1679 3574 conscientiam,
1722 3510 1924 3566 arietes
1953 3526 2047 3583 ap-

458 3590 749 3663 pellantur.
800 3592 939 3661 Quia
989 3596 1195 3653 arietes
1233 3599 1380 3655 οωῃί
1425 3615 1591 3672 grege
1635 3603 2047 3661 excellentiores

458 3692 606 3750 sunt,
634 3683 831 3743 horum
856 3686 1125 3743 sacriﬁcia
1171 3696 1227 3744 et
1267 3688 1490 3756 iibatio,
1533 3691 1759 3748 scientia
1796 3694 2049 3752 videlicet

458 3784 515 3856 et
541 3778 829 3845 correctio,
851 3779 987 3835 odor
1012 3781 1297 3837 suavitatis
1318 3780 1550 3839 Domino
1569 3784 1671 3851 illi,
1690 3786 1762 3841 de
1781 3802 1889 3857 qua
1909 3787 2049 3843 Pau-

459 3866 544 3923 lus
573 3869 819 3925 dicebat:
849 3888 869 3922 ι
902 3870 1013 3927 Deo
1041 3880 1222 3927 autem
1247 3873 1471 3943 gratias,
1496 3874 1588 3944 qui
1611 3889 1827 3945 semper
1850 3878 2048 3933 trium-

459 3960 592 4031 phat
606 3977 705 4019 nos
720 3961 775 4016 in
788 3960 1007 4018 Christo
1018 3961 1048 4017 ,Ι
1052 3978 1169 4029 esu,
1183 3971 1238 4018 et
1250 3963 1471 4021 odorem
1488 3967 1729 4023 scientia
1741 3967 2050 4025 manifestat

460 4065 559 4121 per
579 4068 701 4119 nos,
724 4053 852 4123 quia
874 4052 1081 4109 Christi
1096 4055 1270 4112 bonus
1290 4055 1428 4113 odor
1438 4072 1627 4115 sumus
1650 4058 1737 4132 (II
1753 4059 1877 4117 Cor.
1905 4077 1948 4118 ιι
1968 4062 2009 4135 ).
2022 4081 2044 4117 ι

1054 4162 1284 4219 CAPUT
1324 4164 1441 4221 XII.

463 4228 915 4303 De_observatione
944 4233 1134 4286 mensis
1163 4234 1398 4303 septimi,
1433 4244 1483 4291 et
1528 4237 1592 4293 de
1616 4240 1943 4298 solemnitate
1969 4252 2054 4299 ta-

430 4370 436 4381 .
534 4292 968 4384 bernacuiorunt;
1001 4310 1049 4355 et
1093 4292 1234 4384 quod
1274 4292 1437 4359 tribus
1468 4292 2049 4384 visibilié'rmihluﬁn

427 4370 436 4439 ξ
533 4382 682 4496 smne
709 4370 1058 4497 masculinum
1088 4370 1141 4427 in
1182 4381 1457 4444 conspectu
1497 4370 2052 4453 Domini'pra’sentan-

428 4474 433 4479 -
570 4458 660 4497 um
690 4459 744 4499 es
771 4481 789 4497 .

2152 3252 2173 3285 ι
2200 3234 2281 3290 bit
2304 3248 2467 3290 omne
2510 3233 2871 3290 masculinum
2901 3241 3055 3288 tuum
3087 3234 3143 3289 in
3185 3242 3487 3304 conspectu
3530 3232 3725 3289 Domini

2151 3344 2173 3379 ι
2208 3326 2305 3382 Dei
2326 3327 2427 3393 tui,
2457 3327 2512 3381 in
2539 3326 2659 3382 loco
2684 3341 2845 3396 quem
2870 3325 3114 3397 elegerit.
3150 3325 3211 3382 in
3238 3326 3587 3383 solemnitate
3619 3340 3726 3397 azy-

2152 3435 2175 3473 ι
2209 3426 2522 3485 morum,et
2544 3419 2599 3474 in
2641 3419 2989 3476 solemnitate
3038 3419 3507 3476 hebdomadarum
3530 3462 3546 3487 ,
3583 3430 3639 3475 et
3682 3418 3729 3473 in

2152 3530 2173 3565 ε
2201 3512 2542 3569 solemnitate
2561 3511 3060 3569 tabernaculorum.
3092 3533 3111 3567 ι
3137 3513 3274 3581 Quid
3288 3522 3375 3569 est
3396 3514 3563 3583 quod,
3586 3511 3733 3568 femi-

2147 3603 2234 3661 nis
2266 3604 2466 3670 tacitis,
2498 3605 2564 3661 de
2591 3604 2845 3661 masculis
2872 3605 2959 3660 lex
2979 3606 3191 3661 mandat
3220 3605 3275 3659 in
3293 3612 3588 3672 conspectu
3622 3605 3733 3658 Do-

2147 3698 2283 3754 mini
2309 3699 2720 3769 prtesentandis,
2754 3698 2861 3754 nisi
2906 3699 3031 3771 quia
3063 3698 3277 3754 Creator
3322 3704 3543 3763 noster,
3566 3697 3731 3767 quid-

2148 3790 2281 3861 quid
2308 3790 2487 3857 molle,
2524 3790 2784 3861 quidquid
2826 3789 3016 3861 fragile
3056 3797 3109 3844 et
3136 3787 3413 3844 inﬁmum
3459 3788 3523 3844 in
3548 3797 3729 3843 nostra

2149 3881 2561 3937 conversatione
2618 3882 2946 3951 reprobans,
2996 3880 3155 3936 fortia
3196 3879 3463 3934 virtutum
3512 3895 3670 3950 opera
3698 3896 3724 3933 a

2148 3976 2306 4032 nobis
2331 3976 2601 4045 exquirit?
2626 3975 2763 4029 Nam
2788 3976 2835 4031 si
2872 3976 2928 4030 in
2968 3975 3074 4030 ﬁde
3094 3974 3270 4031 Patris
3311 3982 3371 4030 et
3392 3973 3519 4029 Filii
3539 3983 3588 4028 et
3609 3973 3720 4041 Spi-

2149 4067 2289 4125 ritus
2334 4067 2534 4132 sancti,
2558 4082 2656 4137 pro
2684 4075 2902 4123 aeterna:
2944 4066 3213 4123 mercedis
3254 4066 3478 4137 adepta,
3501 4075 3722 4134 tempore

2147 4161 2275 4217 vita:
2296 4161 2578 4232 pra-sentis
2599 4161 2756 4217 bonis
2776 4163 3032 4233 operibus
3063 4161 3299 4218 studium
3343 4160 3718 4230 impendamus,

2150 4253 2511 4310 masculinum
2555 4261 2801 4309 nostrum
2849 4255 2970 4310 sine
3012 4254 3176 4310 dubio
3218 4262 3348 4308 ante
3392 4259 3718 4321 conspectum

2149 4345 2365 4401 Domini
2424 4347 2583 4417 digne
2630 4346 3033 4402 constituimus.
3075 4363 3095 4399 ί
3128 4344 3247 4400 Non
3288 4342 3577 4415 apparebis
3613 4348 3718 4394 ante

2158 4456 2179 4490 ε
2208 4438 2494 4494 Dominum
2527 4454 2761 4505 vacuus;
2794 4440 2888 4495 sed
2920 4440 3114 4496 offeret
3142 4437 3518 4507 unusquisque
3545 4449 3715 4489 secun-

426 4503 433 4536 τ
534 4531 711 4603 (imm)
769 4552 795 4584 ι
840 4532 1249 4591 Solemnitatem
1299 4549 1515 4608 quoque
1572 4538 2045 4600 tabernaculorum
2072 4503 2127 4565 D
2158 4546 2177 4581 ι
2206 4529 2334 4584 dum
2368 4530 2513 4600 quod
2560 4503 2830 4596 habuerit,
2873 4530 3027 4599 juxta
3058 4503 3498 4585 benedictionem
3528 4522 3714 4580 Domini

466 4639 487 4675 ι
516 4621 817 4679 eelebrabis
859 4640 959 4694 per
1009 4634 1214 4697 septem
1254 4627 1391 4697 dies,
1416 4630 1636 4699 quando
1678 4633 1959 4706 collegeris
1983 4637 2050 4693 de

467 4729 491 4764 ι
521 4726 651 4767 area
672 4720 763 4769 tua
794 4722 851 4769 et
877 4716 1135 4773 torculari
1161 4717 1346 4791 fruges
1369 4728 1521 4789 tuas;
1555 4730 1612 4778 et
1649 4724 1956 4795 epulaberis
1994 4728 2049 4784 in

468 4820 491 4863 ι
518 4803 811 4861 festivitate
837 4815 953 4873 tua,
980 4817 1041 4865 tu
1064 4819 1121 4867 et
1171 4810 1315 4867 ﬁlius
1348 4820 1475 4869 tuus
1495 4822 1550 4869 et
1590 4816 1720 4883 ﬁlia,
1751 4825 1808 4873 et
1858 4830 2048 4877 servus

469 4915 491 4967 ς
527 4906 648 4955 tuus
686 4907 745 4956 et
776 4901 990 4968 ancilla,
1033 4903 1251 4961 Levites
1288 4916 1581 4977 quoquest
1608 4909 1833 4977 advena,
1866 4920 2049 4982 ειμι-ι

469 5005 490 5045 t
519 4992 681 5064 pilius
704 5006 769 5047 ac
791 4992 975 5060 vidua,
1005 4996 1099 5065 qui
1124 4998 1264 5053 intra
1292 5009 1477 5070 portas
1499 5009 1622 5057 tuas
1651 5012 1793 5059 sunt.
1826 5003 2047 5075 Septem

466 5100 488 5138 ι
515 5085 708 5141 diebus
729 5084 957 5141 Domino
984 5084 1097 5140 Deo
1134 5094 1232 5155 tuo
1272 5089 1410 5147 festa
1454 5088 1793 5161 ceiebrabls,
1840 5094 1895 5150 in
1928 5095 2048 5152 loco

465 5193 489 5233 ι
526 5192 691 5249 quem
716 5178 945 5249 elegerit
964 5178 1243 5247 Dominus,
1268 5190 1373 5240 etc.
1405 5203 1427 5238 ι
1456 5184 1675 5256 Septem
1707 5200 1838 5260 ergo
1856 5187 2047 5246 diebus

459 5269 810 5328 festinatam
860 5272 1339 5329 tabernaculorum
1391 5278 1695 5347 appellavit.
1727 5278 2046 5352 Quicunque

456 5362 718 5430 animat
738 5363 1089 5421 tabernaculo
1112 5371 1383 5435 praesente
1406 5370 1609 5425 mundo
1632 5371 1825 5439 utitur,
1848 5372 1938 5428 hic
1962 5372 2044 5430 fe:

454 5457 757 5515 divitem
789 5458 848 5514 in
876 5472 943 5514 eo
966 5457 1170 5516 habere
1196 5462 1255 5514 et
1277 5457 1466 5525 laetari,
1501 5470 1722 5533 propter
1760 5464 1923 5521 futuri
1943 5482 2041 5522 ex-

457 5550 850 5621 speetationem
876 5555 1075 5621 potest.
1116 5549 1189 5605 Et
1221 5540 1533 5619 quicunque
1570 5552 1674 5606 scit
1692 5554 1818 5623 quia
1847 5555 1893 5611 si
1936 5563 2046 5612 ter-

460 5655 591 5699 rana
609 5643 802 5700 dunus
827 5640 1176 5701 habitationis
1199 5640 1361 5713 huius
1388 5639 1733 5713 dissolvatur,
1757 5647 2047 5705 aediﬁcatio

459 5756 570 5796 non
597 5742 903 5799 mairufaeta
922 5757 1050 5799 eum
1077 5744 1133 5799 in
1154 5741 1311 5799 caelis
1331 5740 1559 5813 suscipit
1582 5786 1596 5812 ,
1640 5744 1733 5802 hic
1773 5756 2035 5821 superare
2059 5769 2071 5783 ι

2154 4638 2176 4674 ι
2208 4620 2307 4675 Dei
2340 4622 2446 4687 sui,
2468 4636 2633 4692 quam
2683 4622 2893 4678 dederit
2918 4623 2987 4677 ei.
3024 4641 3043 4674 ι
3087 4621 3146 4676 in
3187 4628 3488 4691 conSpectu
3526 4612 3713 4671 Domini

2148 4732 2353 4774 vacuus
2371 4727 2613 4789 apparet,
2638 4719 2732 4789 qui
2771 4719 2905 4774 nihil
2932 4733 3115 4774 secum
3150 4717 3216 4772 de
3243 4716 3428 4771 fructu
3460 4714 3543 4769 sui
3584 4712 3710 4764 labo-

2148 4809 2226 4865 ris
2272 4816 2476 4881 portat.
2526 4809 2679 4864 Alius
2730 4820 2967 4879 namque
3022 4806 3389 4879 adipiscendis
3445 4801 3713 4859 honoribus

2149 4900 2412 4968 exsudat;
2457 4900 2598 4955 alius
2646 4901 3070 4970 multiplicandis
3114 4898 3471 4954 facultatibus
3514 4896 3711 4954 aestuat;

2150 4993 2289 5049 alius
2310 4993 2685 5065 promerendis
2722 4993 2943 5049 anhelat
2960 4992 3184 5049 divitiis.
3220 4991 3329 5047 Sed
3370 4992 3498 5061 quia
3542 4993 3715 5043 cuncta

2150 5087 2267 5143 ham
2291 5089 2538 5158 quisqvis
2554 5089 2794 5143 moriens
2814 5087 3035 5152 deserit,
3065 5091 3190 5141 ante
3220 5083 3514 5138 Dominum
3538 5090 3719 5133 vacuus

2150 5188 2396 5251 apparet,
2425 5181 2552 5252 quia
2592 5194 2776 5238 secum
2809 5188 2937 5235 ante
2969 5178 3207 5248 iudicem
3257 5176 3393 5231 nihil
3432 5173 3572 5231 tulit.
3601 5170 3721 5226 Hinc

2146 5287 2276 5344 ergo
2330 5289 2429 5345 per
2477 5274 2647 5346 legem
2702 5273 2996 5328 salubriter
3047 5272 3369 5326 admonetur
3419 5269 3719 5323 dicentem:

2150 5384 2174 5418 ε
2210 5366 2329 5423 Non
2389 5365 2674 5438 apparebis
2720 5367 2776 5421 in
2840 5372 3133 5437 conspectu
3178 5362 3395 5420 Dumini
3435 5370 3657 5416 vacuus.
3699 5362 3719 5410 ο

2144 5461 2247 5530 Qui
2271 5462 2416 5518 enim
2451 5458 2825 5530 promerendae
2862 5461 2992 5516 vitae
3020 5457 3328 5514 mercedem
3357 5458 3498 5514 bene
3529 5449 3724 5525 agenda

2143 5574 2251 5620 non
2276 5562 2533 5634 providit,
2556 5560 2610 5617 in
2639 5564 2936 5633 conspectu
2970 5557 3189 5614 Domini
3232 5568 3441 5612 vacuus
3486 5551 3722 5623 apparet.

2143 5654 2282 5713 Hine
2314 5662 2413 5725 per
2432 5653 2782 5711 Psalmistam
2808 5653 3009 5711 dicitur
3026 5650 3231 5725 iustis:
3263 5668 3285 5703 ι
3313 5648 3613 5708 Venietitss
3636 5650 3725 5699 ana

2141 5755 2253 5804 tem
2284 5745 2505 5803 venient
2547 5746 2604 5802 in
2652 5745 3015 5803 exsultatione
3040 5785 3056 5812 ,
3100 5748 3383 5816 portantes
3432 5734 3725 5812 manipltim
