3930 6344
209 324 303 388 001

1016 322 1415 389 sumasne
1452 296 1681 391 suam
1717 322 2340 398 DEUTERONOMlUM.
2364 319 2447 382 ἰ-
2483 330 2614 396 mn.
2652 332 2720 395 ιιι

3347 336 3455 399 90!
3518 400 3523 403 _

208 437 530 515 nios'(Psoi.
572 440 755 517 ων).
790 452 817 497 ο
846 441 931 497 Ad
956 454 1184 500 nomen
1209 442 1406 515 quippe
1434 441 1626 514 iudicii
1650 454 1780 517 puro
1805 454 1859 520 Α
1879 448 2003 508 mus
2028 454 2305 525 plantetur
2329 448 2382 509 in
2417 452 2636 524 templo.
2664 448 2869 507 Nemus
2901 447 3214 507 frondentes
3232 453 3457 514 arbores

210 543 378 593 tantes
410 536 719 606 manipulos
757 536 1002 604 velitint,
1048 538 1139 607 qui
1182 538 1240 593 in
1282 538 1586 609 semetipsis
1630 547 1778 596 recta

208 642 364 703 opera
390 627 586 700 quibus
606 635 920 683 mereantur
944 628 1137 696 vitam,
1167 630 1477 685 ostendunt.

780 730 1010 797 CAPUT
1058 733 1193 798 Xlll.

104 898 107 902 ,
206 827 278 891 De
303 826 679 908 constituendis
716 832 982 908 magistris
1006 838 1174 908 atque
1206 827 1479 906 Iudicibus
1500 830 1557 892 in
1589 831 1773 908 partis,

267 914 448 980 etnon
470 904 787 980 accipiendis
810 905 1043 980 personis
1071 904 1226 977 atque
1252 904 1656 976 muneribus,“
1686 909 1781 980 ju-

268 977 363 1032 διεδ
383 975 605 1048 judicia
639 975 919 1045 faciendis.

269 1086 449 1158 (ιιω.)
482 1103 503 1138 ι
534 1087 751 1143 Iudices
776 1093 833 1143 et
871 1086 1160 1161 magistros
1186 1090 1487 1147 constituas
1515 1086 1571 1146 in
1609 1091 1783 1147 omni-

209 1192 228 1231 ι
258 1180 360 1236 bus
397 1180 571 1251 portis
617 1181 747 1247 tuis,
776 1192 914 1251 quas
947 1178 1204 1238 Dominus
1248 1182 1390 1240 Deus
1418 1192 1544 1240 tutis
1572 1184 1780 1241 dederit

208 1290 227 1324 ς
259 1269 357 1327 tibi
379 1282 477 1342 per
506 1272 747 1342 singulas
777 1273 947 1329 tribus
970 1282 1109 1331 tuas.
1149 1290 1170 1329 ι
1203 1275 1275 1332 Ut
1309 1277 1657 1333 advenientes
1680 1288 1781 1331 un-

203 1362 384 1433 dique,
405 1364 587 1418 statim
626 1360 682 1417 in
733 1364 955 1419 introitu
993 1366 1230 1420 civitatis
1262 1366 1473 1436 iudices
1505 1374 1561 1423 et
1604 1364 1780 1439 magi-

202 1464 341 1513 siros
366 1465 587 1529 paratos
606 1454 904 1523 inveniant,
935 1470 966 1512 a
998 1460 1196 1529 quibus
1241 1456 1387 1530 justa
1409 1456 1612 1528 judicia
1641 1460 1785 1516 acci-

202 1549 365 1619 piant.
392 1544 614 1622 Mystice
634 1557 815 1604 autem
835 1549 1201 1605 Ecciesiarum
1220 1551 1492 1622 principes
1505 1551 1781 1620 summm,

201 1648 261 1696 ut
285 1642 340 1695 in
364 1643 559 1712 portis,
584 1642 688 1700 hoc
706 1651 811 1709 est,
839 1642 1208 1712 apostatarum
1234 1649 1290 1698 et
1320 1643 1376 1697 in
1396 1644 1782 1715 prophetarum

201 1729 359 1787 dictis
379 1733 699 1797 consistant,
727 1733 1039 1804 judiciaque
1083 1730 1228 1804 iusta
1269 1732 1784 1788 secundumdlvime

1876 552 1932 600 et
1954 545 2297 602 infructuosae
2325 545 2598 612 sunt,sola
2624 536 2982 601 delectatione
2994 542 3142 597 visus
3168 544 3448 613 plantatae.

1878 628 2037 690 Tales
2063 644 2190 691 sent
2212 644 2267 691 et
2295 636 2544 708 gentiles,
2567 636 2658 705 qui
2685 635 2954 689 rationem
2983 642 3137 689 suam
3162 636 3455 693 verborum

1878 727 2071 785 decore
2103 734 2451 800 componunt,
2482 734 2541 784 ut
2576 744 2684 784 non
2731 732 3056 784 convertant
3098 736 3129 782 ti
3174 728 3278 784 viis
3301 769 3315 793 ,
3365 730 3460 785 sed

1878 821 2163 888 delectent,
2191 830 2356 894 atque
2384 818 2683 879 Istiusmodi
2732 822 3049 879 Seductione
3074 823 3457 894 persuadeant.

1878 912 2195 970 Nosuutem
2240 916 2535 969 secundum
2583 923 2911 985 prteceptum
2966 902 3062 969 Dei
3096 913 3252 985 juxta
3288 915 3461 971 altare

1876 1018 2071 1062 nemus
2100 1018 2208 1062 non
2246 1007 2576 1078 plantamus,
2607 1007 2701 1062 sed
2740 1009 2885 1064 circa
2935 996 3271 1062 Dominicam
3302 1006 3463 1063 fidem

1878 1097 2016 1153 nihil
2042 1096 2391 1154 inlrtlctuosis
2427 1099 2631 1164 verbis,
2666 1097 2799 1153 nihil
2849 1099 3138 1155 audientiae
3183 1098 3460 1155 saecularis

1878 1188 2255 1245 illecebrarnm
2278 1190 2673 1261 componimus,
2696 1188 2788 1245 sed
2818 1190 2930 1246 sola
2951 1192 3187 1260 puritate
3215 1190 3461 1247 veritatis

1878 1278 2164 1337 scientiam
2208 1277 2608 1352 praedicationis
2664 1290 2934 1338 tenemus.
2992 1279 3106 1339 Hoc
3162 1296 3353 1339 nemus
3407 1283 3464 1337 in

1876 1374 2261 1443 praedicatione
2290 1374 2568 1444 sapientiae
2610 1373 2857 1445 plantare
2881 1373 3090 1428 vitabat
3142 1371 3461 1444 Apostolus,

1882 1474 2006 1519 cum
2030 1464 2247 1521 dicebat
2279 1474 2293 1519 ξ
2331 1483 2349 1517 ‹
2381 1464 2451 1521 Et
2470 1466 2744 1537 loquimur
2769 1476 2876 1521 non
2902 1466 2955 1520 in
2986 1459 3163 1521 doctis
3192 1462 3467 1536 sapientiae

1879 1556 2131 1612 humanae
2157 1556 2358 1622 verbis,
2386 1559 2480 1613 sed
2510 1554 2563 1613 in
2615 1559 2860 1614 doctrina
2892 1554 3115 1630 spiritus
3157 1560 3212 1612 et
3244 1556 3462 1612 virtute.

1880 1647 1999 1703 Non
2034 1648 2339 1706 immolabis
2360 1648 2589 1705 Domino
2614 1646 2723 1705 Deo
2749 1658 2843 1705 tuo
2872 1648 3063 1705 bovem
3090 1656 3144 1705 et
3173 1656 3328 1705 Ovem
3356 1690 3370 1714 ,
3410 1645 3466 1702 in

1882 1755 1991 1811 quo
2017 1748 2101 1795 est
2127 1740 2356 1806 macula,
2390 1750 2483 1795 aut
2529 1740 2804 1811 quidpiam
2836 1740 2985 1797 vitii:
3016 1736 3141 1810 quia
3188 1740 3468 1794 abomina-

197 1823 595 1897 legtsiustituta
609 1820 1779 1896 singulisquibusqueimpendam,veritatem
1805 1810 1854 1873 B
1882 1831 1959 1886 tio
1986 1838 2070 1887 est
2095 1830 2322 1887 Domino
2352 1829 2462 1887 Deo
2495 1810 2585 1888 tuo
2622 1810 2675 1903 (f
2702 1832 2825 1887 Cor.
2860 1829 2922 1903 ι).
2966 1846 2985 1885 ι
3021 1828 3249 1887 Omnem
3282 1840 3468 1885 macu-

193 1917 810 1982 observent,avaritiam
834 1924 1168 1983 caveant,ne
1193 1911 1354 1981 forte,
1376 1915 1421 1970 si
1444 1922 1542 1985 per
1559 1914 1779 1968 menda-

193 2008 342 2062 cium
369 2015 462 2061 aut
483 2006 834 2076 cupiditatem
857 2008 959 2077 ipsi
982 2020 1015 2062 a
1033 2016 1165 2062 vero
1185 2008 1539 2075 devisverint,
1574 2007 1779 2063 abomi-

194 2098 415 2153 nabiles
443 2110 627 2153 coram
650 2098 821 2155 oculis
840 2100 935 2155 Dei
956 2100 1109 2154 ﬂant.
1135 2096 1288 2156 Unde
1313 2101 1587 2170 sequitur:
1612 2116 1631 2150 σ
1658 2092 1778 2153 Non

194 2190 439 2259 accipies
456 2200 740 2261 personam
753 2204 852 2248 nec
868 2204 1112 2259 munera,
1130 2193 1254 2262 quia
1270 2202 1495 2247 munera
1508 2197 1781 2246 eamut

196 2293 219 2332 ς
263 2281 452 2336 oculos
494 2283 818 2352 sapientum,
859 2292 915 2338 et
951 2291 1164 2340 mutant
1216 2286 1383 2340 verba
1428 2285 1720 2355 iustorum.
1753 2300 1774 2339 ι

192 2371 314 2430 Non
338 2374 442 2429 hoc
471 2375 605 2430 dicit
632 2376 776 2446 quod
804 2378 1071 2433 veraciter
1100 2378 1374 2448 sapientes
1422 2388 1479 2434 et
1502 2377 1636 2448 justi
1681 2386 1781 2448 per

193 2478 481 2518 munerum
504 2465 855 2534 .cupiditatem
872 2468 1279 2535 subvertantur,
1296 2470 1392 2524 sed
1420 2470 1562 2539 quod
1576 2468 1672 2535 illi,
1688 2469 1783 2539 qui

192 2554 455 2610 videntur
474 2555 580 2611 sibi
598 2569 723 2612 esse
742 2558 1009 2629 sapientes
1029 2568 1087 2615 et
1102 2559 1258 2629 justi,
1280 2561 1478 2631 sapius
1504 2567 1779 2617 corruant.

189 2645 274 2699 Ad
294 2659 440 2715 quos
470 2648 731 2718 propheta
759 2648 987 2721 loquens
1025 2652 1144 2707 ait:
1178 2666 1199 2704 ι
1227 2653 1335 2717 Vir,
1374 2654 1467 2723 qui
1512 2654 1785 2723 sapientes

192 2735 326 2789 estis
356 2736 415 2791 in
443 2736 616 2793 oculis
640 2734 832 2794 vestris
854 2781 870 2805 ,
912 2746 968 2795 et
1011 2752 1194 2796 coram
1235 2736 1634 2815 vobismetipsis
1657 2752 1785 2813 pru-

192 2825 389 2882 dentes
443 2826 588 2898 (Isti.
631 2827 719 2900 v).
748 2846 769 2883 ι
830 2828 968 2885 Hinc
1010 2844 1109 2901 per
1166 2832 1491 2903 sapientiam
1543 2834 1779 2888 dicitur:

196 2935 217 2969 ο
251 2918 401 2975 Sunt
430 2920 532 2976 viae
554 2936 678 2992 qua
712 2924 966 2979 videntur
1002 2926 1072 2981 ab
1102 2925 1411 2981 hominibus
1427 2914 1590 2994 jus’tm
1632 2943 1648 2981 :
1680 2936 1782 2981 no-

190 3011 421 3066 vissima
446 3018 629 3067 autem
657 3028 845 3069 eorum
865 3014 1138 3071 deducunt
1174 3024 1347 3086 usque
1367 3016 1436 3070 ad
1461 3012 1785 3087 profundunt

190 3098 399 3155 inferni
425 3099 609 3171 (Prov.
634 3103 732 3175 iv).
768 3120 790 3157 ι
828 3105 966 3162 illnc
995 3106 1246 3163 Salvator
1286 3109 1343 3166 in
1379 3108 1669 3180 Evangelia
1696 3118 1780 3164 ta—

1878 1921 1989 1976 lum
2012 1919 2249 1993 intellige
2269 1934 2429 1978 omne
2455 1930 2761 1993 peucatttm,
2789 1916 2935 1993 quod
2954 1918 3263 1991 ubicunque
3304 1916 3469 1976 fuerit

1880 2012 2184 2083 inventum,
2214 2014 2616 2072 deformitatem
2666 2016 2829 2088 parit.
2878 2008 2946 2071 Et
2976 2012 3097 2071 ideo
3126 2014 3328 2069 oblatio
3358 2011 3466 2069 Do-

1879 2107 2036 2175 mini,
2061 2108 2176 2164 sive
2211 2110 2265 2164 in
2296 2108 2536 2180 quolibet
2578 2109 2792 2165 fortiter
2817 2106 3083 2181 operanti,
3108 2116 3268 2180 quem
3297 2101 3467 2178 signi-

1881 2196 2009 2254 ficat
2046 2198 2168 2264 bos,
2198 2199 2314 2255 sive
2351 2202 2404 2255 in
2458 2196 2805 2270 simplicitate
2838 2194 3152 2265 ambulanti,
3190 2198 3350 2270 quem
3378 2198 3472 2254 de-

1881 2286 2060 2361 signat
2087 2286 2224 2356 ovis,
2256 2284 2456 2345 bonum
2480 2300 2585 2357 est,
2612 2298 2673 2346 ut
2699 2290 2817 2347 sine
2836 2284 3049 2363 peccati
3074 2290 3325 2360 contagio
3351 2286 3467 2354 ilat,

1880 2382 2010 2453 quia
2031 2388 2190 2440 omne
2219 2386 2501 2457 peccatum
2526 2385 2861 2441 contrarium
2888 2393 2972 2441 est
3008 2380 3248 2451 veritati,
3272 2394 3328 2439 et
3349 2380 3469 2467 ejus

1883 2478 2118 2535 subicias
2140 2488 2248 2536 non
2278 2476 2513 2552 placebit
2537 2476 2783 2551 justitite.

2483 2589 2710 2653 CAPUT
2754 2584 2873 2651 XV.

1880 2676 1961 2740 De
1981 2684 2230 2757 apostolis
2258 2686 2370 2757 qui,
2416 2678 2997 2757 Deumgrelt'nquentes‘,
3044 2681 3331 2757 servierunt
3362 2676 3469 2757 dits

1954 2752 2175 2818 alienis:
2205 2752 2500 2812 et'duobus
2530 2755 2606 2811 vel
2655 2752 2818 2809 tribus
2844 2752 3059 2809 testibus
3088 2753 3141 2809 in
3169 2764 3330 2809 causa
3353 2755 3469 2809 sin-

1955 2825 2200 2896 gulorum
2241 2827 2548 2881 adhibendis
2583 2836 2803 2896 temperi

1958 2936 2137 3013 ante.)
2171 2954 2189 2992 ι
2222 2938 2357 2997 Cum
2410 2940 2608 3011 reperti
2636 2934 2838 2995 fuerint
2871 2930 3013 3012 apud
3041 2942 3094 2995 te
3139 2928 3280 2994 intra
3310 2934 3475 2997 unam

1892 3038 2218 3102 tportarum
2255 3036 2490 3100 tuarum,
2518 3048 2654 3103 quas
2690 3030 2952 3088 Dominus
2994 3028 3138 3088 Deus
3175 3034 3297 3087 tuus
3325 3026 3477 3089 dabit

1815 3161 1865 3226 Β
1898 3138 1918 3178 t
1955 3124 2076 3193 tibi,
2103 3127 2188 3181 vir
2220 3134 2314 3181 aut
2338 3124 2532 3181 mulier
2554 3126 2645 3197 qui
2678 3122 2883 3181 faciant
2925 3122 3127 3226 malum
3170 3123 3225 3178 in
3254 3139 3479 3197 conspe-

190 3190 338 3248 libus
377 3192 623 3263 idquitur
664 3196 889 3255 dicens:
924 3212 945 3251 ι
997 3197 1090 3255 Va
1121 3201 1307 3269 vobis;
1343 3203 1434 3272 qui
1477 3198 1786 3271 justiﬁeatis

1898 3226 1921 3268 ι
1955 3218 2045 3272 ctu
2065 3190 2288 3272 Domini
2319 3210 2417 3272 Dei
2470 3190 2589 3283 tui,
2639 3220 2693 3269 et
2743 3206 3207 3285 transgrediuntur
3261 3190 3477 3283 pactum

192 3299 289 3342 vos
308 3301 505 3343 eorum
541 3288 889 3347 hominibus:
922 3293 1066 3349 Deus
1088 3300 1271 3350 autem
1314 3295 1468 3352 novit
1505 3296 1670 3352 corda
1693 3308 1787 3352 ve-

191 3386 308 3432 stra
338 3376 497 3452 (Luc.
539 3382 673 3453 xw).
709 3397 730 3436 ι
776 3380 913 3439 Nam
941 3386 1034 3456 qui
1072 3398 1201 3444 vere
1247 3394 1373 3444 sunt
1411 3389 1684 3459 sapientes
1735 3395 1792 3444 et

184 3467 365 3538 justi,
391 3482 673 3541 nunquam
718 3484 1038 3545 praeponunt
1072 3490 1161 3533 res
1201 3480 1433 3534 caducas
1461 3480 1680 3534 veritati
1711 3484 1792 3534 at-

189 3574 302 3639 que
326 3560 579 3630 iustitiae,
601 3564 699 3620 sed
725 3564 781 3620 in
804 3568 953 3621 omni
1001 3576 1245 3640 tempore
1280 3570 1499 3624 student
1534 3569 1590 3624 in
1618 3570 1789 3639 tequi-

192 3661 311 3712 tate
347 3667 742 3727 permanereu
788 3657 941 3715 Jusle
974 3660 1121 3731 quod
1143 3660 1351 3730 justum
1379 3666 1465 3716 est
1506 3674 1792 3732 perseque-

195 3758 216 3798 t
251 3747 360 3813 ris,
388 3755 449 3801 ut
480 3748 635 3804 vivas
667 3754 722 3803 et
747 3742 1029 3819 possideas
1053 3754 1285 3819 terram,
1326 3760 1489 3823 quam
1533 3751 1793 3811 Dominus

195 3854 217 3891 ο
258 3836 416 3894 Deus
438 3847 563 3894 tttus
599 3842 826 3897 daturus
851 3852 935 3898 est
966 3844 1083 3898 tibi.
1118 3862 1136 3898 ι
1160 3843 1363 3917 ltijutite
1405 3845 1549 3915 quod
1586 3845 1793 3916 justum

185 3943 284 3988 est
307 3934 647 4000 etsequitur,
675 3935 768 4004 qui
813 3937 880 3991 ad
918 3937 1284 3994 defensionem
1306 3939 1531 4009 iustitia:
1556 3954 1667 3997 non
1685 3942 1794 3996 vir-

187 4024 342 4078 tutis
370 4024 733 4093 agmuiatione,
758 4027 854 4083 sed
900 4036 1085 4085 amere
1110 4032 1319 4101 praemii
1354 4033 1665 4104 temporalis
1701 4046 1795 4089 ex-

187 4116 429 4171 citatur.
476 4115 678 4185 injuste
726 4120 869 4188 quod
911 4118 1120 4190 justum
1164 4132 1249 4178 est
1293 4125 1647 4195 exsequitur,
1701 4127 1794 4196 qui

188 4208 403 4294 ipsam,
426 4222 587 4279 quam
632 4212 919 4281 praetendit
955 4214 1251 4285 justitiam,
1297 4217 1534 4273 vendere
1572 4216 1796 4274 minime

188 4310 448 4357 veretur.
471 4299 623 4356 Iuste
645 4314 775 4375 ergo
788 4304 998 4373 justum
1024 4310 1269 4378 exsequi,
1297 4316 1382 4365 est
1409 4309 1466 4365 in
1494 4311 1796 4368 assertione

183 4389 428 4461 iustitiae
449 4394 694 4450 eamdem
718 4394 893 4466 ipsum
913 4397 1186 4465 justitiam
1207 4409 1471 4471 quaerere.

788 4509 1018 4568 CAPUT
1057 4508 1198 4569 XIV.

188 4592 270 4656 De
292 4616 409 4655 non
438 4598 870 4673 plantandoﬂluco
907 4604 1064 4673 juxta
1102 4604 1269 4660 altare
1298 4604 1533 4673 Domini,
1559 4622 1650 4663 nec
1678 4612 1787 4663 stti-

262 4673 377 4726 tuis
400 4670 800 4741 cenatituendt's,
845 4670 935 4728 nec
976 4673 1260 4731 maculosis
1295 4670 1651 4734 animantibus
1698 4676 1792 4734 im-

259 4741 560 4797 mutandis.

258 4852 459 4930 (1310.)
493 4872 512 4905 ι
546 4850 667 4910 Neu
696 4855 967 4927 piantabis
996 4857 1178 4914 lucum
1210 4866 1266 4916 et
1292 4874 1506 4916 omnem
1542 4861 1793 4916 arborem

191 4963 211 4997 ι
240 4948 416 5018 juxta
451 4946 621 5002 altare
649 4947 863 5003 Domini
892 4950 988 5005 Dei
1020 4952 1125 5017 tui;
1155 4966 1255 5008 nec
1304 4952 1474 5008 facias
1501 4952 1603 5009 sibi
1632 4959 1795 5022 atque

191 5055 212 5089 ‹
244 5036 566 5095 constituas
591 5047 984 5111 statuam,qu:e
1006 5041 1121 5097 odit
1145 5043 1406 5101 Dominus
1432 5044 1574 5101 Deus
1601 5053 1741 5100 tuus.
1767 5065 1786 5100 ›

185 5129 292 5187 Per
321 5134 453 5188 haec
468 5130 584 5188 Duo
600 5130 943 5188 Testamenta
970 5142 1215 5204 amputat
1246 5138 1588 5194 occasionem
1618 5136 1792 5194 idolo—

184 5222 395 5295 latriae,
430 5234 593 5297 quam
624 5233 811 5299 gentes
839 5225 1090 5283 solebant
1135 5236 1317 5300 agere,
1349 5230 1403 5284 in
1453 5229 1590 5286 lucis
1617 5236 1673 5287 et
1696 5231 1793 5287 de-

186 5314 365 5375 lubris
397 5318 693 5375 simulacra
719 5314 821 5375 sibi
844 5318 1260 5388 constituentes,
1291 5329 1349 5378 et
1389 5321 1529 5377 idola
1559 5324 1794 5379 adoran-

182 5416 294 5468 tes.
320 5410 557 5485 Mystlce
584 5414 762 5469 autem
806 5410 963 5485 jUxta
1022 5412 1198 5470 altare
1244 5410 1368 5471 fidei
1398 5415 1646 5486 prohibet
1671 5424 1791 5472 tim-

188 5516 320 5561 neut
350 5503 852 5563 infructuositatem
872 5507 1032 5563 otiosi
1063 5509 1357 5575 sermonis,
1383 5520 1479 5564 seu
1500 5514 1793 5579 pravorum

188 5612 452 5670 operum,
476 5607 533 5655 et
586 5594 971 5656 obscuritatem
1017 5600 1335 5672 ignorantiae
1385 5606 1656 5669 statuere;
1692 5614 1793 5657 nec

189 5688 481 5747 ﬁctionem
510 5690 747 5763 aliquam
772 5690 1024 5749 lalsitatis
1076 5702 1239 5764 atque
1267 5693 1472 5750 erroris
1522 5690 1790 5765 permittit

184 5781 427 5853 veritati
450 5782 578 5841 fidei
597 5780 875 5866 camellam
899 5785 1195 5844 associare.
1219 5782 1568 5843 interdicitur
1591 5801 1661 5842 ne
1688 5799 1788 5843 ne-

1897 3308 1919 3360 t
1954 3304 2195 3374 illius,ut
2212 3308 2416 3362 vadunt
2441 3313 2495 3363 et
2522 3304 2763 3362 serviant
2799 3300 2902 3361 diis
2932 3302 3138 3370 alienis,
3161 3311 3217 3359 et
3254 3300 3482 3359 adorent

1897 3414 1917 3454 θ
1950 3414 2063 3468 eos,
2098 3398 2360 3459 etlunam
2390 3400 2445 3456 et
2466 3408 2682 3455 omnem
2716 3397 2964 3454 militiam
2991 3394 3113 3454 cmli
3140 3437 3155 3463 ,
3209 3408 3328 3467 qua:
3374 3408 3481 3450 non

1898 3510 1916 3543 ι
1953 3492 2216 3563 praecepi,
2246 3502 2353 3549 etc.
2389 3511 2409 3546 ι
2437 3492 2573 3547 Tota
2602 3488 2686 3545 lex
2708 3488 2920 3545 Domini
2968 3500 3211 3544 errorem
3238 3494 3294 3543 et
3318 3480 3484 3542 idolo-

1891 3584 2107 3639 latriam
2129 3585 2366 3640 maxime
2411 3584 2744 3646 detestatur,
2791 3588 2845 3635 et
2872 3580 3069 3649 ubique
3097 3595 3216 3633 eam
3244 3578 3439 3633 evertit
3464 3595 3478 3632 :

1893 3674 2020 3745 quia
2038 3676 2337 3728 maximum
2377 3674 2553 3728 scelus
2583 3680 2667 3727 est
2689 3671 2930 3726 divinum
2978 3672 3238 3724 honorem
3270 3669 3479 3739 impen-

1895 3766 2024 3820 dere
2052 3768 2333 3829 creaturae,
2359 3760 2502 3832 quod
2527 3760 2733 3817 faciunt
2757 3756 3003 3832 gentiles,
3034 3760 3147 3814 sive
3171 3754 3335 3814 etiam
3356 3758 3484 3813 mali

1893 3854 2165 3921 catholici,
2196 3854 2289 3924 qui
2319 3850 2448 3908 licet
2496 3850 2819 3908 Credulitate
2853 3848 2920 3906 ab
2973 3850 3179 3904 unitate
3231 3848 3486 3905 Ecclesiae

1874 3946 2005 4002 non
2036 3944 2313 4011 recedant,
2347 3948 2526 3999 tamen
2553 3940 2700 3997 vitiis
2732 3940 2902 3997 variis
2938 3938 3102 3996 dediti
3133 3981 3148 4007 ,
3191 3940 3366 4012 magis
3396 3940 3480 3995 in-

1893 4035 2186 4090 veniuntur
2214 4048 2311 4106 per
2340 4034 2690 4106 cupiditatem
2735 4040 3008 4088 terrenam
3036 4032 3245 4088 servire
3265 4030 3478 4089 diabolo

1896 4142 2058 4199 quam
2106 4134 2202 4198 per
2248 4128 2512 4182 bonorum
2571 4136 2792 4197 operum
2827 4118 3214 4179 abundantiam
3251 4123 3484 4179 militare

1895 4214 2026 4275 Deo.
2057 4212 2167 4274 Hos
2207 4218 2350 4273 enim
2377 4212 2642 4287 lapidibus
2670 4216 2823 4273 obrui
2857 4212 3122 4288 praecipit,
3148 4215 3273 4287 'quia
3297 4216 3482 4272 distri—

1861 4321 1984 4389 -cta
2029 4310 2297 4366 sententia
2349 4304 2683 4364 damnandos
2740 4318 2859 4364 esse
2907 4307 3188 4379 praevidit:
3228 4325 3246 4359 ι
3282 4304 3341 4362 1η
3386 4318 3483 4363 ore

1897 4404 2123 4460 duorum
2152 4401 2236 4458 vel
2267 4401 2430 4457 trium
2479 4402 2716 4466 testium,
2746 4401 2979 4470 peribit,
3035 4400 3127 4469 qui
3180 4398 3475 4453 interﬁcie-

1816 4518 1872 4585 ι)
1899 4501 2003 4550 tur.
2035 4508 2054 4547 ι
2098 4492 2237 4562 Quid
2284 4501 2367 4549 est
2415 4492 2558 4564 quod
2592 4492 2647 4546 in
2673 4490 3032 4585 ore‘dudrum
3068 4487 3153 4542 vel
3203 4487 3365 4542 trium
3394 4497 3471 4543 te-

1897 4588 2060 4641 stium
2089 4585 2272 4654 perire
2300 4584 2517 4650 dicitur,
2549 4584 2641 4653 qui
2671 4578 2864 4637 noxius
2910 4586 3013 4647 est,
3052 4581 3160 4635 nisi
3189 4581 3313 4651 quia
3347 4588 3483 4638 atte-

1895 4678 2187 4733 stationem
2212 4676 2348 4746 legis
2392 4682 2447 4730 et
2477 4670 2862 4745 prophetamm
2892 4677 3053 4741 atque
3081 4671 3481 4741 evangeliorum

1894 4782 2016 4824 esse
2040 4766 2396 4830 convincitur,
2428 4767 2519 4835 qui
2551 4765 2743 4820 divinae
2771 4765 2998 4820 culturis
3046 4764 3327 4820 indevotus
3363 4768 3481 4823 esito

1897 4859 2184 4930 reperitur.
2215 4856 2369 4914 Unde
2399 4850 2650 4912 Salvator
2678 4857 2732 4911 in
2754 4856 3049 4928 Erangelio
3076 4852 3153 4912 ait
3178 4872 3193 4910 :
3231 4874 3251 4908 ε
3284 4857 3480 4912 Sermo

1896 4966 2058 5023 quem
2083 4950 2295 5009 locutus
2344 4964 2466 5007 sum
2491 4949 2669 5019 vobis,
2700 4951 2815 5023 ipSe
2834 4949 3103 5021 iudicabit
3139 4966 3261 5007 eum
3307 4949 3363 5005 in
3386 4960 3481 5005 no-

1895 5045 2118 5102 vissimo
2144 5044 2251 5101 die.
2286 5060 2307 5099 ι

2491 5132 2719 5195 CAPUT
2755 5130 2893 5195 XVI.

1899 5228 2055 5297 Quod
2067 5228 2279 5302 judicia
2308 5229 2541 5301 diﬂicilia
2567 5226 2637 5286 ad
2662 5234 2957 5287 sacerdotes
2980 5230 3247 5302 referenda
3281 5229 3408 5293 sint,
3431 5236 3480 5282 et

2116 5303 2255 5373 quod
2280 5300 2634 5359 inobedientes
2669 5312 2835 5358 morte
2862 5300 3124 5358 multandi
3144 5300 3271 5354 sint.
3344 5332 3349 5337 ι

1971 5410 2122 5489 (αλιι.
2152 5413 2310 5488 xvii.)
2345 5430 2365 5468 ‹
2404 5409 2461 5472 Si
2508 5414 2722 5474 diiiicile
2775 5426 2830 5472 et
2885 5415 3194 5485 ambiguum
3242 5408 3378 5482 apud
3418 5418 3479 5467 te

1904 5524 1923 5560 ε
1954 5504 2217 5577 iudicium
2247 5516 2367 5564 esse
2386 5510 2730 5580 perspexeris
2758 5506 2901 5562 inter
2921 5505 3240 5577 sanguinem
3268 5508 3325 5557 et
3350 5504 3480 5557 san-

1870 5614 1874 5619 ·
1905 5616 1925 5652 ι
1954 5598 2193 5671 guinem,
2221 5611 2443 5657 causam
2463 5610 2520 5658 et
2543 5608 2785 5663 causam,
2812 5598 3017 5666 lepram
3039 5603 3093 5651 et
3118 5610 3225 5650 non
3251 5592 3477 5663 lepraln,

1904 5706 1923 5743 ‹
1955 5699 2010 5747 et
2049 5689 2295 5760 iudicum
2330 5688 2473 5747 intra
2523 5694 2708 5761 poi-tas
2765 5695 2884 5743 tuas
2931 5685 3134 5744 videris
3168 5684 3334 5742 verba
3384 5700 3479 5741 va-

1904 5803 1924 5840 ι
1955 5780 2112 5853 riari,
2143 5798 2303 5858 surge
2353 5790 2411 5842 et
2463 5780 2699 5840 ascende
2737 5776 2808 5838 ad
2837 5780 3014 5837 locum
3051 5792 3217 5852 quem
3252 5776 3482 5864 eleserit
