3930 6344
450 330 560 392 θῶ

1082 321 1146 378 Β.
1185 317 1441 380 MBAN
1478 314 1697 374 MAURI
1732 313 2054 374 ARCHIEP.
2091 308 2400 370 MOGUNT.
2440 306 2727 366 OPERUM
2767 303 2944 362 PARS
2972 303 3017 361 I.

3599 301 3722 359 90‘

457 463 480 500 ε
507 441 767 502 Dominus
791 437 935 493 Deus
975 443 1129 502 tuus;
1164 436 1456 507 veniesque
1499 435 1568 490 ad
1597 432 1905 489 sacerdotes
1927 429 2031 484 Le-
2055 428 2109 490 Α
2131 427 2241 482 ait:
2267 424 2384 480 Non
2409 422 2786 494 multiplicabit
2815 420 2918 476 sibi
2945 429 3175 484 uxores,
3211 423 3276 472 ut
3312 429 3423 472 non
3470 414 3722 474 discedat

458 550 480 586 ι
510 531 658 586 vitici
681 527 913 602 generis,
941 536 996 580 et
1017 527 1084 582 ad
1117 523 1356 595 judicem
1382 525 1474 595 qui
1505 522 1667 579 fuerit
1689 521 1778 576 illo
1812 521 1866 574 in
1890 528 2027 573 tem-

457 641 479 676 ι
511 636 672 693 pore;
717 633 1035 690 quaeresque
1064 617 1132 672 ab
1173 617 1253 672 eis
1300 616 1391 686 qui
1428 615 1740 670 indicabunt
1767 613 1860 667 tibi
1884 610 2030 681 judi-

459 733 479 766 ι
511 713 582 769 cii
611 712 928 776 veritatem;
971 717 1028 764 et
1058 707 1224 762 facies
1249 707 1608 777 quodcunque
1653 703 1889 768 dixerit,
1935 701 2029 772 qui

458 826 478 860 ι
513 814 752 878 praesunt
789 803 908 858 loco
950 816 1111 872 quem
1161 800 1384 871 elegerit
1408 799 1666 855 Dominus
1690 837 1704 864 ,
1752 806 1807 852 et
1835 797 2030 851 docue-

457 916 479 950 ‹
511 903 640 951 runt
664 893 890 963 tejuxta
924 893 1097 964 legem
1145 891 1280 960 ejus,
1307 899 1412 946 etc.
1447 910 1467 944 ι
1521 889 1634 943 Hac
1659 887 1928 944 sententia
1954 887 2030 941 le~

451 987 678 1060 gislator
719 986 883 1041 ritum
937 983 1091 1038 docet
1120 980 1470 1038 ecclesiastici
1517 979 1825 1043 ministerii,
1855 986 1914 1034 ut
1946 993 2032 1034 sa-

452 1078 702 1133 cerdotes
742 1084 797 1130 et
829 1072 1088 1144 praesules
1133 1071 1500 1127 Ecclesiarum
1549 1069 1668 1135 Dei,
1693 1068 1896 1138 judicia
1937 1083 2029 1124 ec-

453 1165 755 1224 clesiastica
787 1164 1080 1220 secundum
1124 1170 1451 1234 potestatem
1501 1163 1603 1217 sibi
1631 1162 1816 1216 datam
1863 1177 1894 1214 a
1919 1160 2031 1215 Deo

455 1267 767 1316 reverenter
787 1265 951 1327 agant
969 1255 1223 1325 justeque
1248 1255 1560 1310 discernant
1588 1271 1779 1310 causas
1799 1261 1855 1309 et
1881 1261 2034 1310 actus

454 1348 806 1421 singulorum.
846 1345 959 1401 Hoc
986 1347 1223 1401 maxime
1250 1347 1613 1412 commendat,
1645 1355 1705 1400 ut
1733 1346 1848 1415 ipsa
1888 1344 2034 1415 judi—

453 1440 536 1494 cia
563 1453 669 1492 non
701 1436 996 1491 secundum
1021 1452 1119 1492 sua
1137 1436 1306 1493 libera
1339 1437 1585 1507 quisque,
1615 1437 1710 1492 sed
1739 1437 2034 1492 secundum

454 1529 586 1599 legis
614 1528 826 1583 Domini
856 1543 1016 1598 agere
1044 1529 1259 1583 studeat
1282 1529 1526 1594 decreta;
1560 1543 1659 1584 nec
1693 1530 1762 1584 ob
1804 1528 2034 1600 gratiam

452 1620 566 1675 sive
602 1617 855 1686 injuriam
884 1617 1172 1687 cujuslibet
1221 1620 1564 1691 suscipiendo
1611 1636 1896 1692 personam
1917 1636 2036 1676 niu-

455 1718 534 1765 tet
557 1710 904 1775 sententiam,
934 1711 1028 1765 sed
1070 1709 1130 1766 in
1172 1711 1423 1766 omnibus
1462 1714 1623 1767 rebus
1655 1712 1788 1784 legis
1817 1713 2032 1768 Domini

2128 534 2223 574 cor
2269 517 2415 587 ejus;
2461 524 2515 572 et
2553 521 2834 586 argentum
2860 519 2916 567 et
2951 525 3144 565 aurum
3188 525 3298 564 non
3335 507 3725 579 multiplicabit

2127 612 2228 667 sibi
2262 611 2437 665 valde.
2481 608 2634 664 Unde
2669 605 2931 678 qumritur
2971 611 3152 660 utrum
3174 601 3346 658 David
3389 609 3587 657 contra
3617 601 3722 659 hoc

2125 711 2453 774 praeceptum
2476 716 2583 756 non
2614 698 2823 764 fecerit,
2850 712 2958 752 non
2981 695 3128 752 enim
3157 709 3321 748 unam
3351 693 3550 750 habuit
3588 709 3723 751 uxo-

2129 811 2264 852 rem.
2297 795 2430 848 Nam
2460 795 2526 849 de
2553 792 2841 848 Salomone
2874 787 3225 844 manifestum
3252 795 3339 841 est
3360 787 3511 858 quod
3543 795 3722 842 trans-

2127 901 2346 958 gressus
2386 885 2547 941 fuerit
2573 886 2675 940 hoc
2705 893 3053 954 praeceptum,
3081 888 3136 934 et
3175 880 3229 934 in
3275 878 3517 943 feminis,
3558 888 3617 933 et
3669 880 3720 937 in

2131 992 2286 1042 auro,
2315 984 2370 1030 et
2393 976 2448 1031 in
2479 984 2722 1046 argento.
2747 973 2854 1028 Sed
2878 973 3010 1027 hinc
3034 972 3214 1042 potius
3235 970 3563 1041 intelligitur
3597 987 3717 1043 per-

2131 1070 2355 1126 missum
2369 1069 2532 1123 fuisse
2545 1067 2777 1137 regibus,
2793 1073 2855 1120 ut
2871 1064 3054 1136 plures
3069 1063 3332 1118 haberent
3345 1078 3517 1134 quam
3538 1079 3713 1118 unam.

2133 1160 2487 1230 Multiplicare
2509 1159 2652 1214 enim
2672 1156 2931 1228 prohibiti
2957 1163 3116 1220 sunt;
3145 1170 3266 1224 qua:
3303 1153 3606 1223 prohibitio
3621 1169 3714 1208 non

2133 1253 2297 1309 habet
2324 1250 2832 1322 transgressionem,
2862 1247 2910 1304 si
2955 1261 3141 1318 paucae
3170 1245 3400 1311 fuerint,
3446 1245 3591 1300 sicut
3623 1247 3717 1300 Da-

2133 1344 2224 1399 vid
2273 1344 2527 1410 fuerunt,
2585 1358 2694 1398 non
2755 1348 2936 1397 autem
2995 1339 3177 1394 multae
3234 1339 3378 1394 sicut
3427 1337 3714 1393 Salomon:

2135 1436 2382 1507 quamvis
2402 1451 2525 1492 cum
2547 1435 2772 1502 addidit,
2811 1453 2830 1485 ‹
2863 1443 2923 1489 ιιι
2966 1449 3074 1489 non
3112 1432 3360 1488 discedat
3391 1447 3485 1486 cor
3519 1431 3661 1499 ejus,
3699 1450 3716 1484 ι

2135 1529 2239 1585 hoc
2259 1530 2432 1600 magis
2455 1527 2668 1582 videtur
2692 1526 3044 1598 przecepisse,
3067 1541 3136 1580 ne
3161 1523 3570 1594 multiplicando
3596 1539 3723 1594 per-

2136 1620 2317 1675 veniat
2353 1619 2421 1674 ad
2457 1619 2786 1690 alienigenas
2832 1617 3086 1681 feminas,
3125 1630 3224 1687 per
3253 1631 3394 1686 quas
3420 1614 3613 1670 factum
3637 1624 3721 1670 est

2137 1710 2191 1766 in
2219 1711 2526 1777 Salomone,
2560 1718 2618 1764 ut
2643 1709 2943 1766 discederet
2963 1723 3058 1764 cor
3087 1707 3205 1778 ejus
3233 1723 3264 1761 a
3290 1707 3422 1764 Deo.
3472 1707 3719 1777 Multipli-

453 1800 707 1855 observet
758 1798 1047 1868 justitiam.
1090 1801 1156 1856 Et
1199 1802 1326 1872 quia
1376 1817 1598 1858 necesse
1626 1812 1709 1858 est
1735 1811 1795 1858 ut
1839 1802 2039 1860 subditi
2069 1794 2116 1856 B
2142 1801 2283 1856 catio
2311 1808 2492 1856 tamen
2541 1800 2863 1871 generaliter
2886 1800 2961 1854 ita
3007 1788 3279 1870 prohibita
3313 1807 3433 1864 est,
3471 1807 3534 1853 ut
3567 1800 3718 1854 etiam

455 1905 670 1960 quoque
711 1889 1092 1961 magistrorum
1137 1893 1479 1948 consentiant
1504 1893 1828 1962 disciplinae,
1857 1894 2042 1948 inobe-

457 1981 727 2036 dientibus
754 1997 817 2036 ac
839 1982 1274 2052 superbientibus
1295 1999 1421 2039 mox
1451 2001 1570 2055 qua:
1597 2000 1692 2041 eos
1713 1985 2042 2053 obsequatur

457 2086 638 2142 poena,
664 2073 1000 2128 demonstrat
1021 2073 1242 2131 dicens:
1283 2093 1301 2126 ι
1335 2074 1438 2140 Qui
1476 2083 1658 2131 autem
1715 2073 2043 2144 superbierit

464 2181 484 2215 ι
523 2163 711 2219 nolens
739 2165 960 2221 obedire
987 2166 1284 2222 sacerdotis
1309 2167 1555 2237 imperio,
1580 2167 1672 2236 qui
1710 2182 1774 2221 eo
1802 2176 2044 2236 tempore

466 2273 486 2307 ι
517 2255 791 2311 ministrat
833 2255 1062 2311 Domino
1087 2257 1198 2312 Deo
1234 2265 1345 2324 tuo,
1375 2258 1590 2313 decreto
1625 2257 1822 2326 judicis
1848 2257 2046 2312 morie-

469 2365 488 2398 ι
521 2355 610 2402 tur
625 2349 711 2403 ille
727 2367 740 2402 :
756 2356 812 2404 et
836 2349 1047 2404 auferes
1069 2350 1267 2404 malum
1293 2351 1358 2404 de
1380 2349 1558 2404 medio
1580 2351 1750 2415 tui,et
1769 2349 1995 2420 reliqua.
2017 2369 2037 2402 υ

461 2441 742 2510 Morietur,
770 2444 964 2513 inquit,
995 2446 1181 2511 homo,
1209 2447 1300 2516 qui
1327 2447 1547 2502 obedire
1574 2447 1807 2502 noluerit
1858 2462 2041 2503 sacer-

465 2535 606 2590 dotis
637 2536 904 2606 imperio:
934 2538 1100 2607 ipsius
1148 2540 1398 2595 videlicet
1439 2542 1735 2596 sacerdotis
1783 2540 2042 2611 imperio,

462 2627 557 2696 qui
588 2629 882 2683 secundum
903 2630 1150 2685 ordinem
1175 2631 1565 2688 Melchisedech
1592 2633 1846 2688 sacerdos
1868 2631 2044 2687 factus

462 2715 520 2771 in
557 2725 838 2784 aeternum,
863 2726 1110 2787 pastores
1130 2760 1145 2784 ,
1186 2721 1290 2776 hoc
1311 2732 1416 2788 est,
1445 2723 1676 2778 vicarios
1701 2738 1827 2778 suos
1846 2722 2047 2777 consti-

463 2807 568 2861 tuit
607 2823 794 2879 regere
842 2808 1144 2866 Ecclesiam
1203 2828 1366 2881 quam
1433 2814 1723 2884 acquisivit
1787 2815 2046 2884 sanguine

463 2912 583 2963 suo,
607 2907 667 2952 ut
694 2915 793 2969 pro
813 2900 930 2970 ipso
963 2900 1225 2972 legatione
1247 2902 1414 2958 functi
1444 2903 1790 2974 Evangelium
1835 2904 1892 2958 in
1931 2911 2045 2958 toto

463 2989 596 3043 orbe
616 2990 992 3059 praedicarent.
1026 2991 1128 3058 Qui
1152 3003 1368 3063 quanta:
1396 2996 1735 3050 auctoritatis
1782 2996 1890 3050 sint
1931 2994 2046 3063 ipse

463 3080 796 3137 demonstrat
828 3084 1054 3139 dicens:
1100 3103 1119 3135 ‹
1165 3085 1266 3152 Qui
1310 3101 1407 3141 vos
1436 3087 1607 3152 audit,
1659 3102 1747 3142 me
1775 3087 1960 3152 audit;
1991 3093 2048 3142 et

2144 1894 2191 1949 si
2221 1909 2288 1948 ex
2326 1891 2566 1948 Hebrzeis
2611 1891 2739 1947 solis
2764 1907 2857 1947 eas
2901 1889 3341 1961 multiplicasset,
3396 1899 3587 1945 contra
3626 1891 3716 1948 hoc

2143 1995 2471 2056 praeceptum
2500 1983 2695 2040 fecisse
2724 1984 2922 2038 merito
2947 1983 3102 2054 argui
3143 1990 3345 2052 posset.
3377 1983 3536 2048 Quod
3552 1992 3715 2038 autem

2144 2077 2330 2147 utique
2371 2075 2845 2131 Deuteronomium
2879 2076 2930 2130 ei
2981 2075 3143 2130 scribi
3168 2073 3344 2144 jubet,
3375 2084 3434 2129 et
3457 2075 3563 2146 legi
3611 2091 3714 2130 om-

2145 2169 2308 2224 nibus
2345 2168 2558 2233 diebus,
2589 2167 2827 2223 ostendit
2849 2182 2973 2223 eum
3001 2182 3108 2222 non
3140 2167 3510 2236 superbiendo
3532 2183 3621 2222 sua
3644 2182 3716 2223 se-

2145 2259 2237 2328 qui
2266 2259 2465 2315 debere
2513 2257 2684 2326 libita,
2709 2258 2804 2315 sed
2827 2259 3106 2314 humiliter
3131 2259 3315 2315 divina
3336 2273 3555 2316 servare
3587 2275 3715 2332 pras-

2145 2359 2322 2421 cepta.

2709 2444 2936 2502 CAPUT
2974 2444 3157 2502 XVIII.

2143 2558 2223 2615 De
2252 2561 2606 2615 sacerdotibus
2642 2569 2691 2614 et
2718 2558 2931 2624 Levitis,
2977 2561 3119 2631 quod
3161 2577 3265 2615 non
3292 2561 3514 2616 debeant
3551 2563 3716 2616 habere

2213 2632 2558 2700 possessiones
2609 2647 2672 2684 ac
2713 2640 2877 2684 sortes
2915 2648 3039 2684 suas
3088 2631 3226 2684 inter
3281 2642 3502 2688 caeteras
3545 2633 3713 2696 tribus,

2216 2699 2306 2754 sed
2328 2700 2725 2755 dilatationibus
2748 2699 2958 2755 Domini
2985 2702 3291 2756 sustentati.

2225 2810 2376 2882 (CAP.
2404 2812 2582 2873 xvut.)
2616 2831 2635 2863 ι
2657 2811 2774 2869 Non
2817 2813 3093 2869 habebunt
3115 2814 3426 2870 sacerdotes
3450 2825 3504 2870 et
3531 2816 3722 2871 Levita:

2152 2920 2172 2954 ‹
2202 2919 2410 2970 omnes,
2439 2907 2531 2976 qui
2561 2907 2626 2962 de
2661 2906 2850 2962 eadem
2880 2905 3022 2959 tribu
3053 2915 3198 2971 sunt,
3226 2916 3439 2976 partem
3480 2916 3535 2962 et
3560 2909 3721 2962 haere-

2153 3015 2174 3048 ι
2208 2998 2433 3053 ditatem
2457 3015 2579 3055 cum
2619 3000 2826 3070 reliquo
2855 2999 3040 3067 Israel,
3068 3001 3195 3070 quia
3219 3001 3486 3056 sacrificia
3527 2999 3722 3054 Domini

2157 3107 2175 3141 ι
2217 3099 2272 3145 et
2297 3091 2599 3146 oblationes
2621 3091 2737 3162 ejus
2763 3091 3070 3156 comedent,
3122 3102 3178 3145 et
3225 3092 3358 3146 nihil
3409 3091 3555 3146 aliud
3600 3090 3725 3144 acci—

463 3172 556 3242 qui
582 3188 679 3228 vos
703 3175 928 3244 spernit,
963 3190 1051 3230 me
1089 3177 1313 3245 spernit.
1342 3177 1444 3244 Qui
1469 3186 1653 3232 autem
1699 3192 1786 3231 me
1821 3176 2044 3246 spernit,
2075 3154 2120 3218 C
2157 3180 2360 3248 r-pient
2400 3180 2467 3234 de
2511 3181 2853 3250 possessione
2913 3178 3143 3235 fratrum
3193 3197 3438 3237 suorum.
3489 3180 3728 3236 Dominus

465 3267 676 3336 spernit
719 3283 844 3321 eum
871 3269 963 3337 qui
1004 3285 1090 3323 me
1117 3271 1267 3324 misit
1301 3269 1464 3342 (Luc.
1511 3269 1602 3339 ι).
1652 3289 1670 3322 ι
1707 3269 1938 3338 Dignum
1964 3275 2051 3324 est

467 3372 619 3428 ergo,
641 3365 700 3410 ut
721 3373 830 3412 sua:
858 3360 1215 3415 damnationis
1265 3362 1496 3430 accipiat
1543 3361 1864 3416 sententiam
1888 3400 1904 3427 ,
1955 3357 2050 3429 qui

468 3461 578 3502 non
602 3448 795 3502 metuit
823 3457 1169 3505 contemnere
1190 3451 1496 3506 Divinitatis
1517 3450 1834 3521 potentiam.

1059 3563 1286 3619 CAPUT
1328 3562 1488 3619 XVII.

465 3656 545 3714 De
573 3657 933 3714 constituendo
976 3672 1090 3726 rege
1136 3671 1292 3726 super
1339 3653 1610 3726 Israelitas
1656 3672 1688 3708 a
1735 3655 1957 3724 propriis
1998 3660 2049 3708 et

679 3745 785 3782 non
811 3728 874 3780 ab
905 3725 1148 3791 externis,
1177 3736 1223 3780 et
1239 3725 1361 3794 jure
1385 3727 1518 3796 regis
1544 3725 1794 3796 legitimo.

542 3818 720 3891 (Imm)
752 3835 771 3868 ‹
816 3818 951 3872 Cum
985 3819 1262 3888 ingressus
1301 3816 1470 3872 fueris
1524 3827 1722 3870 terram
1748 3830 1910 3884 quam
1946 3814 2051 3869 Do-

472 3927 497 3964 ι
523 3912 703 3967 minus
730 3911 873 3964 Deus
901 3917 1026 3970 tuus
1053 3909 1201 3964 dabit
1231 3909 1346 3974 tibi,
1371 3916 1426 3963 et
1450 3908 1754 3978 possederis
1781 3922 1921 3972 eam,
1952 3907 2051 3960 ha-

476 4021 498 4055 c
529 4002 893 4071 bitaverisque
940 4001 995 4054 in
1023 3999 1131 4066 illa,
1171 4007 1228 4054 et
1247 3999 1490 4056 dixeris:
1521 3998 1858 4055 Constituam
1888 4012 2050 4068 super

477 4114 498 4148 ι
531 4111 618 4150 me
644 4109 844 4164 regem,
876 4093 1016 4148 sicut
1039 4093 1242 4147 habent
1281 4108 1470 4148 omnes
1517 4107 1616 4162 per
1643 4091 1928 4146 circuitum
1953 4106 2050 4146 na-

478 4203 498 4235 ι
535 4185 734 4247 tiones,
758 4197 883 4236 eum
925 4185 1242 4248 constitues,
1266 4199 1429 4252 quem
1475 4184 1735 4238 Dominus
1761 4184 1904 4239 Deus
1926 4190 2050 4238 tuus

481 4295 500 4326 ι
534 4276 758 4344 elegerit
796 4274 862 4330 de
897 4289 1124 4328 numero
1163 4274 1392 4329 fratrum
1422 4283 1656 4329 tuorum.
1687 4275 1804 4330 Non
1850 4274 2052 4345 poteris

481 4389 501 4424 ι
540 4370 763 4426 alterius
801 4367 978 4440 gentis
1026 4367 1300 4423 hominem
1346 4383 1529 4437 regem
1573 4367 1756 4422 facere
1803 4369 1896 4438 qui
1945 4383 2052 4422 non

481 4481 500 4516 ι
538 4463 609 4519 sit
635 4461 804 4518 frater
834 4469 977 4515 tuus.
1010 4479 1030 4512 ›
1059 4458 1238 4526 Quaeri
1273 4465 1452 4529 potest
1472 4473 1570 4512 cur
1596 4458 1933 4529 displicuerit
1952 4473 2052 4528 po-

473 4555 631 4625 pulus
653 4555 782 4620 Deo,
818 4552 1033 4624 quando
1063 4566 1243 4623 regem
1279 4550 1646 4619 desideravit,
1695 4567 1818 4607 cum
1843 4553 1931 4606 hic
1969 4553 2052 4608 in-
2075 4530 2130 4591 Ῑ)

473 4645 722 4699 veniatur
747 4660 868 4700 esse
923 4644 1236 4715 permissus.
1279 4642 1382 4698 Sed
1412 4643 1580 4714 magis
1629 4644 1718 4699 hic
1751 4643 2054 4716 intelligen-

477 4735 606 4790 dum
630 4741 714 4788 est
754 4734 978 4801 merito,
1019 4752 1127 4792 non
1172 4736 1338 4790 fuisse
1382 4735 1677 4790 secundum
1720 4735 2052 4793 voluntatem

477 4828 598 4894 Dei,
623 4827 750 4897 quia
790 4827 906 4882 fieri
931 4829 1033 4884 hoc
1062 4845 1169 4885 non
1197 4830 1468 4900 praecepit,
1498 4830 1592 4885 sed
1618 4829 2054 4888 desiderantibus

474 4920 752 4992 permisit;
789 4928 1160 4976 verumtamen
1206 4923 1482 4992 praecepit,
1507 4937 1574 4976 ne
1629 4923 1784 4978 fieret
1813 4922 2051 4989 alienus,

476 5014 573 5069 sed
602 5013 793 5078 frater,
823 5011 878 5065 id
905 5019 1006 5077 est,
1029 5027 1096 5066 ex
1140 5015 1328 5068 eodem
1364 5015 1561 5086 populo
1605 5015 1854 5084 indigena
1876 5054 1890 5079 ,
1949 5031 2055 5069 non

477 5103 796 5175 alienigena.
815 5101 967 5170 Quod
990 5119 1096 5156 non
1121 5106 1338 5173 poteris,
1368 5105 1772 5178 intelligendum
1801 5113 1885 5161 est
1913 5121 2056 5160 :non

478 5195 718 5251 debebis.
758 5213 776 5246 ι
804 5193 1048 5265 Cumque
1090 5195 1252 5251 fuerit
1279 5193 1623 5265 constitutus,
1653 5215 1760 5254 non
1799 5197 2058 5268 multipli-

483 5303 505 5338 ε
533 5287 678 5342 cabit
703 5287 806 5344 sibi
823 5301 1010 5358 equos,
1033 5301 1136 5342 nec
1162 5286 1382 5344 reducet
1403 5291 1660 5361 p0pulum
1686 5291 1740 5345 in
1762 5289 2056 5363 ngyptum

483 5393 504 5428 ι
539 5377 814 5447 equitatus
840 5393 1066 5434 numero
1085 5377 1417 5445 sublevatus,
1437 5382 1739 5449 praesertim
1771 5397 1895 5437 cum
1915 5396 2055 5452 prae-

485 5481 505 5518 ι
535 5468 740 5538 ceperit
775 5469 951 5536 vobis,
972 5478 1034 5524 ut
1057 5484 1397 5540 nequaquam
1421 5471 1652 5541 amplius
1676 5488 1773 5542 per
1811 5474 2054 5528 eamdem

485 5573 508 5611 ι
537 5560 683 5616 viam
719 5563 1084 5619 revertamini.
1121 5563 1239 5620 Non
1285 5561 1506 5618 habebit
1535 5580 1732 5619 uxores
1761 5565 2016 5634 plurimas
2037 5605 2054 5633 ,

487 5667 512 5706 ι
541 5670 662 5726 qua:
689 5656 912 5712 illiciant
939 5657 1179 5712 animum
1209 5657 1327 5729 ejus
1351 5695 1367 5722 ,
1409 5670 1583 5724 neque
1605 5655 1814 5725 argenti
1859 5665 1916 5711 et
1936 5655 2057 5711 auri

472 5757 514 5804 ι
545 5742 803 5804 immensa
827 5749 1084 5818 pondera,
1107 5757 1215 5806 etc.
1245 5768 1264 5802 ι
1286 5749 1380 5829 ‘Dc
1413 5761 1541 5819 rege
1584 5761 1708 5804 cum
1748 5747 2058 5821 loqueretur

2157 3286 2177 3320 ‹
2212 3269 2356 3323 enim
2392 3269 2508 3342 ipse
2557 3277 2639 3326 est
2672 3271 2960 3327 hereditas
2987 3287 3200 3338 eorum,
3231 3275 3373 3328 sicut
3407 3273 3620 3328 locutus
3656 3278 3731 3326 est

2162 3380 2180 3414 ι
2215 3361 2338 3416 illis.
2374 3383 2393 3415 ι
2424 3363 2493 3418 Et
2523 3364 2575 3417 in
2591 3363 2772 3420 Veteri
2795 3373 2850 3419 et
2869 3366 2920 3419 in
2936 3364 3088 3419 Novo
3104 3365 3454 3422 Testamento
3469 3365 3724 3421 ministris

2151 3453 2338 3508 altaris
2367 3461 2422 3508 et
2449 3455 2803 3510 servitoribus
2825 3455 3009 3526 templi
3041 3457 3252 3512 Domini
3281 3459 3604 3514 mandatum
3637 3466 3732 3523 est,

2151 3545 2217 3601 de
2245 3546 2576 3602 oblationum
2605 3545 2855 3618 largitate
2905 3556 2959 3602 et
3008 3547 3338 3603 decimarum
3382 3547 3517 3604 dato
3568 3547 3736 3602 nutri-

2151 3644 2392 3690 mentum
2414 3637 2635 3702 habere,
2660 3651 2762 3691 nec
2787 3637 3020 3692 terrenis
3051 3637 3472 3708 possessionibus
3507 3651 3739 3690 conces-

2151 3742 2271 3782 sum
2291 3736 2374 3782 est
2403 3727 2482 3782 eis
2507 3726 2896 3799 adipiscendis,
2949 3727 3051 3782 ullo
3096 3725 3249 3780 modo
3291 3724 3527 3777 inhiare.
3578 3723 3742 3779 Unde

2151 3822 2411 3880 Dominus
2465 3825 2520 3878 in
2564 3823 2855 3895 Evangelia
2895 3819 3144 3892 apostolis
3187 3827 3238 3873 et
3273 3815 3740 3887 praedicatoribus

2153 3915 2430 3988 Evangelii
2481 3917 2760 3987 praecepit,
2793 3916 2978 3971 dicens
3004 3933 3015 3968 :
3059 3932 3078 3965 ‹
3109 3912 3305 3967 Euntes
3334 3919 3525 3964 autem
3552 3909 3736 3979 praedi-

2154 4016 2272 4064 cate
2292 4008 2552 4073 dicentes,
2576 4009 2703 4078 quia
2724 4004 3174 4078 appr0pinquavit
3202 4016 3425 4073 regnum
3453 4000 3727 4056 cmlorum.

2152 4099 2400 4156 Infirmos
2431 4107 2650 4163 curate,
2705 4107 2949 4154 mortuos
2978 4095 3268 4160 suscitate,
3316 4091 3552 4162 leprosos
3580 4104 3730 4142 mun-

2153 4193 2300 4257 date,
2323 4191 2594 4247 daemones
2624 4189 2802 4260 ejicite
2832 4209 2844 4244 :
2878 4189 3049 4262 gratis
3075 4185 3384 4258 accepistis,
3408 4182 3578 4255 gratis
3598 4181 3730 4235 date.

2152 4282 2328 4340 Nolite
2365 4283 2644 4353 possidere
2692 4297 2885 4336 aurum
2929 4291 2985 4336 et
3021 4289 3324 4351 argentum,
3364 4290 3541 4344 neque
3581 4287 3731 4343 pecu-

2153 4378 2298 4432 niam
2329 4378 2386 4432 in
2427 4377 2579 4432 zonis
2607 4376 2823 4441 vestris,
2855 4391 2963 4430 non
2988 4388 3175 4444 peram
3204 4372 3259 4424 in
3285 4370 3589 4438 via,neque
3615 4366 3731 4419 duas

2157 4471 2386 4537 tunicas,
2413 4485 2588 4540 neque
2623 4468 3010 4531 calceamenta,
3044 4479 3219 4534 neque
3267 4461 3499 4532 virgam.
3549 4459 3730 4527 Dignus

2153 4569 2236 4618 est
2260 4561 2403 4616 enim
2425 4561 2706 4632 operarius
2732 4558 2980 4614 mercede
3006 4553 3218 4622 sua,vel
3240 4552 3362 4607 cibo
3387 4567 3490 4606 suo
3516 4547 3718 4619 (Manli.

2154 4650 2230 4722 ιι).
2266 4671 2283 4702 ι
2341 4649 2478 4704 Ilinc
2522 4648 2718 4702 Paulus
2766 4645 3061 4702 Corinthiis
3103 4643 3374 4713 loquens:
3421 4659 3440 4690 ι
3481 4637 3726 4698 Nescitis,

2155 4742 2348 4812 inquit,
2379 4741 2632 4811 quoniam
2664 4738 2754 4809 qui
2780 4739 2836 4792 in
2884 4737 3126 4792 sacrario
3152 4741 3481 4804 operantur,
3534 4745 3650 4799 qua:
3673 4726 3726 4780 de

2155 4837 2394 4890 sacrario
2423 4841 2549 4889 sunt
2593 4831 2793 4886 edunt?
2849 4837 2903 4884 et
2930 4829 3023 4898 qui
3067 4826 3227 4882 altari
3256 4824 3594 4886 deserviunt,
3623 4833 3727 4874 cum

2153 4927 2311 4982 altari
2341 4923 2770 4995 participantur?
2817 4921 2892 4976 Ita
2947 4930 3004 4976 et
3048 4919 3308 4974 Dominus
3351 4915 3626 4972 ordinavit
3658 4911 3728 4965 his

2157 5017 2249 5086 qui
2274 5015 2620 5085 Evangelium
2671 5012 3010 5074 annuntiant,
3042 5012 3107 5066 de
3159 5006 3455 5079 Evangelio
3480 5008 3674 5060 vivere.
3708 5019 3725 5050 ι

2157 5106 2295 5162 Hinc
2319 5115 2376 5161 et
2406 5106 2473 5160 ad
2502 5105 2846 5160 Timotheum
2906 5103 3151 5159 scribens
3189 5102 3302 5156 ait:
3338 5119 3357 5150 ι
3396 5098 3572 5153 Nemo
3607 5093 3733 5151 mili-

2159 5210 2279 5255 tans
2309 5199 2441 5263 Deo,
2470 5197 2708 5266 implicet
2741 5212 2800 5253 se
2820 5195 3048 5266 negotiis
3069 5193 3443 5258 saecularibus,
3469 5200 3530 5246 ut
3550 5190 3600 5244 ei
3628 5187 3732 5259 pla-

2157 5299 2276 5348 ceat
2313 5291 2403 5346 cui
2435 5305 2493 5346 se
2514 5289 2786 5360 probavit.
2838 5288 2974 5342 Nam
3019 5296 3074 5342 et
3102 5286 3194 5357 qui
3241 5295 3416 5343 certat
3455 5285 3511 5339 in
3547 5295 3730 5353 agone.

2157 5396 2266 5436 non
2299 5388 2613 5446 coronatur,
2638 5379 2744 5434 nisi
2773 5378 3015 5446 legitime
3041 5378 3354 5434 certaverit.
3385 5375 3733 5430 Laborantein

2156 5473 2301 5527 enim
2332 5472 2623 5544 agricolam
2672 5479 2884 5542 Oportet
2917 5470 3153 5540 primum
3199 5469 3266 5524 de
3313 5468 3585 5522 fructibus
3613 5461 3737 5519 acci-

2157 5580 2285 5634 pere
2309 5564 2392 5634 (II
2425 5563 2558 5618 Tim.
2586 5562 2670 5634 ιι).
2717 5584 2735 5614 ι
2770 5562 2880 5618 Nec
2913 5561 3242 5618 conveniens
3265 5562 3412 5616 enim
3441 5569 3550 5625 est,
3572 5566 3632 5611 ut
3661 5554 3734 5609 ille

2159 5670 2322 5727 quam
2345 5662 2556 5723 oportet
2577 5669 2792 5723 semper
2813 5661 2992 5708 astare
3016 5652 3220 5717 divino,
3247 5652 3390 5722 quod
3415 5645 3732 5721 acquirendo

2109 5819 2112 5828 Ι
2160 5754 2456 5820 OCCUpetur
2505 5753 2730 5828 terreno;
2774 5745 2946 5828 lucro.
2973 5743 3259 5828 “Dominus
3304 5744 3453 5802 enim
3507 5743 3624 5814 ipse
3663 5744 3734 5794 est
