3930 6344
161 276 251 342 905
910 266 1363 369 ιΕΝᾼῙξῙΈᾼΤῙΩ
1395 265 2279 373 θυιδββηυξειξτξιιοκρμευμ-
2306 272 2559 369 ,τηρῇ
2580 272 2649 363 λίς
2695 342 2705 371 ι
2786 332 2805 339 --

159 362 448 456 ιιεέιιθᾱὶιθε,
476 388 570 465 qui
602 388 707 471 sibi
734 370 927 467 devote
972 396 1030 446 et
1066 356 1333 445 instanter
1366 387 1721 465 _deserviunt,
1750 360 2094 489 Armationee
2122 398 2178 447 et
2219 366 2577 464 primogenita
2612 393 2983 483 debebantur,
3010 390 3229 489 E’tlideo

158 462 245 541 nec
271 476 472 552 aliquid
492 456 585 534 illi:
603 460 790 535 deesse
804 459 1008 551 potest,
1034 480 1124 548 qui
1158 478 1338 534 omnia
1356 458 1727 549 possidentem
1804 456 1827 499 ί
1825 464 2117 536 secundum
2155 478 2412 543 familiam
2443 486 2545 539 hoc
2570 482 2754 569 deberi
2776 464 2983 539 chi'tm
3001 474 3023 550 ,’
3054 456 3441 577 quoniam!

155 563 393 647 possidet.
432 590 451 622 ι
485 569 601 626 Hoc
628 566 734 626 erit
768 560 1033 640 judicium
1076 560 1435 626 'sacerdotum‘
1467 586 1497 624 a
1524 569 1724 641 populo

159 684 177 718 ι
206 673 253 721 et
278 665 343 719 ab
368 664 456 720 his
486 663 580 735 qui
605 660 845 749 oﬁerunt’
872 663 1120 719 victimas
1145 706 1159 731 ,
1213 664 1327 719 sive
1364 678 1578 731 novem,
1610 665 1724 720 sive
1760 658 1771 761 Ἰ

159 772 347 814 iovem
396 740 1082 823 immolaverintfdabunt
1124 755 1393 819 sacerdoti
1430 772 1641 811 armum
1670 764 1725 812 et

156 868 173 903 ι
203 846 574 917 ventriculum,
606 846 876 922 primitias
917 846 1173 904 frumenti
1201 842 1232 917 ,‘
1262 832 1373 904 vini
1402 857 1459 906 et
1496 840 1631 917 olei,
1671 856 1726 906 et

90 1218 102 1257 i
145 1220 320 1276 hostiis
351 1220 614 1292 paciﬁcis,
631 1227 685 1276 et
711 1220 832 1278 dedi
858 1220 1040 1276 Aaron
1067 1220 1333 1277 sacerdoti
1360 1237 1424 1276 ac
1451 1220 1576 1278 ﬁliis
1605 1220 1722 1292 ejus

145 1312 248 1380 lege
268 1320 531 1383 perpetua
548 1352 563 1380 ,
592 1311 661 1368 ab
687 1312 836 1368 omni
854 1310 857 1315 ’
876 1312 1074 1383 po'pulo
1107 1312 1293 1367 tsrael.
1330 1332 1349 1365 ι
1377 1308 1483 1367 Per
1505 1319 1723 1383 pectus-

142 1400 309 1455 culum
331 1410 515 1457 autem
535 1401 696 1458 ﬁdem
720 1398 1034 1474 designans,
1060 1408 1115 1457 et
1148 1400 1532 1457 conﬁdentiam
1559 1416 1722 1471 quam

141 1484 313 1547 offerri
349 1493 580 1548 Domino
605 1493 722 1548 vuit
742 1494 809 1548 ab
831 1508 896 1549 eo
917 1492 1009 1562 qui
1038 1492 1312 1549 desiderat
1337 1490 1559 1559 salvari,
1593 1490 1722 1564 quia
1748 1504 1749 1509 ‘

138 1583 245 1637 sine
266 1582 370 1639 ﬁde
396 1583 731 1656 impossibile
759 1592 841 1663 est
868 1582 1083 1655 placere
1109 1582 1237 1640 Deo.
1284 1580 1483 1639 Armus
1509 1599 1724 1661 quoque

136 1673 316 1730 dexter
355 1674 423 1735 de
449 1674 801 1748 paciﬁcorum
846 1677 1061 1744 hostiis,
1092 1672 1237 1753 cadit
1271 1677 1327 1755 in
1363 1677 1617 1750 primitiis
1637 1666 1723 1735 sa-

131 1766 383 1823 cerdotis.
408 1758 607 1824 Annus
640 1767 830 1824 dexter
870 1764 1114 1826 actiones
1135 1769 1297 1845 bonaey
1312 1760 1458 1845 sunt.
1491 1766 1635 1841 Ergo
1663 1778 1719 1853 et

126 1855 284 1913 ﬁdem
320 1855 668 1915 et'actlones
697 1857 896 1916 oﬁ‘erre
947 1866 1162 1931 oportet
1207 1874 1333 1916 eum
1378 1859 1472 1931 qui
1513 1856 1716 1919 salvari

120 1950 253 2007 vult.
287 1952 402 2008 Sed
444 1951 822 2023 pectusculum
868 1950 996 2008 ﬁliis
1041 1948 1224 2008 Aaron
1260 1938 1575 2024 deputavit,
1624 1950 1717 2022 qui

117 2042 384 2100 sublimes
421 2044 533 2099 vita
574 2051 733 2110 sunt;
765 2059 978 2100 armum
1016 2051 1198 2100 autem
1238 2044 1492 2121 dextrum
1537 2056 1718 2099 sacer-

110 2136 255 2205 doti,
286 2137 386 2208 qui
416 2138 707 2210 imaginem
732 2145 883 2195 tenet
914 2138 1119 2197 Christi
1150 2157 1166 2195 :
1203 2146 1430 2212 propter
1462 2138 1605 2210 quod
1630 2154 1718 2194 so—

110 2220 197 2282 lus
219 2230 485 2284 sacerdos
511 2228 614 2285 hoc
633 2228 958 2286 sacriﬁcium
992 2231 1255 2303 perﬁcere
1300 2237 1500 2303 potest,
1530 2229 1717 2291 offerri

113 2326 239 2389 apte
266 2315 545 2389 legislatm
573 2304 840 2388 ostendit;
867 2312 994 2390 quia
1014 2322 1234 2391 quidem
1256 2310 1566 2380 credere'et
1590 2338 1716 2392 pro-

111 2423 315 2479 ponere
341 2409 507 2476 bona,
534 2417 781 2466 nostrum
802 2418 887 2468 est
914 2426 982 2468 ex
1008 2412 1107 2471 Dei
1152 2414 1317 2481 dono,
1347 2414 1443 2470 sed
1473 2414 1717 2486 incipere

113 2514 275 2570 opera
305 2505 403 2555 aut
432 2499 718 2572 perﬁcere,
751 2509 806 2556 et
854 2490 922 2558 ad
951 2501 1115 2559 ﬁnem
1143 2504 1443 2574 perducere
1489 2520 1553 2560 ea
1595 2521 1716 2576 qua:

114 2597 233 2645 sunt
262 2598 449 2663 empta
472 2631 490 2659 ,
535 2591 639 2649 hoc
672 2592 867 2648 divinae
910 2601 993 2650 est
1040 2595 1231 2667 gratia:
1262 2610 1278 2649 :
1309 2605 1539 2669 propter
1570 2599 1715 2668 quod

115 2683 242 2740 dixit
284 2682 496 2741 Paulus
540 2685 856 2757 apostolus:
895 2706 914 2739 ι
953 2682 1072 2743 Non
1099 2687 1329 2745 volentis
1372 2703 1550 2760 neque
1591 2706 1716 2749 cur—

113 2773 293 2840 rentis,
327 2775 431 2831 sed
454 2774 768 2833 miserentis
793 2785 880 2834 est
905 2778 1001 2833 Dei
1026 2777 1205 2851 (Rom.
1237 2777 1338 2852 1x).
1373 2798 1393 2833 ›
1430 2780 1528 2835 Dei
1567 2781 1715 2837 enim

112 2865 269 2923 solius
307 2873 397 2924 est
442 2867 682 2941 dirigere
713 2870 988 2939 actiones,
1045 2880 1269 2943 propter
1298 2873 1445 2944 quod
1487 2881 1543 2929 et
1582 2874 1715 2929 bra-

108 2956 287 3013 chium
313 2957 438 3029 ipse
465 2958 562 3016 Dei
592 2959 925 3015 nominatur.
960 2960 1239 3020 Primitias
1284 2963 1568 3035 frumenti,
1603 2965 1714 3021 vini

110 3057 160 3104 et
190 3048 317 3119 olei,
358 3058 419 3108 et
454 3049 704 3109 lanarum
733 3041 950 3126 partem
983 3070 1051 3110 ex
1087 3055 1271 3111 ovium
1316 3056 1583 3125 tousione,
1624 3057 1715 3129 ju-

1824 566 2164 647 successione
2185 556 2893 667 qua'succcditiparcn‘tibus
2943 570 3091 659 suis,
3132 579 3237 634 hoc
3259 564 3441 667 circa?
3536 602 3543 611 .

1823 680 1946 745 eum
1975 652 2179 721 servari
2205 674 2416 759 oportet
2444 652 2601 739 {quod
2626 660 2946 751 parentibus
2975 652 3404 761 enhibitum)

1880 752 1887 763 “
2274 750 2323 855 ξ
2386 750 2891 859 impurus...

1332 832 1339 837 .
1764 834 1767 843 ,
1990 836 2027 853 ,ιη
2274 846 2277 855 ,
2386 828 2637 853 μντττ--ν-
2676 828 2823 837 νην-ν
3020 828 3107 853 ενι
3300 846 3303 855 .
3358 830 3384 851 εἰ
3430 846 3439 857 .

1110 849 1173 939 lli
1201 842 1379 949 ,δινίοξ
1402 857 1459 906 6t
1496 840 1631 917 οῘθί,
1671 856 1726 906 εἴ
1762 854 1767 863 ³
1823 863 1904 921 De
1935 828 2783 949 ηιαιμίζξμριιῃρερέρςοιιὶρεῃάὶε,
2827 876 2888 949 _et
2906 854 3441 949 μρρτρρζκιατῃιέὶ,

155 960 173 996 α
202 941 444 996 lanarum
463 948 672 1012 partem
696 956 763 997 ex
788 942 971 996 ovium
996 938 1266 998 tousione'.
1295 961 1316 995 ι
1346 938 1718 1015 ὃοτίρῑιιιῐιθει

1894 938 1964 1015 ad
2006 938 2403 1015 similitudinem
2428 938 2601 1008 Moysi
2635 938 2691 1015 in
2719 944 2865 1015 gente
2891 938 3203 997 Judmorunt
3232 938 3376 1015 tusci

147 1032 195 1089 in
218 1026 475 1098 Levitico,
506 1016 718 1089 dicente
754 1031 983 1088 Domino
1013 1051 1028 1087 :
1065 1050 1084 1084 ‹
1122 1032 1502 1089 Pectusculum
1546 1033 1725 1090 eleva-
1764 1034 1771 1109 ί

91 1180 105 1205 ε
147 1127 313 1194 tionis,
368 1135 659 1201 etarmum
695 1129 1054 1200 separationis
1090 1127 1187 1203 tuli
1236 1144 1267 1185 a
1296 1128 1425 1207 ﬁliis.
1461 1127 1626 1187 Israel
1656 1131 1723 1187 de
1756 1180 1765 1191 μ

1894 936 1964 990 ad
2006 924 2403 991 similitudinem

1880 1007 2092 1060 ‘tandus
2116 1014 2251 1061 erat:
2282 1032 2287 1041 -
2342 1022 2345 1033 ·
2378 1030 2381 1039 ι
2440 1022 2443 1037 ι

1897 1096 2076 1170 (ιω.)
2117 1092 2724 1172 r'Quantlo'ingi-essus
2756 1096 2940 1158 ‘fu‘eris
2986 1106 3213 1161 terra‘m'
3240 1096 3407 1178 quam
3442 1110 3449 1129 ’

1830 1205 1852 1241 ι
1878 1190 2155 1246 Dominus
2180 1190 2325 1247 Deus
2346 1198 2470 1248 tuus
2508 1186 2658 1249 dabit
2678 1186 2802 1259 tibi,
2827 1204 2959 1250 cave
2986 1208 3056 1251 ne
3082 1196 3287 1253 imitari
3313 1213 3408 1253 ve-
3442 1198 3449 1207 ‘

1830 1298 1850 1332 ‹
1895 1279 1964 1337 lis
1980 1281 2423 1339 abominatiOues
2452 1282 2698 1354 gentium
2724 1282 2946 1339 illarum
2966 1292 3078 1361 nec
3096 1284 3410 1344 inveniatur
3438 1296 3443 1309 '

2490 934 2601 1031 oysi
2635 934 2691 1023 in
2719 944 2865 1035 gente
2891 934 3203 1031 Judmo'r'nin
3232 934 3441 1030 su'sl'oif'
3518 1010 3529 1019 .

1758 1386 1761 1395 λ
1829 1389 1851 1424 ι
1892 1373 1951 1427 in
1983 1380 2040 1429 te
2069 1375 2162 1443 qui
2187 1372 2383 1430 lustret
2396 1374 2573 1431 ﬁlium
2595 1391 2773 1444 suum,
2811 1384 2907 1432 aut
2929 1375 3095 1432 ﬁliam
3124 1388 3278 1434 suam
3310 1380 3417 1437 du-'

1831 1480 1853 1515 ι
1882 1470 1997 1519 παι
2012 1484 2013 1491 ι
2028 1472 2127 1534 per
2150 1466 2358 1537 ignem,
2380 1473 2451 1522 "et
2480 1468 2687 1524 ariolus
2702 1454 3032 1536 sciscitetur,
3075 1462 3141 1525 e't‘
3159 1468 3411 1527 obServet
3444 1472 3450 1485 ‘

1760 1550 1767 1593 ἱ
1832 1570 1853 1604 ι
1897 1556 2107 1611 somnia
2152 1564 2319 1627 atque
2355 1557 2600 1628 auguria.
2642 1552 2721 1615 Ne
2745 1554 3137 1627 ‘sitmaleﬁtus,
3181 1556 3284 1617 nec
3327 1558 3447 1617 ini“

1754 1664 1761 1673 ε
1833 1661 1854 1696 ι
1900 1653 2167 1713 cantator,
2192 1656 2295 1704 nec
2327 1649 2595 1721 pythones
2615 1651 2738 1722 quis
2781 1646 3027 1707 consulat
3065 1666 3247 1724 neque
3273 1644 3451 1741 divi-"ﬁ

1744 1737 1795 1797 Β
1824 1752 1848 1823 ξ
1890 1750 2014 1804 nos,
2040 1746 2105 1792 ut
2141 1747 2353 1808 quaerat
2401 1748 2432 1794 a
2462 1741 2693 1797 mortuis
2715 1738 3039 1823 veritatem;
3062 1738 3167 1799 etc.
3206 1746 3247 1797 ι’
3272 1737 3427 1814 Qud?

1800 1840 1807 1855 ί
1823 1812 1973 1884 iniam
2009 1834 2393 1900 portentorum
2408 1836 2411 1841 ’
2424 1833 2767 1905 inSpectores
2780 1816 3039 1906 prohibet
3067 1850 3189 1894 esse
3212 1826 3272 1893 in
3299 1812 3413 1915 vpo—
3424 1828 3451 1847 “⁴

1821 1921 1944 1992 pulr
2004 1923 2122 1989 Dei,
2159 1924 2507 1995 quaerendum
2553 1933 2651 1983 est”
2674 1924 2946 1998 quomodo
2988 1924 3093 1982 ista
3132 1932 3408 2000 pcrtenta',
3442 1918 3449 1939 ’

1824 2028 1945 2085 quae
1974 2011 2175 2086 inspici
2195 2017 2589 2087 prohibentur,
2642 2014 3033 2077 discernantur
3066 2020 3133 2076 ab
3171 2016 3251 2077 cis
3292 2014 3449 2093 quae"

1824 2106 2083 2163 divinitus
2102 2105 2187 2163 ‘ita
2232 2108 2431 2165 dtmtu‘r
2466 2098 2681 2182 utquid
2720 2108 3037 2183 SigniﬁCent'
3080 2113 3186 2169 dici
3220 2096 3447 2171 debeat}

1821 2198 1966 2254 sicut
1998 2193 2181 2255 omnia
2210 2198 2472 2259 miracula
2502 2198 2622 2274 qua:
2649 2202 2706 2259 in
2736 2202 3042 2289 Scripturis
3064 2188 3443 2297 reperiuntur:

1819 2288 2178 2361 signiﬁcantia
2198 2333 2213 2359 ,
2251 2292 2403 2364 quod
2426 2296 2700 2389 pertineat
2737 2292 2815 2352 ad'
2849 2286 3091 2371 regulam
3122 2299 3268 2356 ﬁdei.

1819 2388 1883 2436 ut
1920 2381 2182 2451 dicimus,
2210 2386 2364 2455 quod
2413 2380 2818 2458 signiﬁcaverit"
2833 2386 3006 2469 vellus
3027 2388 3084 2446 in
3108 2407 3236 2447 area
3262 2378 3445 2469 colli-‘1

1818 2471 1969 2544 pluta
1989 2474 2219 2541 siccum,
2246 2476 2333 2532 vel
2353 2476 2581 2534 in'sicca
2607 2486 2738 2535 area
2764 2466 3123 2553 complu'tum‘,
3167 2490 3228 2537 ut
3256 2466 3431 2563 vaga"

1818 2564 2001 2620 Aaron
2026 2580 2148 2636 qua:
2179 2565 2375 2623 ﬂoruit
2396 2576 2453 2625 et
2472 2578 2641 2627 nuces
2668 2571 2886 2640 attulit,
2918 2584 2974 2629 et
3002 2570 3201 2631 cetera
3222 2572 3413 2647 liujus-
3440 2578 3445 2583 ’

1818 2659 1986 2714 modi.
2022 2656 2175 2714 Sicut
2200 2656 2384 2716 autem
2411 2661 2799 2720 discernuntur
2835 2658 3220 2734 divinationes,
3272 2672 3447 2741 quas:

1820 2757 2217 2821 consequenter
2263 2751 2533 2823 probibet‘
2573 2770 2605 2811 a
2656 2755 3132 2825 praedicationibus
3173 2748 3415 2814 vel'ani-

1818 2843 2251 2900 nuntiatiOnibus
2304 2848 2713 2917 prophetarum,
2773 2850 2852 2904 sic
2914 2850 3020 2905 .tlzc
3047 2838 3445 2922 inspectiones'

1818 2933 2192 3006 prodigiorum
2220 2952 2250 2991 a
2281 2937 2766 3007 signiﬁcationibus
2785 2938 3093 2995 divinorum
3118 2926 3413 2999 miraculo4

1818 3041 1942 3082 rum
1970 3028 2342 3085 discernenda:
2371 3036 2515 3086 sunt.
2551 3050 2570 3084 ‹
2599 3026 2931 3103 Prophetam
2957 3042 3135 3113 autem
3163 3032 3230 3090 de
3253 3044 3413 3109 gente
3442 3016 3447 3031 ’

106 3139 293 3197 bemur
323 3141 716 3199 sacerdotibus
736 3120 891 3211 dare,
918 3144 1045 3215 quia
1076 3143 1191 3202 sive
1245 3145 1303 3200 in
1342 3120 1714 3217 corporalibus
1742 3125 1789 3189 ί)
1828 3136 1847 3183 ⁸
1890 3125 1992 3217 Eua
2031 3128 2087 3217 f’t
2126 3120 2481 3217 “fratribus
2534 3125 2641 3217 "fis
2688 3125 2829 3180 Sicut
2857 3141 2943 3181 me
2966 3127 3254 3183 δυδθίίθδίί
3312 3124 3410 3217 tibi

104 3230 322 3299 solatiis,
354 3233 486 3289 sive
513 3233 571 3289 in
602 3234 928 3306 spiritalium
959 3252 1143 3293 rerum
1181 3236 1587 3307 emolumentis,
1615 3241 1718 3297 hu-

104 3321 300 3379 militer
327 3340 398 3382 ac
426 3324 626 3382 devote
653 3326 986 3398 spiritalibus
1030 3328 1238 3387 solatiis
1269 3332 1585 3389 doctoribus
1626 3349 1721 3390 no-

107 3415 229 3471 stris
275 3430 510 3488 semper
563 3419 965 3478 communicare
1029 3423 1323 3481 debemus:
1360 3425 1466 3482 hoc
1533 3414 1716 3497 ipsum

106 3506 266 3562 etiam
324 3509 665 3566 exhortante
718 3513 965 3582 apostolo
1022 3512 1189 3571 Paulo
1246 3525 1410 3586 atque
1461 3518 1711 3576 dicente:

110 3593 548 3657 «'Communicet
594 3596 643 3656 is
695 3601 788 3671 qui
829 3592 1199 3660 catechizatur
1231 3606 1400 3662 verbo
1428 3606 1479 3662 ei
1519 3609 1613 3677 qui
1654 3623 1717 3666 se

103 3690 410 3746 catecbizat
443 3691 505 3746 in
532 3691 785 3748 omnibus
811 3693 972 3749 bonis
1021 3691 1165 3768 (Gal.
1196 3695 1295 3769 vi).
1328 3716 1348 3750 ι
1384 3714 1403 3748 ι
1439 3695 1494 3752 Si
1522 3699 1718 3757 exierit

105 3793 122 3827 ι
152 3777 379 3837 Levites
406 3783 480 3837 de
528 3798 637 3838 una
671 3783 889 3840 urbium
918 3792 1132 3842 tuarum
1161 3802 1229 3843 ex
1275 3788 1422 3844 omni
1464 3790 1627 3845 Israel
1658 3790 1717 3849 in

101 3887 118 3921 ι
146 3889 255 3945 qua
286 3874 538 3941 habitat,
580 3872 636 3931 et
680 3876 914 3932 voluerit
955 3877 1146 3933 venire
1192 3878 1506 3937 desiderans
1534 3881 1715 3940 locum

102 3979 323 4034 «quem
377 3962 619 4032 elegerit
657 3963 967 4033 Dominus,
1011 3968 1345 4024 ministrabit
1396 3970 1453 4024 in
1496 3971 1717 4029 nomine

100 4070 114 4104 (
145 4050 374 4109 Domini
406 4050 516 4108 Dei
545 4053 661 4127 suif,
707 4055 848 4111 sicut
875 4072 1065 4115 omnes
1104 4057 1302 4115 fratres
1328 4059 1465 4130 ejus.
1513 4046 1716 4120 Levita:

100 4162 117 4193 ι
150 4144 387 4201 stabunt
411 4156 487 4199 eo
515 4150 759 4216 tempore
784 4161 969 4203 coram
1017 4146 1267 4205 Domino.
1298 4149 1518 4207 Partem
1565 4153 1715 4209 cibo-

102 4252 117 4284 ι
154 4252 277 4291 rum
302 4233 575 4293 eamdem
612 4236 845 4308 accipiet
871 4253 1038 4308 quam
1076 4249 1132 4296 et
1155 4242 1359 4309 caeteri,
1390 4252 1620 4315 excepto
1647 4258 1716 4301 eo

105 4343 121 4375 ι
152 4326 300 4396 quod
331 4327 393 4383 in
417 4325 564 4381 urbe
588 4314 686 4382 Sua
713 4343 782 4383 ex
804 4329 981 4399 patria
1010 4330 1062 4386 ei
1089 4333 1435 4389 successione
1460 4314 1709 4392 debetur.

1826 3226 1848 3261 ‹
1890 3208 2152 3268 Dominus
2180 3212 2323 3268 Deus
2376 3220 2521 3271 tuus.
2567 3213 2749 3286 Ipsum
2802 3217 3011 3285 audies,
3066 3227 3127 3274 ut
3166 3212 3348 3290 petisti
3380 3214 3411 3276 a

1824 3319 1847 3356 ι
1889 3301 2121 3359 Domino
2150 3304 2263 3362 Deo
2294 3313 2389 3361 tuo
2425 3306 2480 3361 in
2508 3294 2673 3376 0reb,
2706 3310 2925 3379 quando
2954 3310 3143 3368 concio
3186 3296 3413 3385 congre-l

1825 3410 1845 3445 ‹
1889 3405 2012 3467 gata
2038 3404 2122 3452 est
2166 3404 2330 3469 atque
2356 3398 2545 3457 dixisti
2575 3420 2589 3456 :
2620 3399 2777 3459 Ultra
2815 3418 2923 3459 non
2952 3400 3165 3461 audiam
3216 3390 3411 3463 vocem
3440 3390 3447 3397 ’

1822 3502 1845 3537 ‹
1888 3485 2105 3541 Domini
2129 3487 2229 3544 Dei
2250 3490 2382 3557 mei,
2406 3500 2463 3547 et
2486 3491 2669 3563 ignem
2694 3494 2841 3550 hunc
2859 3494 3156 3551 maximum
3177 3480 3412 3569 amplius
3436 3474 3441 3489 ³

1824 3592 1845 3627 r
1888 3591 1999 3631 non
2033 3578 2250 3647 videbo,
2299 3595 2369 3637 ne
2414 3572 2655 3637 moriarﬁ
2683 3582 2751 3638 Et
2786 3585 2869 3639 ait
2916 3586 3048 3642 mihi
3086 3586 3352 3645 Dominus
3393 3608 3407 3645 :

1822 3686 1845 3721 ι
1887 3668 2034 3725 Bene
2062 3673 2246 3727 omnia
2275 3679 2403 3728 sunt
2430 3675 2621 3731 rocuti.
2653 3675 2984 3748 Propheta‘m
3030 3678 3307 3737 suscitabo
3331 3670 3435 3738 eis:

1825 3776 1845 3812 ι
1890 3759 1957 3815 de
1982 3760 2160 3816 medio
2187 3759 2420 3818 fratrum
2463 3780 2688 3820 suorum
2716 3766 3095 3853 similem'tuih
3130 3780 3184 3828 et
3202 3787 3411 3855 ponam

1825 3869 1846 3903 ‹
1889 3853 2055 3908 verba
2081 3864 2203 3909 mea
2242 3852 2301 3909 in
2325 3868 2421 3911 ore
2470 3855 2608 3928 ejus.
2646 3854 3032 3932 Loqueturque
3056 3852 3124 3917 ad
3150 3874 3257 3931 eos
3291 3852 3410 3920 om-

1821 3960 1846 3997 ‹
1887 3942 1979 4000 nia
2008 3960 2130 4015 quae
2150 3961 2460 4019 praecepero
2485 3949 2583 4005 illi:
2613 3949 2715 4020 Qui
2745 3958 2926 4008 alitem
2949 3955 3115 4011 verba
3144 3938 3441 4039 'ejus'quarr

1821 4053 1844 4089 ‹
1885 4035 2142 4108 loquetur
2165 4040 2220 4094 in
2250 4040 2468 4096 nomine
2493 4058 2615 4099 meo
2634 4046 2821 4101 audire
2842 4046 3098 4116 noluerit,
3128 4065 3230 4123 ego
3259 4048 3409 4107 ultor

1823 4148 1844 4183 ι
1887 4130 2140 4199 existam,
2172 4139 2278 4188 etc.
2314 4153 2333 4186 ›
2364 4131 2518 4190 Licet
2540 4136 2761 4206 quidam
2790 4140 3088 4195 secundum
3117 4122 3433 4207 historiam

1814 4223 1873 4280 in
1902 4223 2008 4281 hac
2050 4225 2320 4283 sententia
2362 4228 2610 4300 accipere
2664 4228 2835 4285 velint
2870 4218 3177 4313 prophetas
3207 4224 3433 4313 omnes.

1815 4324 2033 4372 sanetos
2060 4317 2156 4386 qui
2199 4318 2393 4388 spiritu
2438 4318 2537 4375 Dei
2587 4320 2780 4391 repleti
2810 4310 3286 4399 prophetaverunt
3336 4329 3402 4393 ,in

106 4432 122 4465 ι
156 4412 212 4471 Si
238 4424 431 4473 autem
462 4410 844 4486 supervenerit
866 4410 1082 4476 Levites
1102 4435 1168 4477 ex
1193 4420 1474 4477 civitatum
1495 4433 1710 4481 tuarum
1732 4478 1789 4509 ῃ
1813 4407 1941 4464 ﬁliis
1972 4408 2159 4509 ῙΒΓξλθίι
2219 4425 2359 4509 ξιυοε
2386 4410 2708 4509 ίφῄΜοΥδθε
2739 4420 2800 4509 {ll
2818 4430 2899 4494 ,δε
2924 4415 3223 4509 ξὶυάίςη-ςίοε
3268 4414 3408 4483 ("ﬁt

107 4526 124 4559 ι
155 4526 285 4579 una,
316 4528 390 4568 ex
421 4510 689 4568 omnibus
719 4509 844 4568 ﬁliis
869 4513 1058 4582 Israel,
1089 4510 1183 4570 ubi
1232 4515 1350 4589 ipse
1388 4518 1595 4587 incolit,
1627 4535 1711 4576 se-

1820 4518 1954 4581 esse,
1982 4503 2108 4575 quia
2136 4478 2325 4559 eodem
2353 4478 2723 4592 spiritu,—quo
2747 4488 2860 4587 ipse
2888 4498 3081 4592 plenus
3112 4480 3286 4580 legem
3310 4508 3405 4592 de:

108 4618 125 4651 ε
150 4602 391 4660 cundum
414 4601 574 4674 quod
619 4603 769 4675 cupit
800 4603 981 4659 anima
1006 4606 1125 4677 ejus
1146 4647 1168 4675 ,
1216 4607 1273 4663 in
1327 4606 1505 4666 locum
1545 4625 1707 4685 quem

106 4713 122 4745 ‹
152 4697 381 4771 elegerit
396 4697 699 4765 Dominus,
728 4707 837 4752 etc.
881 4717 902 4750 ι
928 4696 988 4754 Id
1015 4706 1119 4766 est,
1146 4699 1193 4755 si
1212 4698 1605 4760 desideraverit
1625 4705 1709 4762 ire

103 4782 161 4840 ad
187 4785 367 4846 locum
406 4786 509 4844 ubi
539 4786 809 4843 Dominus
837 4787 1145 4857 invocatur,
1174 4798 1230 4845 et
1265 4790 1578 4850 ministrare
1604 4811 1706 4850 ne-

102 4864 221 4935 mini
249 4880 477 4937 Domini
511 4879 619 4934 Dei
648 4879 754 4948 sui,
783 4870 923 4963 sicut
942 4874 1132 4940 omnes
1178 4879 1379 4940 fratres
1404 4882 1521 4963 ejus
1539 4927 1554 4953 ,
1603 4868 1717 4944 Le?

100 4972 211 5028 vita:
239 4976 334 5047 qui
387 4982 591 5030 astant
639 4988 825 5029 coram
858 4960 1093 5032 Domino
1119 5017 1136 5042 ,
1190 4986 1402 5050 partem
1443 4960 1707 5053 partitam

98 5060 264 5132 edent,
296 5056 513 5137 praeter
541 5058 920 5123 venditionem
950 5081 1071 5138 quae
1099 5077 1183 5125 est
1223 5072 1516 5131 secundum
1553 5073 1709 5129 fami-

96 5150 233 5211 liam.
261 5156 443 5227 Quam
498 5156 663 5212 dicat
688 5155 1059 5213 venditionem
1087 5159 1377 5216 obscurum
1419 5170 1517 5243 est
1540 5204 1577 5243 ,ν
1598 5148 1721 5223 nisi

98 5244 231 5306 forte
254 5292 270 5318 ,
327 5251 467 5323 quia
522 5246 924 5305 decimationes
961 5238 1017 5305 et
1056 5240 1422 5323 primogenita
1446 5238 1706 5325 pnecepit

100 5342 251 5400 vendi
278 5343 350 5401 ab
379 5342 467 5401 eis
502 5342 606 5413 qui
639 5340 693 5395 in
724 5339 1015 5414 longinquo
1041 5336 1399 5411 habitarent,
1429 5357 1499 5399 ne
1526 5336 1707 5402 inulta

103 5444 425 5507 cogerentur
464 5441 703 5507 portare
743 5433 811 5488 ad
849 5431 1026 5489 locum
1048 5432 1413 5515 ‘invocationis
1458 5422 1719 5503 Domini,

100 5523 179 5580 vel
204 5542 410 5598 pecora
441 5522 656 5581 ducere
682 5512 715 5591 ,'
738 5531 799 5578 ut
842 5522 952 5578 illic
980 5512 1049 5579 ab
1074 5525 1154 5581 cis
1181 5524 1358 5581 denuo
1401 5533 1711 5582 emerentur

104 5632 161 5671 ex
188 5618 378 5676 eodem
408 5619 640 5694 pretio;
679 5624 735 5671 et
755 5616 995 5687 jusserat
1023 5618 1096 5675 ibi
1126 5628 1338 5690 partem
1383 5620 1582 5678 habere
1610 5620 1712 5679 Le-

104 5710 283 5787 vitam,
319 5713 419 5787 qui
459 5715 721 5769 maneret
768 5708 822 5762 in
868 5725 931 5766 ca
959 5711 1200 5781 civitate,
1228 5711 1371 5777 unde
1418 5714 1521 5773 illa:
1564 5714 1710 5775 deci-

184 5786 233 5807 ”
336 5804 337 5807 “
465 5811 758 5870 ΡΑΤιιοι.
807 5800 1019 5870 CVIII.

1814 4580 2059 4667 Scripsit,
2120 4596 2227 4652 hoc
2253 4598 2417 4651 etiam
2446 4590 2522 4650 illi
2553 4584 2866 4667 prophetias
2890 4613 3016 4671 suas
3039 4584 3135 4654 ore
3162 4580 3407 4665 veridico
3432 4606 3435 4615 '

1810 4687 2173 4759 protulerunt,
2217 4695 2399 4773 tamen
2430 4672 2636 4771 nullum
2661 4684 2856 4769 melius
2888 4702 3059 4765 quam
3082 4674 3417 4781 ipsumqDo-I.

1810 4779 2018 4836 minum
2046 4768 2457 4853 prophetarum,
2486 4766 2591 4835 hoc
2619 4789 2722 4857 est,
2772 4766 2957 4838 Jesum
2986 4781 3265 4863 Christum
3303 4766 3407 4859 hic:

1815 4875 2131 4930 denotatum
2160 4870 2461 4945 intelligere
2484 4887 2795 4951 possumus,
2849 4890 3009 4951 quem
3057 4866 3224 4935 etiam
3244 4870 3399 4953 'rlihri
3430 4944 3437 4951 Ἰ

1816 4964 2030 5023 Veteris
2057 4963 2389 5021 Testamenti
2415 4979 2606 5021 verum
2634 4965 2957 5038 prophetam
2982 4976 3039 5025 et
3052 4971 3395 5047 evangelium
3434 4972 3438 4983 '

1790 5052 2093 5130 prophetae
2110 5056 2330 5114 nomine
2360 5063 2657 5129 nuncupat.
2683 5052 2840 5115 Unde
2864 5060 3036 5116 turbae
3060 5063 3129 5133 ab
3150 5061 3271 5145 ipso
3300 5078 3419 5143 sa-l

1812 5151 1990 5218 tiatae,
2032 5150 2279 5206 videntes
2303 5151 2515 5221 signum
2548 5148 2692 5225 quod
2714 5147 2953 5229 fecerat,
2988 5152 3133 5227 intra
3163 5170 3221 5210 se
3251 5151 3398 5227 dicc-

1812 5244 1945 5300 bant
1980 5258 1995 5297 :
2035 5268 2053 5294 ι
2088 5241 2226 5313 Quia
2264 5243 2356 5299 hic
2387 5250 2470 5297 est
2510 5258 2637 5299 vere
2664 5245 2947 5323 propheta,
2987 5234 3080 5316 qui
3128 5232 3396 5309 venturus

1812 5340 1899 5390 est
1928 5333 2272 5415 inmundum
2304 5331 2489 5409 (Joan.
2516 5334 2613 5409 vi).
2652 5355 2674 5390 ι
2702 5336 2770 5417 Et
2811 5336 2938 5391 alibi
2975 5335 3192 5407 quando
3217 5337 3394 5395 susci—
3420 5396 3429 5421 τ

1815 5427 1952 5484 tavit
1976 5410 2166 5483 ﬁlium
2192 5426 2367 5483 vidua:
2410 5428 2553 5484 idem
2592 5415 2858 5507 mediator
2884 5426 2980 5483 Dei
3002 5436 3066 5507 et
3089 5428 3394 5513 hominum,

1821 5544 1841 5578 ι
1886 5522 2109 5594 Accepit
2162 5531 2342 5579 autem
2398 5538 2586 5580 omnes
2630 5523 2813 5587 timor,
2867 5530 2923 5577 et
2970 5521 3396 5603 magniﬁcabant

1814 5617 1987 5672 Deum
2016 5615 2255 5671 dicentes
2286 5634 2299 5669 :
2332 5612 2466 5683 Quia
2494 5615 2758 5687 ltwopheta
2795 5626 3024 5681 magnus
3072 5612 3310 5668 surrexit
3338 5613 3393 5669 in

1816 5711 1995 5776 nobis,
2055 5718 2110 5765 ct
2141 5708 2264 5782 quia
2312 5709 2453 5765 Deus
2480 5704 2721 5763 visitavit
2759 5703 2971 5777 plebem
3025 5721 3177 5762 suam
3233 5704 3390 5795 (an,

2920 5799 2996 5859 29
