3930 6344
499 301 606 359 9οΊ

1147 299 1210 356 Β.
1250 296 1506 357 RABANI
1541 299 1763 360 MAURI
1796 298 2116 359 ARCHIEP.
2154 294 2464 355 HOGUNT.
2503 284 2795 355 OPERUM
2824 290 3007 352 PARS
3038 295 3080 351 l.

3665 299 3767 360 908

501 417 623 479 vn).
666 432 687 468 ι
734 411 892 471 Hunc
943 428 1075 486 ergo
1128 415 1447 486 prophetam
1495 395 1779 474 suscitavit
1825 418 2085 475 Dominus
2110 418 2165 481 Α
2189 414 2429 471 tentione
2456 431 2788 471 resecamus.
2824 413 2932 470 Sed
2960 413 3169 470 securis
3195 410 3331 486 fugit
3368 416 3626 482 manum,
3656 433 3773 478 um

498 502 757 564 lSraclitis
806 508 874 564 de
911 510 1090 565 medio
1125 508 1355 566 fratrum
1398 528 1641 579 suorum,
1698 514 1802 568 hoc
1855 521 1960 581 est,
2015 513 2084 570 de

501 598 709 654 semine
740 596 910 654 David
962 600 1193 656 similem
1230 601 1419 674 Moysi,
1451 605 1576 673 quia
1620 618 1726 660 non
1751 606 1901 663 venit
1928 603 2085 662 Iesus

501 686 713 746 solvere
763 687 939 761 legem
965 729 981 757 ,
1036 691 1135 746 sed
1188 692 1518 764 adimplere;
1577 703 1633 750 et
1689 696 1871 767 posuit
1919 696 2084 752 verba

503 781 556 833 in
609 794 704 835 ore
759 780 898 851 ejus,
958 778 1125 849 cujus
1167 782 1356 850 verba,
1411 800 1532 855 qua:
1575 785 1828 855 loquetur
1877 787 1932 841 in
1989 803 2086 843 no-

500 873 650 927 mine
679 871 916 939 Domni,
946 873 1041 944 qui
1062 872 1250 930 audire
1276 875 1531 945 noluerit,
1557 878 1673 947 ipse
1701 876 1960 935 Dominus
1999 876 2083 936 ul-

507 960 596 1017 tor
622 959 827 1028 existit,
879 979 1005 1020 cum
1054 972 1314 1036 perpetua
1356 981 1517 1036 paena
1550 966 1700 1025 illum
1730 971 2084 1028 cruciandum

503 1056 915 1126 mancipaverit.

1139 1149 1366 1209 CAPUT
1402 1151 1524 1208 XX.

503 1242 582 1298 De
604 1241 817 1297 urbibus
847 1242 1037 1315 refugii
1066 1243 1404 1319 decernendis
1419 1246 1517 1319 ftis
1543 1248 1641 1318 qui
1657 1263 1764 1305 non
1786 1258 1969 1319 spatio
1985 1251 2085 1305 ho-

1029 1312 1300 1367 micidium
1324 1314 1546 1383 faciunt.

574 1426 726 1498 (Car.
758 1425 897 1498 ω.)
964 1444 985 1478 ι
1034 1426 1171 1483 Cum
1212 1427 1597 1499 disperdiderit
1644 1430 1907 1487 Dominus
1941 1431 2086 1491 Deus

506 1537 527 1571 ι
576 1527 697 1573 tuus
735 1526 926 1588 gentes
976 1533 1211 1588 quarum
1240 1518 1337 1573 tibi
1365 1520 1661 1575 traditurus
1686 1530 1770 1576 est
1796 1529 2005 1585 terram
2030 1530 2087 1581 et

507 1629 528 1663 ι
584 1611 897 1683 possederis
921 1626 1066 1676 eam,
1098 1610 1541 1684 habitaverisque
1581 1629 1717 1671 cum
1757 1629 1824 1675 ea
1847 1615 1905 1670 in
1938 1616 2087 1675 urbi~

506 1720 525 1753 ι
572 1703 673 1758 bus
699 1701 813 1772 ejus
829 1711 885 1757 et
915 1702 971 1756 in
1009 1702 1234 1766 aedibus,
1263 1711 1373 1758 tres
1401 1704 1654 1760 civitates
1682 1706 1962 1776 separabis
1985 1706 2085 1763 tibi

2185 522 2304 564 sese
2331 507 2630 578 increpatio
2661 506 2783 577 plus
2816 521 2981 576 quam
3016 520 3242 562 necesse
3272 515 3358 562 est
3384 507 3441 562 in
3478 509 3774 578 asperitate

2183 599 2494 672 protrahit;
2545 597 2857 668 ferrumque
2907 598 2975 654 de
3000 598 3293 654 manubrio
3336 600 3609 670 prosiliit,
3663 618 3776 659 cum

2184 690 2253 747 de
2302 689 2643 763 correptione
2693 704 2875 747 sermo
2915 688 3107 747 durior
3149 691 3388 757 excedit,
3432 699 3495 747 et
3541 694 3777 751 amicum

2182 781 2495 854 percutiens
2530 780 2747 848 occidit,
2797 781 2929 852 quia
2983 780 3292 838 auditorem
3349 798 3520 839 suum
3575 785 3781 854 prolata

2183 871 2513 930 Contumelia
2535 873 2601 928 ab
2627 872 2818 945 spiritu
2839 870 3145 928 dilectionis
3187 872 3454 929 interﬁcit
3530 873 3779 947 Correpti

2183 979 2419 1036 namque
2450 980 2607 1019 mens
2639 970 2860 1034 repente
2888 961 2956 1018 ad
3000 963 3185 1018 odium
3236 964 3474 1033 promit,
3520 964 3621 1020 sed
3648 965 3781 1022 hanc

2186 1056 2544 1113 immoderata
2600 1053 2901 1125 increpatio
2946 1052 3068 1125 plus
3093 1069 3257 1125 quam
3288 1054 3506 1123 debuit,
3556 1056 3774 1112 addicit.

2187 1144 2295 1203 Sed
2336 1147 2426 1203 hic
2455 1147 2550 1217 qui
2578 1146 2793 1202 incaute
2836 1145 3045 1218 lignum
3088 1146 3328 1219 percutit
3368 1157 3425 1202 et
3471 1149 3775 1219 proximum

2184 1239 2501 1311 exstinguit,
2529 1239 2598 1295 ad
2617 1247 2731 1294 tres
2751 1254 2973 1294 necesse
2998 1247 3082 1294 est
3103 1236 3268 1294 urbes
3287 1236 3490 1309 fugiat,
3519 1252 3585 1294 ut
3607 1241 3775 1296 muni-

2185 1331 2332 1386 mine
2354 1344 2542 1385 earum
2570 1330 2846 1396 defensus,
2888 1329 3053 1393 vivat,
3089 1329 3218 1399 quia
3268 1328 3317 1385 si
3347 1329 3419 1385 ad
3442 1330 3775 1400 paenitentia

2186 1420 2423 1477 lamenta
2451 1434 2748 1477 conversus
2797 1421 2852 1475 in
2888 1420 3099 1475 unitate
3130 1419 3480 1484 sacramenti,
3530 1420 3637 1476 sub
3666 1435 3773 1491 spe,

2186 1510 2295 1567 fide
2339 1518 2395 1569 et
2428 1511 2698 1567 charitate
2748 1510 3120 1577 absconditur,
3175 1525 3306 1565 reus
3348 1511 3647 1581 perpetrati
3681 1511 3777 1566 ho-

2187 1603 2393 1659 micidii
2413 1617 2522 1660 non
2550 1610 2785 1668 tenetur,
2809 1612 3043 1672 eumque
3063 1600 3323 1657 exstincti
3346 1602 3628 1671 proximus
3648 1616 3774 1658 cum

2188 1694 2475 1761 invenerit,
2518 1702 2626 1750 non
2651 1692 2874 1760 occidit,
2917 1693 3044 1763 quia
3096 1707 3221 1748 cum
3281 1692 3571 1749 districtus
3614 1692 3770 1762 iudex

506 1808 527 1841 ι
574 1791 627 1845 in
675 1792 857 1847 medio
885 1800 1064 1857 terrm,
1101 1807 1263 1861 quam
1295 1791 1553 1849 Dominus
1582 1793 1724 1849 Deus
1776 1803 1902 1852 tuus
1938 1796 2089 1853 dabit
2114 1785 2161 1846 B
2187 1788 2419 1854 venerit,
2449 1788 2543 1858 qui
2585 1798 2706 1842 sese
2751 1786 2907 1842 nobis
2940 1800 3041 1856 per
3068 1794 3278 1840 natura:
3322 1794 3531 1841 nostra:
3570 1801 3771 1842 consor—

506 1899 527 1934 ι
574 1882 672 1938 tibi
699 1882 752 1936 in
782 1882 1199 1953 possessionem,
1245 1890 1494 1939 sternens
1524 1883 1809 1955 diligenter
1832 1886 1998 1953 viam,
2028 1895 2090 1943 et

506 1992 524 2025 ι
573 1974 624 2027 in
656 1981 767 2028 tres
801 1981 987 2045 partes
1018 1973 1299 2043 tequaliter
1326 1981 1493 2031 totam
1526 1984 1685 2030 terrae
1725 1985 1830 2031 tua:
1860 1977 2085 2048 provinv-

506 2082 524 2116 ι
573 2063 711 2119 ciam
734 2063 960 2130 divides,
986 2072 1047 2119 ut
1074 2064 1269 2119 habeat
1293 2078 1324 2119 e
1351 2065 1528 2120 vicino
1554 2066 1645 2134 qui
1668 2075 1891 2139 propter
1912 2067 2087 2122 homi-

505 2174 524 2207 ι
571 2156 770 2211 cidium
785 2153 1045 2227 profugus
1059 2163 1163 2221 est,
1179 2170 1286 2225 quo
1301 2156 1734 2226 possitevadere,
1750 2165 1807 2211 et
1820 2157 2045 2227 reliqua.
2060 2176 2079 2209 ι

499 2246 634 2303 Tres
661 2247 911 2304 civitates
933 2242 1125 2317 refugii
1157 2246 1298 2301 ultra
1325 2245 1614 2302 Iordanem
1644 2247 1853 2320 Moyses
1884 2250 2087 2304 consti-

500 2339 604 2394 tuit
639 2332 945 2403 homicidis,
978 2338 1065 2393 his
1094 2338 1187 2408 qui
1215 2352 1321 2392 non
1353 2347 1543 2408 sponte
1570 2339 1923 2395 homicidium
1946 2355 2088 2397 contr

500 2430 783 2497 miserunt,
806 2439 861 2485 et
889 2439 1000 2486 tres
1030 2430 1164 2485 alias
1193 2439 1382 2485 contra
1419 2428 1713 2486 Iordanem
1741 2432 1797 2486 in
1821 2440 1970 2487 terra
1997 2447 2087 2488 re-

499 2521 877 2592 promissionis
904 2521 1061 2592 jubet
1105 2514 1270 2577 Iosue
1316 2522 1522 2578 eisdem
1566 2524 1826 2579 decerni:
1856 2524 2087 2597 mystice

463 2612 786 2667 ~insinuans
817 2610 960 2685 quod
991 2621 1117 2667 ante
1145 2613 1549 2683 perceptionem
1568 2613 1934 2684 baptismatis,
1964 2630 2087 2670 om-

497 2700 586 2757 nis
629 2698 721 2772 qui
763 2703 931 2757 vulta
967 2704 1206 2773 peccatis
1232 2704 1430 2761 salvari
1471 2715 1526 2760 et
1553 2706 1620 2761 ab
1651 2707 1893 2763 hostibus
1919 2709 2084 2778 spiri-

500 2792 702 2849 talibus
742 2792 983 2859 liberari,
1037 2804 1240 2851 sancta}
1289 2795 1573 2853 Trinitatis
1601 2799 1761 2853 ﬁdem
1791 2799 1953 2854 debet
1973 2800 2087 2854 sin-

499 2900 627 2943 cera
662 2896 844 2943 mente
882 2888 1151 2957 conﬁteri,
1182 2899 1239 2945 et
1288 2900 1410 2961 post
1435 2890 1772 2949 ablutionem
1797 2895 1939 2950 sacri
1969 2894 2089 2949 fon-

500 2983 607 3051 tis,
633 2984 689 3039 in
720 2982 844 3051 fide,
874 2993 930 3041 et
956 3001 1068 3056 spe,
1097 2994 1153 3042 et
1180 2988 1447 3044 charitate
1476 2989 1683 3046 utiliter
1714 2990 1958 3063 operari;
1985 2991 2090 3046 sic-

499 3090 608 3146 que
635 3075 889 3145 religiose
918 3077 975 3132 in
1001 3078 1104 3133 hoc
1130 3080 1332 3134 mundo
1371 3096 1724 3147 conversaris,
1751 3082 1847 3153 qui
1871 3082 2089 3145 senario

2192 1881 2326 1937 tium
2348 1872 2559 1950 juntit',
2588 1877 2657 1932 ab
2684 1891 2750 1932 eo
2775 1874 2964 1949 procul
2993 1874 3157 1931 dubio
3185 1874 3490 1930 vindictam
3516 1875 3585 1931 de
3616 1875 3769 1948 culpa:

2189 1980 2349 2028 reatu
2400 1974 2509 2026 no‘n
2543 1968 2770 2041 expetit,
2829 1982 2994 2040 quem
3039 1965 3159 2039 eju‘s
3204 1966 3388 2033 venia,
3437 1980 3588 2039 spes,
3627 1967 3764 2033 ﬁda,

2192 2060 2459 2130 charitas,
2492 2050 2795 2120 abScondit.
2820 2058 2957 2131 Ejus
2983 2064 3114 2133 ergo
3134 2058 3293 2131 culpa
3323 2060 3641 2127 dimittitur,
3661 2076 3765 2133 qua

2188 2158 2535 2227 nequaquam
2568 2150 2792 2209 malitiae
2819 2150 2998 2207 studio
3019 2150 3391 2223 perpetratum
3428 2168 3450 2202 ε
3500 2150 3633 2206 cum
3677 2166 3765 2207 au-

2197 2260 2215 2296 r
2261 2256 2371 2301 tem
2397 2234 2710 2302 dilataverit
2735 2244 2997 2300 Dominus
3020 2232 3164 2298 Detls
3194 2250 3321 2299 tuus
3372 2244 3630 2301 terminos
3655 2252 3766 2301 tuos

2195 2360 2215 2395 ‹
2262 2338 2402 2396 sicut
2418 2339 2623 2410 iuravit
2647 2337 2897 2411 patribus
2928 2338 3053 2403 tuis,
3082 2344 3138 2391 et
3163 2334 3382 2392 dederit
3414 2335 3503 2391 tibi
3526 2345 3767 2393 cunctam

2197 2452 2216 2486 ι
2263 2440 2469 2489 terram
2492 2440 2656 2509 quam
2681 2431 2759 2487 eis
2783 2416 3058 2501 pollicitus
3088 2436 3197 2494 est,
3230 2427 3276 2484 si
3303 2436 3489 2483 tamen
3516 2429 3769 2485 custodie-

2196 2542 2217 2577 ι
2261 2525 2335 2579 ris
2367 2524 2619 2579 mandata
2668 2523 2806 2593 ejus,
2846 2528 2902 2577 et
2926 2520 3126 2577 feceris
3175 2525 3298 2591 qua:
3322 2519 3488 2576 hodie
3522 2520 3766 2592 praecipio

2196 2635 2217 2670 ε
2263 2618 2381 2684 tibi,
2413 2615 2610 2688 diligas
2632 2615 2920 2671 Dominum
2940 2612 3115 2670 Deum
3142 2621 3318 2676 tuum,
3344 2616 3400 2667 e‘t
3421 2611 3767 2668 ambulaveris

2199 2729 2218 2763 ι
2265 2712 2317 2767 in
2348 2711 2454 2767 viis
2481 2710 2599 2780 ejus
2646 2710 2793 2765 omni
2829 2718 3100 2781 tempore,
3142 2698 3312 2765 addes
3345 2706 3447 2762 tibi
3492 2715 3602 2762 tres
3647 2707 3771 2762 alias

2200 2823 2219 2856 ι
2263 2804 2547 2868 civitates,
2575 2810 2630 2857 et
2654 2802 3093 2875 supradictarum
3125 2801 3294 2856 trium
3324 2799 3535 2856 urbium
3584 2816 3774 2856 nume-

2202 2914 2222 2948 ‹
2269 2906 2389 2950 rum
2420 2894 2742 2966 duplicabis,
2779 2900 2840 2949 ut
2866 2898 2978 2950 ndn
3003 2892 3319 2949 effundatur
3364 2893 3583 2965 sanguis
3632 2892 3777 2948 inuo-

2200 3005 2220 3041 r
2267 2988 2387 3043 xius
2415 2986 2470 3042 in
2511 2985 2691 3042 medio
2730 2990 2909 3052 terrae,
2960 3000 3126 3057 quam
3150 2982 3445 3049 ;Dominus
3486 2982 3631 3039 Deus
3662 2991 3774 3039 tuus

2202 3097 2223 3131 ι
2269 3078 2419 3134 dabit
2463 3076 2563 3133 tibi
2606 3076 3011 3149 possidendam,
3072 3089 3176 3131 nec
3201 3075 3278 3131 sis
3319 3074 3602 3148 sanguinis
3639 3088 3774 3140 rens,

500 3182 734 3224 numero
758 3169 1012 3225 conditus
1036 3169 1222 3239 pollet,
1250 3180 1373 3241 post
1401 3171 1796 3240 perfectionem
1825 3173 2093 3231 bonorum
2121 3168 2168 3237 C
2205 3191 2226 3225 ι
2272 3181 2378 3230 etc.
2420 3191 2440 3224 ι
2475 3170 2591 3227 Hoc
2619 3170 2890 3241 quomodo
2921 3169 3131 3226 factum
3155 3171 3250 3237 sit,
3283 3158 3424 3225 liber
3450 3170 3547 3242 qui
3592 3169 3778 3226 dicitur

503 3271 754 3326 operum,
784 3258 1030 3328 requiem
1051 3269 1311 3315 aeternam
1333 3269 1631 3331 exspectet,
1662 3262 1717 3317 in
1738 3263 1920 3332 quiete
1950 3262 2094 3329 felici

506 3354 821 3403 sanctarum
848 3348 1170 3403 animarum.
1201 3350 1353 3418 Quod
1372 3360 1553 3407 autem
1578 3350 1712 3407 dicit
1739 3353 1911 3407 sterni
1936 3368 2101 3423 opor-

511 3450 638 3499 tere
671 3436 955 3510 diligenter
978 3439 1141 3506 viam,
1173 3441 1309 3497 etin
1338 3448 1449 3498 tres
1476 3442 1761 3513 aequaliter
1796 3450 1981 3514 partes
2018 3452 2102 3500 to-

511 3536 622 3584 tam
672 3536 833 3585 terrte
883 3530 1227 3601 provinciam
1259 3532 1445 3599 dividi,
1495 3542 1764 3603 quatenus
1812 3536 2099 3603 salvandus

507 3621 724 3679 facilius
748 3623 937 3679 hostes
963 3624 1136 3695 possit
1168 3626 1423 3692 evadere,
1452 3628 1795 3684 demonstrat
1835 3630 2098 3700 prtedica-

506 3719 654 3767 tores
704 3711 964 3781 plebium,
1011 3714 1159 3769 omni
1220 3714 1518 3786 diligentia,
1561 3718 1754 3784 verba,
1802 3718 2097 3790 exemplis,

506 3804 791 3861 consulere
823 3805 1023 3861 debere
1061 3806 1220 3863 saluti
1257 3810 1662 3879 zegrotantium,
1703 3819 1761 3866 et
1812 3811 2099 3882 aequaliter

504 3896 560 3953 in
597 3904 709 3952 tota
758 3907 905 3953 terra
933 3897 1192 3956 Ecclesia:
1222 3911 1425 3957 sanctae
1453 3903 1701 3958 eamdem
1734 3902 1895 3958 ﬁdem
1923 3904 2096 3960 omni-

505 3988 608 4043 bus
663 3988 964 4057 insinuare,
1021 3998 1292 4062 quatenus
1324 3992 1465 4047 viam
1496 3994 1747 4050 veritatis
1776 4010 1841 4049 ac
1880 4003 2100 4069 portam

504 4078 845 4135 credulitatis
879 4081 984 4136 sibi
1014 4089 1203 4151 patere
1248 4082 1444 4153 singuli
1483 4092 1799 4155 agnoscant.
1841 4083 1910 4145 Et
1938 4084 1985 4140 si
2014 4085 2096 4140 in—

505 4168 655 4221 trare
700 4167 996 4235 noluerint,
1053 4186 1113 4227 se
1146 4168 1346 4227 merito
1392 4172 1730 4230 damnandos
1777 4189 1901 4232 esse
1956 4190 2099 4251 prte-

507 4256 703 4313 sciant.
738 4273 759 4307 ‹
794 4253 923 4311 Haec
948 4257 1055 4313 erit
1083 4257 1171 4314 lex
1198 4260 1486 4317 homicida:
1510 4262 1784 4334 fugientis,
1807 4265 1965 4335 cujus
1984 4266 2099 4325 vita

512 4362 536 4400 ι
578 4347 845 4405 servanda
894 4354 980 4405 est
1012 4366 1026 4404 :
1060 4350 1154 4421 qui
1198 4354 1533 4422 percusserit
1572 4358 1884 4426 proximum
1936 4374 2099 4417 suum

2202 3258 2328 3318 Iesu
2358 3260 2527 3328 Nave,
2551 3258 2884 3327 manifestat,
2915 3275 3043 3316 cum
3062 3270 3469 3325 commemorat
3494 3259 3658 3317 Iosue
3685 3258 3775 3316 Do-

2202 3355 2348 3410 mino
2373 3353 2601 3425 jubente
2648 3367 2744 3409 sex
2773 3350 3024 3409 civitates
3051 3350 3250 3423 refugii
3285 3351 3591 3407 decernere
3620 3349 3780 3408 homi-

2200 3444 2355 3509 cidis,
2383 3444 2477 3515 qui
2511 3443 2867 3500 homicidium
2890 3458 3005 3500 non
3026 3452 3222 3515 sponte
3251 3442 3524 3509 fecerunt,
3557 3443 3663 3499 hoc
3688 3455 3783 3509 est,

2199 3535 2377 3594 Cades
2410 3537 2467 3595 in
2508 3535 2729 3593 Galilaea
2751 3537 2955 3593 montis
2980 3535 3349 3611 Nephthalim,
3398 3546 3460 3593 et
3483 3536 3710 3594 Sichcm
3736 3538 3787 3593 in

2199 3634 2386 3683 monte
2433 3624 2718 3699 Ephraim,
2765 3637 2824 3686 et
2874 3627 3414 3698 Cariatharbezipsa
3444 3636 3533 3684 est
3560 3622 3793 3686 Hebron

2198 3718 2257 3775 in
2285 3727 2468 3776 monte
2496 3716 2676 3787 Iuda;
2722 3729 2882 3777 trans
2909 3720 3190 3778 Iordanem
3232 3729 3423 3775 contra
3453 3719 3793 3779 occidenta-

2199 3808 2302 3866 lem
2326 3810 2540 3882 plagam
2583 3809 2829 3891 Iericho,
2883 3813 3071 3869 urbem
3099 3810 3291 3881 Bosor,
3319 3824 3447 3881 qua:
3480 3810 3603 3866 sita
3623 3821 3713 3868 est
3739 3811 3788 3867 in

2198 3901 2418 3970 regione
2443 3899 2757 3971 campestri,
2788 3901 2847 3959 in
2875 3902 3167 3959 solitudine
3188 3902 3257 3957 de
3277 3901 3433 3957 tribu
3476 3898 3695 3970 Ruben,
3729 3912 3780 3958 et

2197 3978 2430 4049 Ramotb
2456 3992 2511 4046 in
2544 3992 2748 4048 Galaad
2768 3995 2835 4050 de
2864 3995 3009 4050 tribu
3034 3993 3177 4062 Gad,
3201 3992 3490 4059 etGaulon
3513 3994 3570 4050 in
3590 3993 3775 4060 Basse,

2196 4080 2266 4144 de
2311 4086 2457 4143 tribu
2506 4085 2776 4144 Manasse.
2831 4087 2926 4145 Hae
3002 4089 3259 4147 civitates
3302 4090 3608 4147 constituta:
3660 4098 3783 4144 sunt

2197 4180 2408 4236 cunctis
2433 4174 2560 4235 filiis
2587 4179 2772 4250 Israel,
2803 4187 2859 4238 et
2884 4182 3114 4238 advenis
3134 4182 3229 4253 qui
3251 4181 3507 4237 habitant
3536 4180 3779 4237 intereas

2196 4279 2257 4326 ut
2280 4271 2492 4344 fugeret
2521 4272 2589 4327 ad
2633 4287 2725 4328 eas
2757 4272 2851 4344 qui
2879 4273 3118 4329 animam
3151 4273 3375 4329 nescius
3405 4273 3778 4343 percussisset,

2195 4372 2252 4418 et
2278 4378 2384 4419 non
2415 4371 2724 4423 moreretur
2750 4365 2803 4419 in
2833 4380 2998 4421 manu
3019 4365 3281 4436 proximi,
3319 4363 3555 4441 eﬂ‘usum
3580 4362 3776 4436 sanglic

512 4450 536 4496 ό
579 4440 853 4510 nesciens,
885 4449 942 4498 et
968 4443 1062 4515 qui
1092 4443 1489 4501 nudiustertius
1515 4455 1570 4502 et
1598 4448 1714 4502 heri
1737 4448 1942 4505 nullum
1966 4466 2096 4507 con-
2198 4470 2323 4509 nem
2352 4453 2628 4511 vindicare
2655 4455 2945 4526 cupientis,
2971 4456 3148 4513 donec
3179 4440 3356 4515 staret
3382 4466 3513 4511 ante
3538 4454 3773 4526 populum

511 4550 533 4586 ι
579 4540 665 4588 tra
686 4546 810 4621 eum
830 4533 1086 4591 habuisse
1108 4535 1295 4592 odium
1326 4538 1733 4609 comprobatur,
1783 4542 1879 4597 sed
1918 4542 2096 4599 abisse
2120 4526 2175 4587 Ῑ)
2201 4546 2550 4617 θκροείιυιειιε
2581 4560 2805 4602 causam
2843 4563 3021 4604 suam.
3075 4547 3301 4621 Mystice
3341 4558 3557 4615 autem,
3603 4545 3774 4617 siquis

512 4638 537 4677 ο
580 4620 900 4694 simpliciter
932 4640 1057 4682 cum
1093 4641 1159 4685 eo
1188 4628 1244 4684 in
1295 4627 1488 4684 silvam
1521 4630 1591 4686 ad
1628 4629 1777 4702 ligna
1815 4630 2091 4698 caedenda,

513 4732 535 4768 ι
577 4722 636 4771 et
663 4714 719 4770 in
749 4717 1054 4779 succisione
1085 4719 1358 4792 lignorum
1391 4723 1597 4779 securis
1624 4721 1825 4795 fugerit
1848 4740 2092 4791 manum,

503 4822 535 4860 η
579 4803 895 4881 ferrumque
917 4804 1131 4879 lapsum
1153 4812 1222 4867 de
1239 4812 1529 4868 manubrio
1564 4815 1801 4871 amicum
1828 4816 1946 4888 ejus
1969 4833 2095 4888 per-

509 4914 537 4954 t:
579 4897 814 4956 euaserit
841 4906 898 4955 et
915 4901 1197 4971 occiderit,
1250 4905 1339 4960 hic
1365 4906 1434 4961 ad
1462 4920 1625 4962 unam
1654 4908 2095 4979 supradictarum

516 5009 529 5051 ι
575 4992 793 5049 urbium
821 4992 1095 5066 confugiet
1118 4998 1336 5054 et‘vivet
1362 5018 1374 5053 :
1408 5016 1475 5055 ne
1504 5000 1644 5056 forte
1666 5002 1948 5071 proximus
1973 5001 2094 5073 ejus

522 5101 533 5141 l
578 5084 844 5159 cujusest
862 5083 1069 5141 effusus
1101 5090 1343 5160 sanguis,
1388 5091 1574 5148 dolore
1617 5093 1931 5150 stimulatus
1967 5108 2094 5166 per-

506 5192 535 5235 i2
579 5184 860 5249 setiuatur,
888 5185 945 5234 et
963 5178 1333 5250 dpprehendat
1370 5199 1495 5240 eum
1523 5184 1570 5241 si
1614 5184 1831 5258 longior
1863 5186 1952 5242 via
1981 5185 2093 5244 fue-

498 5261 536 5327 t"
578 5271 676 5339 rit,
720 5278 778 5328 et
807 5270 1081 5344 percutiat
1126 5272 1364 5329 animam
1406 5274 1521 5345 ejus
1567 5277 1658 5348 qui
1706 5292 1811 5335 non
1840 5287 1926 5337 est
1962 5295 2091 5337 reus

492 5380 536 5421 ι⁴
578 5363 773 5421 mortis
812 5382 826 5420 :
863 5365 992 5436 quia
1018 5363 1225 5420 nullum
1272 5375 1462 5424 contra
1497 5385 1622 5426 eum
1642 5371 1735 5442 qui
1774 5372 1988 5429 occisus
2006 5380 2092 5429 est

513 5474 538 5510 r
578 5458 762 5515 odium
802 5459 954 5531 prius
1008 5458 1267 5515 habuisse
1305 5470 1660 5519 monstratur.
1724 5485 1743 5519 ι
1778 5466 1860 5523 Ad
1898 5468 2090 5525 silvam

506 5564 630 5606 cum
654 5550 830 5605 amico
862 5550 1028 5616 imus,
1072 5550 1287 5622 quoties
1330 5566 1454 5606 cum
1489 5555 1731 5624 quolibet
1752 5560 2002 5628 proximo
2024 5562 2094 5617 ad

507 5641 764 5697 intuenda
802 5641 998 5697 delicta
1029 5650 1215 5700 nostra
1248 5646 1640 5712 convertimur,
1666 5658 1719 5704 et
1745 5650 2094 5723 simplicitate

510 5733 651 5803 ligna
686 5734 1041 5803 succidimus,
1081 5751 1210 5794 cum
1258 5737 1688 5808 delinquentium
1713 5740 1973 5817 vitia.pia
2016 5744 2099 5801 in-

2204 4654 2303 4713 per
2337 4638 2595 4698 invidiam
2626 4646 2720 4693 aut
2746 4639 2933 4695 odium
2974 4650 3240 4699 mucrone
3286 4640 3515 4701 malitiae
3560 4639 3771 4710 aliquem

2201 4730 2553 4802 percusserit,
2586 4737 2644 4785 et
2686 4728 2740 4784 in
2774 4738 3009 4786 mortem
3035 4731 3233 4788 animae
3251 4731 3560 4797 seduxerit,
3582 4740 3773 4787 πίει-η

2201 4824 2366 4878 morti
2416 4823 2533 4894 ipse
2577 4823 2845 4879 obnoxius
2879 4825 3005 4879 erit.
3063 4823 3219 4881 Unde
3256 4826 3375 4898 ipsa
3407 4825 3633 4881 Veritas
3665 4823 3768 4882 ait:

2206 4931 2226 4967 ι
2273 4914 2332 4969 Si
2358 4916 2483 4986 quis
2522 4912 2976 4970 scandalizaverit
3012 4932 3180 4973 unum
3210 4917 3278 4973 de
3303 4915 3524 4987 pusillis
3547 4916 3665 4972 istis
3692 4912 3773 4985 qui

2198 5007 2254 5062 in
2300 5023 2388 5063 me
2406 5007 2654 5076 credunt,
2685 5006 2904 5080 expedit
2941 5010 2992 5066 ei
3029 5019 3090 5066 ut
3118 5008 3261 5066 mola
3288 5010 3537 5066 asinaria
3564 5011 3778 5064 addatur

2197 5096 2337 5157 collo
2384 5100 2523 5173 ejus,
2575 5107 2631 5157 et
2689 5102 3042 5174 demergatur
3090 5102 3147 5158 in
3177 5102 3521 5175 profundum
3576 5100 3777 5176 (laus.

2195 5189 2376 5263 xvm).
2435 5211 2455 5244 ι
2490 5191 2559 5247 Et
2585 5189 2825 5249 Ioannes
2854 5193 2933 5250 ait
2961 5212 2973 5248 :
3006 5213 3024 5245 ‹
3062 5191 3169 5262 Qui
3203 5195 3320 5251 odit
3348 5193 3583 5250 fratrem
3616 5208 3783 5255 Situm,

2195 5281 2470 5339 homicida
2518 5292 2620 5340 est.
2656 5282 2724 5339 Et
2763 5285 2916 5341 scitis
2964 5289 3093 5358 quia
3146 5287 3329 5342 omnis
3368 5286 3650 5342 homicida
3686 5300 3781 5341 non

2198 5377 2362 5435 habet
2403 5378 2574 5435 vitam
2619 5388 2880 5436 aeternam
2938 5381 2993 5436 in
3058 5394 3121 5438 se
3165 5387 3479 5438 manentem
3532 5378 3589 5453 (Ι
3632 5378 3783 5433 Joan-

2194 5468 2302 5544 m).
2338 5491 2357 5523 ι
2396 5469 2494 5527 Hic
2521 5470 2644 5527 talis
2667 5473 2736 5528 ab
2760 5472 2920 5527 altari
2952 5472 3167 5529 Domini
3205 5472 3363 5528 evelli
3386 5471 3641 5540 jubetur,
3669 5469 3785 5539 quia

2196 5560 2461 5632 indignus.
2496 5564 2854 5619 sacramentis
2909 5562 3231 5629 Dominicis,
3284 5578 3317 5618 a
3369 5560 3785 5633 participatione

2198 5656 2343 5711 sacri
2380 5655 2570 5711 altaris
2598 5657 2795 5712 merito
2825 5666 3157 5724 removetur,
3197 5670 3296 5711 nec
3324 5655 3583 5710 revocari
3612 5653 3681 5709 ad
3708 5663 3789 5706 vo-

2198 5744 2344 5803 niam
2384 5746 2489 5803 nisi
2519 5762 2620 5821 per
2664 5748 2988 5824 condignam
3038 5747 3421 5823 ptenitentiam
3469 5745 3589 5804 ullo
3628 5741 3787 5801 male
