3930 6344
128 311 218 386 909

909 310 1314 382 ENARRATIO
1349 322 1580 383 SUPER
1616 323 2241 393 DEUTERONOMIUM.
2280 367 2351 378 —
2388 335 2515 395 LIB.
2555 337 2618 397 Π.

3258 357 3365 415 910

123 441 354 546 uteretur.
383 433 492 541 Qui
539 438 720 542 autem
743 449 853 493 non
873 445 1004 546 voto
1043 438 1304 546 malitias.
1329 439 1426 498 sed
1455 457 1558 513 per
1588 445 1672 500 in—
1701 443 1756 518 Α
1781 461 1917 516 rem,
1938 457 1993 505 et
2011 465 2119 506 non
2137 452 2426 511 habentem
2457 457 2840 517 discretionem
2862 459 3114 522 stibtilem
3142 469 3209 527 de
3229 472 3363 546 Deo,

26 559 28 568 ι
123 531 298 590 curiam
331 537 424 584 aut
452 529 814 601 ignorantiam
861 529 1099 601 aliquem
1129 531 1353 601 laeserit,
1385 535 1553 592 habet
1582 552 1675 593 ur-

119 623 199 679 bes
220 619 429 690 refugii,
479 619 784 677 Ecclesium
820 622 1076 680 videlicet
1103 625 1445 694 catholicam,
1498 629 1589 685 ubi
1618 641 1678 686 se

121 712 338 784 angustia
377 712 714 784 poenitentiae
739 715 1044 780 coarctans,
1097 732 1196 787 per
1246 733 1409 774 omne
1461 729 1678 790 tempus

117 804 376 878 praesentis
404 806 530 860 vitae
561 803 724 862 bonis
769 809 1026 878 operibus
1083 810 1322 867 Studium
1354 814 1678 884 impendens

119 907 335 962 maneat;
367 905 422 952 et
441 897 485 952 si
517 911 667 967 spem
700 913 856 954 suam
881 901 936 954 in
959 911 1135 956 morte
1155 904 1430 972 pontiﬁcis
1453 907 1672 975 summi,

117 989 478 1060 Redemptoris
493 993 743 1049 videlicet
765 995 871 1062 sui,
892 997 1158 1065 posuerit,
1183 997 1272 1053 hic
1295 998 1413 1054 sine
1433 1000 1596 1057 dubio
1620 1002 1676 1056 in

116 1093 352 1140 internum
385 1085 705 1142 salvabitur.

696 1187 923 1258 CAPUT
962 1201 1104 1256 XXI.

114 1269 176 1324 De
195 1271 399 1324 testibus
426 1269 575 1341 falsis
600 1287 700 1325 non
722 1272 1052 1342 recipiendis,
1067 1273 1156 1326 sed
1176 1273 1224 1327 si
1241 1275 1436 1329 inventi
1457 1275 1671 1344 fuerint,

646 1343 741 1396 rite
762 1344 1062 1413 puniendis.

167 1431 334 1503 (tam)
369 1451 387 1483 ‹
448 1431 563 1488 Non
599 1434 767 1488 stabit
803 1433 960 1487 testis
1011 1445 1150 1487 unus
1190 1440 1384 1488 contra
1416 1435 1674 1506 aliquem,

112 1540 130 1572 ι
165 1523 416 1593 quidquid
456 1525 588 1578 illud
610 1523 823 1592 peccati
854 1531 910 1577 et
946 1522 1208 1579 facinoris
1239 1523 1438 1591 fuerit;
1501 1528 1592 1580 sed
1620 1529 1678 1582 in

109 1627 128 1663 r
163 1627 254 1669 ore
295 1615 527 1668 duorum
566 1620 660 1667 aut
701 1613 863 1667 trium
893 1613 1116 1667 testium
1163 1615 1332 1668 stabit
1369 1631 1530 1670 omne
1556 1628 1678 1671 ver-

108 1713 126 1753 ι
160 1703 302 1758 bum.
343 1724 362 1755 ι
398 1703 551 1759 Licet
592 1714 647 1760 et
679 1704 1046 1758 bistorialiter
1096 1706 1214 1758 haec
1255 1707 1326 1759 sit
1354 1708 1535 1762 divina
1561 1723 1676 1763 ser-

96 1797 255 1851 vanda
291 1797 585 1862 sententia,
612 1805 796 1852 tamen
824 1805 1026 1852 etcum
1052 1806 1242 1852 contra
1269 1800 1540 1869 quoslibet
1565 1803 1668 1856 ima

91 1887 200 1957 pios
231 1889 318 1944 vel
362 1889 649 1946 hasretieos
685 1889 927 1956 agimus,
955 1903 1182 1945 necesse
1205 1891 1364 1945 nobis
1410 1899 1494 1946 est
1520 1893 1672 1947 Seria

85 1991 268 2051 pturas
289 1991 508 2038 sanctas
541 1984 596 2037 in
621 1984 996 2038 testimonium
1019 1997 1235 2039 vocare.
1281 1984 1484 2042 Sensus
1511 1989 1670 2058 quip-

81 2088 142 2142 pe
183 2076 363 2129 nostri
387 2084 442 2129 et
478 2075 758 2130 attestatio
783 2076 902 2129 sine
948 2075 1035 2129 bis
1068 2077 1299 2131 testibus
1333 2091 1438 2131 non
1466 2078 1670 2133 habent

79 2162 262 2218 ﬁdem.
324 2165 480 2222 Unde
522 2167 698 2236 magis
744 2167 999 2222 convenit
1026 2168 1092 2222 ad
1144 2168 1544 2237 probationem,
1606 2175 1668 2222 ut

81 2267 197 2311 cum
230 2255 496 2310 aliirmem
524 2259 750 2311 verbum
779 2257 1084 2312 intellectus
1111 2259 1242 2324 mei,
1272 2259 1506 2314 adhibeo
1533 2260 1665 2314 duos

81 2359 260 2413 testes,
313 2348 522 2405 Novum
571 2358 631 2404 et
702 2351 870 2405 Vetus
924 2349 1353 2407 Testamentum.
1419 2351 1668 2408 Adbibeo

85 2443 238 2496 etiam
271 2449 383 2496 tres
405 2482 420 2507 ,
448 2440 798 2512 Evangele
816 2483 830 2506 ,
863 2441 1192 2511 Prophetarn
1223 2451 1276 2498 et
1299 2444 1618 2513 Apostolum
1648 2462 1661 2498 :

85 2535 156 2589 sic
195 2534 367 2589 stabit
423 2544 586 2590 omne
621 2537 868 2590 verbum.
907 2552 930 2587 ι
973 2535 1220 2606 Cumque
1249 2537 1664 2606 diligentissime

90 2646 106 2679 ι
145 2635 577 2698 perscrutantes,
617 2629 922 2682 invenerint
961 2629 1159 2684 falsum
1209 2638 1401 2686 testem
1462 2631 1666 2687 dixisse

89 2733 107 2770 ‹
145 2727 337 2774 contra
369 2718 596 2774 fratrem
626 2720 1162 2783 suum'mendacinm,
1198 2723 1424 2777 reddent
1446 2724 1494 2778 ei
1524 2724 1667 2778 sicut

89 2828 106 2862 ι
147 2812 299 2867 fratri
343 2827 448 2867 suo
473 2812 658 2866 facere
699 2813 1000 2884 cogitavit;
1056 2819 1109 2866 et
1137 2811 1353 2868 auferes
1377 2814 1578 2868 malum
1601 2813 1668 2868 de

88 2923 104 2955 ε
143 2907 319 2960 medio
346 2906 450 2971 tui,
474 2914 534 2960 ut
556 2907 838 2962 audientes
855 2907 1104 2961 timorem
1123 2907 1306 2961 caeteri
1329 2909 1586 2972 habeant,
1614 2915 1668 2961 et

88 3012 107 3046 ο
144 3011 493 3068 nequaquam
525 2998 652 3052 talia
685 2999 917 3052 audeant
951 2998 1150 3052 facere.
1179 2997 1297 3053 Non
1321 3000 1668 3054 misereberis

86 3103 104 3136 ‹
142 3086 278 3156 ejus,
336 3088 436 3142 sed
466 3088 702 3142 animam
735 3103 832 3159 pro
857 3089 1063 3153 anima,
1107 3088 1323 3142 oculum
1354 3103 1453 3158 pro
1483 3087 1663 3153 oculo,

87 3286 104 3320 ι
143 3272 278 3339 pede
336 3272 546 3341 exiges.
606 3292 623 3322 ι
679 3271 755 3325 De
808 3273 910 3325 hoc
958 3278 1014 3324 et
1044 3270 1100 3325 in
1126 3269 1372 3325 Levitico
1401 3270 1665 3340 scriptum

81 3371 189 3419 est:
222 3383 242 3415 ‹
277 3365 388 3433 Qui
427 3365 766 3420 occideritet
795 3364 1133 3434 percusserit
1152 3364 1450 3428 hominem,
1491 3372 1666 3416 morte

87 3470 108 3504 t
142 3457 434 3512 moriatur.
496 3456 598 3523 Qui
630 3457 962 3525 percusserit
993 3456 1216 3520 animal,
1278 3455 1468 3510 reddet
1519 3454 1666 3509 vica-

85 3559 104 3596 ι
141 3547 307 3615 rium,
342 3548 396 3603 id
432 3557 535 3613 est,
567 3548 802 3602 animam
836 3562 936 3616 pro
960 3549 1161 3601 anima.
1206 3547 1309 3612 Qui
1338 3546 1667 3616 irrogaverit

83 3651 104 3686 τ
140 3640 415 3695 maculam
448 3638 671 3694 cuilibet
706 3638 906 3693 civium
935 3651 1157 3692 suorum
1179 3677 1193 3702 ,
1236 3637 1378 3691 sicut
1406 3635 1533 3690 fecit
1577 3634 1669 3688 ﬁat

83 3744 100 3779 ε
139 3732 183 3786 ei
223 3751 235 3785 :
269 3732 576 3786 fracturam
632 3746 732 3802 pro
785 3730 1046 3796 fractura,
1097 3730 1313 3786 oculum
1349 3745 1451 3800 pro
1487 3729 1665 3791 ocule,

84 3835 102 3869 ι
137 3821 367 3878 dentem
406 3839 505 3891 pro
539 3823 698 3876 dente
724 3822 997 3876 restituet.
1025 3821 1250 3889 Qualem
1270 3820 1531 3875 inﬂixerit
1561 3831 1670 3873 mas

82 3927 100 3959 σ
135 3913 356 3976 calam,
400 3912 561 3966 talem
604 3911 875 3965 sustinere
915 3919 1158 3982 cogatur.
1197 3912 1297 3978 Qui
1341 3911 1670 3981 percusserit

82 4017 102 4053 ε
133 4005 254 4059 sive
289 4001 558 4058 occiderit
586 4002 887 4067 hominem,
915 4003 1051 4067 sive,
1094 4003 1390 4057 secundum
1442 4002 1669 4071 Septua-

81 4103 100 4142 ί
132 4096 316 4166 ginta,
372 4093 466 4161 qui
522 4093 855 4161 percusserit
897 4092 1132 4147 animam
1179 4093 1436 4158 hominis,
1492 4099 1668 4146 morte

80 4201 96 4236 ι
135 4185 417 4240 moriatur
449 4181 634 4254 (Levit.
666 4183 847 4253 xxrv).
885 4204 901 4236 ι
936 4183 1000 4237 Et
1024 4183 1146 4253 quis
1173 4182 1409 4238 hominis
1432 4183 1666 4237 animam

72 4283 330 4352 percutit,
376 4279 478 4335 nisi
540 4282 632 4349 qui
675 4295 799 4334 cum
847 4280 1057 4334 illicitat
1083 4281 1150 4335 ad
1181 4281 1538 4349 impietatem,
1575 4279 1664 4350 qui

74 4385 187 4427 eum
211 4375 281 4428 ad
338 4372 692 4442 blasphemus
721 4372 886 4425 trahit
930 4385 1232 4435 sermones,
1259 4372 1311 4424 in
1336 4371 1530 4439 quibus
1558 4386 1667 4425 me-

72 4476 212 4521 retur
255 4467 500 4537 pessima
551 4465 755 4536 peccati
807 4473 982 4519 morte
1031 4464 1190 4528 mori,
1238 4477 1359 4533 qute
1406 4477 1535 4517 vera
1577 4469 1660 4517 est

1781 553 1967 596 errare
1989 541 2135 609 fecit,
2176 547 2332 616 quasi
2367 549 2527 604 venia
2553 549 2778 608 omnino
2811 553 3005 626 dignus
3030 568 3136 614 est.
3169 559 3228 617 Si
3271 541 3368 620 au;

1779 633 1888 686 tem
1916 635 2206 703 percussit,
2253 654 2359 695 non
2385 640 2464 695 sic
2496 649 2558 696 ut
2585 644 2830 712 perfecte
2872 661 2997 703 eum
3019 650 3086 706 ad
3111 651 3366 726 impieta-

1778 729 1889 778 tem
1911 723 2223 818 deduceret,
2247 735 2302 784 et
2330 739 2396 784 c’x
2424 737 2542 788 toto
2566 739 2691 788 eum
2717 749 2906 794 errare
2929 738 3137 799 faceret
3167 723 3206 800 εἶ
3229 745 3368 818 Deo,

1777 817 2002 873 Omnino
2029 827 2209 875 autem
2241 823 2488 892 quaedam
2511 841 2574 880 ea
2606 825 2806 884 dixerit
2840 827 2934 888 aut
2953 835 3146 906 egerit,
3170 847 3225 895 et
3250 858 3369 898 ma-

1778 908 1954 967 eulam
2004 912 2212 982 peccati
2259 914 2538 987 irrogavit,
2587 922 2884 978 secundum
2915 926 3020 983 hoe
3053 937 3108 984 et
3140 946 3363 1002 poenam

1779 1003 2087 1059 sustinebit.
2139 1004 2228 1061 Ait
2281 1008 2429 1062 enim
2471 1029 2482 1064 :
2519 1030 2537 1061 ι
2573 1011 2675 1079 Qui
2720 1015 3046 1088 irrogaverit
3091 1025 3362 1081 maculam

1777 1095 1999 1149 cuilibet
2029 1097 2227 1151 civium
2277 1114 2522 1165 suorum,
2557 1103 2697 1157 sicut
2728 1103 2882 1172 fecit,
2913 1110 2961 1163 ei
2994 1105 3106 1166 ﬁat.
3139 1113 3366 1173 Fractu-

1777 1205 1895 1244 ram
1919 1205 2016 1259 pro
2042 1189 2277 1246 fractura
2299 1213 2309 1245 :
2330 1194 2461 1258 sive,
2489 1206 2544 1246 ut
2575 1195 2949 1268 Septuaginta,
2981 1205 3360 1268 contritionem

1776 1281 1876 1351 pro
1893 1283 2237 1348 contritione,
2271 1286 2487 1340 oculum
2510 1304 2610 1357 pro
2633 1289 2809 1352 oculo,
2844 1291 3058 1348 dentem
3107 1312 3206 1366 pro
3236 1301 3363 1357 den-

1779 1381 1852 1427 te.
1895 1394 1912 1424 ›
1952 1373 2077 1428 Sive
2105 1377 2250 1430 enim
2281 1378 2536 1434 virtutem
2582 1396 2742 1449 quam
2781 1381 2992 1448 habuit,
3049 1386 3203 1457 cujus
3250 1392 3364 1448 sive

1779 1463 2058 1532 proximus
2085 1463 2173 1520 ille
2207 1466 2346 1520 mala
2376 1469 2574 1524 docens
2605 1479 2698 1524 aut
2724 1473 2982 1540 suadens,
3014 1487 3108 1531 aut
3141 1482 3364 1536 scanda-

1755 1551 1974 1619 -lizans,
2007 1562 2100 1608 aut
2131 1554 2420 1613 detrahens
2447 1570 2539 1613 aut
2578 1561 2914 1619 calumnians
2949 1567 3225 1636 contrivit,
3251 1571 3365 1629 sive

1777 1639 1994 1701 Oculum
2025 1645 2140 1716 ejus
2170 1648 2420 1704 videlicet
2465 1653 2839 1721 scientiarum,
2891 1673 3057 1713 unum
3089 1661 3365 1730 quodlibet

1778 1740 2166 1808 praedictorum”
2194 1759 2360 1814 agens
2389 1749 2646 1813 caecavit;
2678 1758 2771 1803 aut
2798 1749 3036 1820 dentem,
3069 1735 3365 1814 verborum

1696 1821 1746 1883 B
1773 1832 2050 1887 virtutem.
2084 1834 2284 1918 Dentes
2310 1839 2451 1892 enim
2477 1855 2576 1908 pro
2596 1842 2778 1896 verbis
2807 1843 3087 1914 Scriptura
3113 1850 3365 1920 accipere

1776 1925 1932 1992 solet,
1964 1915 2366 1996 quod‘ostendit
2397 1933 2565 1986 David
2593 1934 2778 1990 dicens
2813 1954 2825 1988 ;
2861 1955 2879 1986 ‹
2909 1936 3029 1992 Filii
3056 1915 3360 2009 hominum,

1773 2024 1962 2076 dentes
2003 2037 2191 2078 eorum
2224 2041 2372 2079 arma
2397 2033 2451 2079 ct
2482 2028 2711 2096 sagittae,
2741 2035 2793 2082 ct
2817 2028 2998 2098 lingua
3030 2045 3218 2087 eorum
3246 2033 3356 2105 gla-

1773 2115 1892 2170 dius
1946 2125 2137 2172 acutus
2186 2111 2358 2189 (Psal.
2410 2118 2544 2189 Lvi),
2579 2140 2596 2171 ι
2623 2120 2708 2174 vel
2741 2123 3011 2177 machaera
3054 2133 3235 2180 acuta.
3282 2127 3362 2183 De

1771 2207 1989 2264 Christo
2016 2219 2199 2264 autem
2227 2207 2393 2266 Jacob
2435 2213 2748 2281 patriarcha
2793 2213 2848 2269 in
2895 2215 3361 2274 benedictionibus

1772 2301 1988 2356 dicebat
2021 2319 2033 2354 :
2070 2320 2088 2351 ‹
2127 2301 2476 2357 Pulchriorcs
2498 2314 2624 2358 sunt
2647 2305 2790 2360 oculi
2819 2304 2934 2375 ejus
2963 2307 3115 2374 vino,
3146 2318 3204 2363 ct
3234 2311 3358 2364 den-

1770 2399 1851 2447 tes
1907 2393 2047 2448 lacte
2096 2394 2439 2449 candidiores
2482 2394 2636 2466 (Gen.
2681 2395 2850 2467 xm).
2891 2417 2908 2448 ι
2938 2397 3082 2452 Clari
3116 2400 3256 2452 enim
3304 2409 3361 2455 ct

1771 2485 1943 2554 aperti
1975 2485 2272 2555 evangelici
2323 2485 2526 2540 Christi
2572 2501 2851 2543 sermones
2890 2496 3035 2555 sunt,
3074 2504 3236 2558 super
3275 2489 3361 2546 lac

1770 2574 1987 2646 legales.
2020 2575 2338 2632 Necessario
2383 2593 2513 2647 ergo
2554 2593 2742 2633 eorum
2779 2595 2898 2648 qua:
2928 2580 3071 2636 dicta
3098 2591 3225 2636 sunt
3261 2582 3359 2638 ali~

1771 2667 1901 2735 quid
1933 2681 2162 2731 nocens,
2193 2667 2424 2721 similem
2453 2677 2508 2722 ct
2535 2669 2649 2737 ipse
2684 2671 2917 2725 sustinet
2967 2671 3258 2738 maculam,
3300 2675 3359 2728 in

1765 2756 1972 2827 judicio
1999 2757 2254 2812 videlicet
2283 2757 2487 2812 futuro.
2528 2757 2585 2812 Si
2615 2760 2761 2812 enim
2791 2759 3012 2814 alterius
3037 2761 3226 2814 virtuti
3259 2777 3356 2815 no-

1771 2849 1884 2904 cuit
1919 2857 2013 2902 aut
2049 2850 2324 2914 contrivit,
2376 2850 2544 2919 ipsius
2574 2859 2904 2904 conteretur.
2946 2849 3243 2906 Seicntiam
3265 2853 3364 2907 ob-

1772 2940 2030 3003 scuravit,
2063 2938 2182 3008 ejus
2229 2939 2454 2994 scicntia
2507 2956 2606 3008 pro
2625 2939 2783 3000 nullo
2811 2941 3063 2994 habetur.
3091 2940 3147 2995 Si
3177 2943 3358 2999 verbis

1772 3032 2138 3087 doctoralibus
2170 3033 2372 3096 nocuit,
2426 3041 2480 3085 et
2512 3029 2629 3097 ejus
2683 3046 2965 3087 sermones
2995 3032 3361 3092 infructuosos

1727 3163 1736 3196 δ
1771 3125 1823 3181 ei
1856 3133 2017 3196 atque
2039 3125 2257 3179 inutiles
2275 3125 2440 3194 judex
2484 3122 2699 3179 cllicict.

87 3196 104 3228 ε
144 3183 360 3234 dentem
393 3193 488 3248 pro
525 3179 705 3244 dente,
745 3194 966 3232 manum
1000 3193 1098 3248 pro
1129 3193 1314 3245 manu,
1346 3177 1540 3248 pedem
1564 3191 1665 3249 pro
1693 3175 1738 3246 ρ
1776 3175 1823 3181 “
1857 3175 2015 3196 ”’“““
2039 3175 2198 3232 “““’“ζ

2340 3255 2570 3311 CAPUT
2610 3255 2766 3312 XXII.

1767 3350 1844 3404 De
1867 3350 2163 3404 ordinando
2179 3351 2306 3418 jure
2327 3349 2448 3402 belli
2467 3367 2484 3413 ;
2514 3358 2563 3402 et
2588 3351 2652 3404 de
2679 3350 3061 3418 formidolosis,
3085 3364 3135 3410 et
3155 3358 3359 3413 ueteris

1909 3421 2226 3474 inhabilibus
2247 3423 2480 3490 personis
2503 3421 2572 3474 ad
2595 3421 2896 3476 bellandum
2916 3464 2932 3490 ,
2957 3427 3208 3481 remissis.

1841 3533 1989 3602 (Car.
2024 3532 2148 3602 xx.)
2169 3550 2185 3581 ι
2221 3531 2380 3596 Audi,
2401 3531 2566 3585 Israel
2594 3549 2607 3584 :
2638 3533 2746 3586 Vos
2774 3532 2934 3587 hodie
2961 3543 3151 3590 contra
3178 3537 3360 3592 inimi-

1775 3643 1794 3674 ‹
1823 3639 1917 3679 eos
1948 3633 2158 3679 vestros
2185 3638 2422 3694 pugnam
2452 3624 2798 3678 committitis
2827 3641 2840 3677 :
2874 3639 2980 3679 non
3009 3628 3360 3696 pertimescat

1775 3734 1794 3768 c
1823 3731 1916 3770 cor
1956 3724 2195 3770 vestrum
2219 3756 2231 3780 ,
2270 3716 2438 3769 nolite
2479 3722 2722 3768 metuere
2741 3749 2764 3780 ,-
2795 3716 2960 3770 nolite
2993 3717 3217 3786 cedere,
3257 3737 3359 3776 nec

1775 3826 1792 3860 ι
1825 3807 2127 3862 formidetis
2162 3823 2285 3872 eos,
2321 3808 2447 3877 quia
2479 3807 2738 3862 Dominus
2767 3809 2911 3862 Deus
2940 3817 3122 3864 vester
3156 3811 3210 3864 in
3246 3827 3358 3866 ine-

1777 3916 1796 3949 σ
1825 3899 1916 3951 dio
1949 3906 2190 3952 vestrum
2220 3905 2337 3961 est,
2369 3903 2423 3950 et
2448 3911 2548 3965 pro
2579 3896 2733 3950 vobis
2762 3906 2951 3952 contra
2982 3898 3238 3956 inimicos
3269 3917 3359 3956 vc-

1776 4008 1796 4041 ‹
1827 3999 1970 4045 stros
1999 3989 2279 4043 dimicabit
2297 4030 2309 4054 ,
2342 3996 2404 4042 ut
2429 3996 2586 4042 eruat
2615 4003 2712 4043 vos
2743 3988 2810 4042 de
2839 3989 3098 4059 periculo.
3132 4010 3152 4043 ι
3177 3993 3233 4046 ln
3267 3992 3359 4047 Se-

1769 4083 2049 4153 ptuaginta
2086 4097 2300 4151 quoque
2329 4083 2445 4136 haec
2475 4084 2746 4136 sententia
2778 4084 2854 4137 ita
2885 4084 3082 4155 legitur
3111 4105 3122 4138 :
3160 4105 3180 4139 ‹
3211 4089 3357 4156 Quo-

1775 4188 1796 4225 ‹
1825 4177 1970 4230 niam
1996 4175 2252 4230 Dominus
2277 4175 2418 4229 Deus
2441 4182 2624 4230 vester
2649 4175 2739 4244 qui
2762 4176 3034 4244 praecedet
3055 4177 3352 4248 vobiscum,

1775 4285 1796 4318 ε
1825 4268 1983 4322 simul
2031 4267 2320 4322 debellabit
2361 4267 2642 4321 vobiscum
2696 4267 2946 4322 inimicos
2997 4277 3242 4335 vestros,
3297 4280 3355 4327 et

1774 4379 1795 4412 ‹
1823 4363 2001 4416 salvos
2033 4359 2196 4414 faciet
2224 4375 2337 4414 vos.
2374 4380 2392 4410 υ
2416 4361 2558 4414 Ecce
2587 4360 3043 4429 quemadmodum
3076 4371 3132 4414 et
3161 4363 3212 4414 in
3245 4364 3354 4431 spi-

1767 4456 2019 4510 ritalibus
2044 4453 2384 4508 conﬂictibus
2409 4454 2733 4523 sperandum
2762 4463 2845 4507 est
2872 4461 2926 4506 et
2951 4455 3242 4521 petendum
3269 4463 3354 4510 est

73 4573 212 4614 mors
246 4559 503 4613 anime?
533 4557 764 4628 propter
806 4558 954 4624 quod
989 4566 1163 4611 mone
1198 4556 1337 4610 mori
1365 4557 1530 4620 hunc,
1557 4555 1657 4628 qui
1685 4540 1740 4602 D
1765 4547 2092 4615 adjutorium
2133 4545 2264 4611 Dei,
2298 4560 2402 4599 non
2436 4555 2494 4597 ut
2522 4560 2619 4598 nos
2655 4543 2787 4597 nihil
2823 4543 3115 4606 faciamus,
3160 4545 3252 4598 sed
3293 4554 3355 4601 ut

72 4651 184 4707 talis
211 4661 323 4716 est,
359 4651 626 4721 praecipit.
660 4649 757 4703 llic
789 4657 967 4703 tamen
997 4648 1233 4701 animam
1271 4648 1455 4702 dicens
1479 4648 1656 4700 homi-

71 4743 164 4808 nis,
217 4744 518 4798 animalem
555 4742 787 4798 maxime
819 4740 1094 4796 hominem
1135 4740 1284 4805 dicit,
1319 4740 1372 4793 id
1401 4747 1501 4801 est,
1532 4747 1656 4793 eum

69 4838 150 4903 qui
179 4853 291 4893 non
317 4843 505 4906 putest
537 4834 839 4905 intelligere
867 4847 990 4903 quae
1016 4838 1142 4886 sunt
1176 4830 1427 4900 spiritus;
1450 4829 1526 4884 De
1553 4844 1659 4898 quo

68 4927 136 4979 ait
162 4926 454 4997 apostolus
496 4926 740 4981 Paulus:
780 4945 797 4977 ε
841 4924 1106 4980 Animalis
1138 4931 1317 4980 autem
1346 4923 1510 4978 homo
1549 4937 1656 4976 non

65 5021 288 5091 percipit
313 5036 381 5076 ea
411 5030 533 5088 qua:
560 5029 684 5074 sunt
711 5019 952 5088 spiritus.
985 5017 1225 5072 Stultitia
1263 5017 1409 5072 enim
1442 5015 1516 5070 illi
1552 5023 1657 5081 est,

64 5120 112 5165 et
143 5127 249 5168 non
277 5116 478 5185 potest
516 5113 837 5183 intelligere,
874 5111 1001 5180 quia
1027 5110 1347 5179 spiritaliter
1380 5108 1660 5162 examina-

63 5210 148 5257 tur
169 5204 221 5274 (ι
267 5203 406 5262 Cor.
439 5205 523 5275 tr).
553 5223 572 5257 ι
608 5203 780 5272 Quem
817 5203 910 5273 qui
941 5203 1288 5272 percusserit,
1331 5210 1506 5256 morte
1548 5215 1660 5255 mo-

62 5294 252 5351 riatur.
281 5297 403 5353 Sed
441 5304 498 5351 et
525 5297 571 5352 si
605 5295 942 5367 percusserit
968 5293 1202 5356 animal,
1239 5292 1494 5347 videlicet
1533 5297 1657 5346 eum

60 5387 148 5455 qui
171 5391 350 5445 modio
373 5388 592 5458 pecoris
616 5389 770 5443 vivit.
805 5388 881 5442 De
927 5402 1034 5456 quo
1064 5386 1139 5439 ait
1185 5383 1349 5438 David
1381 5402 1392 5436 :
1433 5401 1454 5433 ‹
1485 5381 1656 5438 Homo

58 5491 179 5533 eum
231 5481 292 5535 in
326 5481 538 5535 honore
583 5489 749 5547 esset,
806 5495 913 5534 non
967 5477 1272 5532 intellexit:
1307 5482 1654 5547 comparatus

60 5576 436 5646 est’jurnentis
478 5576 878 5646 insipientibus;
922 5583 974 5628 et
1017 5572 1210 5627 similis
1237 5571 1412 5625 factus
1437 5579 1519 5624 eSt
1548 5568 1654 5623 illis

62 5662 234 5733 (Paul.
263 5667 488 5737 XLVIII).
533 5687 560 5718 γ
584 5665 795 5722 Reddet
840 5665 1120 5729 vicarium,
1176 5663 1240 5719 id‘
1271 5673 1370 5729 est,
1423 5663 1660 5717 animam

60 5761 409 5827 proaniina.
445 5759 557 5818 Nec
592 5762 736 5818 enim
769 5762 894 5830 quia
924 5768 1264 5830 peecatorem
1317 5767 1408 5814 aut
1441 5757 1663 5829 popula-

1767 4641 1934 4709 adjuti
1967 4644 2341 4708 coopcremur.
2376 4636 2467 4690 Sic
2495 4637 2639 4690 enim
2671 4636 2746 4688 ait
2777 4654 2788 4688 :
2827 4651 2848 4684 ‹
2878 4633 3177 4691 Bebellabit
3203 4637 3354 4694 vobi-

1773 4751 1792 4785 ‹
1821 4747 1971 4789 scum
1994 4774 2006 4796 ,
2034 4752 2051 4782 ι»
2083 4740 2141 4784 ut
2177 4730 2341 4785 etiam
2372 4729 2518 4796 ipsos
2548 4733 2774 4782 acturus
2799 4727 2929 4797 quid
2966 4729 3231 4799 agendum
3265 4746 3353 4789 es~

1767 4836 1879 4891 set,
1909 4825 2238 4880 ostenderet.
2270 4840 2290 4873 ί
2312 4823 2486 4876 Duces
2513 4831 2728 4890 quoque
2753 4836 2850 4890 per
2876 4821 3116 4893 singulas
3143 4833 3349 4884 turmas
3401 4848 3404 4850 τ

1772 4935 1791 4971 ‹
1820 4920 2072 4974 audiente
2120 4917 2364 4972 exercitu
2416 4903 2827 4984 proclamabunt
2857 4931 2870 4966 :
2905 4913 3036 4981 Quis
3070 4924 3154 4971 est
3187 4917 3349 4973 homo

1771 5029 1790 5062 ‹
1823 5011 1913 5080 qui
1951 5008 2237 5064 aediﬁcavit
2283 5008 2501 5062 domum
2548 5015 2777 5068 novam,
2819 5009 2873 5057 et
2917 5019 3024 5060 non
3078 5005 3350 5061 dedicavit

1772 5121 1790 5152 ‹
1821 5102 2009 5155 illam?
2043 5099 2215 5154 Vadat
2251 5106 2305 5152 et
2352 5102 2657 5151 revertatur
2689 5095 2744 5149 in
2785 5095 3003 5151 domum
3043 5112 3196 5151 suam
3220 5139 3234 5163 ,
3275 5111 3345 5152 ne
3382 5125 3384 5128 ν

1775 5213 1794 5247 ι
1823 5196 1961 5250 forte
1995 5193 2260 5248 moriatur
2291 5191 2347 5244 in
2383 5188 2526 5244 bello
2554 5230 2566 5253 ,
2608 5195 2664 5243 et
2697 5187 2834 5242 alius
2867 5189 3030 5244 homo
3065 5187 3181 5256 ejus
3230 5187 3346 5242 ﬁm-

1773 5307 1790 5339 ‹
1823 5295 1980 5357 gatur
2005 5283 2198 5338 ofﬁcio.
2232 5280 2363 5347 Quis
2395 5282 2563 5335 homo
2587 5280 2680 5349 qui
2709 5279 3057 5350 desponsavit
3085 5291 3343 5345 uxorem,

1772 5399 1790 5431 ε
1821 5389 1878 5436 et
1913 5385 2030 5433 non'
2058 5375 2265 5446 accepit
2300 5375 2465 5429 eam?
2506 5371 2678 5430 Vadat
2710 5380 2765 5428 et
2801 5378 3110 5428 revertatur
3156 5369 3208 5423 in
3249 5369 3347 5425 do—

1769 5491 1788 5526 ι
1818 5487 1962 5528 mum
2011 5487 2196 5534 suam,
2246 5485 2312 5525 nc
2355 5468 2492 5523 forte
2525 5468 2794 5523 moriatur
2827 5466 2881 5519 in
2913 5463 3084 5527 bello,
3119 5468 3176 5516 et’
3208 5463 3346 5519 alius

1771 5587 1788 5618 ι
1821 5565 1983 5622 homo
2037 5564 2266 5633 accipiat
2310 5577 2428 5617 eam
2451 5604 2463 5628 ,
2499 5582 2517 5614 ι
2551 5568 2659 5616 etc.
2689 5558 2924 5612 Possunt
2952 5569 3172 5610 movere
3205 5555 3306 5608 ista
3327 5597 3341 5619 ,

1765 5659 1928 5732 Quasi
1959 5656 2182 5713 Meliore
2228 5655 2540 5710 emittitimie
2587 5649 2898 5705 meriantur‘
2935 5646 2989 5701 in
3040 5645 3214 5710 bello,
3252 5645 3344 5715 qui

1759 5749 1886 5823 j‘am
1910 5750 2296 5808 dedicaverunt
2319 5746 2544 5805 aediﬁcia
2574 5757 2670 5801 sua
2695 5782 2708 5807 ,
2733 5738 2957 5809 jamque
2984 5737 3186 5810 epulati
3217 5742 3346 5792 sunt
