3930 6344
43 447 54 452 η
156 397 230 458 945
887 380 1285 442 ENARRATIO
1321 383 1552 443 SUPER
1587 377 2204 442 DEUTERONOMIUM.
2243 411 2316 425 —
2343 382 2474 438 LIB.
2512 379 2573 436 ll.
3245 376 3352 434 914

50 511 52 516 ’
153 514 251 570 dum
277 509 386 570 est,
427 515 549 572 qua:
588 497 796 557 habiles
827 506 953 555 sunt
979 499 1048 554 ad
1078 499 1320 556 scientize
1351 498 1594 571 germina
1624 505 1681 554 et
1705 499 1760 562 Α
1781 496 2128 568 Evangelium
2156 498 2329 565 dicat,
2362 516 2381 549 ι
2411 496 2553 568 quod
2581 501 2707 552 ante
2736 493 2881 550 diem
2908 490 3107 552 festum
3136 495 3358 566 pascha

153 602 204 660 ad
222 598 460 654 virtutum
503 592 714 649 fructus
749 589 1138 662 proferendos,
1181 606 1252 647 ne
1291 591 1430 648 forte
1467 607 1566 662 per
1592 592 1678 645 in-
1788 606 1807 642 ‹
1837 589 2016 645 εεὶειιε
2042 586 2199 644 Jesus
2225 589 2351 658 quia
2381 589 2530 644 venit
2567 588 2704 642 hora
2743 583 2862 656 eius
2903 594 2964 640 ut
3009 593 3254 642 transeat
3291 601 3360 641 ex

42 690 50 723 ί
147 687 370 749 cautelam
417 683 608 755 iudicii
656 681 886 738 nimium
940 682 1224 748 laedantur,
1277 681 1354 737 ita
1403 689 1465 736 ut
1511 679 1680 736 futuri
1787 697 1808 734 ι
1837 679 1940 736 hoc
1981 680 2182 735 mundo
2223 679 2293 734 ad
2327 679 2577 743 Patrem,
2621 694 2744 733 cum
2784 677 3065 733 dilexisset
3103 693 3231 734 suos
3268 677 3364 748 qui

151 779 366 856 germinis
411 791 543 832 usus
588 775 806 845 penitus
829 774 920 830 ab
975 773 1057 829 eis
1101 771 1470 829 abscindatur.
1528 771 1682 827 Unde
1781 755 1810 826 ⁵(
1839 777 1995 828 erant
2037 771 2093 826 in
2140 769 2372 837 mundo,
2422 771 2477 825 in
2520 769 2682 824 ﬁnem
2729 769 2916 825 dilexit
2962 785 3074 826 eos.
3108 759 3178 825 Et
3207 784 3364 826 coena

45 901 47 904 ⁴
146 869 399 944 Apostolus
427 867 724 922 admonens
751 879 854 922 nos
882 865 1104 921 instruit
1131 863 1319 919 dicens
1346 882 1360 918 :
1383 881 1402 916 ι
1423 862 1646 919 Fratres
1663 902 1680 930 ,
1789 863 1817 917 ι
1840 862 2006 929 facta,
2027 877 2152 917 cum
2171 860 2416 916 diabolus
2430 858 2546 930 iam
2563 859 2799 915 misisset
2824 859 2878 914 in
2905 876 3022 926 cor,
3041 867 3102 915 ut
3124 861 3367 918 traderet

44 963 48 972 ‘
153 963 224 1018 «si
253 965 540 1030 occupatus
581 955 748 1011 fuerit
786 956 950 1012 homo
989 955 1048 1010 in
1092 952 1270 1023 aliquo
1308 953 1530 1020 delicto,
1563 965 1680 1020 vos,
1789 954 1963 1010 "reum
1998 951 2164 1008 Iudas
2206 949 2444 1006 Simonis
2481 951 2754 1006 lscariota:
2799 950 3002 1025 (Joan.
3032 967 3130 1007 xm
3153 951 3173 1026 )
3195 993 3208 1019 ,
3242 972 3260 1005 ι
3311 959 3369 1008 ει

153 1051 260 1122 cqui
284 1048 556 1121 spiritales
584 1046 719 1114 estis
739 1088 754 1115 ,
783 1046 1042 1102 instruite
1069 1044 1378 1116 huiusmodi
1405 1044 1461 1100 in
1491 1044 1684 1115 spiritu
1785 1033 2024 1112 Caetera;
2055 1044 2152 1102 sed
2177 1045 2323 1116 quod
2354 1052 2550 1100 natura
2592 1043 2884 1100 invisibilis
2922 1044 3205 1101 hominum
3236 1058 3368 1100 con-

151 1141 445 1200 «lenitatis:
479 1138 832 1206 considerans
863 1139 1133 1208 teipsum,
1164 1151 1233 1192 ne
1259 1143 1315 1192 et
1344 1145 1403 1192 tu
1434 1128 1682 1192 tenteris.
1784 1138 2057 1212 spectibus
2099 1153 2208 1193 non
2257 1145 2547 1209 appareat,
2594 1135 2828 1206 majores
2880 1145 3010 1191 natu
3057 1145 3114 1190 et
3157 1135 3372 1206 iudices

151 1233 314 1288 «Alter
352 1231 578 1287 alterius
621 1243 792 1286 onera
829 1238 1083 1301 portate:
1115 1236 1172 1285 et
1209 1229 1290 1284 sic
1327 1222 1686 1299 adimplebitis
1787 1232 1972 1302 egredi
1998 1230 2277 1300 iubentur,
2308 1239 2370 1285 ut
2397 1228 2694 1285 metiantur
2730 1244 2763 1284 a
2799 1229 2921 1284 loco
2959 1228 3240 1284 cadaveris
3266 1231 3374 1285 sin-

151 1327 331 1398 ilegem
358 1324 561 1381 Christi
594 1322 759 1396 (Gal.
785 1339 840 1378 vt
863 1325 906 1395 ).
937 1341 956 1376 ι
982 1323 1087 1389 Qui
1113 1328 1296 1376 autem
1325 1328 1563 1391 agrestes
1588 1319 1688 1372 ha-
1790 1321 2032 1394 gularum
2071 1337 2170 1391 per
2205 1323 2492 1377 circuitum
2534 1321 2708 1391 spatia
2748 1320 3063 1388 civitatum,
3106 1328 3374 1392 quatenus

145 1416 220 1472 bet
253 1430 438 1472 sensus
485 1423 542 1471 et
581 1429 764 1471 mores
813 1413 1154 1469 inordinatos
1203 1417 1368 1481 atque
1410 1411 1692 1478 incompo-
1792 1411 2077 1481 explorent
2128 1428 2247 1482 qure
2293 1413 2359 1468 de
2404 1412 2511 1467 illis
2540 1452 2552 1465 .
2581 1451 2596 1466 .
2629 1453 2643 1478 ,
2676 1424 2701 1452 ιι
2732 1411 2804 1467 sit
2848 1410 3052 1466 occisio
3100 1408 3370 1478 cadaveri.

145 1506 278 1572 sitos,
306 1508 379 1561 ita
407 1514 482 1565 ut.
498 1505 629 1560 nulli
658 1506 780 1561 usui
808 1505 1071 1559 virtutum
1103 1502 1458 1566 conveniant,
1492 1501 1560 1555 ab
1589 1501 1692 1554 hac
1794 1495 1950 1558 Unde
1992 1501 2219 1572 apostoli
2263 1510 2319 1557 et
2360 1502 2610 1557 doctores
2654 1501 2861 1568 sancti,
2909 1501 2999 1572 qui
3038 1501 3092 1555 in
3130 1500 3376 1570 iudicum

141 1599 414 1656 intentione
453 1613 624 1670 prava
667 1605 722 1654 et
766 1598 942 1654 studio
986 1595 1220 1651 nefando
1261 1593 1415 1650 evelli
1459 1593 1690 1659 debent,
1789 1591 2014 1646 nomine
2062 1592 2136 1647 et
2161 1589 2425 1662 maiorum
2476 1601 2606 1646 natu
2657 1592 3058 1666 designantur,
3092 1607 3375 1665 sacrarum

135 1699 281 1762 atque
310 1694 363 1748 in
392 1693 670 1748 meliorem
701 1705 860 1747 usum
892 1690 1153 1746 converti.
1184 1688 1341 1744 Unde
1370 1688 1513 1743 idem
1552 1687 1694 1758 Apo-
1741 1747 1746 1752 ,
1799 1682 2207 1752 Scripturarum
2252 1685 2600 1739 attestatione
2640 1693 3002 1754 perceperunt
3042 1683 3185 1756 quod
3231 1683 3379 1738 nulla

132 1783 289 1839 stolas
312 1785 582 1856 quosdam
603 1789 901 1853 peccantes
927 1779 1080 1849 jubet
1108 1777 1248 1834 tradi
1275 1775 1494 1833 Satanae
1526 1777 1578 1831 in
1611 1777 1695 1831 in—
1798 1787 1932 1844 gens
1951 1814 1964 1838 ,
1996 1772 2141 1827 nulla
2183 1775 2332 1829 natio
2364 1773 2442 1829 sic
2474 1785 2724 1844 prompta
2751 1790 2813 1829 ac
2839 1775 2918 1829 sic
2945 1790 3112 1844 prona
3139 1774 3240 1828 fuit
3279 1791 3381 1830 un-

119 1851 568 1936 teritumvcarnis,
597 1851 658 1927 ut
684 1871 909 1941 spiritus
935 1869 1116 1925 salvus
1145 1868 1215 1923 sit
1244 1869 1298 1922 in
1324 1867 1411 1922 die
1438 1867 1692 1934 Domini,
1723 1851 1772 1911 Β
1800 1879 1962 1934 quam
2007 1864 2075 1919 ad
2118 1859 2320 1919 caedem
2364 1863 2734 1920 innocentium
2782 1863 3172 1921 conﬁciendam
3215 1880 3380 1936 quam

122 1978 218 2019 nec
241 1979 366 2019 cum
401 1949 714 2032 huiusmodi
741 1961 924 2017 cibum
953 1975 1196 2025 sumere,
1225 1973 1404 2030 neque
1433 1960 1488 2014 in
1517 1959 1697 2030 aliquo
1801 1970 1933 2025 gens
1955 1952 2294 2010 Judereorum
2315 1997 2329 2020 ,
2357 1972 2477 2026 quae
2503 1971 2609 2010 non
2640 1957 2813 2011 solum
2836 1957 3224 2027 prophetarum
3242 1998 3256 2023 ,
3286 1955 3382 2012 sed

123 2053 542 2120 communicare,
567 2060 628 2108 ut
656 2050 868 2107 confusi
895 2051 1271 2122 paenitentiam
1300 2059 1481 2122 agant.
1800 2055 1856 2103 et
1895 2047 2064 2120 ipsius
2090 2044 2301 2102 Domini
2338 2047 2657 2118 sanguinem
2695 2048 2978 2103 maculatis
3017 2049 3267 2104 manibus
3305 2045 3384 2102 fu-

675 2159 902 2216 CApUT
940 2158 1128 2214 XXIV.
1243 2175 1246 2177 λ
1463 2153 1465 2158 ·
1801 2135 2324 2206 dissedignoscitur.
2354 2137 2510 2194 Unde
2547 2139 2615 2194 ad
2650 2138 3028 2209 complendum
3064 2140 3384 2212 mysterium

361 2231 441 2284 De
475 2231 725 2286 cadavere
762 2231 989 2284 hominis
1025 2231 1182 2284 occisi
1215 2232 1444 2286 invento.
1801 2229 1943 2284 sumi
1968 2230 2256 2284 mandatur
2277 2228 2444 2284 vitula
2485 2231 2553 2285 de
2589 2239 2868 2296 armento,
2913 2248 3033 2302 quae
3069 2248 3178 2288 non
3220 2231 3387 2287 traxit

187 2323 544 2397 (αλιι-χχι.)
579 2341 598 2373 ι
628 2322 854 2388 Quando
903 2323 1069 2379 fuerit
1115 2323 1395 2379 inventum
1445 2323 1519 2378 in'
1552 2331 1698 2381 terra
1796 2317 1986 2391 iugum
2026 2336 2128 2376 nec
2155 2326 2358 2376 terram
2381 2337 2603 2378 vomere
2628 2323 2806 2379 scidit.
2835 2323 3017 2379 Vitula
3043 2326 3244 2398 quippe
3269 2327 3385 2382 inec

132 2430 329 2485 (quam
372 2412 633 2468 Dominus
674 2412 819 2468 Deus
865 2421 989 2469 tuus
1031 2415 1257 2471 daturus
1301 2423 1383 2471 est
1424 2415 1554 2482 tibi,
1601 2416 1700 2472 ιιο-
1803 2409 2072 2481 signiﬁcat
2109 2427 2329 2468 carnem
2368 2412 2750 2485 Redemptoris
2785 2416 2990 2483 nostri,
3034 2417 3100 2472 de
3133 2428 3386 2475 armento

129 2503 334 2559 ominis
378 2501 613 2557 cadaver
663 2502 872 2569 occisi,
914 2513 972 2558 et
1011 2503 1294 2575 ignoratur
1334 2507 1498 2561 caedis
1539 2521 1695 2574 reus,
1801 2505 2235 2574 patriarcharum
2285 2512 2340 2561 et
2385 2507 2772 2578 prophetarum
2823 2511 3165 2582 progenitam
3195 2552 3210 2578 ,
3263 2527 3389 2582 qua:

131 2615 150 2648 ι
173 2597 520 2669 egrediantur
563 2595 800 2666 maiores
837 2605 970 2652 natu
1014 2605 1069 2652 et
1105 2599 1320 2669 iudices
1353 2600 1468 2666 tui,
1498 2608 1552 2656 et
1587 2613 1683 2655 me-

1835 2609 2076 2664 lunquam
2114 2595 2281 2648 traxit
2308 2595 2496 2667 iugum
2532 2599 2776 2667 peccati,
2816 2613 2915 2653 nec
2952 2600 3018 2655 de
3053 2600 3197 2656 virili
3239 2601 3387 2655 coitu

129 2706 148 2739 ι
173 2688 373 2743 tientnr
417 2703 453 2742 a
497 2687 622 2743 loco
668 2688 982 2754 cadaveris,
1017 2689 1350 2761 singularum
1376 2705 1477 2762 per
1503 2690 1703 2747 cii-cni—
1801 2683 1910 2738 ullo
1947 2685 2109 2740 modo
2147 2685 2293 2740 edita
2320 2693 2434 2753 εει,
2463 2688 2557 2742 sed
2587 2689 2654 2742 de
2683 2689 2944 2759 virgineis
2976 2691 3280 2745 visceribus
3307 2690 3390 2745 fe-

131 2796 148 2832 ι
175 2787 282 2834 tum
311 2778 496 2851 spatia
523 2779 806 2833 civitatum
826 2820 841 2845 ,
872 2788 929 2834 et
955 2794 1116 2849 quam
1143 2781 1462 2837 viciniorem
1489 2781 1701 2838 ceteris
1803 2777 2072 2830 cundante
2113 2775 2320 2845 Spiritu
2345 2786 2532 2832 sancto
2549 2819 2563 2843 ,
2592 2779 2709 2834 sine
2744 2779 2851 2834 ullo
2877 2781 3087 2848 peccati
3112 2781 3390 2852 contagio,

128 2886 283 2928 iesse
328 2872 750 2943 prospexerint,
783 2872 1028 2928 seniores
1069 2872 1307 2929 civitatis
1351 2874 1467 2943 ejus
1513 2866 1703 2929 ιοιιοίη
1803 2865 1873 2919 ad
1915 2864 2332 2936 Redemptorem
2364 2869 2588 2923 humani
2628 2872 2844 2938 generis
2883 2873 3007 2928 vitae
3045 2873 3298 2929 salutaris
3336 2875 3391 2930 in

125 2977 142 3012 ι
166 2960 389 3016 vitulam
435 2960 510 3016 de
550 2968 798 3015 armento
841 2973 962 3030 qua:
1005 2975 1113 3016 non
1167 2961 1335 3016 traxit
1367 2961 1557 3034 iugum
1603 2977 1704 3018 nec
1801 2956 2066 3011 mundum
2104 2958 2388 3028 processit.
2429 2957 2558 3015 Haac
2592 2977 2809 3031 quoque
2840 2977 2940 3032 per
2974 2963 3224 3020 seniores
3259 2965 3394 3020 civi-

125 3065 145 3102 σ
169 3059 367 3107 terram
399 3050 616 3106 excidit
643 3065 895 3118 vomere,
925 3059 982 3107 et
1009 3053 1205 3108 ducent
1235 3068 1355 3108 eam
1397 3055 1464 3110 ad
1506 3053 1702 3111 vallem
1805 3049 1963 3115 tatis,
1991 3050 2096 3104 hoc
2125 3058 2208 3105 est
2231 3066 2329 3120 per
2356 3051 2631 3121 apostolos
2655 3064 2710 3108 et
2736 3047 3065 3124 apostolicos
3091 3055 3266 3121 viros,
3294 3070 3396 3125 pro
3497 3081 3507 3087 -

122 3158 139 3192 ι
165 3156 414 3199 saxosam
447 3150 618 3213 atque
645 3158 891 3212 asperam
913 3159 1076 3214 ,quae
1101 3160 1377 3215 nunquam
1407 3155 1558 3202 arata
1587 3155 1696 3212 est,
1733 3202 1774 3218 Α
1805 3140 2114 3209 expiatione
2157 3148 2468 3197 nostrorum
2509 3153 2858 3214 peccatorum
2897 3147 3159 3203 cruciﬁxa
3202 3148 3398 3218 praedi-

121 3249 140 3284 ι
163 3245 262 3290 nec
302 3242 622 3291 sementem
667 3235 874 3306 recepit
903 3253 916 3290 :
949 3243 1004 3290 et
1032 3236 1241 3291 cedent
1267 3237 1322 3291 in
1351 3251 1416 3291 ea
1457 3237 1700 3293 cervices
1729 3202 1774 3266 Ο
1804 3237 1979 3285 catur.
2014 3248 2033 3282 ι
2063 3231 2132 3286 Et
2174 3232 2400 3298 ducent,
2443 3233 2649 3305 inquit;
2676 3235 2731 3292 in
2761 3236 2958 3292 vallem
2995 3253 3114 3293 eam
3143 3252 3395 3314 asperam

119 3325 386 3380 tvitulae:
434 3325 812 3397 accedentque
858 3327 1168 3383 sacerdotes
1215 3326 1310 3382 ﬁlii
1358 3327 1515 3394 Levi,
1564 3342 1700 3400 quos
1804 3328 1967 3390 atque
2006 3335 2291 3390 saxosam,
2334 3340 2456 3395 quae
2489 3342 2769 3396 numiuatn
2809 3338 2961 3383 arata
2998 3338 3111 3398 est,
3165 3345 3267 3386 nec
3308 3346 3394 3388 se-

120 3415 319 3488 teiegit
352 3416 630 3474 Dominus
659 3417 804 3473 Deus
834 3426 956 3474 tuus
980 3427 1042 3474 ut
1065 3419 1381 3476 ministrent
1408 3421 1457 3476 ei
1479 3461 1494 3487 ,
1525 3429 1582 3476 et
1609 3421 1704 3477 be.
1803 3419 2041 3467 mentem
2075 3414 2313 3483 recepit,
2353 3424 2408 3469 et
2442 3417 2650 3472 caedent
2685 3418 2740 3472 in
2774 3434 2838 3473 ea
2865 3419 3108 3475 cervices
3132 3421 3334 3476 vitulae.
3368 3442 3390 3474 ι

111 3507 423 3563 ιιιεάὶειιιιι
454 3507 516 3561 in
554 3507 775 3562 nomine
809 3505 960 3575 eius,
1006 3517 1063 3562 et
1106 3507 1172 3562 ad
1215 3511 1442 3564 verbum
1480 3525 1704 3580 eorum,
1807 3501 1938 3570 Quae
1967 3512 2051 3558 est
2083 3521 2214 3575 ergo
2246 3505 2403 3562 vallis
2439 3507 2543 3562 ista
2578 3524 2774 3578 aspera
2815 3519 2978 3580 atque
3020 3527 3250 3578 saxosa,
3287 3513 3397 3568 nisi

117 3615 136 3651 ι
157 3613 322 3656 omne
351 3599 698 3671 negotium,
746 3607 803 3654 et
843 3599 1105 3670 quidquid
1148 3601 1486 3656 immundum
1511 3611 1597 3657 est
1619 3603 1708 3657 vel
1807 3593 2106 3651 Jerusalem
2148 3599 2456 3664 terrestris,
2488 3616 2651 3669 quam
2693 3600 2860 3656 Isaias
2889 3604 3154 3672 propheta
3200 3604 3398 3660 vallem

109 3693 468 3760 «mundum,
517 3691 813 3760 iudicetur.
865 3691 934 3748 Ει
977 3693 1197 3748 venient
1238 3707 1430 3751 omnes
1474 3694 1710 3765 majores
1810 3687 2038 3743 visionis
2079 3690 2458 3758 nuncupavit?
2502 3689 2611 3745 Sed
2655 3691 2772 3746 haec
2812 3691 2968 3746 vallis
3005 3708 3197 3763 aSpera
3235 3702 3400 3764 atque

113 3796 131 3832 ι
155 3791 294 3838 natu
336 3781 600 3838 civitatis
636 3781 787 3837 illius
827 3783 896 3836 ad
940 3781 1315 3850 interfectum,
1347 3784 1711 3856 lavabuntque
1812 3791 2009 3833 saxosa
2035 3792 2156 3834 esse
2183 3779 2381 3851 legitur
2409 3797 2421 3834 :
2448 3780 2576 3849 quia
2600 3779 2735 3835 dura
2775 3787 2832 3834 et
2873 3781 3136 3837 indomita
3180 3799 3398 3855 semper

103 3887 356 3930 «manus
390 3885 535 3926 suas
562 3886 727 3941 super
751 3871 979 3926 vitulam
1019 3889 1140 3942 quae
1177 3874 1234 3928 in
1272 3875 1411 3930 valle
1449 3892 1712 3946 percussa
1812 3880 1963 3936 erat,
2005 3886 2072 3926 ac
2108 3871 2335 3940 spinetis
2374 3872 2632 3927 vitiorum
2674 3873 3014 3942 asperrima;
3053 3893 3072 3924 ι
3099 3889 3220 3944 quae
3261 3891 3402 3929 nun-

105 3978 123 4012 ι
143 3971 229 4019 εει
247 4003 266 4028 ,
303 3968 370 4018 et
402 3959 601 4015 dicent
625 3977 639 4015 :
669 3959 858 4017 Manus
879 3968 1082 4018 nostrae
1104 3979 1212 4019 non
1239 3963 1541 4022 eﬂ‘oderunt
1570 3967 1714 4026 hunc
1813 3979 1979 4034 quam
2001 3971 2154 4018 arata
2177 3965 2451 4036 est,iquia
2470 3979 2749 4034 nunquam
2771 3965 3034 4020 doctrinis
3054 3966 3259 4022 sanctis
3278 3983 3403 4039 per-

100 4071 118 4107 ι
141 4054 506 4124 sanguinem
528 4091 547 4117 ,
572 4067 676 4108 nec
701 4053 844 4108 oculi
875 4053 1148 4110 viderunt.
1173 4055 1451 4127 Propitius
1475 4065 1594 4116 esto
1622 4074 1715 4129 po-
1814 4056 1956 4112 l‘ecte
1976 4057 2169 4121 cessit,
2189 4072 2288 4112 nec
2309 4057 2512 4128 recepit
2534 4065 2833 4114 sementem
2850 4059 3160 4130 Evangelii,
3184 4063 3278 4118 sed
3300 4077 3402 4132 pro

100 4160 117 4196 ι
141 4145 270 4216 pulo
307 4152 414 4198 tuo
449 4140 627 4198 lsrael
656 4157 818 4212 quem
849 4143 1159 4211 redemisti,
1203 4145 1431 4202 Domine
1452 4188 1466 4214 ,
1510 4154 1567 4203 et
1606 4162 1716 4204 non
1794 4149 2060 4221 “frugibus
2087 4151 2292 4220 spinas,
2311 4157 2364 4206 et
2382 4165 2483 4220 pro
2503 4150 2622 4205 uvis
2645 4150 2898 4221 gignebat
2917 4149 3223 4209 labruscas.
3247 4152 3404 4209 Unde

95 4252 114 4286 ι
139 4245 378 4308 reputes
431 4233 769 4302 sanguinem
813 4233 1158 4291 innocentem
1205 4237 1260 4291 in
1309 4238 1490 4296 medio
1531 4240 1715 4312 populi
1821 4239 2074 4296 Salvator
2095 4241 2151 4294 in
2176 4240 2467 4313 Evangelio
2493 4241 2561 4296 ad
2585 4241 2758 4311 ipsam
2779 4241 2883 4296 ait:
2914 4240 3401 4310 «Jerusalem,Je-

91 4345 118 4382 ,ι
135 4330 221 4384 tui
251 4326 441 4384 lsrael
459 4365 479 4394 ,
521 4334 582 4381 et
607 4325 888 4382 auferetur
915 4327 984 4382 ab
1012 4329 1094 4384 eis
1124 4339 1307 4386 reatus
1348 4333 1650 4402 sanguinis,
1689 4354 1708 4388 ι
1821 4351 1844 4386 ι
1871 4333 2125 4398 rusalem,
2155 4347 2274 4402 qum
2297 4332 2501 4389 occidis
2524 4333 2838 4402 prophetas,
2862 4342 2917 4390 et
2944 4333 3155 4402 lapidas
3180 4349 3276 4390 eos
3301 4336 3398 4403 qui

90 4428 142 4480 et
187 4429 436 4477 caatera.
493 4417 618 4474 Hoc
667 4419 998 4490 capitulum,
1048 4421 1094 4475 si
1141 4423 1436 4478 secundum
1476 4425 1716 4482 litteram
1823 4442 1844 4476 ι
1873 4425 1938 4480 ad
1976 4427 2030 4481 te
2064 4425 2215 4480 missi
2261 4433 2420 4491 sunt,
2457 4424 2670 4494 quoties
2706 4424 2853 4480 volui
2893 4439 3229 4495 congregare
3260 4423 3404 4484 ﬁlios

89 4510 446 4584 inspiciatur,
499 4510 674 4566 vilem
722 4510 890 4567 habet
930 4528 1186 4580 sensum;
1231 4517 1278 4571 si
1319 4525 1498 4573 autem
1524 4533 1716 4576 secun-
1739 4557 1796 4618 Β
1825 4517 1846 4571 ι
1873 4528 2023 4585 ιιιοε,
2056 4517 2509 4588 quemadmodum
2536 4517 2732 4587 gallina
2758 4524 3052 4588 congregat
3071 4516 3250 4588 pullos
3274 4532 3404 4574 suos

87 4606 206 4663 dum
238 4609 588 4681 spiritalem
627 4607 995 4678 intellectum,
1028 4626 1282 4683 magnum
1320 4613 1487 4669 habet
1527 4631 1714 4672 sacra-
1739 4606 1789 4618 ’⁷
1829 4630 1848 4664 ι
1878 4613 1978 4668 sub
2005 4611 2118 4665 alas
2140 4651 2155 4675 ,
2182 4618 2238 4665 et
2258 4607 2517 4664 noluisti!
2553 4629 2571 4661 ι
2602 4615 2658 4664 ει
2695 4616 2890 4663 caetera
2924 4606 3095 4680 (Luc.
3122 4625 3220 4666 xm
3241 4607 3285 4684 ).
3326 4609 3408 4668 lbi

86 4708 378 4758 mentum:
415 4720 440 4756 ς
473 4699 743 4769 Quando,
769 4699 969 4771 inquit,
983 4701 1266 4758 inventum
1291 4703 1459 4759 fuerit
1484 4705 1542 4760 in
1571 4713 1718 4762 terra
1822 4704 1967 4760 enim
2004 4700 2284 4757 caedebant
2316 4701 2558 4756 cervices
2593 4699 2804 4765 vitulae,
2850 4698 2977 4770 quia
3014 4700 3087 4756 ibi
3123 4702 3408 4759 cruciﬁxe-

82 4806 242 4861 quam
270 4796 584 4854 Dominus
613 4793 760 4850 Deus
791 4803 917 4850 tuus
939 4794 1178 4851 daturus
1218 4805 1306 4852 est
1345 4795 1443 4852 tibi
1481 4797 1720 4855 hominis
1822 4803 1949 4852 runt
1993 4808 2214 4850 carnem
2254 4790 2577 4849 Salvatoris.
2623 4789 2922 4866 Sequitur:
2974 4811 2991 4845 ι
3017 4793 3403 4868 Accedentquc

82 4888 318 4946 cadaver
343 4888 544 4946 occisi
566 4927 588 4954 ,
615 4894 672 4942 et
697 4885 980 4958 ignoratur
1001 4887 1166 4944 caedis
1192 4902 1337 4944 reus.
1360 4905 1382 4942 ›
1409 4887 1720 4944 Notandum
1822 4887 2132 4943 sacerdotes
2154 4885 2250 4940 ﬁlii
2270 4883 2399 4941 Levi
2423 4901 2560 4956 quos
2580 4885 2804 4958 elegerit
2826 4885 3087 4944 Dominus
3109 4887 3252 4944 Deus
3278 4898 3406 4946 tuus

76 4982 402 5052 vero-quod
436 4980 550 5038 alii
585 4980 738 5034 hunc
765 4978 1042 5034 hominem
1080 4981 1353 5047 occisum,
1391 4981 1563 5037 Adam
1599 4981 1718 5052 pri-
1821 4987 1884 5036 ut
1909 4978 2217 5035 ministrent
2238 4978 2315 5045 ei,
2342 4986 2398 5033 et
2420 4968 2745 5034 benedicant
2770 4978 2823 5033 in
2849 4981 3068 5038 nomine
3092 4980 3232 5051 eius,
3255 4987 3310 5037 et
3333 4981 3404 5036 ad

75 5085 222 5128 mum
251 5074 582 5130 hominem
609 5069 918 5141 intelligere
939 5071 1242 5127 voluerunt.
1270 5071 1378 5128 Sed
1403 5073 1538 5128 mihi
1566 5072 1720 5128 vide-
1823 5073 2048 5128 verbum
2070 5086 2258 5128 eorum
2283 5086 2441 5126 omne
2463 5070 2760 5140 negotium,
2781 5079 2836 5125 et
2860 5072 3122 5144 quidquid
3142 5073 3403 5127 mundum

74 5170 162 5220 tur
191 5165 644 5238 congruentius
672 5172 981 5233 competere
1009 5164 1151 5219 hanc
1179 5163 1409 5234 ﬁguram
1450 5163 1519 5219 ad
1544 5164 1720 5219 Adam
1823 5167 1909 5223 vel
1929 5167 2261 5223 immundum
2285 5176 2367 5223 est
2384 5165 2684 5236 iudicetur:
2710 5175 2764 5222 et
2781 5167 2998 5222 venient
3020 5162 3251 5234 maiores
3271 5170 3408 5217 natu

67 5258 421 5324 secundum.
474 5257 606 5312 hoc
646 5260 760 5321 eiii.
799 5254 1219 5324 Βεάθωρῑονθῐη
1259 5261 1534 5320 nostrum,
1567 5253 1661 5324 Qui
1688 5267 1722 5309 a
1823 5259 2058 5316 civitatis
2096 5258 2240 5315 illius
2282 5257 2348 5313 ad
2387 5257 2771 5326 interfectum,
2814 5257 3176 5327 lavabuntque
3208 5269 3406 5311 manus

65 5348 272 5419 populo
300 5349 673 5408 Iudaeorum
713 5346 769 5401 in
807 5353 954 5402 terra
990 5346 1348 5417 possessionis
1385 5353 1491 5401 tua:
1531 5345 1724 5404 mortis
1823 5365 1951 5406 suas
1975 5365 2138 5420 super
2162 5348 2385 5404 vitulam
2415 5364 2534 5420 quae
2558 5365 2817 5420 percussa
2845 5357 2930 5404 est
2954 5347 3009 5402 in
3035 5341 3174 5400 valle
3194 5383 3210 5409 ,
3244 5351 3301 5398 et
3325 5343 3407 5399 di-

64 5443 424 5498 sententiam
469 5437 752 5507 accepit.
787 5445 844 5493 et
883 5440 1182 5493 salutarem
1223 5436 1482 5493 universo
1509 5436 1716 5494 mundo
1824 5450 1982 5499 cent:
2011 5441 2199 5496 Manus
2222 5447 2422 5497 nostrae
2446 5458 2552 5497 non
2576 5440 2881 5497 eli‘uderunt
2902 5439 3043 5492 hunc
3064 5434 3406 5503 sanguinem,

59 5533 297 5599 Pertulit
330 5546 630 5591 crucem.
663 5527 829 5600 Cuius
858 5528 1022 5585 caedis
1047 5543 1176 5585 reus
1203 5529 1504 5600 ignoratur,
1532 5525 1722 5584 diabo-
1827 5549 1929 5590 nec
1955 5533 2099 5589 oculi
2133 5533 2402 5589 viderunt.
2441 5532 2713 5603 Propitius
2745 5538 2863 5584 esto
2891 5526 3088 5599 populo
3118 5535 3209 5582 tuo
3237 5525 3407 5582 lsrael

59 5620 145 5680 lus
167 5625 499 5689 videlicet,
532 5620 647 5692 qui
670 5618 991 5689 proditionis
1009 5619 1128 5689 eius
1147 5627 1338 5675 auctor
1358 5626 1459 5674 est.
1487 5617 1588 5686 Qui
1611 5633 1719 5674 non
1828 5641 1990 5697 quem
2021 5624 2323 5691 redemisti,
2350 5624 2596 5690 Domine,
2627 5631 2682 5677 et
2712 5637 2817 5676 non
2845 5627 3062 5690 reputes
3087 5617 3409 5689 sanguinem

57 5711 184 5774 ideo
212 5715 500 5788 ignorari
536 5711 757 5768 dicitur
785 5711 932 5784 quod
958 5712 1253 5781 nesciatur,
1285 5725 1410 5769 cum
1436 5710 1722 5770 manifeste
1829 5717 2171 5775 innocentem
2222 5716 2277 5770 in
2325 5716 2502 5774 medio
2537 5710 2720 5786 populi
2751 5709 2829 5767 tui
2857 5706 3043 5766 Israel.
3076 5728 3096 5762 ι
3125 5705 3227 5774 Qui
3278 5713 3409 5767 sunt

130 5820 163 5892 μ
209 5809 407 5870 Deest
447 5803 713 5878 aliquid.
