3930 6344
157 342 240 403 917
921 341 1319 398 ENARRATIO
1359 341 1584 398 SUPER
1626 342 2244 404 DEUTERONOMIUM.
2280 376 2354 387 —
2388 345 2515 402 LIB.
2559 347 2620 401 ll.

3300 354 3404 409 918

155 462 325 516 errant
347 454 521 513 sancti
556 456 650 512 sed
677 465 1011 528 peccatores.
1035 457 1235 514 Levita:
1269 467 1446 514 autem
1473 460 1718 514 auferuu-
1745 461 1798 523 Α
1821 459 2021 514 odiosa:
2069 459 2509 530 primogenitum,
2543 459 2796 530 dabitque
2833 462 2886 515 ei
2919 463 2984 518 de
3023 463 3107 518 his
3141 482 3259 534 quae
3301 468 3401 526 ha.

155 564 232 608 tur
249 550 314 606 de
338 549 520 604 medio
542 548 725 615 lsrael,
752 551 877 620 quia
907 550 1041 605 nihil
1063 551 1263 606 habent
1287 565 1572 606 commune
1591 566 1717 608 cum

150 641 352 716 popula,
406 643 560 712 cujus
599 643 952 714 primogenita
1003 643 1283 699 saecularia
1323 643 1712 700 distrahuntur.

152 733 486 804 Primogeniti
505 733 647 788 enim
675 733 853 789 muli
877 733 1100 794 alterius
1123 734 1314 790 matris
1336 743 1480 801 sunt,
1507 751 1537 790 a
1565 736 1718 804 cujus

150 833 289 880 utero
319 833 636 895 segregatus
669 833 748 880 est
776 825 994 891 Paulus,
1038 840 1162 882 cum
1205 826 1273 880 ad
1307 827 1534 897 gratiam
1557 842 1717 883 voca-

151 924 282 971 retur
321 915 447 981 Dei;
489 925 543 970 et
575 917 696 972 ideo
732 917 797 972 de
829 919 1005 974 medie
1044 917 1222 989 populi
1251 903 1563 990 segregatus
1589 936 1713 976 ver-

149 1006 259 1061 bum
286 1009 512 1077 recepit,
535 1009 676 1078 quod
697 1017 781 1063 est
801 1009 1035 1063 medium
1064 1010 1118 1063 in
1145 1009 1305 1065 corde
1326 1017 1531 1064 nostro.
1565 1011 1716 1066 Unde

147 1097 260 1152 illud
286 1098 494 1152 dictum
511 1108 598 1154 est
623 1115 638 1153 :
674 1118 693 1150 ι
727 1098 933 1154 Medius
953 1107 1133 1153 autem
1159 1109 1398 1154 vestrum
1421 1109 1528 1156 stat
1551 1116 1713 1171 quem

145 1205 228 1244 vos
252 1203 362 1244 non
385 1189 580 1246 videtis
603 1189 790 1260 (Ιοαη.
819 1190 880 1256 ι).
923 1210 941 1242 ι
977 1189 1094 1245 Non
1120 1192 1327 1247 otiosus
1355 1192 1538 1262 itaque
1560 1193 1716 1252 nobis

146 1296 172 1335 a
193 1280 297 1352 lege
328 1280 384 1334 in
406 1279 577 1350 legem
607 1297 870 1338 excursus
897 1281 1001 1336 fuit
1029 1299 1042 1335 :
1071 1289 1134 1336 ut
1154 1282 1568 1351 primogenitum
1607 1299 1715 1338 non

143 1389 251 1429 esse
276 1374 524 1431 amabilis
547 1375 708 1443 illius,
735 1377 788 1432 id
811 1385 917 1442 est,
945 1377 1276 1431 remissioris
1303 1385 1359 1430 et
1377 1377 1712 1445 voluptariae,

143 1464 296 1520 lilium
346 1467 687 1533 doceremus,
732 1469 982 1537 quamvis
1027 1468 1237 1538 praifati
1285 1469 1506 1537 capituli
1549 1470 1716 1524 verba

143 1558 235 1612 hoc
277 1558 602 1628 exprimant,
658 1559 868 1614 dicente
917 1558 1196 1628 Scriptura
1233 1576 1244 1612 :
1291 1576 1309 1607 ι
1346 1557 1460 1612 Non
1511 1559 1717 1628 poteris

139 1649 295 1705 illium
324 1651 572 1707 amabilis
601 1651 935 1722 primitivum
964 1665 1185 1722 ponere,
1220 1666 1342 1706 cum
1373 1651 1515 1706 scias
1546 1651 1714 1707 ﬁlium

135 1743 342 1799 odibilis
369 1745 702 1814 primitivum
735 1759 873 1799 esse.
923 1763 942 1796 ι
983 1744 1075 1798 ille
1118 1751 1202 1797 est
1241 1757 1368 1797 vere
1406 1743 1712 1813 primitivus

1815 549 1998 605 buerit
2033 561 2223 606 cuncta
2252 553 2486 623 duplicia
2513 572 2526 608 .
2559 553 2682 624 quia
2719 553 2895 622 primo
2927 553 3004 608 illi
3030 555 3176 609 dedit
3203 559 3398 630 populo

1817 641 1989 713 legem
2017 651 2072 698 et
2097 642 2407 713 prophetas,
2448 652 2504 699 et
2546 643 2795 699 notitiam
2839 645 3075 700 nominis
3103 649 3218 715 sui;
3249 660 3304 705 et
3334 652 3401 708 de

1815 747 1881 789 eo
1909 733 2051 790 idem
2088 733 2336 792 Salvator
2363 742 2542 802 natus,
2576 743 2818 805 tempore
2856 735 3244 796 incarnationis
3268 758 3400 810 suae,

1812 825 2086 896 praecipue
2124 824 2474 896 Evangelium
2507 825 2580 882 ibi
2618 826 2967 896 pmdicavit:
2996 830 3100 885 istc
3141 833 3286 888 enim
3325 843 3409 890 est

1815 919 2210 991 primogenitus
2235 919 2526 975 liberorum
2550 920 2688 991 ejus.
2703 929 2756 976 et
2771 922 2898 977 huic
2919 924 3186 979 debentur
3210 929 3408 999 primo-

1813 1011 2016 1082 genita.
2050 1011 2151 1078 Qui
2177 1019 2360 1066 autem
2382 1011 2592 1082 plenius
2619 1012 2735 1068 haec
2759 1029 2919 1070 nosse
2942 1015 3234 1084 desiderat,
3267 1020 3408 1090 legat

1815 1100 2112 1171 Epistulam
2143 1102 2288 1157 beati
2316 1102 2466 1157 Pauli
2496 1101 2724 1172 apostoli
2765 1103 2834 1157 ad
2878 1103 3168 1172 Romanos,
3197 1116 3253 1163 ct
3277 1117 3406 1164 tunc

1815 1204 2105 1267 cognoscet
2129 1210 2227 1267 per
2249 1196 2433 1251 omnia
2460 1210 2590 1250 vera
2621 1210 2742 1252 esse
2769 1211 2891 1266 quae
2915 1197 3187 1255 dicuntur.

2368 1353 2599 1412 CAPUT
2635 1353 2850 1411 XXVI].

1817 1464 1895 1518 De
1916 1465 2043 1538 ﬁlio
2078 1476 2382 1520 contumace
2414 1479 2568 1538 atque
2593 1475 2835 1537 protervo
2858 1466 2979 1538 λάε
3006 1467 3215 1522 homine
3251 1469 3405 1538 adju-

1889 1536 2063 1594 dicato
2095 1538 2273 1600 morti,
2318 1538 2373 1591 in
2411 1536 2646 1604 patibulo
2672 1537 3056 1607 suspendenda,
3103 1538 3194 1594 sed
3230 1536 3407 1594 tamen

1888 1607 1943 1662 iu
1969 1608 2149 1662 eadem
2176 1607 2261 1661 die
2289 1608 2603 1677 sepeliendo.

1893 1756 1912 1789 ι
1959 1738 2136 1808 (1310.)
2186 1739 2242 1795 Si
2272 1741 2517 1810 genuerit
2550 1742 2712 1796 homo
2741 1740 2910 1796 lilium
2948 1751 3321 1797 contumacem
3350 1749 3407 1798 et

133 1834 218 1902 qui
248 1843 450 1890 sanctae
489 1835 680 1889 matris
711 1842 933 1890 sanctus
966 1843 1050 1889 est
1075 1841 1259 1904 pater;
1293 1833 1434 1888 sicut
1458 1835 1547 1888 illa
1584 1849 1713 1889 vera
1741 1830 1787 1889 B
1821 1848 1840 1882 ‹
1883 1839 2216 1900 protervum,
2256 1833 2346 1903 qui
2384 1849 2489 1887 non
2537 1834 2718 1888 audiat
2753 1835 2924 1903 patris
2959 1843 3049 1888 aut
3087 1835 3277 1889 matris
3305 1834 3406 1888 im-

129 1931 301 1980 mater
339 1940 369 1979 a
399 1927 554 1996 cujus
588 1933 745 1980 utero
775 1941 880 1979 non
907 1934 1062 1980 erant
1102 1925 1216 1978 veri
1255 1924 1369 1989 ﬁlii,
1404 1925 1495 1980 sed
1520 1940 1711 1995 pecca-

121 2020 288 2069 tores.
321 2015 464 2086 Ergo
493 2015 582 2070 ille
609 2030 715 2070 non
743 2031 885 2070 verae
928 2017 1116 2071 matris
1155 2015 1319 2080 filius,
1349 2032 1454 2072 non
1481 2017 1710 2086 primiti-

121 2119 220 2161 vus
249 2121 432 2172 verus,
481 2107 761 2186 sedzquasi
794 2108 1100 2178 primitivus
1125 2106 1346 2176 juvatur
1386 2115 1601 2178 sumptu
1642 2121 1711 2161 ne

119 2206 310 2266 egeat;
342 2213 447 2252 non
475 2207 538 2253 ut
561 2199 710 2254 dives
733 2201 827 2266 sit,
857 2201 1172 2256 honoratur.
1203 2199 1301 2254 llic
1339 2207 1518 2254 autem
1550 2200 1706 2271 dupla

119 2300 183 2340 ex
211 2288 466 2341 omnibus
493 2290 721 2359 accepit,
751 2298 811 2344 ut
851 2289 1087 2345 abundet
1111 2309 1123 2342 :
1157 2289 1299 2346 sicut
1325 2290 1490 2346 etiam
1521 2289 1575 2345 in
1602 2289 1709 2346 Ge-

121 2377 233 2432 nesi
262 2378 430 2432 habes
464 2381 802 2448 patriarchas
839 2393 871 2436 a
903 2381 1071 2438 fratre
1111 2399 1213 2440 suo
1254 2381 1453 2455 Ioseph
1494 2383 1708 2455 gemina

123 2467 328 2536 singula
378 2469 515 2524 stola
569 2471 796 2526 donatos
846 2488 1094 2542 munere,
1138 2490 1262 2532 cum
1301 2476 1710 2532 remitterentur

125 2557 186 2611 ad
211 2567 420 2627 patrem
443 2569 503 2615 ut
524 2562 895 2631 significarent
919 2564 1146 2622 fratrem
1181 2577 1460 2639 repertum
1483 2567 1717 2640 Joseph,

127 2665 276 2719 quem
305 2651 622 2709 defunctum
643 2670 767 2712 esse
783 2657 1090 2714 crediderat
1113 2667 1286 2728 pater.
1309 2658 1709 2731 Primogenitus

126 2741 296 2813 itaque
349 2745 681 2802 haareditatis
733 2750 942 2819 accepit
992 2751 1440 2823 pragrogativam,
1497 2753 1708 2808 dicente

127 2838 442 2910 Scriptura:
477 2862 496 2895 ι
539 2843 639 2900 llic
681 2851 768 2901 est
801 2845 1016 2900 initium
1054 2846 1310 2913 ﬁliorum,
1352 2856 1408 2902 et
1449 2847 1577 2902 huic
1617 2847 1710 2903 de-

124 2929 307 2987 bentur
349 2934 733 3006 primogenita.
773 2957 793 2990 ι
826 2936 872 2991 Α
902 2937 1263 3010 primogenito
1298 2940 1464 3012 igitur
1489 2937 1584 2995 Dei
1617 2937 1708 2995 Fi-

125 3020 206 3086 lio,
243 3025 597 3096 primogeniti
641 3027 845 3093 sancti;
878 3037 934 3083 et
971 3030 1038 3084 ab
1076 3017 1168 3085 illo
1207 3028 1384 3095 initio,
1423 3029 1550 3099 quia
1592 3029 1708 3100 ipse

123 3125 195 3171 est
235 3118 454 3174 initium
505 3128 561 3175 et
607 3119 750 3187 linis,
801 3120 1018 3176 initium
1071 3131 1293 3178 sanctus
1342 3130 1704 3193 nuncupatur.

1819 1940 1839 1974 ‹
1883 1924 2114 1994 perium,
2143 1933 2197 1980 et
2226 1924 2494 1980 coercitus
2521 1926 2742 1980 obedire
2776 1925 3179 1995 contempserit,
3213 1940 3406 1996 appre-

1816 2032 1837 2067 ι
1882 2015 2121 2071 hendent
2158 2031 2303 2081 eum,
2351 2024 2406 2071 ct
2447 2017 2643 2072 ducent
2665 2017 2731 2072 ad
2779 2018 3022 2073 seniores
3065 2018 3302 2073 civitatis
3341 2017 3406 2072 il-

1815 2124 1835 2159 ‹
1879 2106 2002 2172 lius,
2034 2114 2089 2162 et
2112 2108 2178 2162 ad
2201 2116 2411 2177 portam
2426 2106 2637 2176 judicii,
2668 2109 2957 2179 dicentque
2989 2110 3056 2164 ad
3077 2125 3170 2165 eos
3196 2128 3208 2164 :
3233 2109 3405 2166 Filius

1815 2216 1836 2252 ι
1881 2211 2067 2256 noster
2092 2201 2197 2257 iste
2224 2210 2512 2272 protervus
2539 2210 2594 2257 et
2624 2214 2915 2257 contumax
2944 2210 3048 2268 est,
3081 2203 3284 2256 monita
3309 2217 3406 2256 no-

1815 2308 1836 2342 σ
1880 2301 1992 2348 stra
2027 2293 2216 2348 audire
2260 2294 2583 2360 contemnit,
2634 2295 3117 2351 comessationibus
3161 2304 3320 2350 vacat
3350 2304 3404 2349 et

1815 2399 1835 2436 ι
1875 2383 2104 2439 luxuriae
2154 2392 2317 2454 atque
2365 2385 2629 2440 conviviis
2667 2403 2678 2438 :
2719 2385 2988 2455 lapidibus
3035 2385 3229 2440 obruet
3277 2372 3402 2439 eum

1814 2493 1835 2529 ι
1877 2476 2107 2549 populus
2142 2477 2378 2533 civitatis
2406 2485 2464 2533 et
2491 2478 2770 2544 morietur,
2816 2485 2871 2533 et
2908 2477 3165 2533 auferetis
3200 2477 3402 2533 malum

1815 2587 1836 2620 ι
1880 2570 1946 2625 de
1980 2571 2158 2625 medio
2187 2570 2375 2635 vestri,
2407 2577 2466 2623 ut
2491 2571 2781 2624 universus
2807 2569 2972 2624 lsrael
3003 2569 3250 2633 audiens,
3277 2581 3404 2638 per-

1813 2677 1834 2713 c
1880 2662 2149 2716 timescat.
2201 2681 2218 2713 ι
2255 2661 2408 2727 Quod
2437 2661 2744 2717 obedientia
2776 2677 2990 2731 semper
3027 2662 3138 2715 Deo
3184 2661 3404 2730 placue-

1807 2756 1901 2821 rit,
1934 2765 2097 2825 atque
2125 2755 2468 2811 contumacia
2513 2762 2568 2809 et
2609 2755 2937 2823 protervitas
2976 2767 3191 2822 semper
3219 2752 3406 2820 displi-

1807 2845 2006 2909 cuerit,
2050 2851 2320 2899 testantur
2355 2843 2478 2898 libri
2519 2843 2731 2898 Veteris
2775 2842 3106 2896 Testamenti
3155 2851 3209 2894 et
3243 2840 3397 2906 Novi,

1806 2934 1953 2992 unde
1988 2935 2253 3003 scriptum
2281 2940 2368 2989 est
2403 2950 2418 2989 :
2465 2951 2485 2983 ε
2529 2933 2718 2988 Melior
2763 2941 2848 2987 est
2887 2931 3194 2987 obedientia
3239 2945 3402 3000 quam

1807 3023 2028 3080 victima
2066 3023 2266 3095 (Eccle.
2307 3024 2406 3094 ιν),
2452 3043 2471 3076 ι
2507 3032 2565 3079 et
2597 3023 2905 3078 auscultare
2933 3023 3106 3093 magis
3135 3038 3298 3093 quam
3323 3021 3405 3079 of-

1806 3115 1952 3172 ferre
1989 3116 2204 3188 adipem
2235 3116 2488 3183 arietum,
2521 3115 2774 3185 quoniam
2805 3115 2960 3186 quasi
2988 3123 3271 3185 peccatum
3309 3113 3404 3168 ha-

122 3204 321 3264 lnitium
349 3211 518 3277 illius,
548 3212 635 3266 cui
663 3211 888 3268 debetur
922 3213 1289 3283 primitiarum
1319 3213 1698 3286 praerogativa,
1729 3203 1775 3269 C
1804 3209 2036 3268 rioiantli
2077 3220 2160 3267 est
2207 3224 2530 3281 repugnare,
2567 3217 2620 3265 et
2659 3209 2814 3279 quasi
2857 3207 3037 3264 scelus
3063 3207 3406 3263 idololatria:

121 3305 401 3358 secundum
447 3303 578 3360 illud
613 3303 681 3360 ad
713 3304 989 3361 Abraham
1021 3305 1223 3361 dictum
1251 3324 1263 3360 :
1299 3324 1318 3358 ι
1348 3303 1500 3375 Ejiee
1533 3303 1704 3361 ancil-

120 3391 213 3447 lam
241 3403 295 3451 et
322 3395 502 3452 illium
538 3395 692 3467 ejus:
725 3414 832 3455 non
865 3399 1009 3455 enim
1052 3397 1229 3454 haeres
1273 3397 1382 3455 erit
1427 3397 1572 3454 ﬁlius
1607 3413 1705 3453 an-

119 3485 240 3541 cilla:
265 3503 392 3543 cum
417 3487 534 3545 filio
560 3503 683 3545 meo
701 3487 853 3544 Isaac
880 3488 1190 3562 (Gemxxr).
1217 3509 1236 3542 ι
1257 3488 1411 3557 Quod
1433 3489 1608 3560 magis
1636 3488 1704 3544 ad

120 3575 485 3635 hereditatem
530 3581 790 3637 virtutum
838 3595 999 3652 quam
1035 3580 1278 3651 pecuniae
1331 3587 1580 3650 spectare
1623 3580 1704 3634 di-

120 3667 233 3727 vino
283 3673 513 3730 oraculo
554 3673 844 3740 docemur,
889 3671 1107 3729 dicente
1133 3671 1365 3727 Domino
1401 3691 1414 3726 :
1458 3689 1478 3724 (
1510 3670 1706 3727 Omnia

111 3776 444 3836 quaacunquc
475 3765 675 3822 dixerit
703 3767 799 3822 tibi
835 3765 989 3833 Sara,
1023 3765 1149 3824 audi
1183 3781 1374 3823 vocem
1411 3766 1548 3838 ejus,
1573 3780 1709 3837 quo-

106 3853 237 3910 niam
269 3856 326 3912 in
354 3857 523 3912 lsaac
549 3857 834 3914 vocabitur
856 3859 955 3914 tibi
978 3874 1163 3916 semen
1188 3859 1376 3933 (Ιὸἱά.)
1397 3880 1416 3911 ›
1435 3859 1567 3927 Qua:
1591 3866 1710 3915 erat

109 3942 199 4000 alia
227 3945 292 4000 in
319 3945 486 4000 Isaac
510 3945 617 4001 nisi
647 3946 936 4004 haereditas
961 3949 1281 4014 sanctitatis,
1311 3964 1432 4020 quae
1458 3947 1709 4005 nobilita-

114 4044 185 4091 let
213 4034 473 4106 patrem?
493 4034 562 4089 Et
591 4029 760 4090 lilium
789 4035 1008 4106 quidem
1039 4038 1247 4092 ancillze
1268 4054 1430 4110 super
1457 4040 1710 4095 nationes

114 4124 250 4193 iecit,
281 4126 444 4197 quasi
478 4125 744 4197 simplicia
769 4126 1060 4184 conferens
1083 4129 1419 4200 patrimonii.
1443 4129 1585 4188 Filio
1619 4145 1712 4186 au-

117 4223 211 4272 tem
231 4217 394 4273 Sane
426 4215 589 4287 dupla
620 4217 786 4284 dedit,
818 4235 944 4274 cum
990 4235 1099 4276 non
1143 4219 1319 4277 solum
1367 4224 1709 4295 temporalia,

119 4309 199 4364 sed
219 4311 387 4366 etiam
417 4323 654 4380 superna
679 4318 736 4364 et
758 4319 1020 4382 perpetua
1049 4312 1248 4369 collata
1275 4323 1421 4370 sunt.
1443 4313 1600 4385 item,
1627 4332 1712 4374 se-

122 4405 342 4458 cundum
388 4401 726 4474 allegoriam,
763 4405 926 4460 homo
962 4406 1052 4461 hic
1080 4405 1174 4477 qui
1205 4407 1341 4464 duas
1370 4423 1570 4466 uxores
1613 4410 1712 4466 ha-

121 4492 232 4550 bere
269 4495 512 4563 dicitur,
553 4493 789 4568 figurare
834 4505 1016 4568 potest
1059 4500 1350 4556 Dominum
1397 4501 1705 4570 Christum,

1806 3301 1949 3358 nolle
1977 3301 2344 3372 acquiescere.
2381 3301 2781 3357 lnobedientem
2811 3315 2940 3370 ergo
2963 3297 3132 3352 ﬁlium
3166 3306 3219 3354 et
3244 3296 3407 3352 vitio—

1806 3407 1927 3451 πω
1947 3401 2106 3451 vetus
2131 3393 2218 3448 lex
2243 3392 2402 3449 obrui
2429 3392 2696 3462 lapidibus
2717 3391 2874 3462 jubet
2896 3401 2958 3446 ut
2979 3391 3267 3446 moriatur.
3295 3387 3406 3446 Sed

1807 3493 1864 3542 et
1887 3485 2238 3556 Evangelium
2276 3501 2383 3542 non
2409 3484 2588 3556 parcit
2621 3484 2962 3549 incorrectis,
3001 3484 3111 3538 imo
3139 3483 3290 3538 duris
3323 3482 3406 3536 in-

1809 3583 2211 3652 crepationibus
2238 3591 2404 3653 atque
2433 3578 2900 3650 castigationibus,
2927 3575 3071 3646 quod
3098 3574 3406 3646 significant

1807 3670 2038 3743 lapides,
2087 3687 2189 3742 per
2232 3674 2522 3744 magistros
2559 3684 2790 3741 arguere
2827 3669 3049 3723 mandat
3083 3667 3404 3736 delinquen-

1808 3770 1894 3818 tes
1921 3782 1933 3818 :
1966 3762 2092 3834 quia
2117 3762 2264 3819 nullo
2291 3762 2450 3818 modo
2487 3763 2666 3832 parcit
2698 3760 2868 3825 vitiis,
2896 3759 2992 3813 sed
3025 3757 3171 3813 favet
3192 3755 3407 3811 virtuti-

1808 3855 1950 3912 bus:
1983 3874 2006 3907 ί
2031 3854 2261 3923 Quando
2280 3855 2591 3927 peccaverit
2617 3855 2782 3910 homo
2805 3852 2948 3923 quod
2976 3861 3150 3907 morte
3170 3850 3406 3922 plecten-

1816 3965 1840 4000 ι
1882 3949 2012 4004 dum
2036 3959 2141 4017 est,
2167 3956 2223 4006 et
2259 3948 2595 4020 adjudicatus
2641 3948 2805 4005 morti
2848 3963 3118 4019 appensus
3157 3946 3322 4002 fuerit
3349 3946 3406 4002 in

1817 4056 1837 4092 ι
1879 4040 2144 4110 patibulo,
2187 4055 2297 4096 non
2327 4040 2668 4111 permanebit
2693 4040 2925 4096 cadaver
2960 4037 3074 4108 ejus
3122 4039 3177 4093 in
3221 4037 3403 4110 ligno;

1815 4147 1838 4185 α
1880 4139 1937 4187 et
1975 4147 2320 4204 nequaquam
2360 4131 2754 4189 contaminabis
2793 4140 2997 4187 terram
3047 4140 3194 4184 tuam
3240 4143 3404 4200 quam

1816 4240 1838 4276 ι
1882 4222 2144 4281 Dominus
2169 4222 2314 4279 Deus
2335 4230 2459 4279 tuus
2484 4222 2696 4279 dederit
2720 4223 2816 4279 tibi
2843 4222 2896 4276 in
2925 4222 3344 4293 possessionem.
3378 4241 3398 4275 ι

1809 4313 1914 4373 Hic
1956 4317 2118 4372 homo
2162 4316 2531 4387 unusquisque
2578 4317 2885 4386 baptizatus
2929 4324 3108 4386 potest
3153 4315 3401 4387 intelligi,

1811 4408 1904 4480 qui
1931 4409 2148 4480 quando
2174 4411 2504 4480 peccaverit,
2536 4407 2928 4477 adjudicaudus
2965 4414 3049 4461 est
3076 4406 3255 4474 morti,
3299 4407 3404 4462 hoc

1811 4509 1896 4556 est
1936 4501 2134 4567 reatui,
2171 4515 2272 4572 pro
2301 4515 2408 4570 quo
2439 4508 2611 4554 morte
2649 4506 3040 4553 tormentorum
3083 4495 3405 4567 plectendus

122 4590 199 4658 Qui
233 4572 369 4646 duas
404 4588 615 4662 plebes,
660 4591 765 4645 hoc
809 4599 911 4656 est,
949 4591 1259 4650 Judteorum
1295 4609 1361 4650 ac
1400 4596 1706 4667 gentilium,
1731 4573 1786 4634 Β
1811 4600 1915 4647 est.
1957 4590 2266 4661 Suspensus
2294 4590 2439 4645 enim
2479 4590 2584 4645 erit
2623 4589 2676 4643 in
2716 4587 2978 4660 patibulo,
3030 4585 3182 4656 cujus
3229 4587 3404 4645 scelus

122 4677 211 4735 sibi
253 4681 493 4755 coniugii
538 4681 756 4736 nomine
801 4682 1086 4752 copulavit.
1140 4683 1249 4739 Sed
1299 4686 1485 4741 odiosa
1529 4695 1709 4757 potest

123 4769 213 4826 dici
239 4771 533 4846 Synagoga
563 4771 892 4839 indecorum,
919 4789 1038 4844 quae
1063 4775 1360 4830 secundum
1381 4776 1708 4849 legislatoris

123 4865 540 4931 attestationem,
572 4879 787 4934 semper
807 4865 1142 4920 contentiose
1171 4867 1364 4938 agebat
1392 4875 1579 4923 contra
1609 4867 1711 4922 Do-

124 4953 332 5025 minum,
361 4966 418 5012 et
437 4956 529 5012 cui
555 4954 865 5026 Stephanus
887 4956 941 5009 in
967 4955 1194 5012 Actibus
1219 4957 1586 5029 apostolorum
1615 4973 1710 5014 ex-

122 5047 326 5112 probrat
374 5049 572 5106 dicens
611 5064 626 5103 :
675 5065 695 5099 (
744 5045 874 5102 Duri
919 5049 1157 5114 cervice,
1212 5058 1268 5106 et
1306 5051 1703 5109 incircumcisis

123 5140 356 5198 cordibus
384 5152 443 5198 et
472 5141 700 5196 auribus
727 5158 740 5194 :
773 5155 871 5196 vos
901 5155 1115 5212 semper
1141 5141 1366 5211 Spiritui
1395 5152 1582 5199 sancto
1616 5159 1704 5201 re-

123 5230 348 5300 stitistis;
378 5234 525 5290 sicut
561 5240 745 5302 patres
786 5234 973 5298 vestri,
1020 5232 1094 5287 ita
1132 5241 1187 5287 et
1219 5248 1316 5288 vos
1346 5233 1486 5306 (Act.
1510 5235 1632 5308 vn).
1674 5255 1695 5288 ι

125 5318 313 5380 Dilecta
349 5334 536 5382 autem
572 5324 813 5380 Ecclesia
838 5335 922 5382 est
949 5325 1015 5381 de
1045 5325 1314 5396 gentibus.
1345 5325 1451 5382 Sed
1475 5341 1582 5382 non
1606 5340 1704 5399 po—

125 5418 220 5468 test
237 5415 324 5471 hic
351 5417 523 5473 homo
554 5415 721 5470 filium
753 5415 960 5471 dilecta:
988 5415 1167 5473 facere
1195 5417 1617 5489 primogenitum
1649 5426 1707 5476 et

125 5509 364 5577 praeferre
408 5513 526 5569 tilio
565 5511 785 5576 odiosae,
814 5510 940 5582 quia
971 5525 1078 5565 non
1108 5508 1225 5564 vult
1259 5509 1521 5566 Dominus
1550 5493 1710 5567 Chri-

127 5609 232 5658 stus
253 5604 556 5662 Ecclesiam
591 5605 657 5660 de
696 5603 948 5675 gentibus
985 5603 1245 5675 praeferre
1287 5605 1580 5676 primitivae
1617 5621 1708 5663 ec-

127 5691 290 5753 clesiae
336 5716 451 5756 sua:
496 5714 622 5771 quae
659 5697 762 5753 fuit
792 5697 846 5753 in
895 5696 1216 5767 Jerusalem,
1249 5714 1316 5756 ex
1347 5714 1454 5772 qua
1491 5698 1712 5757 fuerunt

127 5790 339 5858 apostoli
369 5799 424 5851 ct
447 5792 616 5866 primi
641 5791 892 5851 doctores
909 5792 1101 5850 nostri.
1127 5785 1236 5850 Sed
1259 5800 1517 5866 agnoscet
1536 5793 1706 5852 tilium

1805 4692 1904 4750 per
1923 4679 2218 4734 vindictam
2245 4677 2625 4734 manifestatur
2652 4678 2705 4732 in
2736 4677 2953 4749 pdpulo.
2985 4676 3137 4733 Unde
3168 4677 3408 4750 Aposto:

1806 4770 1892 4826 lus
1932 4779 2218 4840 peccantes
2259 4787 2443 4826 coram
2477 4771 2728 4826 omnibus
2762 4768 2920 4838 jubet
2964 4785 3217 4842 arguere,
3257 4779 3315 4826 ut
3351 4782 3433 4828 et.

1808 4864 1988 4918 caeteri
2037 4870 2237 4917 metum
2289 4861 2546 4919 habeant.
2589 4851 2768 4930 Quod"
2796 4869 2978 4917 autem
3021 4863 3173 4930 dicit,
3213 4881 3233 4914 ‹
3285 4863 3401 4918 Non

1805 4954 2149 5026 permanebit
2187 4953 2420 5010 cadaver
2447 4953 2564 5024 ejus
2607 4953 2663 5008 in
2707 4952 2874 5024 ligno,
2907 4953 3002 5010 sed
3029 4954 3323 5026 sepelietur
3349 4954 3400 5010 in

1810 5047 1998 5103 eadem
2037 5047 2124 5102 die
2145 5088 2160 5114 ,
2205 5046 2478 5120 signiﬁcat
2525 5046 2669 5117 quod
2699 5061 2805 5101 non
2834 5055 2918 5102 cst
2942 5047 3010 5103 de
3043 5048 3132 5103 die
3175 5047 3229 5102 in
3258 5046 3401 5101 diem

1809 5139 2103 5197 diﬂ‘erenda
2123 5138 2439 5210 ptenitcntia
2463 5145 2835 5209 peccatorum,
2862 5139 2956 5195 sed
2975 5148 3096 5209 post
3118 5147 3400 5208 peccatum

1808 5244 1936 5287 mox
1965 5231 2193 5301 agenda,
2225 5236 2288 5283 ut
2313 5235 2440 5283 ante
2475 5227 2637 5283 ﬁnem
2671 5229 2798 5285 vitae
2830 5229 3112 5300 prazseutis
3143 5242 3240 5296 per
3264 5242 3392 5280 con-

1809 5321 2100 5378 fessionem
2129 5336 2193 5376 ac
2227 5321 2603 5391 pmnitentiam
2632 5329 2796 5391 atque
2821 5322 2961 5376 bona
2991 5334 3153 5388 opera
3180 5318 3398 5373 studeat

1812 5415 2148 5472 abscondere
2185 5429 2370 5470 coram
2405 5414 2576 5470 oculis
2613 5415 2710 5470 Dei
2741 5413 2998 5468 delictum
3046 5426 3202 5466 suum
3231 5429 3242 5463 :
3274 5411 3402 5479 quia

1813 5506 2131 5563 maledictus
2153 5522 2184 5561 a
2207 5505 2323 5562 Deo
2345 5515 2429 5561 est
2457 5507 2548 5578 qui
2577 5506 2774 5576 pendet
2807 5505 2858 5556 in
2882 5503 3048 5574 ligno,
3077 5503 3181 5556 hoc
3215 5507 3322 5568 est,
3346 5500 3404 5557 in

1812 5606 2039 5672 peccato
2078 5599 2170 5668 qui
2213 5607 2545 5670 perseverat.
2588 5596 2744 5667 Ligni
2788 5596 2932 5648 enim
2963 5593 3181 5650 nomine
3209 5608 3403 5666 pecca-

1815 5701 1927 5748 tum
1967 5699 2149 5763 potest
2189 5691 2437 5764 intelligi,
2475 5691 2603 5761 quia
2637 5689 2690 5742 in
2717 5687 2864 5758 ligno
2892 5685 3259 5760 protoplastus
3305 5701 3402 5742 uo-

1815 5799 1929 5848 stcr
1955 5788 2188 5862 primum
2218 5788 2484 5860 peccavit.
2519 5803 2540 5840 ι
2571 5785 2638 5842 Et
2659 5798 3020 5856 nequaquam,
3045 5782 3244 5858 inquit,
3272 5797 3400 5841 cou-
