3930 6344
513 364 801 481 sia.

1004 470 1029 485 ,ν
1124 408 1216 485 on.
1258 348 1512 463 nisis;
1549 346 2095 466 mmmam

2196 401 2473 461 [OGUNT.
2513 397 2800 459 OPERUM
2837 396 3019 455 PARS
3051 396 3092 453 Ι.

3681 397 3774 454 920

508 526 803 601 tunimbis
847 491 1071 583 terram
1091 498 1261 587 tuam.
1292 547 1321 591 ,r
1355 527 1670 598 Ergoquia
1719 533 1869 585 terra
1914 524 2097 585 carnis
2124 524 2179 585 Α
2201 520 2417 595 ingenio
2445 534 2567 577 meo
2592 517 2695 574 ista
2718 514 2972 581 dixerim,
2994 512 3041 568 si
3066 526 3175 567 non
3194 507 3489 581 Apostolus
3510 508 3677 564 toties
3694 510 3781 568 hoc

502 625 711 681 nostra:
750 616 999 683 ﬁndatur,
1042 618 1296 675 sordibus
1348 626 1721 689 peccatorum,
1771 615 2097 679 omnimodis

509 713 733 771 studere
777 711 1057 778 debemus,
1100 719 1162 766 ut
1187 726 1323 773 eam.
1350 711 1671 773 mundemus
1692 725 1790 782 per
1829 709 2100 780 poeniten-

509 806 646 862 tiam
693 812 749 860 et
797 803 1115 861 effusionem
1162 803 1550 875 lacrymarum,
1596 818 1667 859 ne
1718 801 1936 858 [inditas
1982 799 2097 869 ejus

511 896 996 963 aliisscandalum,
1042 903 1097 950 et
1133 895 1288 957 nobis
1331 895 1509 966 pariat
1548 895 1604 950 in
1633 895 1741 949 line
1772 893 2091 949 cruciatum.

506 988 620 1047 Sed
648 987 827 1043 oritur
854 985 944 1041 hic
970 984 1283 1041 diliicillima
1321 985 1550 1055 quaestio
1580 985 1636 1040 in
1663 998 1730 1039 eo
1767 981 1913 1053 quod
1942 981 2095 1047 dicit,

511 1096 538 1129 ε
582 1076 956 1133 Maledictusa
984 1073 1094 1129 Deo
1140 1074 1318 1129 omnis
1368 1074 1463 1144 qui
1509 1072 1708 1144 pendet
1761 1071 1817 1126 in
1854 1070 2021 1141 ligno.
2068 1088 2089 1123 ι

510 1166 646 1234 Quia
676 1165 894 1236 quidam
928 1163 1171 1219 hzeretici
1196 1164 1264 1221 ad
1289 1163 1617 1221 calumniam
1638 1161 1908 1233 passionis
1935 1159 2095 1217 Chri-

506 1256 577 1311 sti
617 1256 757 1315 hanc
778 1256 1107 1312 sententiam
1141 1254 1408 1312 tranferre
1436 1254 1723 1321 voluerint,
1755 1256 1869 1309 non
1893 1252 2096 1313 intelli-

506 1354 696 1417 gentes
748 1346 893 1415 quod
938 1360 1085 1401 mors
1137 1345 1374 1403 hominis
1416 1360 1485 1402 ex
1528 1360 1689 1414 paena
1735 1344 1943 1416 peccati
1991 1350 2093 1411 est,

506 1436 647 1495 unde
667 1444 724 1495 et
744 1435 861 1505 ipsa
878 1443 1164 1507 peccatum
1188 1435 1384 1491 dicitur
1409 1455 1422 1489 :
1446 1450 1559 1491 non
1576 1435 1703 1506 quia
1724 1441 1914 1505 peccat
1933 1433 2097 1491 homo

503 1525 633 1587 dum
658 1527 917 1595 moritur,
948 1527 1042 1584 sed
1077 1527 1205 1598 quia
1241 1542 1309 1582 ex
1337 1536 1560 1598 peccato
1588 1528 1791 1583 factum
1826 1534 1912 1582 est
1951 1524 2098 1596 quod

504 1618 788 1681 moriatur.
834 1618 997 1675 Sicut
1047 1619 1152 1674 alio
1197 1620 1359 1676 modo
1406 1618 1608 1676 dicitur
1646 1619 1827 1691 lingua
1875 1617 2097 1688 proprie

468 1754 473 1757 .
504 1726 635 1783 caro
656 1726 779 1780 qua:
802 1711 947 1775 intra
974 1712 1163 1773 dentes
1200 1713 1302 1769 sub
1344 1712 1526 1782 palato
1568 1719 1855 1777 movetur;
1891 1718 1948 1766 et
1990 1709 2096 1765 alio

503 1799 664 1879 modo
708 1800 906 1875 dicitur
947 1800 1153 1871 lingua,
1192 1801 1335 1871 quod
1364 1816 1464 1872 per
1508 1802 1748 1874 linguam
1774 1802 1837 1859 ﬁt
1862 1820 1876 1861 :
1903 1817 2097 1861 βεβιω-
2152 1870 2155 1871 ν

2199 614 2455 679 inculcat,
2487 620 2547 669 ut
2583 619 2639 668 et
2683 610 3019 667 dormientes
3046 608 3268 674 excitet,
3311 614 3370 662 et
3396 605 3779 664 calumniantes

2199 706 2443 765 sull‘ocet.
2483 724 2503 759 ‹
2534 704 2680 763 Misit
2704 706 2868 772 Deus,
2898 701 3096 774 inquit,
3123 700 3324 758 Filium
3369 716 3535 757 suum
3571 701 3633 756 in
3658 703 3780 758 suni-

2199 798 2482 856 litudinem
2520 796 2699 853 carnis
2739 794 2982 867 peccati,
3029 802 3088 850 ut
3132 794 3199 849 de
3237 800 3464 863 peccato
3514 794 3780 849 damnaret

2196 896 2483 962 peceatum
2512 888 2567 944 in
2592 902 2757 945 carne
2783 887 2967 958 (Rom.
2993 884 3138 958 vui).
3172 904 3193 937 ι
3219 884 3338 940 Non
3368 900 3503 956 ergo
3539 892 3680 947 erat,
3703 885 3778 939 illa

2198 997 2328 1038 caro
2348 979 2579 1051 peccati,
2616 978 2744 1051 quia
2788 993 2898 1033 non
2936 977 3004 1033 de
3061 976 3287 1031 traduce
3334 975 3693 1031 mortalitatis
3731 976 3775 1031 in

2198 1070 2428 1126 Mariam
2450 1083 2548 1140 per
2566 1067 2869 1124 masculum
2897 1074 3140 1122 venerat.
3170 1065 3281 1121 Sed
3325 1073 3513 1121 tamen
3564 1066 3687 1136 quia
3724 1068 3776 1122 de

2195 1172 2422 1236 peccato
2468 1172 2555 1219 est
2598 1176 2773 1229 mors,
2825 1160 2919 1216 illa
2968 1175 3118 1227 caro,
3163 1158 3415 1230 quamvis
3457 1171 3532 1213 ex
3571 1158 3772 1230 virgine,

2196 1253 2443 1309 mortalis
2471 1261 2651 1307 tamen
2695 1249 2839 1307 fuit:
2870 1266 2937 1307 eo
2966 1252 3083 1320 ipso
3128 1265 3240 1320 quo
3286 1248 3541 1304 mortalis
3566 1257 3683 1304 erat
3710 1249 3774 1304 si-

2196 1342 2555 1399 militudinem
2592 1342 2777 1397 carnis
2833 1342 3046 1412 peccati
3092 1340 3346 1397 habebat.
3398 1339 3516 1396 Hoc
3564 1339 3775 1410 appellat

2197 1435 2363 1490 etiam
2402 1441 2685 1504 peccatum
2711 1438 3110 1502 consequenter
3143 1430 3373 1486 dicens:
3408 1448 3428 1482 ι
3463 1429 3534 1486 Ut
3574 1430 3645 1486 de
3665 1445 3775 1501 pec-

2198 1533 2321 1582 cato
2369 1525 2652 1582 damnaret
2696 1532 2982 1595 peccatum
3025 1523 3083 1577 in
3120 1536 3308 1577 carne.
3348 1540 3370 1575 ι
3403 1519 3528 1576 item
3580 1521 3639 1576 in
3682 1521 3776 1576 alio

2197 1614 2355 1672 loco:
2392 1634 2412 1670 ι
2458 1616 2619 1683 Eum,
2669 1615 2865 1684 inquit,
2913 1613 3006 1685 qui
3051 1627 3162 1668 non
3211 1619 3443 1668 noverat
3484 1620 3775 1682 peccatum.

2194 1717 2481 1779 peccatum
2505 1722 2605 1778 pro
2629 1706 2787 1763 nobis
2814 1704 2960 1770 fecit,
2994 1713 3055 1761 ut
3076 1720 3178 1761 nos
3198 1719 3446 1761 essemus
3464 1701 3674 1771 iustitia
3689 1704 3774 1760 Dei

2197 1799 2253 1853 in
2282 1800 2399 1870 ipso
2435 1796 2521 1871 (ll
2550 1796 2674 1853 Cor.
2707 1796 2784 1869 v).
2817 1817 2836 1851 ι
2879 1796 2990 1853 Cur
3027 1811 3158 1868 ergo
3199 1796 3417 1852 timeret
3457 1794 3664 1867 Moyses
3704 1795 3773 1850 di-

466 1948 471 1963 ,
503 1893 632 1955 dum
680 1908 846 1965 quem
883 1892 1105 1953 modum
1153 1893 1352 1949 dicitur
1396 1893 1576 1965 lingua
1604 1894 1815 1961 Graeca,
1850 1894 1958 1949 alia
1994 1892 2098 1951 La-
2124 1884 2172 1943 B
2199 1904 2327 1945 cere
2361 1908 2379 1941 ι
2413 1888 2782 1957 maledictum,
2816 1907 2836 1940 ι
2863 1889 3008 1960 quod
3034 1885 3236 1943 Paulus
3260 1905 3280 1940 ι
3308 1894 3592 1957 peccatum
3619 1908 3638 1941 ι
3676 1903 3768 1944 non

500 1981 639 2057 tina.
664 1981 736 2053 ,Et
760 1996 959 2051 manus
981 1982 1273 2051 aliomodo
1301 1984 1499 2045 dicitur
1522 1985 1701 2054 ipsum
1729 1985 1950 2056 proprie
1975 2000 2099 2041 cor-

494 2074 652 2149 poris
678 2074 984 2155 membrum
1008 2077 1155 2146 quod
1178 2077 1507 2134 movendum
1526 2086 1611 2133 est
1643 2078 1712 2134 ad
1738 2079 2098 2149 operandam,

501 2174 560 2229 et
595 2167 703 2244 alip
752 2170 914 2243 modo
961 2186 1171 2231 manus.
1205 2171 1405 2229 dicitur
1450 2174 1721 2244 scriptura
1750 2190 1873 2245 quae
1905 2174 1969 2239 ﬁt
2000 2190 2099 2245 per

464 2259 1030 2329 ,,manum.lDicimus
1071 2264 1249 2345 enim,
1289 2263 1527 2323 Probata
1572 2274 1660 2323 est
1704 2281 1901 2325 manus
1955 2264 2096 2335 ejus,

468 2394 483 2411 ε
505 2347 689 2419 Haben
718 2352 868 2417 enim
900 2370 1123 2417 manum
1156 2364 1327 2423 tuam,
1371 2357 1574 2428 Recipe
1616 2374 1835 2415 manum
1889 2366 2036 2421 tuam
2078 2376 2092 2414 :

460 2456 703 2509 Lanaeus
724 2444 915 2513 utique
948 2448 1168 2516 proprie
1200 2449 1517 2507 membrum
1555 2460 1640 2507 est
1678 2452 1934 2509 hominis.
1976 2451 2098 2508 Non

488 2539 687 2599 autem
715 2533 911 2603 opinor
942 2536 1093 2595 illam
1124 2538 1452 2611 scripturam
1489 2556 1611 2598 esse
1641 2542 1900 2609 hominis,
1929 2550 1987 2599 et
2014 2550 2096 2598 ta-

498 2637 633 2689 mea.
665 2624 868 2687 dicitur
908 2642 1125 2695 manus,
1153 2645 1220 2691 eo
1247 2632 1391 2702 quod
1433 2632 1725 2693 manifesta
1761 2634 1850 2690 sit.
1901 2633 1994 2691 Sic
2038 2642 2099 2691 et

462 2723 805 2784 applicatum.
858 2733 969 2781 non
1025 2728 1236 2781 tantum
1282 2738 1418 2793 onus
1459 2724 1635 2795 ipsum
1688 2726 1892 2787 malum
1946 2727 2096 2797 quod

358 2817 363 2826 '
458 2807 1061 2879 ερςβμειράὶκηιιωιως
1084 2815 1204 2875 ,τεθᾰ
1246 2815 1416 2877 etiam
1442 2818 1573 2888 ipsa
1609 2834 1782 2885 mm,
1817 2834 2095 2891 (μιανθε-

486 2906 627 2965 ;cato.
640 2898 833 2975 Lfactu;
852 2911 959 2971 est,
979 2913 1274 2973 peccatum
1288 2907 1581 2979 appellata.
1606 2918 1717 2973 est.
1734 2910 1875 2971 Illud
1888 2938 1893 2967 Ξ
1907 2912 2095 2983 itaque

464 2995 835 3059 -Wmmw
854 3007 962 3062 quo
1006 3010 1146 3057 ,reus
1162 3004 1383 3061 “esset”
1399 3001 1617 3067 mortis,
1660 3017 1775 3061 non
1804 3002 2094 3063 'commisit

466 3079 779 3152 Christus;
816 3085 948 3147 illud
966 3096 1162 3155 autem
1188 3089 1443 3161 alterum,
1473 3093 1530 3151 id
1564 3101 1943 3161 est,mortem
1972 3108 2094 3167 qua:

458 3182 722 3247 ,,pecf:at0
748 3176 979 3245 inﬂicta
1010 3188 1095 3241 est
1144 3182 1663 3253 humanaenaturae,
1700 3187 1954 3259 suscepit
1980 3194 2115 3258 pro-

456 3328 461 3333 ,
496 3242 827 3335 roman...
854 3242 1138 3339 “Wa
1180 3242 1255 3339 in,
1283 3242 1454 3344 ligno,
1484 3274 1592 3332 hoc
1610 3242 1965 3337 eaeaeae
1992 3242 2095 3335 Isi
2118 3242 2165 3307 C

457 3370 598 3435 rper;
623 3355 903 3428 Messena,
926 3361 1021 3423 ubi
1049 3377 1197 3421 mors
1225 3364 1483 3427 damnata
1518 3375 1608 3427 est
1634 3382 1704 3423 ne
1738 3377 2014 3440 regnaret,
2028 3376 2096 3425 et

498 3447 919 3525 maledictapst
953 3458 1016 3517 ut
1068 3454 1299 3522 periret.
1326 3455 1689 3527 {Quapropter
1739 3473 1839 3528 per
1891 3458 2095 3521 Christi

484 3536 609 3605 tale
634 3548 919 3609 peccatum
944 3544 1258 3611 demeatum
1282 3554 1661 3611 estmostrum.
1697 3558 2095 3621 peceatumwt

460 3630 1102 3709 Jloﬁlihmaremurrne
1134 3646 1401 3708 regnante
1428 3648 1660 3709 peccato
1702 3656 1819 3709 nos,
1848 3642 2095 3703 damnati

492 3733 925 3791 remanerem
962 3725 1111 3797 Quid
1128 3776 1129 3787 χ
1145 3744 1291 3802 ergo.
1318 3731 1567 3795 miratur.
1592 3732 1839 3797 Faustus
1869 3734 2096 3799 maledi-

454 3820 647 3879 mctum
672 3830 793 3881 esse
821 3828 1126 3891 peccatum
1152 3823 1496 3887 maledicum
1538 3840 1661 3885 esse
1687 3834 1941 3895 mortem.
1969 3843 2094 3893 μλ-
2174 3882 2175 3891 χ

458 3905 897 3975 .Jodictautesse
926 3913 1526 3977 mortalitatemctu'nis
1542 3918 1666 3987 sine
1689 3927 1918 3997 peccato
1934 3918 2097 3981 Chri-

496 4000 694 4081 sti...px
735 4011 963 4073 peccato
991 4011 1185 4067 tamen
1199 4006 1442 4073 hominis
1488 4008 1546 4075 in
1586 4008 1823 4069 Christo}
1854 4008 2096 4077 factam?

496 4085 578 4155 Ex
598 4090 773 4169 Adam
801 4092 1003 4163 quippe
1026 4110 1239 4165 carpus.
1258 4096 1589 4171 assumpsit,
1622 4101 1768 4172 tquia
1804 4117 1882 4163 ex
1919 4103 2094 4169 Adam

440 4196 445 4205 ‘
484 4179 854 4248 .virsoalllaria
893 4198 1015 4251 qua:
1059 4188 1270 4256 peperit
1305 4188 1600 4251 Christum.
1649 4191 1873 4259 Dixerat
1911 4202 2095 4259 autem

490 4266 649 4358 .Deus
666 4268 724 4327 in
748 4271 1007 4358 paradiso
1036 4290 1050 4327 :
1078 4292 1112 4335 ,ι
1147 4274 1269 4342 Qua
1294 4277 1385 4333 die
1408 4280 1737 4351 tetigeritis,
1763 4290 1943 4341 morte
1978 4299 2095 4343 mo-

492 4357 897 4435 πίςωὶηηϐιηρ
948 4364 1033 4436 u).
1070 4384 1095 4419 ›
1128 4363 1247 4423 Hoc
1292 4375 1379 4427 est
1422 4369 1769 4429 maledictum
1808 4374 1963 4444 quod
1999 4389 2095 4445 pe-

497 4452 688 4525 pendit
728 4456 783 4511 in
835 4456 1001 4527 ligno.
1050 4457 1149 4517 ille
1183 4469 1345 4529 negat
1393 4459 1677 4519 Christum
1719 4462 2091 4532 maledictum,

498 4547 593 4615 qui
622 4554 782 4616 negat
813 4557 870 4603 et
898 4557 1196 4607 mortuum.
1238 4550 1344 4631 Qui
1388 4560 1567 4609 autem
1619 4556 1912 4611 conﬁtetur
1946 4552 2101 4613 mori

454 4704 475 4719 νγ
500 4641 675 4721 tuum,
699 4644 755 4691 et
784 4653 984 4710 negare
1010 4656 1117 4696 non
1142 4638 1577 4725 petest'm'ortem
1604 4646 1673 4725 de
1696 4657 1920 4729 peccato
1946 4664 2087 4718 esse,

499 4733 557 4780 et
601 4726 670 4782 ob
716 4726 820 4785 hoc
861 4731 1582 4807 etiamuipsumgpeccatum
1635 4737 1849 4806 vocari,
1888 4726 2093 4800 iaudlat

466 4864 471 4877 .
498 4815 818 4893 Apostolum
842 4822 1113 4891 dicentem
1140 4840 1157 4883 :
1191 4845 1210 4885 σ
1244 4826 1519 4905 Quoniam,
1534 4839 1695 4903 vetus
1716 4833 1881 4909 hunc
1904 4842 2094 4901 noster

496 4911 673 4999 situlul
701 4928 826 4983 cum
852 4914 949 4973 illo
976 4918 1290 4989 cruciﬁxus
1329 4931 1416 4989 est
1441 4922 1585 4995 (Gal.
1622 4924 1739 4999 in),
1773 4946 1793 4982 ι
1833 4929 2089 5001 et.,intel-

502 5003 821 5079 ligatquem
849 5006 1207 5077 maledictum,
1223 5026 1345 5085 esse
1371 5013 1584 5089 Moyses
1596 5016 1833 5085 dixerit.
1861 5017 2096 5091 Ideoque

464 5140 473 5163 ι
502 5095 1055 5175 secutusApostulus
1072 5101 1161 5169 ait
1187 5102 1255 5171 de
1292 5104 1544 5175 Christo:
1579 5105 1781 5181 Factus
1820 5124 1915 5179 pro
1945 5108 2095 5165 nobis

490 5189 813 5253 maledictus
842 5189 1065 5264 (,lbid.).;
1094 5194 1244 5255 sicut
1257 5212 1368 5254 non
1395 5199 1576 5263 timuit
1594 5201 1778 5263 dicere
1808 5219 1826 5257 ι
1860 5216 1959 5272 pro
1976 5218 2094 5275 utn-

456 5280 663 5347 ﬁnibus
697 5290 945 5353 mortuus
962 5291 1076 5357 est.
1096 5304 1127 5339 .›
1154 5289 1298 5357 (ιαοά
1320 5296 1406 5347 est
1425 5290 1775 5360 maledictus,
1792 5293 1921 5366 quia
1942 5309 2093 5357 mors

464 5414 471 5437 ς
502 5372 629 5445 ipsa
660 5377 1181 5451 exmaledictpest,
1198 5388 1265 5445 et
1291 5383 1634 5455 maledictum
1662 5395 1748 5445 est
1772 5400 2094 5457 omnepec-

474 5473 707 5545 μω,
734 5467 855 5535 Sive
877 5470 1052 5542 ipsum
1080 5472 1332 5544 quodﬁt,
1359 5482 1420 5531 nt
1454 5487 1715 5548 sequatur
1748 5478 2092 5550 supplicium,

472 5608 475 5615 .
503 5556 625 5623 sive
646 5558 824 5629 ipsum
850 5562 1201 5633 supplicium,
1218 5564 1365 5636 quod
1395 5565 1503 5623 alio
1527 5567 1686 5625 modo
1716 5576 1942 5629 meatur
1969 5584 2096 5643 pec-

504 5657 706 5715 catum,
735 5655 877 5722 quod
923 5656 983 5713 ﬁt
1027 5673 1096 5714 ex
1142 5665 1392 5728 peccato.
1432 5657 1683 5729 Suscepit
1718 5670 1898 5718 autem
1939 5661 2097 5718 Chri-

504 5745 622 5807 stus
649 5743 765 5820 sine
797 5756 945 5809 reatu
971 5750 1294 5820 supplicium
1322 5758 1594 5815 nostrum,
1614 5760 1685 5811 ut
1713 5751 1837 5811 inde
1859 5752 2098 5814 solveret

503 5826 728 5889 beatum
760 5845 1022 5910 nostrum,
1062 5850 1121 5896 ut
1150 5842 1307 5900 ﬁeret
1342 5840 1663 5918 supplicium
1701 5850 1968 5903 nostrum.
2013 5842 2097 5906 Ex

2199 1981 2380 2037 timuit
2409 1981 2633 2037 dicere?
2654 1979 2823 2036 Plane
2865 1980 2971 2037 hoc
3005 1980 3269 2051 propheta
3297 1987 3353 2034 et
3375 1979 3668 2050 praevidere
3692 1980 3769 2036 de-

2195 2071 2316 2128 buit
2350 2082 2406 2130 et
2435 2073 2754 2144 praedicere,
2801 2079 3026 2142 paratus
3071 2070 3141 2127 ab
3180 2070 3459 2126 haereticis
3499 2071 3766 2141 eumApe-

2197 2162 2340 2219 stolo
2376 2163 2725 2236 reprehendi.
2756 2161 3014 2234 Quisquis
3038 2161 3186 2217 enim
3221 2161 3630 2232 reprehenderit
3662 2176 3768 2232 pro-

2196 2254 2419 2325 phetam
2465 2254 2670 2311 dixisse
2712 2272 2732 2306 ι
2774 2254 3143 2321 maledictum,
3181 2272 3201 2307 ι
3240 2261 3471 2324 cogetur
3510 2254 3768 2325 reprehen-

2196 2343 2327 2399 dere
2368 2343 2689 2414 Apostolum
2729 2344 2933 2402 dixisse
2973 2361 2993 2395 ί
3022 2352 3306 2414 peccatum
3336 2361 3351 2397 :
3394 2362 3416 2396 ι
3446 2359 3563 2398 nam
3596 2342 3769 2412 utique

2196 2433 2543 2491 maledictum
2572 2450 2756 2493 comes
2787 2444 2869 2491 est
2895 2435 3124 2506 peccati.
3163 2433 3280 2490 Nec
3305 2434 3429 2490 ideo
3455 2434 3621 2505 major
3650 2434 3769 2489 inrt-

2197 2530 2285 2587 dia
2328 2538 2412 2605 est
2446 2531 2591 2602 quod
2628 2530 2899 2586 addiderit
2932 2548 2951 2581 ‹
2984 2528 3115 2597 Deo,
3150 2547 3170 2581 ι
3207 2536 3273 2585 ut
3292 2527 3538 2583 diceret:
3573 2546 3594 2580 ι
3622 2526 3770 2583 Male-

2197 2619 2374 2678 dictus
2408 2620 2519 2677 Deo
2566 2621 2743 2676 omnis
2787 2620 2882 2690 qui
2942 2619 3260 2692 pependerit
3307 2619 3364 2674 in
3407 2618 3573 2690 ligno.
3614 2638 3632 2672 ι
3671 2618 3767 2675 Nisi

2195 2713 2344 2784 enim
2389 2715 2534 2791 Deus
2567 2714 2773 2771 odisset
2820 2723 3108 2786 peccatum
3153 2722 3211 2771 et
3249 2723 3487 2770 mortem
3532 2725 3768 2783 nostram,

2194 2821 2305 2862 non
2350 2807 2421 2862 ad
2463 2822 2587 2862 eam
2629 2807 3031 2877 suscipiendam
3072 2815 3240 2879 atque
3280 2806 3556 2863 delendam
3588 2806 3771 2863 Filium

2194 2915 2352 2958 suum
2379 2900 2641 2959 mitteret.
2670 2899 2819 2971 Quid
2844 2915 2976 2973 ergo
3005 2898 3205 2957 mirum
3241 2899 3288 2956 si
3328 2899 3665 2969 maledictum
3697 2905 3772 2955 est

2194 2988 2307 3046 Deo
2335 2989 2479 3063 quod
2503 2989 2618 3045 odit
2646 2988 2832 3045 Deus?
2858 2986 3031 3045 Tanto
3051 2990 3200 3045 enim
3229 2989 3493 3045 libentius
3519 2987 3664 3044 nobis
3684 2985 3767 3043 do-

2195 3090 2292 3137 nat
2311 3080 2805 3153 immortalitatem,
2827 3097 2949 3152 qua:
2970 3079 3152 3137 futura
3172 3086 3259 3137 est
3279 3078 3503 3138 Christo
3524 3080 3768 3146 veniente,

2195 3180 2403 3243 quanto
2426 3171 2839 3227 misericordius
2880 3172 2996 3228 odit
3035 3180 3268 3227 mortem
3297 3182 3564 3241 nostram,
3594 3187 3703 3244 qua:
3722 3172 3772 3226 in

2195 3260 2345 3335 ligno
2371 3262 2628 3334 pependit
2656 3261 2875 3319 Christo
2910 3262 3198 3319 moriente.
3231 3263 3389 3333 Quod
3428 3272 3610 3321 autem
3647 3262 3774 3319 addi-

2197 3364 2311 3411 tum
2353 3363 2459 3421 est,
2496 3374 2516 3408 ι
2555 3356 2754 3425 omnis,
2789 3376 2809 3409 ι
2845 3363 2908 3411 ut
2946 3355 3233 3431 videretur
3256 3374 3277 3409 ι
3319 3356 3641 3413 maledictus
3675 3369 3773 3409 om-

2195 3446 2281 3502 nis
2307 3446 2401 3518 qui
2429 3445 2485 3502 in
2514 3446 2664 3518 ligno
2687 3447 2965 3519 pependit,
3003 3467 3023 3500 ›
3058 3463 3166 3503 non
3197 3463 3330 3504 sane
3364 3447 3582 3519 Moyses
3618 3448 3775 3503 minus

2193 3537 2457 3611 praevidet
2475 3537 2643 3592 etiam
2657 3536 2834 3607 iustos
2862 3537 2920 3593 in
2947 3552 3108 3593 cruce
3134 3539 3366 3605 futuros,
3388 3538 3487 3594 sed
3505 3538 3642 3593 bene
3661 3552 3782 3609 pra:-

2194 3630 2342 3689 videt
2369 3631 2655 3707 haereticos
2683 3644 2869 3688 veram
2900 3639 3131 3686 mortem
3155 3630 3364 3687 Domini
3389 3638 3704 3700 negaturos,
3727 3637 3783 3684 et

2196 3722 2320 3785 ideo
2365 3721 2609 3780 volentes
2638 3723 2707 3779 ab
2737 3723 2843 3779 hoc
2866 3720 3146 3779 maledicto
3176 3720 3442 3777 Christum
3468 3718 3784 3792 seiungere,

2196 3820 2256 3870 ut
2282 3828 2315 3869 a
2338 3812 2531 3870 mortis
2557 3813 2724 3869 etiam
2767 3813 3001 3869 veritate
3040 3811 3393 3883 seiunget-ent.
3429 3808 3497 3866 Si
3524 3811 3680 3866 enim
3701 3809 3781 3867 illa

2194 3922 2325 3971 vera
2369 3894 2519 3963 mors
2565 3921 2675 3963 non
2723 3913 2863 3974 erat,
2921 3905 3132 3962 nullum
3181 3902 3535 3960 maledictum
3582 3903 3777 3963 Clitis“)

2195 3998 2459 4055 cruciﬁxo
2492 3997 2749 4071 pependit
2796 3998 2854 4053 in
2899 3997 3070 4071 ligno,
3100 3995 3228 4069 quia
3257 4011 3359 4052 nec
3386 3994 3677 4053 cruciﬁxus
3701 4002 3777 4051 est

2193 4108 2343 4151 vere.
2376 4092 2485 4150 Sed
2525 4100 2716 4150 contra
2744 4092 2905 4164 longe
2941 4090 3155 4148 futuros
3181 4090 3489 4157 htereticos,
3518 4104 3670 4160 quam
3711 4087 3777 4142 de

2192 4184 2353 4256 longe
2373 4183 2573 4240 clamat
2592 4183 2804 4255 Moyses
2832 4202 2845 4238 :
2880 4203 2900 4237 ‹
2937 4182 3070 4239 Sine
3096 4196 3264 4238 causa
3290 4178 3732 4254 tergiversamini,
3750 4194 3770 4232 ι

2196 4276 2393 4347 quibus
2427 4274 2673 4347 diSplicet
2700 4276 2903 4331 veritas
2938 4274 3134 4331 mortis
3164 4272 3392 4339 Christi,
3431 4291 3452 4324 ε
3484 4270 3774 4327 Maledicta:

2194 4366 2373 4423 omnis
2416 4366 2508 4438 qui
2546 4366 2804 4438 pependit
2826 4368 2882 4424 in
2908 4366 3076 4440 ligno.
3112 4385 3133 4421 ι
3163 4366 3285 4422 Non
3314 4366 3405 4421 ille
3431 4373 3529 4420 aut
3555 4365 3661 4432 ille,
3693 4361 3775 4420 sed

2194 4458 2373 4513 omnis
2412 4457 2665 4514 omnino!
2708 4454 2960 4515 Etiamne
2985 4467 3043 4515 et
3065 4456 3238 4513 Filius
3268 4455 3367 4511 Dei
3382 4452 3613 4533 ?‘Etiam
3636 4467 3776 4526 pror-

2197 4534 2310 4604 sus.
2356 4546 2494 4604 Nam
2535 4551 2640 4609 hoc
2672 4548 2930 4619 estquod
2957 4564 3066 4605 non
3108 4547 3315 4604 vultis:
3350 4546 3482 4603 inde
3527 4543 3775 4617 satagitis,

2198 4639 2325 4697 inde
2356 4628 2634 4697 seducitis'.
2680 4638 2940 4713 Di'Spiicet
2968 4643 3115 4699 enim
3154 4640 3313 4698 vobis
3345 4639 3666 4696 maledictus
3689 4638 3775 4710 pro

2198 4734 2373 4802 nobis,
2404 4735 2531 4805 quia
2565 4734 2814 4806 displicet
2832 4743 3083 4807 mortuus
3107 4750 3208 4811 pro
3246 4732 3431 4789 nobis.
3464 4730 3622 4788 Tunc
3646 4724 3776 4787 enim

2196 4834 2353 4883 extra
2374 4810 2889 4884 maledictum‘illius’
2909 4822 3104 4893 Adam,
3127 4810 3183 4883 si"
3196 4835 3356 4905 extra
3374 4826 3522 4883 illius
3541 4834 3774 4899 meum.

2198 4915 2336 4989 Cum
2362 4932 2490 4997 vero
2525 4931 2595 4974 ex
2621 4904 2841 4981 homine
2878 4928 2935 4975 et
2971 4934 3071 4993 pro
3100 4904 3321 4975 homine
3350 4925 3588 4989 mortem
3612 4922 3779 4974 susum

2197 5008 2295 5077 pit,
2322 5024 2392 5064 ex
2421 5009 2512 5064 illo
2544 5016 2599 5064 et
2634 5024 2734 5081 pro
2776 5010 2868 5066 illo
2893 5011 3062 5067 etiam
3095 5009 3447 5065 maledictum
3477 5010 3619 5080 quod
3641 5023 3780 5065 mor-

2199 5113 2305 5161 tem
2332 5090 2642 5173 comitatur,
2676 5107 2953 5178 suscipere
2998 5121 3107 5163 non
3152 5105 3479 5179 dedignatus
3518 5113 3603 5161 est
3627 5104 3781 5160 etiam

2198 5195 2310 5264 ille,
2338 5212 2566 5268 prorsus
2607 5196 2772 5252 etiam
2810 5196 2902 5253 ille
2939 5196 3110 5254 Filius
3146 5196 3263 5263 Dei,
3298 5212 3520 5268 semper
3547 5198 3702 5251 vinis
3735 5194 3783 5248 in

2195 5302 2295 5343 sua
2330 5286 2561 5357 iustitia,
2606 5298 2854 5345 mortuus
2881 5296 3063 5346 autem
3105 5297 3334 5361 propter
3376 5287 3579 5344 delicta
3608 5294 3785 5342 nostra

2197 5379 2257 5443 in
2281 5394 2446 5459 carne
2465 5384 2719 5453 suscepta
2743 5396 2811 5436 ex
2839 5394 3001 5452 poena
3024 5388 3231 5436 nostra.
3258 5377 3353 5436 Sic
3377 5386 3435 5436 et
3462 5392 3686 5450 semper
3706 5374 3787 5431 he-

2196 5471 2459 5529 nedictus’
2480 5471 2536 5527 in
2571 5488 2667 5529 sua
2696 5471 2932 5543 iustitia,
2976 5470 3299 5528 maledictus
3345 5479 3529 5527 autem
3574 5476 3787 5543 propter

2196 5563 2395 5619 delicta
2422 5571 2627 5631 nostra,
2674 5562 2729 5620 ln
2765 5573 2942 5621 morte
2969 5570 3220 5635 suscepta
3264 5577 3332 5618 ex
3370 5577 3538 5633 pcena
3585 5570 3785 5618 nostra.

2195 5655 2274 5712 Ac
2304 5671 2399 5726 per
2418 5655 2521 5711 hoc
2548 5655 2787 5713 additum
2811 5665 2912 5717 est,
2944 5675 2962 5707 c
2991 5657 3187 5723 omnis,
3209 5656 3229 5709 ι
3250 5670 3321 5711 ne
3339 5655 3598 5712 Christus
3621 5654 3690 5709 ad
3710 5667 3790 5707 ve-

2197 5763 2315 5804 ram
2350 5757 2578 5804 mortem
2607 5765 2711 5806 non
2738 5749 3012 5821 pertinere
3040 5749 3336 5813 diceretur,
3367 5747 3414 5803 si
3443 5761 3473 5801 a
3504 5746 3791 5803 maledicto

2198 5840 2343 5918 quod
2368 5841 2530 5901 morti
2560 5840 2908 5917 conjunctum
2940 5850 3043 5917 est,
3078 5830 3357 5915 insipienti
3377 5833 3795 5901 honoriﬁcentia
