3930 6344
232 348 322 417 92!

999 348 1398 410 ENARRATIO
1435 351 1660 411 SUPER
1697 354 2318 418 DEUTERONOMIUM.
2357 390 2426 404 -
2457 357 2586 418 LIB.
2623 358 2687 419 ll.

3367 362 3473 420 922

232 476 586 544 separaretur.
611 465 713 536 Qui
742 472 919 522 autem
946 481 1010 522 ex
1033 469 1262 524 veritate
1290 469 1594 540 evangelica
1622 469 1792 525 ﬁdelis
1817 473 1869 535 Α
1894 472 2148 541 praecepit
2169 472 2354 529 dicens
2378 490 2392 527 :
2430 491 2448 526 ι
2474 472 2668 530 Omnia
2701 489 2824 545 quae
2854 473 3021 531 vultis
3045 483 3104 530 ut
3137 474 3344 535 faciant
3379 497 3472 536 vo-

230 577 323 634 est,
372 565 634 635 intelligat
670 570 850 618 tamen
889 577 995 617 non
1037 576 1157 619 esse
1182 563 1562 620 contumeliam
1594 562 1796 620 Christi

227 678 285 718 ex
306 675 400 716 ore
430 656 618 730 Moysi,
649 672 773 712 cum
818 671 943 712 eum
983 656 1117 711 dixit
1165 656 1527 722 maledictum,
1574 672 1679 712 non
1726 674 1795 714 ex

228 751 499 807 divinitate
533 746 832 816 maiestatis
876 762 1006 811 suze,
1047 746 1140 802 sed
1179 761 1246 800 ex
1276 746 1583 802 conditione
1621 761 1795 816 ptente

225 852 440 906 nostrae,
469 856 533 896 ex
560 855 666 910 qua
699 840 754 895 in
785 839 931 910 ligno
956 853 1248 908 suspensus
1275 846 1384 904 est;
1416 839 1541 908 quia
1577 854 1686 893 non
1713 847 1797 894 est

222 935 327 989 laus
358 933 560 989 Christi
585 946 652 986 ex
681 947 775 987 ore
803 929 1239 996 Manichaeorum,
1275 946 1398 985 cum
1438 945 1562 985 eum
1595 939 1796 1001 negant

220 1039 433 1079 carnem
467 1024 720 1078 habuisse
761 1023 1067 1088 mortalem,
1099 1023 1155 1077 in
1195 1037 1302 1092 qua
1333 1038 1519 1077 veram
1564 1030 1794 1078 mortem

216 1126 531 1190 pateretur:
570 1120 696 1189 quia
747 1133 814 1172 ex
864 1117 954 1172 illo
997 1116 1313 1187 prophetico
1348 1115 1632 1172 maledicto
1674 1116 1793 1173 laus

215 1209 527 1280 intelligitur
569 1209 912 1275 humilitatis,
953 1225 1021 1264 ex
1066 1209 1172 1264 isto
1202 1209 1458 1265 haeretico
1498 1209 1654 1280 quasi
1698 1210 1794 1266 ho—

213 1319 336 1359 nore
367 1303 571 1358 crimen
597 1304 850 1375 objicitur
886 1302 1158 1359 falsitatis.
1194 1301 1253 1358 Si
1281 1318 1409 1373 ergo
1436 1319 1601 1374 negas
1627 1303 1794 1358 male-

213 1393 431 1461 dictum,
469 1412 633 1467 negas
682 1404 957 1451 mortuum
992 1414 1005 1449 :
1050 1396 1096 1450 si
1148 1411 1316 1467 negas
1353 1405 1648 1459 mortuum,
1685 1410 1794 1449 non

205 1482 314 1555 jam
340 1494 534 1541 contra
561 1487 805 1558 Moysen,
841 1486 935 1541 sed
969 1494 1160 1542 contra
1196 1485 1513 1556 Apostolum
1544 1485 1789 1541 dimicas.

211 1576 264 1635 Si
317 1589 500 1637 autem
539 1581 815 1639 conﬁteris
853 1592 1149 1648 mortuum,
1191 1580 1450 1637 conﬁtere
1491 1581 1793 1650 suscepisse

206 1685 422 1741 poenam
452 1674 659 1744 peccati
682 1675 857 1730 nostri
886 1675 1004 1731 sine
1029 1680 1251 1745 peccato
1277 1681 1483 1727 nostro.
1515 1670 1635 1726 Jam
1662 1687 1792 1727 vero

202 1760 294 1815 ubi
315 1761 471 1816 audis
514 1776 730 1832 poenam
765 1763 996 1834 peccati,
1020 1770 1114 1817 aut
1141 1776 1209 1816 ex
1235 1762 1605 1817 benedictione
1631 1761 1791 1817 crede

1900 561 1983 615 bis
2013 561 2287 629 homines,
2327 563 2446 620 haec
2485 565 2675 620 eadem
2709 575 2764 621 et
2805 583 2899 622 vos
2933 567 3099 624 facite
3126 569 3231 625 illis
3255 571 3468 643 (Matth.

1896 651 2016 726 vn).
2046 673 2065 707 ι
2111 653 2417 711 Secundum
2463 657 2777 730 allegoriam
2825 676 2953 715 vero
3007 664 3326 734 mysterium
3379 681 3472 723 ve-

1897 747 2196 802 nerandum
2224 749 2478 804 ostendit.
2523 749 2718 805 Frater
2759 751 2903 806 enim
2947 762 3136 809 noster
3172 757 3474 814 secundum

1895 844 2104 892 natura:
2133 839 2527 909 susceptionem
2550 839 2801 896 Christus
2823 848 2927 908 est,
2958 844 3049 913 qui
3075 845 3127 898 in
3154 844 3470 918 Evangelia,

1894 935 2017 996 post
2059 929 2515 984 resurrectionem
2559 946 2736 997 suam,
2778 945 2876 1003 per
2914 934 3168 991 mulieres
3197 940 3474 997 mandavit

1895 1018 2173 1088 discipulis
2201 1021 2314 1074 suis
2340 1021 2562 1076 dicens:
2594 1041 2612 1073 ι
2635 1022 2735 1087 Ite,
2767 1025 3025 1081 nuntiate
3050 1026 3307 1086 fratribus
3337 1032 3474 1088 meis

1893 1114 1953 1161 ut
1996 1117 2123 1163 eant
2181 1109 2237 1164 in
2293 1108 2603 1178 Galilaram;
2655 1112 2729 1166 ibi
2781 1129 2867 1168 me
2926 1116 3188 1173 videbunt
3248 1120 3468 1191 (Matth.

1892 1198 2149 1270 XXVIII).)
2182 1199 2352 1272 Hujus
2392 1211 2573 1258 autem
2624 1202 2808 1259 fratris
2852 1205 2950 1261 hos
2997 1216 3089 1262 aut
3137 1210 3254 1264 ovis
3301 1220 3469 1277 errat,

1894 1305 2017 1346 cum
2060 1291 2182 1361 quis
2220 1291 2287 1346 de
2329 1291 2463 1364 legis
2503 1295 2632 1367 jugo
2676 1295 2743 1350 ad
2789 1296 2950 1351 ﬁdem
2997 1311 3341 1364 convocatus,
3386 1303 3472 1358 vel

1894 1381 2119 1451 simplex
2161 1383 2387 1451 quilibet
2433 1385 2733 1441 catholicus
2769 1401 2868 1456 per
2902 1389 3187 1444 haereticos
3228 1392 3280 1446 in
3316 1407 3470 1448 erro-

1893 1486 2007 1527 rem
2031 1471 2321 1529 inducitur.
2349 1474 2455 1531 Sed
2485 1479 2598 1532 haec
2623 1478 2877 1533 animalia
2895 1477 3152 1547 jubemur
3171 1481 3224 1536 in
3252 1483 3471 1541 domum

1893 1571 2136 1618 nostram
2164 1565 2530 1634 introducere,
2561 1570 2665 1626 hoc
2683 1580 2768 1627 est
2786 1572 2840 1626 in
2865 1573 3284 1630 sollicitudinem
3309 1586 3471 1648 atque

1892 1669 2081 1710 curam
2116 1667 2361 1713 nostram
2394 1662 2692 1731 suscipere,
2723 1673 2776 1718 et
2810 1665 2864 1719 in
2894 1665 3054 1720 domo
3089 1665 3345 1722 Ecclesiae
3373 1682 3474 1738 per

1892 1745 2156 1801 unitatem
2203 1748 2327 1804 ﬁdei
2369 1759 2425 1806 et
2466 1753 2617 1822 pacis
2665 1755 2948 1810 nobiscum
2998 1771 3238 1823 servare,
3299 1760 3472 1816 donec

200 1851 532 1919 venientem,
562 1862 657 1908 aut
689 1869 756 1910 ex
783 1855 1158 1911 maledictione
1192 1873 1205 1909 :
1244 1855 1289 1910 si
1319 1870 1386 1910 ex
1415 1853 1789 1910 b9nedictione
1815 1851 1863 1912 B
1889 1837 2178 1904 Vadimus
2218 1839 2390 1896 frater
2436 1852 2623 1898 ηοεῑθν
2653 1845 2721 1899 ad
2751 1844 3015 1914 ἱυάίείυιῐι
3060 1849 3304 1916 veniens,
3346 1865 3470 1908 eum

196 1939 350 1994 venit
377 1955 538 2010 poena
568 1943 800 2012 peccati,
841 1952 967 2013 opta
1009 1959 1128 2000 esse
1156 1958 1370 2014 semper
1399 1944 1452 1999 in
1475 1958 1636 2015 poena
1665 1957 1788 2014 pec«

194 2030 340 2096 cati;
377 2031 425 2086 si
456 2040 637 2087 autem
673 2043 828 2104 optas
866 2035 990 2090 inde
1015 2035 1254 2101 liberari,
1285 2035 1445 2090 crede
1471 2049 1570 2104 per
1591 2035 1790 2090 divina:

192 2122 487 2177 sententia:
511 2122 779 2192 justitiam
819 2141 886 2181 ex
926 2126 1304 2182 maledictione
1342 2124 1574 2181 venisse.
1608 2123 1789 2181 Conﬁ-

191 2219 314 2266 tere
366 2228 497 2285 ergo
538 2217 882 2273 maledictum
921 2220 1224 2290 suscepisse
1260 2235 1361 2290 pro
1407 2218 1581 2283 nobis,
1621 2235 1786 2290 quem

188 2303 473 2360 conﬁteris
507 2317 779 2363 mortuum
808 2325 929 2366 esse
966 2326 1064 2380 pro
1092 2311 1281 2378 nobis;
1316 2327 1420 2367 nec
1446 2311 1592 2367 aliud
1620 2312 1783 2382 signi-

190 2391 359 2448 ﬁcare
386 2395 622 2452 voluisse
653 2397 872 2472 Moysen
897 2416 1022 2456 cum
1050 2402 1256 2459 diceret
1281 2423 1294 2458 :
1326 2401 1784 2460 Maledictus'om-

189 2483 269 2538 nis
324 2485 418 2555 qui
461 2487 517 2540 in
561 2486 703 2558 ligno
752 2492 1079 2562 pependerit,
1133 2493 1268 2560 nisi,
1316 2493 1557 2550 Mortalis
1607 2496 1784 2552 omnis

185 2581 240 2628 et
278 2575 522 2632 moriens
560 2580 739 2635 omnis
771 2583 862 2651 qui
906 2583 960 2638 in
1001 2583 1146 2654 ligno
1184 2586 1518 2655 pependerit.
1564 2585 1785 2641 Poterat

183 2665 328 2718 enim
355 2664 576 2721 dicere:
609 2667 922 2726 Maledictus
961 2674 1138 2728 omnis
1180 2675 1444 2740 mortalis,
1475 2683 1587 2742 aut,
1614 2675 1781 2732 Male-

180 2755 356 2812 dictus
381 2760 566 2814 omnis
594 2762 835 2818 moriens
868 2782 881 2819 :
914 2765 1008 2820 sed
1036 2767 1140 2821 hoc
1166 2775 1251 2822 est
1273 2769 1417 2839 quod
1437 2769 1633 2824 asserit
1658 2784 1784 2838 pro—

175 2847 361 2918 pheta,
409 2850 545 2920 quia
589 2853 799 2909 sciebat
841 2855 1045 2912 Christi
1084 2867 1314 2914 mortem
1364 2859 1418 2913 in
1449 2875 1610 2915 cruce
1651 2875 1782 2930 pcn-

175 2952 385 3008 suram,
410 2949 474 2996 et
502 2940 714 3000 futuros
756 2945 1040 3003 haereticos
1084 2947 1177 3018 qui
1208 2948 1488 3004 dicerent:
1515 2947 1782 3020 Pependit

171 3028 392 3098 quidem
423 3031 489 3086 in
520 3032 690 3105 ligno,
739 3035 834 3091 sed
873 3037 1056 3108 specie
1099 3040 1351 3108 quadam,
1396 3055 1504 3094 non
1551 3049 1610 3094 ut
1651 3054 1779 3095 vere

125 3178 130 3183 ,
169 3129 506 3177 moreretur.
554 3121 850 3182 Clamando
893 3142 1058 3199 ergo,
1108 3145 1128 3180 ι
1177 3126 1513 3196 Maledictus,
1566 3150 1586 3183 ι
1640 3131 1774 3186 nihil

1891 1927 2228 1996 repetiverit,
2258 1947 2288 1986 a
2318 1947 2426 2001 quo
2464 1936 2762 1992 reccdendo
2797 1939 3072 1995 aberravit
3107 1942 3278 2010 prius.
3315 1942 3471 2010 Quod

1889 2026 2073 2075 autem
2122 2025 2369 2092 sequitur
2399 2033 2467 2080 :'t
2498 2026 2765 2084 Similiter
2809 2031 2876 2086 de
2925 2032 3101 2099 asino,
3146 2033 3290 2089 etde
3319 2035 3470 2091 omni

1895 2125 1916 2160 ι
1944 2113 2290 2183 vestimento,
2329 2124 2384 2171 et
2410 2118 2476 2173 de
2505 2121 2655 2174 omni
2683 2136 2743 2176 re
2769 2120 2954 2177 fratris
2974 2123 3051 2178 tui
3079 2140 3198 2188 qua:
3222 2125 3469 2196 perierit,

1895 2224 1913 2259 ι
1944 2205 1990 2262 si
2031 2205 2302 2262 inveneris
2353 2223 2500 2272 eam,
2561 2225 2669 2266 non
2717 2212 2957 2284 negligas
3003 2217 3157 2284 quasi
3213 2215 3468 2272 alienam.

1893 2315 1913 2350 ι
1942 2295 2000 2353 Si
2041 2297 2243 2353 videris
2278 2299 2489 2353 asinum
2519 2299 2704 2356 fratris
2735 2302 2812 2356 tui
2843 2311 2938 2357 aut
2973 2303 3168 2358 bovem
3203 2305 3469 2362 cecidisse

1893 2405 1911 2439 ι
1940 2387 2142 2470 in.via,
2191 2403 2300 2443 non
2345 2389 2629 2458 despicies,
2683 2392 2777 2446 sed
2821 2393 3130 2450 sublevabis
3169 2411 3292 2450 cum
3323 2411 3408 2452 eo.
3439 2415 3461 2451 ι

1883 2475 2086 2532 Asinus
2116 2476 2206 2531 hic
2231 2477 2484 2547 gentilem
2530 2479 2806 2536 hominem
2846 2481 3138 2554 signiﬁcat,
3169 2483 3321 2553 cujus
3347 2483 3470 2540 vili-

1887 2575 2054 2622 tatem
2097 2577 2260 2639 atque
2309 2570 2708 2627 immunditiam
2739 2589 2844 2628 non
2870 2573 3130 2630 debemus
3166 2575 3465 2646 despicere,

1885 2661 2000 2727 sed,
2025 2669 2286 2730 quantum
2313 2677 2620 2732 possumus,
2649 2664 2720 2719 ad
2741 2664 2900 2720 ﬁdem
2921 2681 3045 2721 eum
3065 2681 3129 2722 ac
3150 2667 3469 2736 religionem

1884 2764 2229 2806 communem
2269 2753 2450 2822 potius
2486 2767 2806 2822 provocare.
2840 2752 3237 2810 Vestimentum
3283 2762 3467 2809 autem

1883 2841 2154 2897 exteriora
2181 2857 2345 2911 opera
2389 2851 2534 2909 sunt,
2581 2859 2703 2913 quae
2739 2845 2785 2900 si
2821 2845 3115 2900 viderimus
3144 2860 3198 2898 tn
3229 2844 3408 2914 aliquo
3432 2860 3470 2902 ι

1884 2931 2227 3006 rectitudinis
2269 2935 2487 2989 tramite
2523 2935 2760 3002 deviare,
2810 2935 2866 2990 in
2894 2935 3039 2991 viam
3078 2933 3304 3005 iustitia:
3333 2936 3470 2994 diri-

1882 3036 2012 3093 gere
2039 3023 2316 3080 debemus.
2359 3023 2474 3080 Hoc
2503 3026 2647 3080 enim
2696 3035 2824 3082 ante
2869 3026 3050 3082 omnia
3081 3027 3238 3083 nobis
3267 3041 3468 3084 caven-

1881 3113 2009 3170 dum
2059 3124 2143 3172 est
2185 3132 2256 3172 ne
2292 3117 2561 3188 quoslibet
2602 3118 2802 3175 fratres
2841 3127 3059 3176 nostros
3089 3129 3336 3176 errantes
3371 3128 3468 3178 aut

168 3208 312 3266 aliud
355 3213 648 3282 clamavit,
694 3216 800 3271 nisi
845 3217 971 3288 quia
1013 3233 1141 3276 vere
1175 3231 1423 3277 mortuus
1459 3229 1558 3288 est,
1597 3222 1774 3278 sciens

1883 3211 2254 3281 delinquentes
2280 3227 2379 3282 per
2413 3212 2613 3268 fastum
2645 3215 2911 3284 superbiae
2939 3215 3329 3286 despiciamus,
3369 3217 3466 3274 sed

167 3310 402 3358 mortem
471 3303 709 3361 hominis
769 3309 1074 3378 peccatoris
1103 3351 1118 3376 ,
1157 3310 1332 3381 'quam
1375 3313 1492 3368 sine
1555 3323 1779 3384 peccato

170 3391 283 3463 ipse
304 3395 574 3467 suscepit,
597 3398 663 3452 de
684 3396 776 3453 illo
797 3400 1083 3457 maledicto
1103 3403 1410 3458 venientem
1433 3419 1542 3475 quo
1572 3405 1778 3461 dictum

167 3498 286 3542 est:
318 3508 338 3541 ‹
381 3489 444 3546 Si
475 3492 799 3560 tetigeritis,
836 3503 1010 3550 morte
1053 3498 1362 3554 moriemini
1401 3499 1554 3571 (Gen.
1596 3501 1702 3573 ιιι).
1750 3521 1770 3555 ι

165 3576 246 3634 Ad
273 3580 383 3636 hoc
411 3597 641 3652 serpens
677 3583 765 3640 ille
793 3588 1029 3655 pertinet
1058 3590 1112 3643 in
1141 3590 1288 3661 ligno
1318 3609 1636 3664 suspensus,
1667 3611 1777 3665 quo

163 3670 517 3742 signiﬁcatur
561 3693 669 3733 non
715 3678 910 3736 falsam
941 3691 1173 3738 mortem
1202 3682 1480 3739 Christum
1530 3686 1774 3753 ﬁnxisse,

160 3765 258 3820 sed
295 3766 456 3821 illam
484 3783 671 3824 veram
707 3770 762 3826 in
793 3773 938 3845 ligno
967 3775 1238 3844 passionis
1272 3792 1382 3832 sua:
1407 3777 1774 3847 suspendisse,

158 3851 212 3908 in
248 3871 364 3926 qua
393 3872 628 3928 serpens
662 3860 752 3915 ille
781 3864 923 3919 male
950 3867 1224 3923 suadendo
1251 3869 1525 3924 hominem
1557 3868 1771 3939 dejecit.

154 3945 342 4012 Quam
366 3963 560 4003 veram
600 3961 834 4008 mortem
859 3955 1053 4013 nolunt
1088 3958 1179 4016 isti
1211 3962 1546 4033 conspicere,
1575 3973 1630 4018 et
1656 3963 1775 4021 ideo

152 4056 266 4096 non
296 4049 579 4097 sanantur
601 4061 633 4099 a
655 4061 864 4103 veneno
893 4051 1183 4122 serpentis,
1208 4053 1347 4110 sicut
1369 4055 1423 4109 in
1448 4069 1631 4110 eremo
1659 4056 1776 4126 qui-

155 4145 383 4202 cunque
441 4131 594 4188 illum
642 4140 987 4196 attenderem
1025 4141 1382 4200 sanabantur.
1423 4143 1611 4216 Itaque
1634 4146 1774 4204 fate-

158 4238 282 4278 mur
317 4222 392 4278 ab
436 4224 710 4296 imperitis
739 4231 844 4288 dici
889 4233 1034 4288 aliud
1071 4250 1192 4291 esse
1221 4238 1362 4310 aliigi
1411 4237 1579 4310 ligno,
1629 4239 1774 4297 aliud

159 4313 212 4368 in
238 4315 396 4388 ligno
423 4315 683 4387 pendere.
716 4319 774 4376 Si
806 4323 951 4378 enim
980 4326 1197 4394 quidam
1224 4336 1418 4397 putant
1461 4330 1773 4388 solvendam

160 4419 280 4462 esse
336 4409 513 4464 istam
559 4413 932 4484 quaestionem,
974 4425 1033 4471 ut
1061 4415 1254 4474 Judam
1291 4421 1474 4476 dicant
1521 4438 1553 4477 a
1592 4422 1774 4496 Moyse

159 4501 522 4558 maledictum
568 4505 661 4575 qui
710 4506 901 4578 laqueo
947 4525 1006 4565 se
1056 4514 1357 4584 suspendit,
1396 4515 1552 4585 quasi
1589 4518 1844 4614 primoD

159 4595 415 4650 noverint
445 4603 636 4651 utrum
669 4612 736 4653 ex
764 4598 909 4670 ligno
937 4615 1006 4655 an
1034 4617 1100 4657 ex
1128 4604 1304 4676 lapide
1333 4605 1421 4662 ille
1452 4623 1512 4663 se
1535 4623 1763 4680 suspen-

160 4683 321 4743 derit.

718 4779 946 4840 CAPUT
984 4783 1214 4843 XXVIII.

159 4871 234 4928 De
261 4893 368 4930 non
397 4873 758 4951 prwteriendo
787 4874 914 4951 hove
946 4887 1101 4949 atque
1123 4896 1212 4933 ove
1233 4888 1460 4945 errante,
1485 4879 1576 4936 sed
1604 4880 1762 4951 fratri

227 4962 322 5001 suo
366 4944 713 5010 reducendo;
752 4946 992 5002 similiter
1013 4944 1082 5003 de
1112 4951 1262 5003 asino
1287 4957 1336 5005 et
1368 4944 1687 5006 vestimento.

226 5061 383 5132 (CAP.
412 5060 584 5133 χχιι.)
625 5059 784 5116 «Non
826 5061 1035 5118 videbis
1064 5063 1257 5119 bovem
1294 5063 1481 5120 fratris
1526 5066 1625 5133 tui,
1672 5071 1766 5119 aut

167 5167 185 5202 ι
212 5167 372 5209 ovem
418 5160 708 5208 errantem
740 5158 796 5205 et
836 5149 1161 5223 praeteribis,
1205 5155 1300 5208 sed
1338 5155 1566 5209 reduces
1604 5151 1760 5208 fratri

170 5263 188 5296 ι
216 5254 330 5316 ιιιο,
375 5247 554 5302 etiam
592 5244 641 5299 si
678 5261 788 5300 non
814 5255 898 5300 est
927 5243 1263 5317 propinquus
1293 5245 1462 5302 frater
1489 5253 1633 5312 tuus,
1663 5260 1764 5301 nec

171 5353 191 5388 ι
217 5338 365 5394 nosti
405 5354 540 5394 eum
570 5355 584 5390 :
620 5337 785 5392 duces
818 5337 872 5392 in
905 5337 1123 5392 domum
1161 5345 1328 5403 tuam,
1357 5345 1411 5392 et
1437 5345 1597 5391 erunt
1623 5336 1764 5407 apud

172 5441 192 5478 ι
217 5436 291 5498 te,
316 5428 572 5499 quandiu
597 5436 805 5499 quaerat
827 5443 890 5484 ea
907 5426 1082 5496 frater
1103 5437 1227 5483 tuus
1248 5436 1302 5482 et
1330 5425 1606 5498 recipiat.»
1633 5425 1760 5482 Haec

166 5507 457 5591 sententia,
499 5522 806 5578 secundum
850 5522 1107 5588 litteram,
1134 5521 1442 5591 aequitatem
1469 5529 1632 5590 atque
1662 5518 1757 5574 be-

165 5605 515 5685 nignitatem,
555 5615 714 5669 docet
743 5623 801 5669 ut
831 5615 1202 5685 unusquisque
1240 5614 1582 5670 commodum
1614 5613 1759 5682 quod

164 5703 264 5761 sibi
291 5707 360 5762 ab
387 5691 502 5763 alio
531 5705 772 5776 impendi
820 5715 1050 5776 oportet,
1094 5705 1250 5760 alteri
1295 5704 1607 5773 impendere
1648 5717 1756 5755 non

163 5795 416 5872 deneget,
450 5798 755 5858 secundum
787 5796 934 5854 illam
964 5796 1287 5855 sententiam
1318 5794 1615 5852 Salvatoris
1648 5810 1756 5868 qua

1135 5968 1139 5971 -
1163 5968 1196 5976 μιν

1880 3317 2070 3357 eorum
2103 3303 2253 3359 casui
2285 3311 2465 3360 mente
2503 3305 2592 3375 pia
2639 3305 2810 3376 magis
2857 3307 3264 3374 condoleamus,
3304 3314 3468 3380 atque

1876 3409 1976 3465 per
2027 3395 2123 3450 Dei
2172 3396 2405 3467 gratiam
2453 3397 2646 3454 melius
2701 3412 2828 3464 eos,
2882 3407 3147 3469 quantum
3197 3400 3464 3468 valemus,

1877 3496 2187 3542 restaurare
2216 3495 2505 3544 certemus.
2551 3488 2796 3558 Denique
2833 3489 2880 3542 si
2917 3488 3122 3544 videris
3168 3489 3468 3559 quemlibet

1878 3591 1946 3631 ex
1966 3576 2188 3641 Iudaeis,
2219 3577 2332 3632 sive
2356 3591 2424 3632 ex
2455 3579 2722 3646 gentibus,
2750 3577 3162 3649 indoctumzlege
3179 3594 3274 3634 seu
3300 3579 3466 3634 hebe-

1876 3673 1988 3720 tem
2032 3681 2214 3733 sensu,
2260 3667 2546 3736 repentino
2584 3682 2713 3722 casu
2740 3667 2795 3720 in
2824 3667 2909 3722 via
2939 3669 3224 3737 praesentis
3252 3671 3376 3724 vitae
3405 3670 3462 3725 in

1874 3767 2160 3830 peccatum
2215 3773 2492 3825 corruere,
2547 3775 2646 3830 per
2690 3760 3122 3828 compassionem
3171 3760 3247 3814 illi
3299 3768 3464 3830 atque

1874 3851 2303 3907 misericordiam
2330 3851 2621 3907 subvenire
2646 3851 2925 3916 debemus,
2952 3851 3202 3920 quamvis
3228 3852 3463 3922 gratiam

1875 3941 2079 3998 Christi
2117 3959 2217 4014 per
2253 3943 2630 4014 ptenitentiam
2661 3957 2725 3998 ac
2753 3942 2991 3998 studium
3026 3942 3228 3997 bonum
3262 3943 3462 3998 iterum

1875 4037 2100 4107 adipisci
2129 4052 2457 4092 mereamur.
2504 4035 2641 4091 Hinc
2669 4035 2816 4091 enim
2844 4035 3066 4091 instruit
3104 4052 3203 4091 nos
3239 4045 3461 4107 aposto-

1874 4127 1961 4183 lus
2001 4127 2202 4183 Paulus
2243 4129 2430 4183 dicens
2459 4145 2471 4182 :
2507 4146 2527 4180 ι
2554 4127 2798 4194 Fratres,
2830 4127 2879 4182 si
2905 4135 3313 4197 praeoccupatus
3342 4127 3460 4184 fue-

1876 4217 1948 4272 rit
1981 4219 2146 4273 homo
2177 4218 2234 4272 in
2270 4219 2451 4288 aliquo
2477 4217 2690 4280 delicto,
2723 4231 2844 4284 vos,
2873 4216 2964 4287 qui
2990 4217 3261 4288 spiritales
3294 4219 3448 4284 estis,

1876 4310 2126 4366 instruite
2165 4311 2471 4380 huiusmodi
2499 4311 2553 4366 in
2583 4309 2778 4380 spiritu
2805 4309 3064 4377 lenitatis,
3103 4312 3456 4367 considerans

1875 4404 2124 4474 teipsum,
2164 4418 2232 4458 ne
2257 4412 2312 4459 et
2346 4412 2399 4459 tu
2435 4403 2676 4458 tcnteris.
2701 4403 2854 4456 Alter
2877 4401 3104 4456 alterius
3133 4417 3300 4455 onera
3330 4417 3458 4472 por-

1876 4504 2008 4565 tate,
2034 4506 2088 4553 et
2108 4497 2188 4553 sic
2210 4496 2574 4568 adimplebitis
2594 4497 2771 4566 legem
2801 4493 3004 4549 Christi
3032 4492 3176 4565 (Gal.
3201 4493 3299 4566 vt).
3325 4512 3346 4546 ι

2431 4607 2662 4664 CAPUT
2701 4605 2894 4662 XXIX.

1873 4699 2026 4768 Quod
2068 4699 2312 4755 mulieres
2352 4717 2455 4754 non
2493 4700 2677 4776 debent
2719 4711 2856 4776 ueste
2894 4700 3034 4756 virili
3069 4702 3177 4776 uti,
3220 4719 3313 4760 nec
3356 4703 3454 4770 viri

2455 4778 2590 4825 veste
2617 4770 2870 4839 feminea.

1939 4863 2118 4936 (Ιιιιιι.)
2152 4881 2172 4915 ‹
2195 4862 2314 4918 Νοιι
2357 4862 2610 4918 induetur
2636 4860 2832 4917 mulier
2865 4871 3017 4919 veste
3043 4863 3206 4932 virili,
3240 4881 3343 4923 nec
3367 4867 3454 4924 vir

1873 4963 2102 5012 tutetur
2150 4961 2302 5011 veste
2352 4953 2586 5009 feminea
2626 4971 2639 5007 :
2683 4952 3062 5011 abominabilis
3112 4958 3257 5012 enim
3309 4957 3450 5028 apud

1877 5067 1896 5103 ι
1922 5050 2215 5105 Dominum
2249 5055 2333 5103 est
2357 5047 2448 5117 qui
2480 5045 2609 5100 facit
2635 5047 2770 5102 haec.
2798 5066 2817 5099 ι
2852 5045 2973 5102 Alia
3007 5048 3172 5104 editio
3204 5048 3319 5103 haec
3349 5049 3448 5103 ha-

1868 5146 1961 5200 bet
1990 5143 2100 5198 sic:
2134 5140 2295 5196 «Non
2340 5147 2501 5194 erunt
2547 5154 2678 5194 vasa
2725 5139 2830 5194 viri
2879 5154 3043 5210 super
3091 5139 3391 5195 mulierem.
3419 5158 3440 5192 ι

1867 5234 2010 5291 Vasa
2047 5231 2244 5288 bellica
2283 5229 2398 5285 vult
2441 5228 2687 5301 intelligi,
2733 5229 2786 5285 id
2817 5239 2921 5296 est,
2958 5243 3128 5284 arma.
3162 5228 3296 5282 Nam
3323 5229 3445 5298 qui-

1868 5324 1993 5381 dam
2039 5324 2201 5379 etiam
2254 5323 2356 5377 hoc
2399 5321 2741 5392 interpretati
2791 5329 2938 5376 sunt.
2988 5320 3213 5390 Mystice
3264 5327 3444 5374 autem

1868 5417 2010 5488 quod
2067 5414 2218 5481 dicit,
2279 5431 2297 5466 ι
2325 5429 2432 5470 non
2482 5414 2736 5470 induatur
2786 5415 2981 5469 mulier
3027 5422 3179 5468 veste
3223 5412 3388 5478 virili,
3417 5433 3438 5468 ι

1864 5508 2100 5565 ostendit
2147 5506 2278 5561 illud
2309 5503 2464 5576 'qdod
2497 5505 2788 5576 Apostolus
2834 5505 2947 5559 ait:
2979 5523 2996 5556 ι
3020 5503 3136 5559 Non
3185 5505 3442 5574 permitto

1864 5600 2079 5656 mulieri
2130 5600 2326 5654 docere
2370 5599 2422 5652 in
2459 5598 2700 5653 Ecclesia
2761 5595 2811 5664 (1
2831 5594 2955 5649 Cor.
3001 5597 3135 5666 xlv).
3173 5615 3192 5648 ι
3257 5596 3443 5667 Neque

1863 5695 2006 5750 cnim
2049 5695 2407 5749 sacerdotium
2440 5707 2611 5760 neque
2638 5688 2884 5743 doctrina
2918 5688 3134 5744 feminis
3163 5690 3217 5744 in
3245 5689 3440 5747 Eccle-

1864 5793 1943 5848 sia
1979 5790 2310 5849 conccditur.
2355 5785 2461 5844 Sed
2510 5799 2606 5840 nec
2636 5783 2718 5837 vir
2748 5782 2897 5839 indui
2925 5783 3086 5841 debet
3105 5794 3254 5844 veste
3283 5783 3442 5843 femi-
